4044 6336
234 450 344 505 489
407 482 412 487 -

1125 442 1376 500 ENARR.
1417 445 1486 500 ΙΝ
1523 445 1726 504 LIBRO
1755 447 1792 502 S
1833 449 2093 508 REGUM.
2131 449 2300 506 -ΙΝ
2334 445 2460 505 LIB.
2497 449 2583 505 Ill.

2183 324 2196 354 \

3387 453 3488 508 496

243 585 264 618 ι
313 562 458 634 regis
483 559 758 638 Samaria.
787 559 1022 614 Locutus
1040 567 1122 614 est
1141 575 1270 631 ergo
1291 559 1473 615 Achab
1495 561 1564 616 ad
1585 560 1819 628 Naboth,
1849 567 1897 625 A
1932 582 1953 616 ι
1998 579 2180 637 regem
2203 541 2230 632 ,’
2245 573 2300 621 ει
2325 566 2405 621 sic
2436 568 2686 622 eductum
2739 567 2806 623 de
2847 567 3063 624 civitate
3099 569 3397 640 lapidarent
3432 583 3484 627 ut

242 676 260 708 ι
308 654 548 710 dicens:
600 651 678 706 Da
704 651 835 705 mihi
873 651 1087 706 vineam
1139 660 1306 717 tuam,
1348 660 1409 706 ut
1456 651 1647 707 faciam
1689 653 1821 708 mihi

244 767 265 799 ι
309 747 530 801 hortum
556 743 782 808 olerum,
815 743 942 812 quia
975 743 1165 798 vicina'
1179 751 1264 799 est
1310 750 1364 798 et
1396 758 1562 814 prope
1604 745 1820 800 domum

243 857 262 888 ι
313 851 512 892 meam.
539 835 796 904 Dahoque
821 833 914 889 tibi
938 850 1036 905 pro
1059 850 1120 890 ea
1144 835 1355 890 vineam
1380 835 1654 892 meliorem
1687 853 1700 890 :
1731 845 1824 892 aut

242 949 262 974 ι
309 916 355 982 si
384 924 718 982 commodius
753 924 848 979 tibi
880 932 1065 994 putas,
1092 926 1295 996 argenti
1331 926 1582 996 pretium,
1609 935 1808 996 quanto

243 1043 260 1074 ‹
306 1022 469 1092 digna
501 1026 603 1074 εει.
661 1017 760 1073 Cui
811 1018 1088 1088 respondit
1130 1017 1383 1073 Naboth:
1437 1018 1707 1089 Propitius
1751 1021 1822 1076 sit

241 1131 259 1160 ι
313 1109 449 1164 mihi
471 1107 749 1172 Dominus,
778 1123 844 1161 ne
878 1107 997 1162 dem
1035 1107 1403 1164 haereditatem
1432 1117 1643 1179 patrum
1671 1127 1820 1168 meo-

244 1219 262 1250 ‹
313 1216 434 1254 rum
467 1199 582 1254 tibi.
625 1198 784 1254 Venit
814 1213 942 1269 ergo
969 1198 1154 1253 Achab
1184 1199 1238 1253 in
1269 1199 1483 1254 domum
1537 1215 1710 1266 suam,
1739 1202 1820 1255 in-

242 1311 262 1343 ‹
311 1293 563 1364 dignatus
589 1299 642 1346 et
668 1290 922 1345 frendens
944 1305 1106 1359 super
1123 1291 1288 1346 verbo
1310 1292 1450 1362 quod
1476 1291 1686 1348 locutus
1708 1293 1820 1349 fue-

242 1403 259 1432 ι
315 1390 400 1436 rat
429 1381 497 1436 ad
531 1396 651 1436 cum
681 1379 892 1435 Naboth
915 1379 1250 1446 Iezraelites,
1283 1382 1468 1437 dicens
1501 1401 1513 1437 :
1544 1382 1659 1438 Non
1682 1384 1820 1440 dabo

244 1491 264 1522 ι
315 1471 412 1526 tibi
446 1471 811 1525 haereditatem
837 1479 1050 1539 patrum
1105 1486 1368 1539 meorum,
1407 1491 1426 1524 ›
1485 1481 1540 1526 ει
1591 1473 1815 1543 reliqua.

239 1561 449 1616 Narrat
515 1559 794 1631 Scriptura
873 1560 1013 1629 quod
1057 1559 1244 1615 Achab
1301 1576 1395 1616 rex
1453 1562 1822 1631 concupiverit

254 1658 474 1712 vineam
531 1655 744 1710 Naboth
784 1653 1124 1720 Iezraeliue,
1171 1670 1290 1724 quae
1344 1663 1464 1710 erat
1509 1655 1563 1708 in
1607 1655 1818 1711 Iezrael

247 1748 407 1818 juxta
437 1745 694 1816 palatium
729 1743 893 1812 regis,
920 1752 980 1798 ut
1017 1742 1218 1798 faceret
1243 1743 1315 1798 ibi
1372 1743 1424 1798 in
1480 1759 1544 1798 ea
1593 1744 1815 1798 hortum

237 1838 473 1892 olerum.
507 1835 624 1902 Quo
652 1833 866 1889 nolente
906 1849 1024 1887 eam
1071 1833 1145 1887 illi
1177 1833 1327 1898 dare,
1379 1849 1476 1903 per
1531 1833 1815 1888 consilium

1929 675 1948 706 ε
1997 665 2317 712 moreretur.
2365 677 2384 709 ι
2418 657 2552 711 Cum
2579 654 2864 729 Synagoga
2891 674 2990 729 per
3016 659 3319 730 pontifices,
3355 663 3486 718 scri-

1920 749 2041 814 bas,
2095 757 2150 804 et
2205 750 2502 819 pharisaeos
2546 749 2804 804 meditata
2828 758 2912 806 est
2929 760 3158 807 mortem
3180 751 3401 821 Christi,
3425 755 3489 811 de

1922 853 2026 908 qua
2053 839 2312 908 scriptum
2343 847 2427 894 est
2456 831 2510 893 in
2536 839 2824 912 Evangelio
2852 859 2865 894 :
2903 860 2922 893 ‹
2975 840 3253 914 Principes
3309 852 3488 900 autem

1921 929 2285 994 sacerdotum,
2312 938 2369 984 et
2392 945 2553 986 omne
2600 931 2891 986 concilium
2938 935 3251 1003 quaerebant
3296 935 3488 992 falsum

1920 1018 2286 1073 testimonium
2315 1027 2502 1074 contra
2529 1018 2734 1087 Iesum,
2759 1029 2817 1075 ut
2835 1038 2960 1077 eum
3005 1025 3169 1078 morti
3191 1025 3488 1093 traderent,

1919 1117 1973 1164 et
1994 1123 2101 1163 non
2124 1108 2476 1173 invenerunt,
2508 1123 2630 1164 cum
2671 1110 2823 1164 multi
2867 1110 2987 1166 falsi
3031 1121 3197 1169 testes
3228 1116 3488 1170 accessis-

1920 1204 2060 1252 sent.
2112 1194 2413 1250 Novissime
2463 1204 2644 1252 autem
2687 1207 2950 1254 venerunt
2996 1201 3102 1255 duo
3153 1202 3272 1256 falsi
3322 1212 3487 1260 testes

1919 1297 1975 1344 et
2007 1290 2258 1344 dixerunt
2286 1303 2302 1343 :
2341 1288 2440 1344 Hic
2462 1288 2600 1344 dixit
2632 1289 2896 1346 :Possum
2926 1293 3204 1348 destruere
3233 1294 3487 1364 templum

1919 1379 2036 1446 Dei,
2053 1389 2103 1435 et
2126 1387 2249 1450 post
2271 1380 2506 1435 triduum
2531 1381 2858 1438 reasdiﬁcare
2878 1382 3007 1437 illud
3023 1383 3234 1455 (Matth.
3259 1384 3428 1457 xxvr).
3465 1405 3483 1437 ι

1919 1472 2035 1527 Duo
2072 1488 2200 1544 ergo
2221 1471 2343 1529 falsi
2392 1483 2558 1530 testes
2611 1483 2798 1530 contra
2847 1474 3058 1531 Naboth
3100 1476 3294 1532 falsum
3338 1479 3490 1533 testi-

1918 1566 2158 1620 monium
2188 1566 2456 1631 dicebant,
2485 1567 2627 1637 quod
2672 1568 3036 1624 benedixisset
3091 1567 3259 1624 Deum
3301 1578 3355 1626 et
3404 1585 3490 1626 re-

1918 1672 2039 1728 gem
2072 1675 2085 1711 :
2133 1664 2188 1710 et
2209 1654 2380 1711 Iudazi
2418 1673 2514 1728 per
2538 1659 2672 1712 duos
2699 1657 2864 1714 falsos
2906 1666 3070 1713 testes
3090 1657 3306 1715 Christo
3325 1675 3492 1731 oppo-

1918 1750 2142 1812 nebant,
2169 1749 2310 1818 quod
2337 1750 2634 1819 potentiam
2665 1758 2719 1805 et
2746 1759 2996 1805 naturam
3046 1751 3147 1806 sibi
3193 1753 3492 1810 divinitatis

1879 1839 2234 1893 "ascriberet.
2294 1837 2447 1894 Unde
2487 1837 2668 1904 Pilato
2717 1841 2783 1894 ad
2842 1838 3054 1896 Iudaaos
3099 1841 3172 1896 ita
3229 1842 3489 1898 dicente:

241 1927 579 1998 impiissimae
598 1925 782 1980 uxoris
803 1923 1660 1995 ejus,videlicetreginatIezabel,
1678 1926 1820 1980 idem
1847 1921 1895 1982 B
1928 1949 1946 1981 ε
1991 1929 2232 2000 Accipite
2253 1945 2374 1984 eum
2405 1945 2521 1995 vos,
2548 1939 2603 1985 et
2645 1928 2943 2001 cruciﬁgite
2968 1949 2981 1984 :
3039 1945 3139 2002 ego
3188 1932 3331 1987 enim
3386 1948 3494 1988 non

240 2019 479 2083 Naboth,
512 2017 930 2074 subintroductis
957 2015 1104 2072 falsis
1143 2019 1392 2085 testibus,
1423 2019 1689 2089 lapidatus
1710 2028 1814 2087 est,

240 2120 296 2164 et
332 2119 598 2175 mortuus,
627 2108 854 2180 ejusque
881 2111 1035 2165 vinea
1059 2109 1264 2180 direpta
1320 2127 1351 2165 a
1401 2127 1529 2183 rege
1579 2118 1634 2168 et
1685 2129 1812 2183 pos-

242 2219 392 2260 sessa
422 2213 525 2259 est.
556 2204 687 2271 Quis
713 2219 841 2276 ergo
870 2204 970 2259 iste
1021 2204 1231 2260 Naboth
1271 2204 1558 2262 Iezraelita
1609 2207 1810 2274 fuerit,

240 2304 300 2350 et
328 2310 452 2364 qua:
486 2293 602 2364 ejus
621 2295 776 2349 vinea
796 2291 1220 2351 consideremus.
1274 2297 1664 2368 Interpretatur
1686 2314 1814 2370 ergo

242 2387 456 2442 Naboth
485 2389 816 2457 conspicuus,
840 2388 952 2443 sive
981 2391 1268 2460 possessio;
1292 2390 1522 2458 Iezrael,
1571 2393 1816 2448 honestas

243 2481 367 2546 Dei,
401 2481 513 2536 sive
545 2498 718 2536 semen
740 2481 858 2535 Dei.
911 2481 976 2536 Et
1001 2497 1160 2552 quem
1213 2485 1404 2540 melius
1453 2487 1811 2552 honestatem,

243 2570 328 2625 vel
349 2585 534 2625 semen
561 2571 656 2624 Dei
685 2570 868 2626 dicere
893 2587 1196 2641 possumus,
1257 2590 1415 2643 quam
1468 2574 1664 2629 Filium
1696 2575 1812 2642 Dei,

242 2659 442 2731 quiest
476 2661 726 2730 splendor
780 2661 964 2731 gloriae
1006 2670 1060 2716 et
1103 2662 1271 2732 ﬁgura
1320 2664 1634 2719 substantiae
1677 2663 1813 2732 ejus,

243 2769 405 2825 quem
438 2755 718 2809 constituit
765 2754 909 2811 Deus
960 2755 1228 2812 hazredem
1273 2755 1668 2823 universorum,
1719 2772 1818 2827 per

241 2859 408 2914 quem
433 2843 560 2900 fecit
583 2853 636 2898 et
663 2844 875 2900 saecula.
903 2845 982 2899 Ad
1005 2861 1163 2916 quem
1189 2845 1472 2902 Psalmista
1497 2848 1811 2918 deprecans,

243 2937 363 2990 ait:
403 2955 421 2987 ι
470 2935 573 3002 Qui
611 2936 766 2993 sedes
823 2953 982 3006 super
1036 2938 1337 3002 cherubim,
1373 2953 1571 3008 appare
1633 2955 1815 2994 coram

230 3027 532 3097 .Ephraim,
563 3027 836 3097 Benjamin
888 3038 941 3084 et
977 3029 1240 3085 Manasse.
1293 3030 1483 3086 Excita
1520 3033 1816 3102 potentiam

244 3126 390 3172 tuam
417 3127 470 3173 et
495 3119 638 3184 veni,
683 3127 745 3173 ut
780 3118 957 3175 salvos
1002 3118 1172 3174 facias
1204 3135 1303 3174 nos
1343 3119 1516 3190 (Psal.
1545 3123 1750 3193 Lxxrx).
1791 3140 1810 3173 ι

242 3207 352 3264 Iste
395 3207 626 3267 Nabeth
637 3208 831 3264 habuit
869 3211 1080 3264 vineam
1107 3211 1172 3264 de
1191 3226 1298 3281 qua.
1322 3211 1488 3267 Isaias
1507 3211 1817 3283 plenissime

257 3316 356 3371 per
377 3302 647 3356 canticum
695 3301 935 3372 loquitur
958 3302 1026 3358 ad
1062 3273 1362 3358 extre-mum
1405 3273 1662 3358 inferens.
1720 3301 1817 3358 Vi-
1846 3273 1891 3336 C

245 3409 349 3449 nea
412 3393 621 3449 Domini
691 3395 914 3452 sabaoth
976 3397 1166 3451 domus
1235 3395 1400 3452 lsrael
1465 3404 1566 3452 est.
1630 3395 1698 3450 Et
1763 3395 1817 3450 in

245 3483 468 3539 Psalmo
498 3501 512 3539 :
550 3503 568 3536 ‹
612 3485 856 3552 Vineam,
893 3485 1085 3556 inquit,
1124 3486 1190 3542 de
1218 3483 1450 3558 Egypto
1473 3485 1818 3551 transtulisti,

255 3575 464 3643 cjecisti
491 3586 676 3647 gentes
701 3585 755 3632 et
771 3578 1024 3648 plantasti
1055 3593 1174 3633 eam
1199 3578 1405 3651 (Ibid.).
1434 3597 1454 3630 ›
1490 3577 1585 3633 Cui
1614 3586 1819 3648 septem

243 3668 621 3734 circumdedit,
645 3677 704 3723 ut
732 3669 787 3723 in
816 3669 1106 3740 Evangelio
1151 3670 1366 3741 legitur,
1399 3669 1453 3725 id
1475 3681 1560 3725 est
1586 3670 1672 3724 vel
1699 3685 1818 3724 mu-

242 3779 366 3817 rum
395 3764 567 3830 urbis,
591 3765 676 3820 vel
717 3762 1040 3836 Angelorum
1067 3764 1284 3820 auxilia.
1339 3765 1408 3819 Et
1457 3763 1592 3820 fodit
1649 3765 1704 3818 in
1752 3779 1816 3818 ea

245 3854 503 3920 torcular,
533 3864 626 3910 aut
651 3855 840 3922 altare,
870 3864 964 3909 aut
1001 3855 1093 3910 illa
1121 3855 1411 3912 toreularia
1475 3869 1704 3926 quorum
1762 3867 1819 3909 et

244 3953 356 4000 tres
379 3945 571 4016 psalmi
613 3947 768 4003 titulo
819 3956 1208 4017 praenotantur,
1255 3935 1318 4002 id
1364 3957 1448 4004 est
1487 3957 1712 4003 octavus
1761 3956 1816 4004 et

242 4038 608 4107 octogesimus
634 4047 836 4093 sextus.
875 4038 942 4092 Et
961 4037 1246 4094 aedificavit
1270 4039 1462 4093 turrim
1483 4039 1644 4104 hanc,
1670 4039 1812 4094 haud

245 4129 466 4184 dubium
489 4129 619 4199 quin
641 4128 919 4198 templum,
937 4127 1004 4183 de
1039 4143 1146 4199 quo
1165 4127 1361 4183 dicitur
1380 4143 1478 4198 per
1496 4128 1776 4184 Michaaam
1797 4146 1810 4182 :

250 4240 266 4271 ‹
316 4220 385 4273 Ει
415 4219 583 4276 turris
633 4219 888 4276 nebulosa
924 4218 1032 4275 ﬁlia
1055 4220 1184 4275 Sion
1212 4219 1517 4291 (Midan).
1567 4238 1586 4272 ι
1631 4220 1698 4274 Ει
1736 4219 1816 4275 Ιο-

243 4313 395 4367 cavit
419 4328 539 4368 eam
569 4313 838 4385 agricolis,
875 4327 1011 4383 quos
1033 4312 1161 4368 alibi
1189 4314 1361 4369 vinea:
1413 4313 1691 4382 operarios
1717 4329 1813 4382 ap-

243 4404 470 4474 pellavit
529 4404 611 4458 vel
683 4405 931 4460 colonos.
1000 4402 1151 4458 Hanc
1223 4404 1437 4459 vineam
1509 4404 1814 4473 concupivit

239 4494 434 4550 Achab
455 4497 544 4565 qui
602 4497 994 4567 interpretatur
1021 4497 1186 4567 frater
1207 4497 1392 4566 patris,
1415 4495 1642 4568 populus
1665 4497 1814 4552 vide-

241 4587 374 4641 licet
392 4585 664 4652 Iudaicus,
697 4587 763 4642 de
817 4604 924 4658 quo
975 4587 1222 4644 Christus
1273 4602 1492 4642 carnem
1536 4602 1814 4644 assumere
1840 4627 1894 4688 Β

241 4677 498 4748 dignatus
519 4687 620 4744 est,
651 4686 711 4732 ut
742 4677 959 4734 fecisset
1007 4679 1060 4733 in
1088 4695 1152 4734 ea
1183 4679 1396 4734 hortum
1440 4679 1666 4745 olerum,
1715 4679 1818 4735 hoc

243 4775 334 4820 est
381 4775 440 4820 ut
493 4767 584 4820 ubi
643 4767 931 4838 virgultum
979 4767 1168 4836 gratiae
1215 4767 1473 4837 spiritalis
1513 4769 1816 4840 germinare

245 4858 454 4924 debuit,
502 4859 574 4914 ibi
611 4858 820 4931 fragilia
854 4843 1079 4930 quaeque
1107 4861 1357 4933 dogmata
1391 4877 1488 4932 per
1549 4861 1814 4932 pharisai-

245 4965 369 5004 cam
429 4950 864 5019 superstitionem
923 4953 1359 5024 transplantaret.
1435 4952 1541 5011 Sed
1601 4953 1812 5010 Naboth

247 5043 394 5096 hanc
417 5041 627 5097 vineam
657 5043 788 5099 dare
811 5044 1035 5110 nolenti,
1065 5045 1120 5101 id
1141 5055 1224 5101 est
1245 5045 1462 5102 Christo
1520 5046 1818 5103 Pharisaeo-

249 5149 370 5186 rum
418 5133 889 5204 superstitionibus
917 5151 1023 5190 non
1047 5137 1437 5204 consentienti,
1472 5137 1634 5207 impia
1683 5154 1821 5193 uxor

243 5225 464 5282 Iezabel
495 5225 748 5282 insidiata
775 5236 876 5294 est,
915 5243 1036 5298 qua:
1062 5229 1450 5298 interpretatur
1474 5229 1821 5284 cohabitatrix

245 5315 362 5368 sive
389 5315 563 5382 ﬂuxus
594 5333 780 5380 vanus,
819 5318 961 5386 quod
1021 5318 1158 5373 bene
1206 5318 1459 5374 convenit
1506 5317 1816 5392 Synagogae,

246 5421 370 5475 quae
400 5405 648 5462 habitare
683 5407 966 5463 videbatur
1015 5408 1070 5464 in
1119 5409 1278 5464 domo
1321 5408 1554 5475 Domini,
1601 5410 1697 5465 sed
1722 5424 1822 5481 per

229 5495 401 5551 ‘varia
427 5496 694 5552 desideria
724 5497 979 5554 vanitatis
1005 5496 1288 5553 deﬂuebat.

323 5603 344 5636 ι
391 5583 535 5640 Misit
560 5599 690 5656 ergo
743 5584 962 5642 Iezabel
995 5585 1204 5643 litteras
1249 5587 1318 5643 ad
1383 5586 1616 5658 majores
1665 5594 1812 5650 natu,

252 5696 274 5731 ι
317 5687 374 5735 ει
419 5678 486 5733 ad
517 5679 804 5749 optimates
831 5679 920 5749 qui
955 5685 1110 5732 erant
1137 5679 1190 5733 in
1230 5677 1472 5745 civitate,
1511 5685 1592 5745 ut,
1627 5677 1813 5733 subin-

252 5790 272 5820 ι
318 5769 584 5825 troductis
604 5769 754 5824 falsis
787 5769 1038 5834 testibus,
1066 5769 1431 5826 testimonium
1463 5768 1657 5824 falsum
1681 5783 1813 5824 con—

253 5882 271 5915 ι
318 5873 399 5918 tra
429 5861 640 5918 Nabotb
660 5871 943 5934 ponerent,
991 5864 1135 5934 quod
1155 5865 1517 5922 benedixisset
1545 5863 1714 5918 Deum
1761 5873 1814 5920 et

565 5957 834 6019 Pnaon.
883 5956 1051 6018 CXV

1921 2017 2136 2075 invenio
2162 2019 2218 2074 in
2254 2035 2579 2076 eocausam.
2629 2041 2647 2072 ι
2704 2021 3116 2093 Responderunt
3165 2023 3214 2079 ei
3275 2021 3491 2079 Iudaei:

1925 2129 1944 2162 ι
1988 2111 2098 2167 Νοε
2123 2111 2296 2184 legem
2337 2114 2622 2180 habemus,
2669 2123 2726 2169 et
2773 2116 3064 2171 secundum
3122 2115 3293 2186 legem
3338 2115 3497 2172 debet

1919 2203 2059 2258 mori
2095 2222 2107 2257 :
2140 2205 2263 2274 quia
2293 2204 2487 2259 Filium
2510 2205 2608 2260 Dei
2636 2220 2694 2260 se
2716 2205 2862 2261 fecit.
2895 2226 2914 2259 ι

1996 2313 2014 2345 ι
2048 2294 2341 2364 Lapidatus
2378 2305 2461 2352 est
2513 2296 2694 2366 itaque
2745 2296 2958 2353 Naboth
3003 2307 3158 2353 extra
3199 2299 3494 2366 civitatem,

1925 2403 1944 2436 ι
1991 2384 2278 2456 instigante
2325 2385 2563 2451 Iezabel,
2592 2394 2992 2452 uteomortuo,
3046 2389 3232 2444 Achab
3284 2389 3498 2444 vineam

1927 2499 1945 2532 ι
1982 2478 2100 2549 ejus
2139 2480 2458 2549 possideret.
2495 2500 2514 2534 ι
2565 2479 2657 2536 Sic
2693 2490 2749 2536 et
2791 2480 3038 2537 Salvator
3082 2491 3237 2538 extra
3286 2489 3496 2554 portam

1918 2587 2128 2643 passus
2164 2584 2266 2640 est,
2310 2573 2604 2629 cruciﬁxus
2656 2573 2909 2630 videlicet
2957 2575 3012 2628 in
3049 2574 3166 2628 loco
3216 2573 3495 2639 Calvariae,

1920 2666 2193 2721 excitante
2219 2682 2317 2736 per
2337 2667 2509 2721 zelum
2545 2665 2828 2738 Synagoga
2848 2666 3121 2737 populum,
3163 2675 3223 2719 ut
3249 2674 3499 2735 peterent

1920 2764 2148 2810 mortem
2176 2754 2395 2821 Christi,
2427 2763 2711 2824 quatenus,
2735 2771 2800 2810 eo
2819 2756 3018 2819 occiso,
3057 2755 3299 2810 securius
3344 2756 3494 2808 vive-

1920 2851 2060 2898 rent.
2091 2843 2242 2899 Unde
2277 2843 2428 2913 quasi
2451 2843 2549 2898 sibi
2600 2843 2960 2908 consulentes,
2999 2844 3215 2898 aiebant
3245 2861 3257 2897 :
3292 2863 3310 2895 c
3357 2844 3496 2898 Ecce

1921 2935 2153 2990 nmndus
2180 2942 2324 2989 totus
2349 2942 2472 3004 post
2493 2949 2617 2990 eum
2643 2935 2794 2990 abiit.
2833 2935 2900 2989 Et
2925 2935 2972 2990 si
3015 2935 3333 2990 dimittimus
3372 2951 3495 2991 eum

1922 3028 2020 3092 sic,
2051 3042 2236 3082 omnes
2273 3027 2493 3082 credent
2523 3027 2575 3081 in
2599 3041 2721 3082 eum
2777 3025 2959 3099 (Joan.
2994 3028 3077 3098 ιι).
3133 3046 3152 3079 ›
3197 3027 3496 3083 Ηωτεάἰιεε

1925 3137 2056 3191 ergo
2108 3120 2310 3176 Christi
2339 3119 2579 3176 Ecclesia
2615 3129 2716 3184 cst,
2755 3119 3056 3190 conjunctis
3091 3119 3142 3175 ei
3179 3120 3304 3175 data
3327 3121 3497 3175 estde

1923 3215 2195 3287 gentibus,
2218 3230 2378 3285 quam
2410 3230 2518 3270 non
2546 3214 2782 3269 moriens
2807 3213 2883 3269 illi
2925 3222 3079 3284 pater
3115 3213 3352 3283 reliquit,
3402 3213 3494 3269 sed

1924 3305 2039 3375 ipse
2085 3320 2182 3359 sua
2230 3312 2407 3358 morte
2453 3303 2770 3359 mirabiliter
2805 3303 3112 3372 acquisivit,
3137 3303 3262 3374 quia
3317 3318 3493 3358 resur-

1924 3397 2098 3468 gendo
2119 3397 2377 3467 possedit.
2409 3395 2560 3452 Hanc
2587 3406 2790 3463 autem,
2825 3398 3004 3452 occiso
3024 3411 3110 3461 eo,
3153 3395 3277 3450 mali
3319 3396 3492 3452 coloni

1920 3487 2212 3558 praeripere
2235 3487 2612 3550 moliebantur,
2652 3503 2775 3542 cum
2814 3486 3188 3556 cruciﬁgentes
3231 3501 3354 3541 eum
3398 3485 3493 3540 Ju-

1921 3579 2043 3647 daei,
2075 3579 2237 3634 ﬁdem
2262 3595 2382 3650 quae
2406 3596 2504 3651 per
2529 3595 2650 3634 eum
2676 3589 2780 3645 est,
2823 3580 3186 3650 esstinguere,
3237 3587 3290 3634 et
3343 3595 3492 3634 suam

1921 3672 2093 3742 magis
2116 3687 2238 3741 quae
2264 3686 2332 3726 ex
2351 3671 2468 3743 lege
2491 3679 2598 3736 est,
2629 3671 2892 3742 justitiam
2925 3671 3199 3742 praeferre,
3228 3685 3292 3726 ac
3321 3671 3492 3742 genti-

1920 3761 2020 3816 bus
2047 3761 2353 3818 imbuendis
2390 3763 2724 3817 conabantur
2767 3763 3029 3818 inserere.
3071 3762 3237 3816 Extra
3279 3763 3492 3818 vineam

1921 3850 2094 3906 haeres
2117 3851 2290 3906 vineae
2316 3851 2616 3906 trucidatur
2643 3851 2858 3921 (Matth.
2902 3850 3036 3923 XXI),
3070 3852 3192 3922 quia
3231 3850 3387 3907 Iesus
3433 3861 3494 3906 ut

1920 3942 2289 3997 sanctiﬁcaret
2327 3957 2424 4013 per
2462 3958 2616 3996 suum
2660 3945 2978 4013 sanguinem
3027 3943 3280 4014 populum
3334 3952 3490 4000 extra

1919 4043 2131 4102 portam
2157 4049 2349 4104 passus
2373 4041 2473 4088 est.
2516 4033 2581 4087 Et
2613 4035 2748 4089 bene
2785 4032 3032 4090 convenit
3071 4035 3196 4090 huic
3238 4036 3495 4106 mysterio

1917 4127 2062 4196 quod
2092 4127 2144 4180 in
2194 4127 2312 4181 loco
2351 4126 2454 4181 hoc
2491 4141 2598 4196 quo
2641 4125 2915 4182 linxerunt
2967 4141 3130 4182 canes
3173 4127 3487 4198 sanguinem

1917 4216 2152 4282 Naboth,
2185 4216 2480 4272 secundum
2511 4217 2784 4286 prophetae
2822 4217 3145 4272 sententiam
3185 4216 3495 4284 lambebant

1919 4308 2082 4362 etiam
2119 4306 2433 4378 sanguinem
2459 4306 2667 4362 Achab.
2691 4307 2761 4361 Et
2796 4307 2850 4362 in
2901 4323 3032 4379 agro
3067 4307 3274 4364 Iezrael
3329 4324 3494 4365 canes

1918 4400 2270 4453 comederunt
2334 4411 2526 4453 carnes
2573 4395 2810 4463 Iezabel,
2841 4397 2966 4467 quia
2994 4413 3118 4453 cum
3141 4413 3304 4453 canes
3323 4398 3400 4452 illi
3427 4397 3495 4454 de

1917 4491 2112 4561 quibus
2137 4491 2396 4562 scriptum
2409 4499 2494 4546 est
2517 4508 2529 4543 :
2552 4509 2570 4542 ς
2595 4489 3078 4545 Circumdederunt
3091 4505 3174 4545 me
3187 4505 3349 4546 canes
3363 4491 3497 4545 mul-

1918 4580 1959 4636 ti
1988 4579 2160 4652 (Psal.
2185 4580 2325 4652 χιι),
2363 4599 2381 4632 ι
2423 4579 2736 4650 sanguinem
2777 4579 3149 4652 Redemptoris
3185 4581 3356 4636 nostri
3390 4580 3494 4634 lin-

1922 4689 2026 4746 gua
2050 4681 2314 4729 venenata
2337 4674 2660 4742 expetebant
2691 4690 2704 4726 :
2737 4673 2837 4742 ipsi
2859 4673 3020 4727 etiam
3053 4687 3081 4726 a
3109 4672 3333 4727 canibus
3363 4671 3517 4735 illis,.

1923 4767 1992 4822 de
2021 4766 2213 4836 quibus
2235 4766 2364 4819 item
2402 4763 2682 4832 Scriptura
2732 4764 2861 4818 dicit
2892 4782 2904 4818 :
2936 4781 2954 4815 ‹
3010 4763 3125 4818 Non
3165 4771 3247 4818 est
3287 4765 3487 4818 bonum

1922 4871 2133 4912 sumere
2149 4871 2344 4926 panem
2381 4854 2638 4918 ﬁliorum,
2671 4863 2724 4909 et
2756 4856 2970 4912 mittere
3004 4856 3229 4912 canibus
3276 4852 3489 4924 (Matth.

1921 4947 2034 5018 xv),
2074 4966 2093 5000 ι
2126 4956 2186 5001 ut
2221 4945 2539 5016 nequissimi
2585 4955 2830 5016 raptores
2857 4956 2912 5002 et
2956 4943 3321 5002 scelestissimi
3364 4957 3492 5012 pos-

1921 5053 2163 5096 sessores
2190 5039 2363 5094 vineae
2385 5037 2621 5104 Domini,
2663 5038 2718 5094 in
2751 5041 2936 5096 eodem
2960 5039 3080 5094 loco
3098 5053 3206 5109 quo
3230 5034 3490 5091 Dominus

1920 5148 2113 5204 passus
2141 5142 2246 5198 est,
2281 5133 2709 5198 trucidabantur,
2750 5141 2803 5190 et
2845 5149 3036 5190 carnes
3076 5146 3261 5188 eorum
3300 5129 3490 5184 bestiis

1919 5232 1974 5278 et
1997 5224 2306 5280 volucribus
2333 5224 2676 5280 comedendae
2719 5223 3085 5280 tradebantur.
3112 5221 3176 5276 Et
3208 5220 3284 5274 ita
3325 5217 3488 5288 impia

1921 5329 2052 5386 gens
2074 5315 2182 5380 illa,
2199 5330 2318 5384 quae
2336 5316 2389 5370 in
2404 5317 2650 5386 passione
2667 5316 2878 5370 Domini
2903 5313 3124 5384 profana
3145 5325 3275 5367 voce
3291 5309 3489 5365 clama-

1919 5406 2045 5463 bat:
2071 5427 2089 5461 ι
2118 5406 2350 5479 Sanguis
2368 5407 2484 5476 ejus
2505 5423 2668 5480 super
2688 5417 2854 5464 noset
2870 5421 3030 5476 super
3050 5404 3186 5460 ﬁlios
3204 5410 3440 5467 nostros,
3466 5421 3484 5454 ›

1921 5497 2121 5554 ibidem
2155 5499 2468 5570 sanguinem
2490 5515 2648 5555 suum
2679 5497 3076 5555 fmtidissimum
3099 5495 3296 5551 meruit
3313 5493 3486 5560 fundi,

1921 5588 2013 5645 ubi
2035 5587 2369 5646 Salvatorem
2385 5606 2539 5663 suum
2561 5590 2847 5659 expetebat
2861 5586 3052 5642 occidi.
3074 5585 3258 5643 Refert
3273 5585 3488 5657 quidem

1919 5679 2184 5751 Iosephus
2205 5681 2345 5751 quod
2371 5697 2438 5735 ex
2459 5681 2604 5735 omni
2632 5679 2812 5736 Iudaea
2844 5677 3020 5751 populi
3049 5679 3103 5734 in
3131 5679 3218 5734 die
3259 5677 3485 5734 solemni

1919 5774 2152 5845 paschae,
2191 5773 2614 5844 Hierosolymam
2649 5772 2794 5827 velut
2819 5771 3021 5835 exitiali
3061 5770 3290 5841 quadam
3320 5783 3484 5824 manu

1919 5875 2144 5936 cogente
2199 5871 2583 5926 convenerunt,
2630 5879 2763 5928 quos
2815 5863 2998 5919 tricies
3050 5870 3273 5920 centena
3321 5858 3484 5912 millia

2898 5956 2973 6018 16
