4044 6336
521 334 621 427 tsi

1556 366 1908 426 ANGELOMI
1947 366 2406 425 LUXOVIENSIS
2440 366 2754 427 MONACHI

3695 366 3798 425 492

522 485 803 545 hominum
823 483 1141 540 dicitfuisse
1161 483 1330 553 justo,
1367 482 1576 540 scilicet
1601 483 1694 539 Dei
1712 483 1939 555 judicio,
1971 493 2106 538 tem-
2133 488 2186 549 Α
2211 484 2303 555 qui
2330 484 2496 539 vitam
2537 460 2821 554 reprobam
2864 496 2970 539 non
3015 490 3211 551 mutat,
3252 492 3310 540 et
3341 498 3372 539 a
3419 485 3799 555 perpetrandis

520 591 655 652 pore
680 577 783 632 hoc
804 574 1025 631 ultionis
1052 576 1246 641 elscto,
1272 583 1333 629 ut
1349 575 1441 645 qui
1466 575 1521 629 in
1537 574 1727 630 diebus
1746 574 1973 631 Pasehm
1992 574 2112 631 Sal-

522 678 769 726 vatorem
796 682 954 724 suum
976 676 1033 722 et
1053 666 1293 723 salutare
1320 666 1595 723 Christum
1630 664 1842 723 Domini
1872 666 2113 723 eruentis

522 760 777 816 manibus
811 768 869 814 et
896 758 1177 830 sacrilegis
1220 758 1442 815 vocibus
1479 759 1840 826 violaverant,
1890 760 1943 815 in
1982 759 2115 830 ipsis

522 853 715 911 diebus
738 851 891 908 velut
906 851 963 906 in
987 864 1163 932 unum
1186 865 1464 907 carcerem
1487 852 1665 907 omnis
1686 851 1972 909 multitudo
1983 867 2114 908 eon-

521 942 886 1012 elusa,ieralis
896 956 1069 1015 penze
1078 943 1307 998 exitium
1320 943 1467 1013 quod
1484 942 2108 1016 merebatur,exciperet.

1100 1079 1326 1139 CAPUT
1362 1079 1528 1137 XXII.

597 1217 620 1251 ι
643 1194 879 1254 Voeavit
905 1210 1036 1268 ergo
1066 1211 1160 1252 rex
1187 1194 1352 1252 lseael
1373 1196 1680 1251 eunuchum
1721 1195 2033 1266 quemdam,
2059 1202 2117 1251 et

529 1309 548 1343 ι
583 1290 721 1347 dixit
740 1289 793 1346 ei
822 1305 837 1345 :
866 1288 1087 1345 Festina
1113 1288 1387 1345 adducere
1410 1286 1690 1343 Michaeam
1719 1285 1887 1341 tilium
1916 1284 2107 1341 Jemla.

530 1404 549 1438 ι
592 1385 706 1441 Rex
734 1391 915 1440 autem
942 1383 1111 1440 lsrael
1142 1391 1198 1439 et
1233 1381 1495 1453 Josaphat
1520 1397 1615 1436 rex
1654 1379 1795 1436 lude
1825 1380 2111 1444 sedebant,

528 1496 546 1529 ι
586 1476 963 1547 unusquisque
985 1477 1041 1532 in
1071 1475 1210 1531 solio
1239 1489 1357 1540 suo,
1389 1473 1575 1529 vestiti
1604 1473 1753 1529 cultu
1779 1473 1961 1545 legio,
2001 1492 2019 1523 ι
2059 1479 2117 1526 et

521 1568 748 1638 reliqua.
800 1567 957 1637 Quod
1006 1575 1188 1623 autem
1242 1566 1496 1621 “iubeas
1541 1571 1768 1621 vocatus
1820 1563 1889 1618 ad
1933 1577 2115 1635 regem

517 1660 705 1727 Israel,
737 1662 814 1718 ita
856 1661 1091 1718 dicens:

514 1758 523 1768 '
596 1771 623 1806 ι
662 1752 784 1810 Vidi
811 1753 1101 1809 Dominum
1119 1752 1399 1808 sedentem
1438 1766 1603 1822 supeu
1630 1750 1826 1807 solium
1856 1764 2039 1816 suum,
2060 1758 2118 1806 et

525 1864 544 1897 ‹
583 1844 882 1900 exercitum
898 1842 1023 1900 caeli
1042 1842 1382 1899 assistentem
1398 1842 1453 1898 ei
1471 1858 1501 1898 a
1525 1841 1737 1901 dextris
1754 1849 1810 1897 et
1829 1856 1859 1895 a
1881 1840 2197 1907 sinistris];
2224 1872 2237 1907 ς

527 1960 546 1992 ‹
749 1938 1031 1994 Etdictum
1060 1946 1182 1993 est:
1217 1937 1275 1993 ln
1301 1936 1703 2007 quo'deeipiam
1721 1935 1930 1999 Achab,
1955 1943 2015 1988 ut
2033 1949 2120 1989 as-

525 2052 545 2085 ι
585 2032 785 2088 cendat
802 2038 857 2087 et
876 2030 1037 2087 cadat
1059 2030 1112 2085 in
1127 2028 1361 2087 Rameth
1385 2029 1610 2085 Galaad.
1628 2027 1695 2082 Et
1709 2027 1843 2081 dixit
1864 2025 2003 2081 alius
2024 2026 2116 2089 ita,

524 2145 544 2180 ι
584 2134 643 2181 et
664 2123 805 2180 alius
820 2123 995 2179 aliter.
1012 2122 1080 2177 Et
1100 2136 1524 2193 egressusunus,
1539 2120 1676 2175 dixit
1695 2137 1707 2173 :
1724 2118 1838 2190 Ego
1852 2117 2118 2187 decipiam

524 2237 544 2272 α
587 2233 735 2274 eum.
762 2214 834 2272 Et
856 2215 1059 2271 dictum
1081 2223 1165 2270 est
1195 2232 1208 2267 :
1234 2212 1293 2268 in
1318 2228 1428 2284 quo
1454 2211 1730 2283 decipies?
1756 2210 1859 2278 Qui
1890 2223 2117 2279 respon-

523 2332 544 2366 ι
582 2312 686 2378 dit,
721 2310 911 2365 dicens
954 2324 969 2362 :
998 2307 1265 2379 Egrediar
1300 2315 1357 2362 et
1381 2322 1479 2362 ero
1526 2304 1757 2360 mendax
1791 2302 2017 2375 spiritus
2062 2301 2116 2356 in

522 2422 542 2455 ι
589 2416 687 2458 ore
706 2400 949 2457 omnium
970 2399 1363 2471 prophetarum
1391 2398 1527 2468 eius.
1564 2416 1583 2448 ι
1632 2395 1771 2464 Quid
1799 2410 1897 2466 per
1921 2393 2116 2450 solium

517 2492 752 2558 Domini,
774 2491 881 2547 nisi
918 2490 1199 2562 angelicas
1242 2497 1542 2559 potestates
1596 2485 1927 2557 accipimus?
1977 2484 2118 2552 Qua~

518 2601 638 2641 rum
667 2581 938 2639 mentibus
960 2581 1107 2637 Deus
1142 2580 1309 2636 altius
1351 2580 1668 2650 prmsidens,
1714 2577 1948 2633 inferius
1976 2592 2115 2632 cuu-

519 2685 605 2732 cta
640 2674 898 2746 disponit.
929 2673 997 2729 Et
1023 2673 1153 2745 quid
1179 2672 1455 2729 exercitus
1491 2672 1633 2737 creti,
1660 2671 1763 2727 nisi
1791 2671 2111 2726 ministran-

518 2770 653 2825 tium
695 2768 1013 2841 angelorum
1073 2765 1436 2822 describitur?
1484 2764 1623 2833 Quid
1665 2774 1749 2820 est
1794 2779 1927 2835 ergo
1969 2766 2113 2833 quod

515 2860 790 2917 exercitus
814 2858 941 2916 cteli
970 2876 1002 2914 a
1023 2858 1232 2914 dextris
1256 2866 1312 2914 et
1346 2873 1377 2913 a
1403 2857 1643 2912 sinistris
1668 2857 1787 2926 ejus
1811 2865 1960 2912 stare
1990 2870 2116 2926 per-

514 2953 730 3009 hibetur
751 2951 945 3007 ?-Deus
966 2951 1114 3006 enim
1143 2950 1235 3022 qui
1258 2952 1331 3006 ita
1361 2960 1443 3006 est
1467 2951 1608 3005 intra
1630 2951 1830 3012 omnia,
1851 2963 1951 3004 nec
1977 2949 2110 3004 dex—

515 3056 602 3102 tra
648 3060 750 3101 nec
797 3045 1020 3100 sinistra
1052 3043 1412 3099 concluditur.
1466 3043 1574 3099 Sed
1609 3044 1797 3098 dextra
1845 3042 1942 3099 Dei
1987 3056 2113 3112 pars

517 3136 830 3208 angelorum
855 3136 1062 3203 electa;
1094 3136 1317 3193 sinistra
1346 3145 1527 3192 autem
1580 3135 1674 3191 Dei
1716 3151 1844 3207 pars
1888 3135 2110 3207 angelo-

518 3244 641 3284 rum
680 3226 910 3298 reproba
937 3227 1269 3299 designatur.
1303 3227 1423 3283 Non
1445 3228 1589 3282 enim
1619 3228 1731 3283 Deo
1766 3228 2108 3283 solummodo
2137 3216 2185 3283 C

515 3321 645 3377 boni
668 3321 762 3392 qui
809 3318 1086 3390 adj‘uveut,
1141 3321 1237 3376 sed
1280 3321 1446 3376 etiam
1496 3322 1587 3389 qui
1635 3321 1814 3376 redire
1860 3321 2107 3378 nolentes

517 3423 764 3487 gravant.
802 3412 914 3470 Nec
940 3414 1082 3486 quod
1106 3414 1229 3469 caeli
1256 3415 1529 3469 exercitus
1554 3413 1753 3469 dicitur
1791 3414 2104 3486 angelorum

514 3523 643 3580 pars
671 3507 922 3579 reproba,
952 3505 1179 3578 intelligi
1201 3520 1359 3577 posse
1384 3506 1723 3577 prohibetur.
1768 3505 1915 3575 Quas
1960 3508 2106 3564 enim

517 3600 771 3671 suspendi
802 3599 857 3655 in
884 3614 1011 3655 aere
1036 3599 1308 3666 novimus,
1335 3612 1462 3654 aves
1479 3598 1601 3655 coeli
1633 3600 1999 3656 nominamus.
2038 3600 2105 3656 Et

512 3690 580 3747 de
601 3691 806 3747 eisdem
834 3690 1117 3762 spiritibus
1138 3690 1335 3747 Paulus
1362 3690 1535 3747 dixit:
1572 3709 1591 3742 ‹
1611 3690 1811 3748 Contra
1848 3693 2107 3764 spiritalia

513 3790 771 3859 nequitiae
796 3789 853 3844 in
881 3788 1197 3846 cmlestibus
1217 3788 1433 3860 (Ephes.
1468 3789 1589 3858 vr);
1631 3809 1650 3842 ι
1684 3804 1917 3860 quorum
1948 3799 2109 3861 caput

512 3880 825 3947 enuntians,
875 3880 953 3936 ait
993 3897 1008 3936 :
1062 3900 1080 3933 ι
1141 3879 1445 3938 Secundum
1485 3881 1783 3953 principem
1824 3882 2109 3952 potestatis

511 3971 658 4026 aeris
686 3968 864 4040 hujus.
916 3990 936 4024 ι
966 3971 1013 4027 Α
1043 3972 1233 4029 dextra
1257 3986 1387 4043 ergo
1433 3982 1488 4028 et
1524 3972 1743 4029 sinistra
1793 3973 2106 4045 angelorum

513 4060 792 4117 exercitus
816 4072 943 4130 stat,
980 4062 1106 4134 quia
1137 4071 1191 4119 et
1214 4063 1465 4119 voluntas
1489 4064 1785 4120 electorum
1820 4066 2106 4136 spirituum

513 4151 714 4207 divina:
737 4152 927 4224 pietati
947 4155 1261 4221 concordat,
1292 4163 1347 4210 et
1383 4158 1737 4227 reprobornm
1772 4172 1962 4214 sensus
1997 4174 2107 4213 sua:

512 4241 736 4299 malitia:
758 4245 1002 4301 serviens
1030 4244 1235 4314 judicio
1276 4245 1628 4305 districtionis
1674 4249 1792 4320 ejus
1832 4248 2107 4321 obtempe-

514 4343 623 4390 rat.
666 4335 818 4393 Unde
845 4345 901 4393 et
928 4354 1052 4393 mox
1097 4337 1258 4394 fallax
1308 4341 1532 4412 spiritus
1560 4342 1614 4398 in
1656 4343 1894 4398 medium
1935 4345 2110 4414 prosi-

512 4424 681 4484 luisse
713 4429 1062 4495 describitur,
1086 4446 1185 4500 per
1219 4446 1378 4502 quem
1410 4431 1600 4489 Achab
1622 4436 1739 4488 'rex
1766 4435 2108 4503 exigentibus

512 4523 728 4581 meritis
755 4524 1075 4595 decipiatur.
1109 4523 1293 4595 Neque
1314 4526 1461 4581 enim
1492 4524 1576 4583 ias
1619 4537 1704 4583 est
1745 4529 1967 4583 credere
2014 4528 2110 4585 bo-

496 4628 645 4683 ,ιιιω
673 4617 924 4688 spiritum
953 4617 1179 4675 fallaciae
1200 4619 1478 4675 deservire
1503 4621 1760 4688 voluisse,
1786 4622 2063 4679 utdiceret
2091 4641 2105 4677 :

518 4708 557 4763 ι’
583 4707 849 4781 Egrediar
875 4717 930 4765 et
958 4724 1052 4765 ero
1094 4710 1321 4764 mendax
1359 4711 1582 4782 spiritus
1612 4712 1665 4768 in
1716 4729 1812 4770 ore
1862 4717 2105 4772 omnium

512 4798 904 4870 prophetarum
947 4796 1084 4868 ejus.
1118 4820 1137 4852 ι
1185 4790 1458 4872 εειί’(]υἱει
1504 4803 1694 4861 Achab
1732 4823 1825 4861 rex
1869 4811 2108 4880 peccatis

512 4891 948 4964 praecedentibus
972 4891 1169 4964 dignus
1205 4904 1347 4960 erat,
1381 4904 1442 4950 ut
1488 4896 1579 4952 tali
1627 4897 1905 4955 debuisset
1949 4902 2107 4957 dece-

510 4982 699 5054 ptione
726 4983 997 5049 damnari,
1030 4993 1297 5054 quatenus
1322 4985 1415 5057 qui
1441 5003 1580 5058 saepe
1599 4989 1785 5045 volens
1832 4992 2105 5050 ceciderat

510 5071 567 5127 in
594 5072 829 5144 culpam,
856 5075 1181 5146 quandoque
1212 5072 1395 5131 volens
1423 5088 1710 5148 caperetur
1740 5082 1807 5136 ad
1856 5096 2101 5152 poenam,

511 5163 727 5221 occulta
745 5165 977 5235 justitia,
1021 5164 1242 5222 licentia
1270 5164 1521 5239 malignis
1570 5169 1849 5240 spiritibus
1889 5170 2051 5228 datur
2092 5192 2105 5229 :

509 5258 776 5325 volentes,
810 5269 869 5315 ut
892 5274 1028 5331 quos
1059 5261 1113 5316 in
1156 5263 1367 5334 peccati
1396 5262 1592 5336 laqueo
1641 5266 1999 5340 strangulant,
2055 5269 2109 5325 in

510 5353 721 5424 peccati
742 5370 963 5427 pinnam
1002 5357 1170 5415 etiam
1190 5357 1458 5431 nolentes
1491 5360 1730 5418 trahant.
1779 5363 2024 5437 Denique
2062 5366 2110 5423 is

2211 576 2453 655 peccatis
2467 576 2705 631 animum
2750 590 2858 631 non
2897 577 3116 641 avertit,
3155 590 3283 632 eum
3324 589 3357 631 a
3398 576 3664 647 propheta
3706 577 3800 632 aii-

2212 667 2342 737 quid
2369 668 2613 737 requirit,
2657 667 2746 722 illa
2776 669 2929 724 audit
2952 669 3062 725 Deo
3111 668 3456 739 disponente,
3482 683 3605 738 qua
3626 683 3801 724 mere-

2212 756 2375 813 batur
2398 759 2587 814 audire
2629 758 2990 815 tiamnandus.
3021 759 3161 816 Ecce
3197 760 3367 827 enim,
3418 768 3483 815 us
3515 774 3689 815 unum
3724 760 3805 817 vel

2214 850 2321 905 duo
2342 865 2409 906 ex
2438 849 2627 906 multis
2650 849 2955 922 loquemur,
2984 853 3055 908 ab
3098 852 3491 922 omnipotentis
3514 849 3613 908 Dei
3661 852 3804 908 cultu

2213 945 2405 1002 domus
2440 944 2607 1001 lsrael
2636 948 2741 1002 sub
2770 944 3037 1003 idolorum
3085 947 3348 1003 servitute
3382 953 3712 1013 recesserat,
3754 954 3807 1001 et

2217 1045 2396 1093 tamen
2436 1038 2505 1093 ad
2550 1040 2844 1111 prophetas
2893 1055 2922 1094 a
2963 1040 3165 1112 quibus
3209 1040 3383 1112 decipi
3424 1049 3804 1107 consumat,

2215 1146 2358 1202 saepe
2382 1132 2655 1201 veniebat,
2686 1148 2945 1204 prospera
2975 1134 3281 1206 requirens,
3308 1148 3436 1191 cum
3459 1150 3528 1190 ex
3555 1150 3657 1192 ore
3683 1150 3809 1206 pro-

2214 1225 2500 1297 phetarum
2538 1240 2793 1296 perversa
2832 1241 2996 1298 agens
3021 1242 3283 1298 prospera
3314 1226 3506 1284 audire
3564 1227 3810 1283 mereba-

2217 1327 2325 1373 tur.
2358 1318 2496 1387 Quid
2527 1317 2670 1373 aliud
2694 1334 2927 1391 superna
2953 1319 3156 1389 judicia
3188 1321 3439 1393 agebant,
3466 1320 3574 1376 nisi
3599 1328 3665 1376 ut
3694 1336 3815 1393 pec-

2217 1420 2371 1469 cator
2388 1412 2617 1484 populus
2642 1413 2696 1470 in
2726 1429 2826 1470 suo
2856 1414 3020 1471 corde
3050 1422 3358 1486 caperetur,
3409 1423 3688 1487 quatenus
3725 1414 3815 1484 qui

2217 1503 2502 1577 perﬁdiam
2525 1505 2799 1576 sequendo
2820 1504 3143 1577 deliquerat,
3170 1507 3249 1562 sic
3273 1506 3672 1579 prophetarum
3696 1520 3812 1561 suo-

2219 1612 2341 1652 rum
2386 1596 2599 1652 blandis
2655 1597 3000 1654 sermonibus
3037 1598 3402 1670 deciperetur,
3458 1606 3517 1653 ut
3554 1598 3673 1683 jam
3722 1612 3821 1652 nec

2218 1686 2652 1758 pertimesceret,
2685 1688 2813 1758 quia
2838 1688 3152 1759 deliquisset
3183 1703 3198 1743 :
3231 1696 3287 1745 et
3311 1696 3461 1744 tanto
3480 1696 3607 1759 post
3631 1688 3819 1743 durius

2221 1789 2505 1849 raperetur
2523 1778 2590 1833 ad
2620 1788 2858 1848 poenam,
2901 1789 3103 1850 quanto
3124 1794 3269 1835 nunc
3321 1780 3570 1837 securius
3612 1779 3823 1834 vireret

2224 1872 2278 1928 in
2304 1871 2499 1944 culpa?
2531 1871 2637 1929 Sed
2667 1886 2795 1928 ecce
2828 1872 2942 1942 jam
2972 1874 3237 1946 largiente
3281 1873 3646 1945 omnipotenti
3686 1872 3820 1938 Deo,

2224 1965 2290 2019 ab
2320 1964 2585 2020 idolorum
2618 1965 2829 2020 cultura
2853 1974 3060 2021 motum
3089 1975 3175 2022 est
3202 1965 3671 2037 quamplurimum
3727 1979 3821 2035 ge-

2222 2070 2324 2114 nus
2349 2058 2665 2125 humanum,
2692 2074 2879 2114 veram
2906 2058 3067 2114 iidem
3115 2058 3330 2130 publice
3378 2058 3608 2124 fatetur,
3663 2057 3823 2114 subdi

2221 2149 2381 2221 lignis
2424 2158 2481 2205 et
2513 2148 2802 2221 lapidibus,
2839 2151 2922 2207 vel
2962 2150 3186 2207 cuilibet
3227 2159 3495 2207 creaturae
3532 2151 3586 2206 in
3621 2151 3821 2205 adora-

2224 2243 2366 2299 tione
2395 2244 2595 2299 renuit.
2625 2242 2863 2299 Securus
2878 2242 2990 2314 jam
3016 2244 3341 2315 prephetam
3372 2243 3605 2316 quilibet
3635 2245 3691 2299 in
3720 2244 3822 2299 ilde

2220 2335 2429 2406 positus
2455 2335 2710 2399 consulit,
2740 2335 2868 2407 quia
2893 2335 2996 2392 hoc
3014 2324 3303 2393 auditurus
3324 2346 3427 2404 est,
3459 2337 3606 2407 quod
3631 2336 3822 2393 audire

2221 2425 2432 2482 ﬁdelem
2472 2426 2646 2482 decet.
2678 2425 2939 2482 Fidenter
2979 2426 3179 2492 dicam,
3210 2428 3279 2481 ab
3307 2427 3669 2482 immunditiis
3701 2426 3821 2483 aliis

2219 2527 2382 2591 atque
2411 2536 2439 2573 a
2469 2520 2654 2591 pravis
2689 2520 2902 2576 actibus
2922 2522 3261 2585 recessisset,
3298 2534 3625 2577 recessurus
3650 2530 3814 2576 esset.

2218 2609 2355 2664 Nam
2384 2624 2506 2665 cum
2535 2608 2732 2664 Paulus
2751 2608 3003 2681 egregius
3023 2610 3350 2681 praedicator
3370 2608 3593 2673 clamet,
3615 2616 3675 2664 et
3701 2627 3720 2659 ί
3740 2606 3821 2662 fu-

2218 2704 2297 2777 git
2325 2700 2608 2758 avaritiam
2634 2703 2685 2757 in
2712 2718 2814 2772 qua
2838 2710 2922 2758 est
2948 2701 3214 2757 idolorum
3246 2699 3639 2769 servitus(Col.
3666 2700 3774 2771 ιιι),
3794 2717 3814 2752 ι

2217 2797 2466 2868 quisquis
2494 2797 2671 2853 adhuc
2714 2797 2958 2852 avaritia:
2987 2795 3264 2867 subjectus
3288 2802 3392 2862 est,
3419 2810 3451 2850 a
3477 2794 3630 2850 cultu
3655 2793 3820 2849 idolo-

2217 2907 2337 2945 rum
2370 2889 2511 2945 liber
2535 2906 2641 2945 non
2688 2897 2789 2943 est.
2826 2887 2883 2943 Si
2920 2903 3051 2960 ergo
3084 2888 3130 2941 is
3172 2887 3263 2959 qui
3308 2886 3555 2941 avaritiae
3601 2886 3821 2941 aestibus

2219 2986 2464 3051 anhelat,
2489 2985 2545 3040 in
2576 2984 2679 3041 lide
2713 2984 2933 3056 quidem
2960 2983 3173 3057 positus
3201 2997 3322 3039 esse
3355 2983 3598 3047 videtur,
3620 2982 3717 3038 sed
3756 2995 3821 3035 a-

2218 3078 2361 3134 liena
2385 3076 2555 3133 ambit
2580 3076 2848 3148 accipere,
2879 3076 3119 3131 honores
3145 3074 3331 3130 mundi
3369 3074 3649 3130 desiderat
3671 3087 3823 3128 eom-

2218 3170 2573 3241 prehendere,
2613 3169 2815 3225 habere
2863 3166 3221 3239 temporalem
3282 3166 3513 3240 gloriam
3560 3165 3821 3237 concupi-

2215 3261 2340 3328 scit,
2371 3269 2533 3332 atque
2562 3260 2629 3315 de
2649 3259 2752 3316 hac
2775 3258 2964 3315 eadem
2988 3258 3159 3331 gloria
3184 3258 3509 3330 prophetam
3537 3255 3816 3314 consulit:

2206 3352 2413 3423 justum
2436 3352 2593 3407 valde
2621 3358 2724 3417 eat,
2757 3357 2816 3405 ut
2843 3365 2909 3406 ex
2963 3349 3135 3422 culpae
3182 3365 3295 3405 sua:
3338 3346 3559 3416 merito,
3617 3363 3649 3403 a
3690 3361 3821 3419 pro.

2212 3448 2390 3519 pheta:
2416 3461 2513 3503 ore
2540 3461 2801 3517 prospera
2820 3444 3028 3511 audiat,
3061 3452 3334 3516 quatenus
3379 3442 3473 3515 qui
3516 3440 3689 3496 verba
3724 3437 3822 3497 Dei

2216 3538 2407 3595 audire
2437 3539 2491 3593 in
2513 3552 2673 3595 sacro
2692 3537 2909 3609 eloquio
2932 3535 3122 3599 neluit,
3150 3542 3212 3589 ut
3238 3542 3454 3589 terrena
3479 3530 3815 3602 despiceret,

2214 3629 2456 3687 ctelestia
2479 3629 2736 3697 ambiret,
2768 3627 2898 3682 illud
2936 3626 3119 3696 judice
3152 3624 3263 3682 Deo
3291 3639 3358 3679 ex
3406 3622 3694 3695 prophetae
3735 3618 3817 3675 sui

2214 3743 2312 3783 ore
2329 3724 2533 3790 audiat,
2564 3723 2709 3779 unde
2735 3722 2969 3794 amplius
2998 3721 3268 3794 obligatus
3318 3719 3501 3785 cadat,
3548 3716 3681 3772 dum
3726 3729 3820 3785 spe

2217 3828 2448 3876 terrena:
2486 3815 2675 3889 gloria:
2712 3814 3013 3872 delectatus
3061 3812 3176 3869 suis
3220 3812 3463 3884 pascitur
3502 3806 3816 3872 desideriis,

2215 3911 2284 3967 ad
2308 3912 2415 3965 ima
2447 3924 2665 3980 semper
2696 3910 2945 3963 ducatur.
2981 3902 3170 3975 Neque
3191 3903 3335 3959 enim
3356 3902 3534 3958 bonus
3580 3899 3689 3955 fuit
3733 3898 3821 3954 ille

2216 4005 2459 4078 spiritus,
2491 4003 2584 4074 qui
2610 3988 2844 4057 mendax
2876 4015 2997 4055 esse
3023 3996 3249 4070 appetiit
3278 3996 3330 4050 in
3380 4009 3476 4050 ore
3522 3993 3821 4065 prepheta-

2215 4116 2357 4157 rum.
2391 4098 2547 4156 Unde
2572 4105 2627 4153 et
2664 4095 3006 4176 praemissum
3048 4101 3154 4159 est,
3197 4090 3324 4161 quia
3370 4087 3649 4144 exercitus
3692 4085 3817 4142 caeli

2218 4193 2369 4249 stetit
2399 4209 2430 4249 a
2454 4190 2662 4247 dextris
2682 4198 2738 4245 et
2768 4204 2803 4245 a
2829 4187 3067 4243 sinistris
3094 4184 3232 4253 ejus.
3268 4184 3414 4239 Deus
3441 4181 3588 4237 enim
3611 4180 3707 4251 qui
3740 4178 3823 4234 in-

2217 4285 2633 4357 circumscripta
2653 4291 2738 4339 est
2768 4281 2972 4337 veritas
2998 4279 3054 4335 in
3078 4278 3174 4333 illa
3202 4284 3406 4333 aeterna
3452 4271 3820 4340 beatitudine,

2215 4393 2337 4450 qua:
2366 4378 2589 4434 dextera
2621 4373 2739 4444 ejus
2762 4372 2987 4437 dicitur,
3019 4369 3301 4425 sinistram
3330 4382 3437 4422 non
3460 4365 3651 4429 habet,
3689 4363 3819 4435 quia

2216 4469 2352 4525 nihil
2380 4478 2463 4525 est
2487 4467 2633 4538 quod
2662 4464 2950 4536 displicere
2990 4460 3180 4532 possit.
3215 4458 3321 4515 Sed
3345 4457 3472 4530 quia
3501 4455 3667 4513 simul
3701 4471 3819 4512 om—

2136 4582 2191 4644 D
2218 4563 2307 4619 nia
2338 4569 2657 4625 contuetur,
2680 4558 2840 4615 simul
2866 4565 3061 4614 cuncta
3088 4553 3303 4626 aspicit,
3332 4567 3395 4608 ea
3426 4551 3513 4619 vi,
3543 4550 3598 4606 in
3627 4565 3735 4621 qua
3761 4558 3816 4606 et

2217 4657 2389 4713 bones
2410 4655 2655 4725 spiritus,
2679 4660 2736 4707 et
2758 4649 2931 4706 malos
2958 4648 3103 4705 videt
3128 4666 3141 4703 :
3165 4645 3441 4703 exercitus
3471 4641 3599 4699 coeli
3631 4658 3663 4697 a
3692 4643 3816 4697 dex-

2218 4748 2321 4805 tris
2340 4756 2395 4803 et
2420 4764 2452 4802 a
2477 4745 2717 4803 sinistris
2742 4742 2947 4799 habere
2967 4739 3316 4805 describitur,
3348 4744 3409 4792 ut
3434 4750 3533 4807 per
3562 4733 3811 4790 dextram

2218 4840 2585 4914 intelligamus
2604 4836 2826 4909 angelos
2853 4834 3055 4891 electos
3070 4875 3086 4898 ,
3122 4846 3219 4903 per
3241 4829 3523 4887 sinistram
3547 4842 3681 4884 vero
3705 4826 3813 4897 spi-

2217 4934 2357 4989 ritus
2408 4929 2685 5001 reprohos.
2734 4926 2844 4983 Nec
2884 4940 3101 4982 movere
3145 4923 3307 4978 debet
3348 4918 3493 4992 quod
3537 4916 3813 4975 exercitus

2215 5025 2370 5092 εωιὶ,
2418 5025 2580 5081 etiam
2628 5020 2826 5093 repulsi
2872 5017 3047 5091 angeli
3094 5027 3382 5081 vocantur,
3419 5012 3549 5085 quia
3578 5019 3637 5067 et
3684 5008 3809 5082 ipsi,

2214 5120 2467 5188 quamvis
2509 5116 2578 5172 ab
2616 5113 2852 5171 :ethereo
2887 5108 3099 5182 expulsi
3140 5108 3285 5174 sint,
3310 5106 3487 5163 adhuc
3524 5113 3708 5160 tamen
3756 5100 3809 5155 in

2213 5225 2376 5269 aereo
2408 5208 2548 5267 coelo
2572 5208 2955 5267 demorentur,
2987 5201 3129 5258 sicut
3153 5199 3358 5256 Paulus
3384 5198 3461 5255 ait
3497 5214 3512 5251 :
3552 5215 3571 5248 ι
3607 5191 3810 5252 Contra

2214 5300 2751 5377 Spiritalia-nequitia
2770 5298 2829 5355 in
2851 5295 3166 5356 calestibus
3192 5293 3411 5369 (Ephet.
3437 5291 3539 5360 vi).
3560 5310 3584 5345 ι
