4044 6336
441 385 546 441 495

1488 381 1845 442 ANGELOMI
1876 377 2340 438 LUXOVIENSIS
2379 379 2684 438 MONACHI

3625 380 3731 438 A95

438 519 562 559 cum
588 503 822 557 subditis
848 503 950 558 sibi
984 503 1264 569 militibus,
1294 513 1354 558 ut
1389 504 1681 560 exhibeant
1708 502 1902 564 Eliam,
1933 498 2026 569 qui
2057 498 2109 558 A
2136 506 2249 554 tute
2275 508 2606 570 penetraret.
2645 498 2747 566 Qui
2773 499 2930 553 nobis
2956 497 3010 552 in
3037 513 3096 553 se
3123 498 3494 565 credentibus,
3542 499 3732 556 carnis

438 596 622 651 divino
669 595 789 665 igne
828 594 1133 666 consumpti
1169 604 1338 650 sunt:
1379 595 1570 650 tertius
1598 603 1777 648 autem
1825 591 2030 646 missus

441 687 702 742 salvatur.
762 686 1272 758 Quinquagenarius
1326 700 1558 754 namque
1597 699 1856 740 numerus
1896 697 2024 736 eon-

436 780 603 836 fessio
640 779 976 850 pamitentiae
1007 785 1124 842 est,
1155 793 1262 848 quo
1293 775 1598 832 declaratur
1629 775 1878 831 remissio
1907 771 2032 843 pec-

439 880 708 927 catorum.
741 868 914 925 Judaei
954 884 1084 940 ergo
1122 869 1367 925 nolentes
1395 868 1672 924 Christum
1700 867 1869 923 Deum
1910 879 2031 920 esse

435 959 740 1032 perfectum
799 975 903 1017 nec
944 960 1248 1032 principem
1298 960 1669 1030 pmnitentim,
1723 959 1911 1012 dicunt
1961 955 2031 1009 ad

439 1070 564 1110 eum
612 1072 624 1108 :
668 1073 686 1105 ι
743 1053 1148 1124 Quinquaginta
1195 1069 1366 1109 annos
1418 1053 1655 1109 nondum
1707 1051 1913 1112 habes,
1975 1055 2030 1101 et

437 1151 716 1208 Abraham
741 1151 918 1206 nosti?
947 1171 965 1202 ι
1006 1149 1064 1204 ln
1093 1148 1275 1204 futuro
1302 1147 1486 1203 divino
1510 1148 1631 1219 igne
1665 1144 2030 1200 incenduntur

437 1253 494 1299 et
520 1242 970 1314 exstinguuntur.
1016 1241 1234 1297 Tertius
1285 1249 1466 1295 autem
1496 1236 2024 1308 quinquagenarius,

437 1335 565 1405 quia
594 1348 889 1389 conversus
919 1332 987 1388 ad
1033 1331 1196 1387 ﬁdem
1241 1331 1546 1395 Trinitatis,
1578 1327 1914 1399 poenitentia:
1943 1341 2028 1379 sa-

438 1436 718 1484 cramenta
747 1425 1019 1498 cognovit,
1060 1423 1453 1495 indulgentiam
1483 1421 1703 1477 meruit.

1067 1581 1295 1640 CAPUT
1333 1581 1397 1636 ll.

517 1719 535 1751 ι
566 1700 798 1756 Factum
825 1708 912 1756 est
950 1707 1131 1755 autem
1171 1713 1295 1754 cum
1338 1696 1524 1752 levare
1559 1694 1719 1750 vellet
1766 1693 2028 1748 Dominus

444 1813 461 1844 ι
492 1792 667 1848 Eliam
690 1809 788 1863 per
823 1791 1098 1846 turbinem
1137 1791 1190 1844 in
1223 1789 1420 1844 caelum
1443 1830 1457 1854 ,
1497 1788 1610 1843 ibat
1642 1786 1786 1840 Elias
1823 1797 1879 1841 et
1913 1784 2026 1840 Eli-

2135 606 2350 662 quoque
2397 591 2719 646 munditiem
2762 589 3076 661 largiretur,
3107 598 3162 645 et
3201 590 3302 646 sub
3327 605 3391 647 eo
3415 607 3515 663 per
3550 593 3734 648 incre-

2144 690 2326 737 menta
2373 692 2676 752 temporum
2716 681 2891 737 virtus
2948 682 3215 739 castitatis
3256 693 3622 741 excresceret.
3670 685 3732 742 In

2135 773 2250 843 ipsa
2296 788 2511 844 quoque
2548 789 2740 829 eorum
2789 773 3160 840 translatione,
3205 775 3298 846 qui
3347 776 3731 832 ascensionem

2134 866 2496 932 Dominicam,
2530 875 2584 922 et
2612 866 2865 922 videlicet
2891 865 3080 922 famuli
3109 867 3552 938 designaverunt,
3585 877 3642 924 et
3674 869 3732 924 in

2134 961 2250 1030 ipso
2271 975 2352 1025 se,
2385 960 2476 1031 qui
2508 959 2575 1014 ad
2604 959 2803 1015 coelum
2846 961 3111 1027 ascendit,
3162 959 3425 1016 Dominus
3466 961 3730 1016 ostendit.

2133 1051 2268 1106 Nam
2299 1052 2484 1108 Enoch
2532 1052 2748 1123 quidem
2788 1067 2987 1108 uxores
3035 1059 3091 1108 et
3133 1051 3274 1108 ﬁlios
3324 1053 3533 1120 habuit,
3580 1053 3739 1108 Elias

2133 1158 2262 1198 vero
2303 1159 2480 1214 neque
2513 1157 2742 1200 uxorem
2791 1160 2968 1216 neque
3012 1144 3156 1200 ﬁlios
3197 1145 3395 1216 legitur
3445 1145 3731 1200 habuisse.

2131 1234 2364 1292 Pensate
2427 1251 2558 1307 ergo
2611 1237 2885 1306 quomodo
2947 1251 3046 1307 per
3100 1238 3436 1293 incrementa
3494 1235 3741 1292 creverit

2133 1329 2394 1384 munditia
2418 1329 2688 1385 castitatis
2714 1330 2858 1400 quod
2889 1338 2944 1385 et
2972 1346 3069 1401 per
3100 1331 3390 1388 translatos
3417 1330 3652 1386 famulos
3674 1338 3736 1385 et

2130 1438 2230 1494 per
2268 1422 2614 1478 ascendentis
2645 1421 2860 1476 Domini
2890 1438 3179 1494 personam
3206 1430 3454 1493 patenter
3478 1421 3732 1477 ostendi-

2132 1526 2238 1571 tur.
2272 1513 2592 1570 Translatus
2629 1530 2864 1584 namque
2895 1525 2980 1570 est
3022 1515 3230 1582 Enoch,
3259 1530 3358 1587 per
3385 1515 3590 1571 coitum
3633 1530 3736 1586 ge-

2133 1609 2297 1672 nitus,
2330 1617 2386 1663 et
2426 1623 2526 1678 per
2565 1608 2766 1664 coitum
2796 1623 3086 1679 generans.
3119 1608 3444 1681 Assumptus
3483 1617 3571 1665 est
3594 1623 3738 1664 vero

2133 1698 2414 1766 Dominus,
2465 1713 2642 1769 neque
2684 1715 2783 1769 per
2840 1701 3041 1756 coitum
3086 1714 3386 1771 generatis,
3419 1714 3595 1770 neque
3627 1714 3742 1770 per

2133 1789 2334 1844 coitum
2361 1799 2673 1860 generatus.
2704 1788 2977 1856 Qumritur
3006 1798 3188 1844 autem
3211 1791 3481 1860 quomodo
3499 1789 3741 1846 Eliqu

443 1903 462 1935 ι
499 1899 640 1940 saetis
659 1883 726 1938 de
744 1882 998 1953 Galgalis.
1029 1881 1284 1949 Dixitque
1305 1879 1451 1934 Elias
1477 1879 1548 1934 ad
1573 1878 1825 1932 Eliszeuni
1850 1895 1862 1930 :
1890 1875 2030 1931 Sede
2060 1891 2106 1951 Β
2135 1896 2260 1936 cum
2289 1896 2419 1936 suus
2457 1881 2722 1953 magister
2750 1881 2896 1936 Elias
2925 1882 3100 1938 locum
3145 1882 3452 1953 postulandi
3484 1883 3534 1938 ei
3561 1882 3744 1939 offer-

443 1994 461 2025 ι
500 1975 591 2030 hic
617 1974 744 2044 quia
775 1974 1037 2028 Dominus
1081 1972 1232 2028 misit
1260 1986 1348 2026 me
1382 1985 1554 2040 usque
1596 1970 1663 2024 ad
1691 1967 1900 2023 Bethel.
1931 1966 2030 2022 Cui

445 2089 461 2119 ι
497 2067 575 2122 ait
597 2067 824 2122 Elisaeus
853 2085 866 2120 :
916 2065 1063 2122 Vivit
1111 2064 1372 2138 Dominus
1422 2071 1478 2118 et
1505 2062 1640 2116 vivit
1675 2062 1854 2115 anima
1898 2068 1986 2112 tua
2013 2101 2027 2124 ,

445 2182 463 2214 ι
499 2161 631 2232 quia
665 2176 769 2216 non
807 2159 1180 2230 derelinquam
1218 2168 1304 2223 te,
1352 2176 1371 2208 ι
1416 2165 1472 2211 et
1502 2156 1734 2225 reliqua.
1762 2153 1902 2220 Quid
1946 2160 2029 2208 est

437 2255 582 2325 quod
627 2252 774 2308 Elias
801 2253 868 2308 ad
907 2251 1102 2308 caelum
1140 2259 1327 2321 raptus
1365 2248 1599 2304 dicitur?
1633 2244 1876 2318 nunquid
1907 2260 2030 2299 eum

439 2348 616 2402 adhuc
649 2345 706 2400 in
736 2346 840 2400 hac
873 2358 1038 2400 carne
1085 2341 1423 2412 corruptibili
1467 2339 1735 2411 positum,
1787 2337 1856 2391 ad
1901 2335 2030 2391 illud

436 2456 664 2498 summa:
689 2440 888 2512 quietis
917 2437 1116 2494 caelum
1166 2445 1292 2492 ante
1339 2431 1798 2490 resurrectionem
1840 2444 2028 2483 ascen-

438 2536 762 2606 sionetnque
810 2532 1027 2589 Domini
1057 2531 1332 2587 credimus
1361 2544 1482 2584 esse
1523 2526 1843 2598 perductum
1881 2543 1892 2577 :
1933 2522 2029 2577 sed

439 2627 585 2683 aliud
607 2633 692 2681 est
722 2624 922 2682 caelum
966 2623 1198 2688 aerium,
1251 2619 1394 2675 aliud
1440 2617 1736 2674 aethereum
1762 2656 1776 2669 .
1817 2613 2026 2671 Caelum

438 2721 638 2793 quippe
664 2718 870 2775 aerium
904 2725 1065 2773 terra:
1091 2724 1176 2770 est
1200 2713 1507 2786 proximum
1537 2729 1549 2764 :
1585 2708 1738 2765 Unde
1768 2718 1822 2763 et
1852 2727 1870 2759 ι
1901 2720 2030 2762 aves

441 2819 565 2874 caeli
593 2817 810 2892 (Matth.
840 2816 918 2889 νι)
952 2836 970 2869 ι
1002 2815 1256 2880 dicimus,
1281 2813 1406 2885 quia
1430 2827 1522 2868 eas
1546 2811 1773 2866 volitare
1799 2809 1855 2864 in
1903 2823 2030 2863 aere

437 2911 704 2967 videmus.
741 2909 798 2964 ιιι
834 2907 1032 2964 coelum
1060 2908 1246 2976 itaque
1276 2905 1484 2960 aerium
1524 2902 1672 2958 Elias
1719 2899 2032 2956 sublevatus

438 3014 523 3062 est
544 3012 603 3060 ut
631 3005 687 3058 in
708 3011 975 3059 secretam
1003 2999 1295 3070 quamdam
1321 3007 1480 3053 terrae
1511 2996 1784 3066 regionem
1814 2999 2034 3062 repente

439 3100 761 3164 duceretur,
793 3099 883 3154 ubi
912 3113 1114 3170 magna
1148 3095 1263 3165 jam
1297 3095 1481 3150 carnis
1510 3101 1565 3148 et
1601 3091 1824 3162 spiritus
1851 3089 2034 3161 quiete

333 3182 336 3185 ’
438 3191 666 3257 viveret,
690 3205 973 3261 quousque
997 3191 1066 3245 ad
1094 3191 1260 3245 ﬁnem
1288 3187 1475 3243 mundi
1506 3184 1729 3250 redeat,
1760 3193 1814 3239 et
1842 3184 2033 3238 mortis

2134 1982 2233 2038 ret,
2265 1973 2536 2044 duplicem
2583 1973 2833 2044 spiritum
2875 1974 3007 2030 Eliae
3034 1975 3415 2044 postulaverit,
3445 1991 3568 2030 cum
3613 1975 3736 2030 Do-

2132 2068 2312 2124 minus
2338 2069 2470 2124 dicit
2491 2069 2545 2123 in
2579 2069 2866 2140 Evangelio
2894 2087 2907 2122 :
2949 2087 2966 2119 ι
3002 2068 3119 2125 Νοη
3143 2077 3227 2125 est
3248 2069 3537 2140 discipulus
3559 2085 3742 2140 super

2133 2160 2454 2231 magistrum
2484 2175 2499 2214 :
2533 2158 2806 2230 perfectus
2837 2167 3022 2215 autem
3048 2159 3230 2215 omnis
3267 2161 3372 2216 erit
3399 2161 3444 2216 si
3482 2160 3552 2215 sit
3581 2161 3744 2216 sicut

2132 2252 2391 2321 magister
2411 2251 2528 2321 ejus
2559 2251 2776 2324 (Matth.
2804 2251 2885 2324 x).
2919 2271 2938 2303 ι
2973 2250 3069 2308 Cui
3093 2252 3372 2323 petitionis
3405 2255 3740 2325 mysterium

2131 2345 2176 2398 si
2199 2344 2598 2412 consideretur,
2624 2360 2734 2401 non
2760 2345 3066 2415 importuna
3088 2345 3184 2401 sed
3210 2346 3518 2402 necessaria
3541 2354 3744 2417 postu-

2132 2434 2261 2492 latio
2285 2450 2406 2493 esse
2435 2438 2766 2493 decernitur.

2212 2547 2232 2580 ‹
2269 2529 2418 2584 Dixit
2446 2545 2576 2602 ergo
2605 2529 2753 2586 Elias
2774 2529 2841 2586 ad
2881 2530 3133 2587 Eliszeum
3173 2548 3185 2583 :
3215 2529 3435 2586 Postula
3462 2530 3607 2602 quod
3638 2531 3734 2586 vis

2138 2642 2156 2674 ‹
2195 2632 2256 2678 ιιι
2283 2623 2480 2679 faciam
2503 2623 2602 2679 tibi
2627 2632 2918 2695 antequam
2953 2624 3114 2680 tollar
3147 2640 3179 2678 a
3221 2632 3294 2681 te.
3327 2623 3578 2694 Dixitque
3613 2624 3742 2680 Eli-

2137 2735 2155 2766 ‹
2195 2730 2335 2771 stetis
2361 2735 2374 2771 :
2403 2715 2643 2772 Obsecro
2677 2725 2736 2771 ut
2765 2718 2858 2772 ﬁat
2887 2716 3108 2786 spiritus
3137 2726 3264 2772 tuus
3293 2716 3488 2787 duplex
3529 2717 3580 2771 in
3617 2731 3740 2771 me.

2140 2825 2157 2856 ‹
2196 2804 2298 2873 Qui
2321 2807 2602 2876 respondit
2627 2825 2640 2860 :
2677 2806 2812 2862 Rem
2837 2805 3109 2863 diﬁicilem
3133 2807 3443 2878 postulasti.
3470 2807 3740 2863 Attamen

2139 2919 2157 2950 ‹
2200 2899 2246 2954 si
2269 2899 2473 2956 videris
2495 2916 2583 2956 me
2603 2901 2820 2970 quando
2847 2900 3007 2956 tollar
3035 2917 3066 2956 a
3095 2909 3170 2967 te,
3200 2901 3308 2956 erit
3331 2901 3476 2970 quod
3500 2900 3694 2970 petisti
3719 2914 3738 2952 :

2142 3009 2159 3041 ‹
2197 2991 2241 3046 si
2265 3000 2447 3046 autem
2470 3007 2579 3047 non
2607 2990 2845 3059 videris,
2889 3007 2996 3048 non
3021 2992 3148 3046 erit.
3185 3010 3204 3043 ι
3240 2990 3412 3059 Quem
3437 2990 3580 3046 enim
3625 2991 3742 3046 hoc

2136 3082 2257 3138 loco
2284 3082 2554 3155 signiﬁcat
2583 3081 2746 3148 Elias,
2789 3082 2897 3138 nisi
2927 3090 3090 3154 caput
3129 3089 3394 3147 nostrum,
3436 3081 3739 3138 Dominum

2061 3173 2067 3182 ’
2137 3176 2348 3234 scilicet
2371 3174 2831 3246 Redemptorem?
2859 3175 2928 3230 Et
2950 3190 3113 3246 quem
3147 3174 3374 3230 Elisaeus
3394 3173 3498 3230 nisi
3528 3189 3744 3246 corpus

440 3283 684 3339 debitum
710 3282 904 3337 solvat.
934 3281 1259 3336 Sublevatus
1298 3294 1532 3348 namque
1565 3277 1732 3343 Elias,
1762 3277 2034 3333 aseensio—
2060 3261 2110 3326 Ο
2139 3268 2257 3340 ejus
2281 3268 2426 3338 quod
2451 3276 2538 3323 est
2571 3266 2846 3323 Ecclesia?
2879 3267 2980 3322 Dat
3013 3267 3194 3322 locum
3235 3265 3542 3336 postulandi
3580 3267 3746 3323 Elias

439 3387 566 3428 nem
591 3372 932 3427 Dominicam
958 3371 1284 3443 designavit.
1314 3369 1409 3425 llle
1430 3369 1576 3424 enim
1605 3377 1837 3424 mortem
1862 3368 2032 3422 distu-

440 3465 522 3529 lit,
570 3479 679 3519 non
724 3463 918 3519 evasit.
952 3463 1286 3534 Redemptor
1309 3472 1488 3516 autem
1536 3469 1741 3527 noster,
1767 3459 1895 3530 quia
1925 3474 2032 3514 non

443 3557 679 3624 distuiit,
713 3559 1023 3630 superavit,
1062 3572 1294 3627 eamque
1317 3556 1647 3626 resurgendo
1666 3553 2033 3623 consumpsit,

437 3657 504 3705 et
521 3650 933 3706 resurrectionis
981 3666 1091 3706 sua:
1137 3649 1387 3720 gloriam,
1419 3647 1762 3703 ascendendo
1790 3647 2033 3702 declara-

437 3741 534 3796 vit.
591 3739 899 3797 Notandum
954 3756 1171 3812 quoque
1218 3749 1302 3796 est
1357 3737 1501 3810 quod
1565 3738 1708 3794 Elias
1767 3739 1819 3792 in
1871 3754 2034 3794 curru

439 3834 754 3889 ascendisse
779 3833 1000 3906 iegitur,
1027 3843 1088 3888 ut
1109 3833 1359 3888 videlicet
1386 3841 1572 3902 aperte
1606 3839 2032 3895 monstraretur,

441 3926 568 3996 quia
598 3926 762 3982 homo
803 3941 974 3996 purus
1002 3925 1272 3995 adjutorio
1307 3926 1500 3997 egebat
1521 3924 1714 3979 alieno.
1743 3926 1847 3980 Per
1871 3940 2036 3996 ange-

442 4017 526 4071 los
547 4016 748 4088 quippe
785 4016 875 4072 illa
903 4017 1045 4074 facta
1071 4026 1124 4074 et
1146 4028 1363 4075 ostensa
1391 4029 1518 4075 sunt
1541 4021 1874 4091 adjumenta,
1908 4021 2035 4091 quia

439 4124 542 4164 nec
568 4112 636 4165 ad
661 4112 860 4166 etelum
877 4111 1096 4181 quidem
1118 4128 1339 4168 aereum
1354 4129 1454 4185 per
1476 4129 1535 4170 se
1559 4115 1855 4170 ascendere
1881 4124 2034 4186 pote-

439 4189 546 4267 rat,
579 4217 741 4272 quem
757 4212 963 4260 naturae
976 4219 1086 4260 sua:
1100 4204 1388 4261 inﬁrmitas
1403 4208 1682 4279 gravabat.
1704 4205 2036 4277 Redemptor

441 4303 623 4350 autem
653 4305 859 4362 noster,
884 4312 990 4352 non
1018 4313 1204 4364 curru,
1233 4314 1341 4354 non
1376 4299 1582 4370 angelis
1609 4299 1921 4353 sublevatus
1957 4299 2037 4352 le-

439 4389 605 4462 gitur,
638 4390 764 4461 quia
792 4391 837 4446 is
858 4392 952 4462 qui
984 4393 1189 4448 fecerat
1239 4394 1419 4449 omnia
1443 4392 1701 4446 nimirum
1729 4407 1893 4463 super
1920 4407 2036 4446 om-

389 4552 392 4556 .
440 4479 532 4536 nia
562 4497 659 4537 sua
673 4483 874 4538 virtute
901 4483 1197 4540 ferebatur.
1217 4485 1346 4538 Illuc
1370 4484 1516 4538 enim
1532 4484 1915 4544 revertebatur
1941 4483 2032 4538 ubi

385 4565 396 4644 ξ
439 4579 584 4639 erat,
599 4579 653 4627 et
669 4572 795 4628 inde
811 4573 1130 4631 redibatuhi
1146 4574 1637 4644 remanebat:quia
1660 4589 1780 4628 cum
1808 4589 1904 4644 per
1935 4576 2033 4630 hu-

2141 3370 2345 3427 noster,
2373 3376 2497 3416 cum
2525 3360 2580 3415 iu
2608 3359 2900 3432 Evangelio
2942 3360 3111 3415 dicit:
3147 3378 3167 3412 ι
3200 3358 3375 3415 Petite
3409 3368 3466 3414 et
3511 3359 3745 3416 dabitur

2143 3451 2295 3508 vobis
2321 3449 2537 3522 (Matth.
2570 3450 2691 3524 vn).
2726 3471 2746 3504 ›
2779 3451 2848 3506 Et
2875 3451 3044 3506 item-2
3076 3469 3094 3502 ι
3124 3449 3315 3515 Petite,
3343 3451 3537 3520 inquit,
3561 3460 3618 3506 et
3645 3466 3744 3508 ac—

2139 3545 2372 3616 cipietis,
2392 3553 2456 3600 ut
2473 3545 2728 3617 gaudium
2749 3553 2993 3601 vestrum
3010 3544 3234 3616 plenum
3248 3544 3318 3600 sit
3337 3544 3519 3615 (Joan.
3545 3546 3690 3615 xvi).
3719 3567 3740 3597 ι

2137 3639 2255 3696 Hac
2271 3653 2404 3708 ergo
2432 3638 2629 3694 ﬁducia
2650 3647 2870 3709 accepta
2892 3654 2923 3693 a
2949 3637 3200 3705 Domino,
3221 3637 3460 3709 postulat
3483 3638 3741 3706 Eliszeus,

2142 3731 2246 3788 hoc
2268 3738 2354 3786 est
2383 3729 2614 3800 populus
2639 3727 3002 3797 Christianus,
3045 3738 3108 3785 ut
3150 3729 3243 3784 ﬁat
3272 3730 3495 3801 spiritus
3527 3729 3742 3786 Christi

2141 3823 2337 3896 duplex
2366 3823 2418 3878 in
2449 3823 2552 3890 eis,
2576 3823 2680 3879 hoc
2713 3833 2797 3880 est
2827 3824 3025 3896 duplex
3067 3825 3242 3898 gratia
3267 3823 3503 3896 Spiritus
3531 3829 3738 3894 sancti,

2137 3918 2194 3973 in
2255 3917 2635 3973 remissionem
2677 3918 2864 3989 utique
2902 3929 3247 3989 peccatorum
3285 3928 3344 3976 et
3383 3919 3739 3977 collationem

2141 4013 2422 4068 virtutum.
2451 4012 2784 4084 Redemptor
2805 4013 2972 4086 igitur
2997 4025 3203 4082 noster,
3230 4016 3322 4086 qui
3355 4033 3375 4066 ι
3408 4031 3514 4071 non
3541 4017 3746 4073 habuit

2139 4113 2442 4176 peccatum,
2481 4122 2656 4178 neque
2676 4117 2958 4178 peccatum
2987 4109 3135 4175 fecit,
3170 4124 3271 4165 nec
3296 4110 3453 4166 dolus
3478 4110 3742 4168 inventus

2139 4207 2222 4254 est
2255 4200 2310 4255 in
2343 4215 2439 4255 ore
2463 4199 2581 4270 ejus
2605 4199 2822 4273 (I'Petr.
2849 4201 2932 4274 ιι),
2971 4221 2988 4253 ι
3030 4203 3352 4259 remissione
3380 4212 3739 4272 peccatorum

2140 4309 2246 4350 non
2267 4294 2434 4366 eguit,
2466 4295 2557 4365 qui
2581 4303 2860 4367 peccatum
2883 4296 3086 4351 nullum
3114 4296 3323 4352 habuit.
3348 4298 3524 4369 Opera
3547 4308 3740 4354 autem

2140 4386 2402 4442 virtutum
2427 4387 2484 4441 in
2507 4386 2712 4457 Spiritu
2744 4397 2934 4444 sancto
2963 4389 3110 4455 fecit,
3143 4389 3284 4446 sicut
3315 4391 3430 4461 ipse
3472 4392 3528 4446 in
3554 4391 3740 4448 Evan—

2140 4480 2278 4553 gelio
2335 4480 2467 4535 dicit
2508 4477 2746 4537 Iudaeis:
2790 4501 2809 4534 ‹
2863 4482 2922 4538 Si
2973 4497 3073 4557 ego
3115 4484 3173 4540 in
3217 4485 3389 4559 digito
3433 4486 3530 4542 Dei
3571 4486 3740 4556 ejicio

2142 4573 2434 4638 dmmonia,
2495 4573 2738 4643 profecto
2789 4578 3038 4645 pervenit
3090 4578 3143 4632 in
3201 4594 3297 4635 vos
3353 4594 3581 4650 regnum
3635 4581 3738 4635 Dei

443 4661 762 4718 manitatem
784 4665 1105 4720 ascenderet
1140 4664 1193 4718 in
1223 4663 1442 4728 etelum,
1467 4633 1563 4733 per
1585 4633 1954 4731 divinitatem,
1983 4674 2036 4722 et
2062 4633 2117 4694 D
2144 4662 2362 4734 (Matth.
2395 4633 2512 4736 xu):
2545 4683 2562 4715 ι
2591 4633 2972 4734 lnseparahilia
3003 4677 3128 4723 sunt
3149 4669 3314 4741 igitur
3333 4633 3500 4741 opera
3526 4681 3738 4727 sancta:

389 4827 394 4834 '
447 4761 648 4810 terram
683 4756 890 4826 pariter
937 4756 1253 4811 continebat
1297 4765 1353 4810 et
1392 4756 1608 4812 caelum.
1651 4755 1804 4814 Sicut
1851 4767 2032 4815 autem

441 4845 645 4918 Josepb
683 4863 716 4902 a
768 4848 1030 4904 fratribus
1083 4847 1333 4904 venditus
1385 4851 1748 4907 venditionem
1801 4852 2035 4907 Redem-

378 4933 390 5000 ἶ
444 4939 618 5009 ptoris
657 4941 828 4996 nostri
862 4940 1132 5012 ﬁguravit,
1177 4941 1255 4998 sic
1306 4943 1493 5000 Enoch
1538 4945 1832 5002 translatus
1872 4933 2033 5016 atque

443 5031 513 5086 ad
557 5032 757 5090 coelum
809 5048 1027 5088 aereum
1078 5034 1224 5090 Elias
1272 5037 1617 5104 sublevatus,
1659 5039 2031 5094 ascensionem

445 5121 773 5181 dominicam
827 5123 1132 5196 designavit
1175 5122 1340 5197 (Gen.
1395 5127 1635 5199 xxxvii).
1686 5129 2037 5186 Ascensionis

443 5229 557 5270 suae
601 5214 859 5270 Dominus
904 5216 1239 5287 praanuntios
1285 5227 1340 5274 et
1388 5228 1554 5274 testes
1593 5220 1802 5286 habuit,
1867 5239 2032 5278 unum

444 5315 573 5362 ante
600 5306 796 5379 legem,
823 5307 987 5364 alium
1029 5310 1131 5365 sub
1174 5309 1313 5382 lege,
1360 5319 1418 5365 ut
1463 5312 1785 5382 quandoque
1827 5315 2036 5370 veniret

439 5397 582 5467 ipse,
606 5398 698 5467 qui
729 5399 1000 5455 veraciter
1036 5399 1205 5456 caelos
1235 5409 1523 5471 penetrare
1559 5402 1841 5472 potuisset.
1876 5403 2032 5460 Unde

435 5497 496 5542 ἐι
537 5490 652 5559 ipse
695 5490 830 5545 ordo
879 5491 934 5544 in
993 5506 1180 5547 eorum
1235 5509 1451 5564 quoque
1498 5502 1730 5564 utraque
1783 5495 2030 5551 subleva-

442 5581 610 5645 tione,
652 5595 749 5651 per
797 5582 1043 5650 quaedam
1087 5585 1425 5642 incrementa
1472 5585 1842 5657 distinguitur.
1895 5587 2029 5642 Nam

439 5671 626 5729 Enoch
669 5671 977 5741 translatus,
1027 5675 1173 5732 Elias
1220 5693 1349 5732 vero
1394 5679 1460 5732 ad
1498 5677 1696 5732 caelum
1741 5678 2030 5733 subvectus

439 5783 561 5824 esse
613 5777 974 5833 memoratur,
1024 5779 1085 5824 ut
1131 5771 1339 5826 veniret
1381 5772 1742 5843 postmodum,
1791 5773 1880 5842 qui
1933 5787 2029 5826 nec

441 5861 735 5918 translatus
765 5877 864 5918 nec
901 5862 1214 5929 subvectus,
1244 5865 1438 5920 ecehtn't
1469 5868 1763 5922 :ethereum
1789 5882 1887 5921 sua
1923 5867 2029 5922 vir-

2147 4755 2446 4820 Trinitatis,
2488 4756 2539 4810 id
2577 4764 2661 4811 est
2689 4756 2870 4813 Patris
2913 4768 2969 4815 et
3014 4759 3134 4814 Filii
3169 4771 3224 4816 et
3264 4762 3502 4832 Spiritus
3530 4766 3734 4828 sancti,

2145 4848 2386 4905 Veritate
2416 4857 2709 4905 attestante
2731 4865 2852 4920 quae
2876 4851 2952 4905 ait
2983 4869 2997 4906 :
3029 4872 3048 4903 ‹
3080 4852 3218 4920 Quia
3241 4869 3360 4925 qua:
3382 4856 3546 4912 Pater
3580 4857 3736 4921 facit,

2143 4941 2258 4996 haec
2291 4941 2480 4996 eadem
2512 4940 2760 4995 similiter
2805 4952 2860 4996 et
2887 4943 3056 5000 Filius
3103 4943 3237 5002 facit
3277 4945 3460 5018 (Joan.
3490 4949 3569 5020 v).
3608 4968 3627 5002 ι
3665 4951 3734 5004 Et

2141 5030 2470 5100 Apostolus:
2510 5051 2528 5082 Ι
2567 5029 2694 5085 Haec
2718 5032 2900 5087 omnia
2928 5041 3184 5102 operatur
3217 5051 3357 5092 unus
3392 5046 3557 5109 atque
3585 5039 3732 5095 idem

2147 5122 2382 5192 Spiritus
2406 5120 2651 5176 dividens
2685 5122 2908 5194 singulis
2946 5134 3108 5194 prout
3139 5125 3254 5181 vult
3277 5125 3330 5196 (I
3355 5126 3481 5182 Cor.
3513 5129 3673 5199 χχιι).
3709 5152 3728 5182 ι

2141 5214 2284 5269 Bene
2307 5213 2528 5282 quidem
2554 5213 2792 5284 postulat
2820 5214 3062 5272 Ecclesia
3091 5225 3153 5271 ut
3181 5218 3432 5288 spiritum
3460 5219 3732 5291 duplicem

2141 5307 2371 5378 accipiat
2396 5306 2622 5372 Christi,
2653 5308 2779 5377 quia
2814 5318 2869 5365 et
2894 5308 3214 5366 remissione
3253 5319 3601 5382 peccatorum
3643 5314 3729 5367 in-

2135 5404 2304 5472 diget,
2349 5419 2455 5474 qua
2485 5420 2593 5460 non
2617 5405 2766 5477 eguit
2805 5404 3073 5472 Christus,
3106 5414 3162 5460 et
3198 5421 3424 5464 munere
3464 5408 3728 5464 virtutum

2141 5513 2277 5570 quas
2309 5514 2376 5552 ex
2409 5497 2740 5567 plenitudine
2773 5515 2873 5555 sua
2900 5514 2998 5570 per
3023 5498 3286 5570 Spiritum
3331 5511 3577 5557 sanctum
3627 5503 3726 5556 tri-

2141 5589 2259 5644 buit
2299 5588 2566 5654 Christus,
2611 5589 2704 5658 qui
2739 5609 2759 5642 ι
2797 5591 3095 5646 ascendens
3148 5593 3201 5646 iu
3242 5593 3412 5648 altum
3463 5594 3731 5655 captivam

2143 5681 2297 5737 duxit
2340 5679 2732 5750 captivitatem,
2781 5680 2933 5738 dedit
2974 5686 3114 5738 dona
3164 5683 3477 5741 hominibus
3509 5685 3730 5756 (EpIm.

2143 5771 2235 5843 Iv).
2275 5793 2292 5824 ι
2329 5771 2436 5828 Illis
2465 5773 2716 5829 videlicet
2762 5774 3072 5832 hominibus
3108 5774 3201 5847 qui
3236 5792 3387 5849 spem
3432 5794 3588 5835 suam
3639 5779 3706 5832 ﬁr

2142 5868 2304 5923 initer
2333 5867 2383 5921 in
2426 5866 2574 5922 illum
2604 5878 2826 5937 ponunt.
2865 5869 3000 5926 llinc
3031 5880 3112 5926 est
3142 5859 3284 5940 quod
3320 5872 3463 5928 Elias
3505 5873 3630 5928 dicit
3663 5875 3730 5927 ad
