4044 6336
359 438 466 492 497

1283 429 1540 488 ENARR.
1581 428 1654 484 IN
1692 423 1940 484 LIBROS
1975 423 2239 481 REGUM-.
2285 455 2352 464 —
2390 423 2460 477 IN
2499 421 2625 477 LIB.
2669 420 2753 474 IV.

3535 419 3637 476 £98

361 552 614 608 Elisazum
648 567 659 602 :
697 568 712 600 ι
750 547 805 603 Si
855 547 1055 603 videris
1095 563 1180 604 me
1211 546 1429 618 quando
1468 545 1629 602 tollar
1669 559 1699 598 a
1730 553 1803 608 te,
1846 541 1950 597 erit
1977 541 2028 600 Α
2055 539 2216 608 nique
2238 536 2555 594 vocabulum
2575 535 2704 590 illud
2728 533 2872 588 salus
2909 532 3007 587 Dei
3030 534 3444 603 interpretatur.
3477 531 3639 588 Salus

360 643 507 716 quod
531 641 715 713 petisti
742 660 756 695 :
785 640 832 695 si
863 648 1045 695 autem
1072 655 1182 695 non
1202 639 1425 702 videris,
1454 652 1561 692 non
1588 637 1710 692 erit.
1749 655 1766 686 ›
1813 633 1949 702 Quia

360 735 470 792 nisi
495 733 618 805 quis
640 738 787 787 recte
821 729 944 785 lidei
969 729 1153 785 oculos
1179 729 1233 784 in
1278 728 1425 783 illum
1454 737 1618 797 ponat
1673 733 1729 780 et
1765 726 1952 780 credat

361 825 598 882 ﬁdeliter
626 823 966 896 passionem,
993 821 1443 877 resurrectionem
1497 827 1552 872 et
1579 817 1954 873 ascensionem

361 918 482 988 ejus
509 918 578 973 ad
612 916 858 982 Patrem,
888 914 1168 985 petitionis
1195 929 1306 969 sua:
1332 912 1571 968 fructum
1614 926 1723 966 non
1752 910 1952 981 capiet,

360 1011 508 1082 quod
537 1011 878 1081 subsequens
907 1009 1046 1064 ratio
1079 1009 1346 1080 designat.

441 1125 461 1157 ι
496 1105 646 1160 Elias
686 1104 832 1159 enim
873 1118 1062 1160 secum
1105 1103 1397 1159 comitante
1439 1101 1632 1157 Elisaeo
1678 1100 1746 1156 ad
1782 1101 1953 1172 ripam

368 1217 388 1250 ι
421 1195 679 1252 Iordanis
717 1195 964 1261 veniens,
997 1194 1122 1250 tulit
1162 1193 1386 1265 pallium
1431 1208 1587 1249 suum
1634 1201 1691 1248 et
1735 1192 1958 1248 involvit

368 1309 389 1342 ι
427 1288 580 1354 illud,
611 1296 666 1343 et
687 1288 952 1358 percussit
978 1303 1148 1358 aquas
1176 1303 1297 1357 qua:
1320 1287 1506 1342 divisae
1529 1294 1655 1342 sunt
1675 1287 1729 1342 in
1752 1295 1958 1341 utram-

369 1402 388 1433 ‹
423 1397 530 1453 que
571 1391 816 1452 partem,
867 1390 921 1437 et
979 1381 1316 1437 transierunt
1363 1381 1525 1437 ambo
1587 1395 1683 1451 per
1729 1381 1954 1436 siccum.

371 1495 390 1527 ι
429 1474 677 1546 Cumque
697 1474 844 1530 Elias
867 1483 1054 1544 raptus
1072 1482 1238 1540 esset,
1263 1473 1490 1530 Elisaaus
1516 1473 1715 1530 levavit
1737 1475 1958 1545 pallium

376 1591 396 1622 ι
435 1571 587 1639 Elia},
620 1571 765 1642 quod
789 1571 1064 1627 ceciderat
1098 1571 1168 1627 ei.
1210 1570 1588 1640 Reversusque
1617 1571 1767 1626 stetit
1799 1585 1962 1642 super

377 1685 398 1716 ι
441 1666 614 1736 ripam
655 1664 926 1731 Iordanis,
956 1675 1012 1720 et
1040 1665 1205 1737 pallio
1238 1665 1368 1721 Elize
1411 1666 1554 1738 quod
1600 1667 1872 1722 ceciderat
1911 1667 1962 1722 ei

379 1779 400 1811 ι
435 1759 704 1830 percussit
731 1774 900 1829 aquas
925 1769 982 1815 et
1010 1775 1117 1814 non
1151 1770 1278 1814 sunt
1301 1761 1508 1822 divisae,
1554 1771 1609 1817 et
1649 1762 1823 1817 dixit:
1857 1761 1961 1818 Ubi

380 1872 400 1904 α
436 1861 519 1908 est
548 1853 690 1908 Deus
718 1851 849 1908 Elia:
875 1853 1041 1909 etiam
1071 1854 1248 1909 nunc?
1287 1855 1555 1925 percussit
1595 1870 1763 1924 aquas
1791 1863 1845 1910 et
1876 1853 1961 1909 di-

2058 643 2236 688 autem
2261 632 2357 687 Dei
2383 631 2506 704 quis
2539 641 2623 687 cst
2650 629 2786 684 alius
2825 628 2929 683 nisi
2953 626 2992 681 F
2999 627 3121 682 ilius
3150 627 3286 698 ejus,
3315 628 3406 698 qui
3432 637 3488 684 et
3517 625 3640 682 Sal-

2056 733 2210 778 vator
2255 724 2455 794 ubique
2503 723 2759 778 vocatur?
2789 719 3007 776 Parvuli
3052 735 3184 776 vero
3234 719 3310 775 illi
3357 719 3645 776 illudentes

2059 818 2216 872 saluti
2245 817 2362 882 Dei,
2392 817 2444 871 id
2474 822 2557 870 est
2586 813 2802 880 Elisazo,
2845 811 3154 869 Judworum
3187 812 3427 868 habuere
3452 826 3642 882 perso-

2058 925 2204 974 nam,
2237 909 2330 978 qui
2381 907 2450 962 ad
2494 921 2712 962 crucem
2761 906 2991 961 Domino
3036 905 3306 961 Salvatori
3346 905 3647 961 subsanna-

2058 1001 2211 1066 bant,
2242 1001 2334 1069 qui
2361 1000 2565 1054 dicunt.
2591 1017 2610 1051 ‹
2632 998 2898 1063 Ascende,
2925 997 3100 1065 calve,
3123 999 3374 1064 ascende,
3409 997 3592 1054 calve:
3623 1016 3643 1050 ι

2058 1094 2185 1164 quia
2239 1093 2294 1148 in
2343 1093 2607 1150 Calvariae
2667 1093 2786 1149 loco
2845 1092 3095 1150 Christus
3153 1108 3479 1149 ascensurus
3532 1101 3651 1147 erat

2061 1186 2114 1240 in
2155 1200 2392 1241 crucem.
2446 1185 2602 1252 Quod
2662 1201 2792 1241 vero
2843 1200 3135 1242 conversus
3199 1186 3482 1241 maledixit
3543 1185 3653 1240 Eli-

2061 1295 2222 1344 szeus,
2263 1288 2318 1335 et
2361 1279 2614 1334 exierunt
2661 1279 2768 1334 duo
2797 1279 2907 1334 ursi
2937 1281 3006 1334 de
3047 1279 3206 1345 silva,
3254 1287 3311 1334 et
3359 1275 3650 1334 interfece-

2064 1379 2190 1426 runt
2231 1371 2591 1441 quadraginta
2636 1378 2692 1426 et
2737 1369 2874 1426 duos
2917 1384 3116 1440 pueros
3165 1368 3651 1440 blasphemantes:

2065 1463 2138 1518 ita
2167 1472 2222 1518 et
2243 1462 2492 1517 Christus
2513 1470 2636 1533 post
2663 1461 2970 1533 passionem
3009 1468 3065 1516 et
3087 1460 3550 1516 resurrectionem
3587 1474 3657 1514 ex

2063 1556 2315 1621 mortuis,
2355 1563 2642 1626 postquam
2687 1553 2930 1610 ascendit
2958 1553 3013 1608 in
3044 1552 3231 1618 caelos,
3260 1553 3401 1610 sicut
3429 1551 3655 1606 Elisaaus

2066 1648 2308 1703 ascendit
2339 1647 2393 1701 in
2419 1645 2626 1712 Bethel,
2658 1646 2712 1702 id
2748 1653 2832 1702 est
2858 1645 2912 1699 in
2947 1646 3166 1700 domum
3205 1645 3322 1710 Dei,
3361 1657 3658 1699 conversus

2066 1737 2347 1792 maledixit
2389 1735 2617 1801 ludatis,
2673 1744 2728 1790 et
2776 1735 3192 1806 quadragesimo
3235 1733 3473 1790 secundo
3519 1746 3660 1787 anno

2066 1827 2400 1884 ascensionis
2435 1842 2568 1892 suae,
2612 1825 2834 1880 immisit
2884 1825 3018 1881 duos
3047 1840 3204 1880 ursos
3243 1826 3309 1880 de
3335 1825 3486 1881 silvis
3523 1839 3659 1897 gen-

377 1965 396 1996 ,
437 1946 563 2000 visa,
593 1953 720 2000 sum
759 1945 865 2000 huc
915 1953 1079 2015 atque
1127 1915 1334 2011 illuc",
1375 1954 1480 2002 ac.
1515 1915 1664 2014 Quid'
1692 1946 1963 2018 signiﬁca,
1990 1916 2039 1977 B
2068 1921 2222 1986 tium,
2261 1918 2652 2018 Uespasianum
2675 1917 2884 1974 scilicet
2912 1926 2969 1972 et
2992 1915 3194 1983 Titum,
3218 1917 3430 1988 quieos
3454 1915 3662 1974 crudeli

371 2035 596 2106 pallium
620 2025 770 2099 Eliaa,
796 2036 901 2090 nisi
927 2035 1362 2092 lncarnationem
1404 2037 1638 2102 Domini,
1681 2053 1780 2108 per
1804 2054 1964 2109 quam

371 2127 708 2200 Redemptor
735 2137 918 2184 noster
937 2128 1070 2184 lethi
1097 2127 1319 2185 ﬂuvium
1348 2131 1660 2201 disrumpit,
1703 2131 1966 2200 nobisque

373 2221 664 2276 transitum
690 2220 760 2276 ad
800 2221 964 2280 vitam
1005 2223 1370 2292 prteparavit?
1411 2222 1525 2279 Hoc
1570 2238 1700 2295 ergo
1745 2223 1965 2294 pallium

374 2309 603 2365 Elisaaus
645 2319 768 2382 post
817 2312 1108 2367 transitum
1155 2312 1287 2368 Eliae
1341 2314 1584 2380 retinuit,
1634 2315 1760 2384 quia
1805 2314 1967 2370 ﬁdem

375 2399 774 2456 Incarnationis
793 2401 996 2458 Christi
1023 2402 1266 2460 Ecclesia
1297 2412 1421 2474 post
1448 2405 1822 2461 ascensionem
1850 2405 1970 2478 ejus

379 2505 448 2548 au
476 2493 642 2549 caelos
672 2495 993 2558 reservavit,
1018 2510 1117 2565 per
1135 2511 1300 2566 quam
1326 2497 1610 2567 przesentis
1629 2498 1753 2553 vita:
1777 2498 1969 2554 ﬂuctus

381 2587 616 2642 transire
645 2587 861 2659 satagit.
907 2586 1015 2643 Sed
1047 2589 1188 2644 sicut
1213 2589 1439 2644 Elisacus
1470 2591 1778 2660 percutiens
1803 2591 1970 2660 pallio

379 2679 626 2744 ﬂuvium,
655 2693 824 2749 aquas
854 2695 960 2734 non
992 2679 1192 2744 divisit,
1226 2689 1514 2751 antequam
1548 2682 1683 2735 dixit
1715 2697 1731 2735 :
1763 2681 1865 2738 Ubi
1889 2692 1973 2738 est

383 2769 528 2825 Deus
567 2768 700 2824 Elia:
748 2769 915 2825 etiam
962 2771 1142 2826 nunc?
1178 2780 1235 2826 et
1273 2771 1352 2827 sic
1395 2773 1662 2842 percussit
1707 2788 1877 2842 aquas
1917 2783 1973 2829 et

380 2863 571 2918 divisa:
598 2871 724 2918 sunt
754 2881 766 2917 :
794 2863 868 2918 ita
898 2863 1142 2919 Ecclesia
1170 2863 1272 2918 nisi
1300 2879 1399 2934 per
1437 2863 1833 2920 invocationem
1875 2882 1972 2921 no-

383 2954 549 3009 minis
582 2954 814 3020 Domini,
839 2954 1067 3010 virtutes
1091 2955 1228 3010 ullas
1254 2955 1436 3011 facere
1465 2971 1571 3010 non
1595 2964 1794 3027 potest.
1833 2956 1972 3024 Quia

384 3049 528 3104 sicut
580 3048 694 3118 ipse
741 3048 922 3104 dixit:
979 3069 996 3099 ‹
1049 3047 1179 3104 Sine
1218 3063 1306 3103 me
1353 3047 1490 3103 nihil
1528 3049 1755 3119 potestis
1793 3049 1973 3106 facere

384 3139 569 3212 (Joan.
605 3138 722 3210 xv),
757 3160 776 3193 ι
812 3139 946 3194 nihil
972 3149 1056 3196 est
1083 3141 1228 3196 enim
1252 3141 1548 3196 humanum
1570 3142 1829 3208 studium,
1870 3143 1972 3197 nisi

385 3233 528 3288 adsit
572 3233 810 3288 divinum
857 3232 1203 3302 adjutorium.
1253 3233 1406 3290 Unde
1450 3234 1742 3304 Apostolus
1791 3236 1968 3291 dixit:

2067 2019 2246 2082 strage
2271 2009 2606 2080 dejecerunt.

2679 2169 2910 2227 CAPUT
2947 2170 3032 2226 III.

2147 2325 2166 2359 ‹
2199 2307 2370 2363 Porro
2411 2307 2556 2364 Mesa
2597 2323 2694 2364 rex
2736 2308 2894 2365 Moab
2924 2309 3201 2365 nutriebat
3226 2325 3426 2381 pecora
3473 2312 3664 2379 multa,

2078 2419 2094 2450 ‹
2133 2407 2187 2454 et
2215 2399 2456 2455 solvebat
2479 2400 2592 2470 regi
2627 2399 2793 2456 Israel
2827 2409 3044 2456 centum
3082 2402 3248 2457 millia
3281 2418 3569 2476 agnorum,
3615 2416 3670 2461 ct

2079 2509 2097 2542 ε
2132 2500 2348 2548 centum
2383 2491 2550 2546 millia
2589 2492 2820 2548 arietum
2855 2509 2980 2548 eum
3017 2493 3310 2550 velleribus
3341 2497 3474 2552 suis.
3509 2496 3669 2553 Cum-

2079 2599 2097 2632 ‹
2135 2597 2240 2652 que
2264 2592 2509 2638 mortuus
2529 2582 2720 2639 luisset
2742 2583 2950 2651 Achab,
2975 2586 3366 2655 praevaricatus
3387 2597 3474 2644 est
3491 2589 3670 2646 lmdus

2082 2691 2099 2722 ι
2136 2673 2280 2741 quod
2310 2671 2546 2728 habebat
2573 2689 2696 2728 cum
2724 2689 2852 2745 rege
2871 2674 3059 2740 Israel,
3101 2693 3119 2727 ι
3163 2685 3216 2731 et
3245 2676 3474 2746 reliqua.
3502 2679 3672 2750 Igitur

2075 2772 2200 2834 post
2231 2762 2346 2817 haec
2389 2761 2587 2817 bellum
2629 2765 2920 2833 gerebatur
2955 2779 3052 2833 per
3079 2773 3191 2820 tres
3221 2779 3401 2835 reges,
3442 2766 3545 2822 hoc
3588 2777 3674 2822 cst

2077 2868 2266 2924 regem
2295 2853 2480 2920 Israel,
2513 2867 2695 2924 regem
2725 2853 2880 2921 Iuda,
2923 2862 2979 2910 et
3016 2870 3202 2927 regem
3241 2855 3434 2924 Edom,
3480 2869 3672 2914 contra

2079 2945 2254 3002 Moab.
2290 2945 2689 3018 Consultusque
2733 2949 2802 3004 ab
2842 2948 2922 3005 eis
2951 2947 3178 3006 Elisacus
3210 2951 3497 3022 propheta,
3551 2963 3674 3025 post

2077 3037 2182 3093 alia
2213 3039 2330 3094 hinc
2359 3040 2540 3095 subdit
2569 3040 2756 3097 dicens
2790 3061 2802 3095 :

2155 3149 2174 3183 ι
2212 3130 2397 3187 Facite
2443 3132 2654 3188 alveum
2709 3142 2968 3191 torrentis
2996 3134 3158 3205 hujus
3206 3147 3262 3194 et
3305 3139 3499 3196 fossas.
3549 3139 3676 3195 Haec

2087 3247 2103 3276 ι
2141 3226 2284 3281 enim
2309 3226 2439 3282 dicit
2470 3227 2769 3283 Dominus:
2799 3227 2917 3283 Non
2945 3229 3200 3286 videbitis
3229 3240 3452 3288 ventum
3498 3248 3675 3304 neque

390 3343 410 3376 ι
447 3323 590 3379 Deus
610 3333 694 3380 est
723 3325 819 3395 qui
849 3333 1106 3394 operatur
1133 3325 1188 3379 in
1219 3325 1376 3380 nobis
1397 3335 1452 3381 et
1479 3325 1614 3381 velle
1641 3335 1697 3381 et
1717 3327 1978 3396 perﬁcere
2005 3316 2050 3378 C
2087 3338 2106 3371 ι
2144 3319 2401 3390 pluviam,
2428 3329 2483 3374 et
2512 3319 2698 3376 alveus
2735 3320 2838 3376 istc
2866 3321 3162 3392 replebitur
3189 3325 3364 3394 aquis,
3395 3333 3449 3380 el
3477 3325 3677 3380 bibetis

385 3430 489 3484 pro
532 3416 674 3470 bona
718 3415 994 3471 voluntate
1041 3413 1218 3488 (Phil.
1249 3417 1404 3488 vm).
1444 3437 1462 3469 ι
1504 3417 1570 3472 Et
1603 3417 1870 3489 Propheta
1909 3421 1978 3475 ad

397 3507 702 3574 Dominum,
731 3509 850 3562 ait:
887 3526 906 3558 ι
942 3507 1001 3563 In
1029 3517 1082 3562 te
1131 3508 1381 3564 inimicos
1431 3518 1646 3566 nostros
1688 3511 1974 3566 ventilabi-

389 3614 511 3678 mus
536 3613 725 3664 cornu,
751 3608 807 3655 et
834 3599 888 3654 in
919 3600 1137 3655 nomine
1162 3609 1252 3655 tuo
1279 3615 1603 3671 spernemus
1633 3602 1978 3673 insurgentes

389 3693 445 3745 in
477 3707 577 3746 nos
611 3691 782 3763 (Psai.
807 3692 951 3764 va),
985 3713 1004 3746 ι
1032 3700 1138 3749 etc.

469 3803 487 3835 ε
531 3784 798 3838 Dixerunt
850 3799 1064 3855 quoque
1130 3785 1234 3842 viri
1278 3787 1515 3843 civitatis
1555 3789 1624 3844 ad
1681 3789 1975 3846 Eliszeum:

397 3894 414 3924 ι
455 3875 596 3932 Ecce
635 3877 898 3932 habitatio
929 3877 1167 3933 civitatis
1196 3877 1358 3948 hujus
1378 3881 1582 3964 optima
1610 3889 1716 3948 est,
1746 3882 1888 3938 sicut
1923 3893 1979 3938 tu

397 3988 415 4018 ε
454 3969 587 4040 ipse,
620 3970 865 4035 Domine,
901 3972 1184 4041 perspicis,
1209 3972 1304 4027 sed
1327 3987 1481 4042 aqua:
1504 3973 1752 4043 pessima:
1774 3985 1899 4030 sunt
1927 3986 1982 4032 et

399 4081 416 4111 ι
459 4070 604 4116 terra
625 4063 845 4117 sterilis.
872 4064 943 4117 At
973 4062 1060 4118 ille
1087 4063 1166 4118 ait
1191 4081 1205 4117 :
1237 4062 1441 4119 Aﬁ'erte
1463 4065 1595 4119 mihi
1630 4081 1726 4120 vas
1759 4083 1977 4134 novum,

399 4173 416 4204 α
462 4162 517 4208 et
539 4154 737 4209 mittite
789 4155 844 4208 in
891 4154 1022 4208 illud
1066 4154 1164 4209 sal.
1200 4175 1218 4206 ι
1271 4155 1654 4211 Postulabatur
1699 4157 1922 4214 Eliszcus
1951 4175 1982 4214 a

395 4248 595 4318 p0pulo
621 4257 681 4302 ut
701 4264 872 4318 aquas
894 4246 1112 4303 Iericho
1140 4249 1401 4319 malignas
1425 4258 1479 4305 et
1502 4249 1718 4306 steriles
1741 4263 1978 4310 sanaret.

395 4341 620 4411 Accepit
647 4357 743 4397 vas
770 4357 966 4397 novum
998 4341 1163 4398 ﬁctile
1192 4341 1398 4411 etjecit
1423 4343 1477 4398 in
1511 4344 1640 4399 illud
1681 4345 1780 4410 sal,
1813 4355 1869 4401 et
1893 4348 1985 4402 de-

398 4435 589 4489 mersit
626 4433 757 4488 illud
783 4434 838 4488 in
867 4432 1088 4500 ﬂumen,
1119 4427 1385 4490 et'statim
1428 4434 1664 4491 ﬂuminis
1703 4454 1857 4508 aqua:
1899 4454 1986 4494 sa-

397 4536 540 4580 nata:
579 4535 726 4592 sunt,
780 4541 888 4596 quo
929 4523 1076 4580 facto
1111 4527 1510 4596 pramuntiabat
1542 4530 1827 4599 propheta,
1859 4533 1982 4600 quia

399 4617 636 4673 Verbum
661 4633 789 4673 caro
828 4618 982 4674 ﬁeret
1031 4626 1086 4672 et
1131 4618 1402 4674 habitaret
1443 4620 1498 4673 in
1540 4621 1716 4676 nobis.
1761 4621 1889 4677 Inde
1930 4623 1984 4678 in

2088 3431 2105 3464 ‹
2139 3426 2237 3466 vos
2258 3419 2313 3467 et
2342 3410 2560 3467 familiae
2599 3421 2796 3468 vestra:
2821 3421 2877 3467 et
2910 3413 3158 3484 jumenta
3193 3425 3398 3472 vestra.
3443 3416 3671 3472 Parum-

2087 3526 2104 3556 (
2141 3520 2247 3575 que
2275 3505 2380 3560 hoc
2407 3513 2490 3560 est
2533 3507 2586 3560 in
2627 3514 2922 3576 conspectu
2950 3506 3187 3574 Domini,
3235 3508 3458 3580 insuper
3501 3509 3678 3564 tradet

2087 3617 2103 3647 ε
2143 3597 2311 3653 etiam
2335 3596 2493 3653 Moab
2521 3598 2576 3652 in
2614 3613 2809 3654 manus
2836 3607 3068 3667 vestras,
3107 3607 3164 3655 et
3194 3600 3512 3670 percutietis
3552 3615 3674 3656 om-

2090 3710 2107 3742 ε
2142 3705 2265 3746 nem
2313 3691 2592 3747 civitatem
2638 3692 2928 3760 munitam,
2969 3701 3026 3749 et
3066 3707 3282 3750 omnem
3321 3695 3513 3750 urbem
3561 3694 3675 3752 ele-

2090 3803 2109 3836 ‹
2147 3792 2314 3851 ctam,
2342 3793 2398 3839 et
2425 3785 2738 3839 universum
2755 3785 2958 3858 lignum
2991 3786 3332 3843 frttctifcrttm
3362 3788 3676 3857 succidetis,

2089 3894 2108 3927 ‹
2147 3884 2482 3947 cunctosque
2521 3875 2701 3932 fontes
2745 3893 3012 3948 aquarum
3059 3879 3404 3948 obturabitis,
3457 3889 3512 3936 et
3561 3897 3678 3938 om-

2090 3987 2109 4020 ι
2144 3983 2269 4023 nem
2319 3983 2507 4039 agrum
2538 3969 2817 4040 egregium
2856 3972 3116 4042 operietis
3144 3972 3430 4045 lapidibus.
3468 3994 3490 4029 ι
3537 3974 3676 4044 Quid

2083 4076 2215 4132 ergo
2259 4059 2567 4131 signiﬁcant
2617 4070 2728 4116 tres
2769 4061 2859 4116 isti
2907 4077 3064 4134 reges
3115 4073 3308 4121 contra
3361 4063 3518 4122 Moab
3566 4065 3681 4122 bel-

2085 4149 2196 4205 lum
2253 4159 2537 4223 gerentes,
2601 4151 2706 4207 nisi
2775 4161 3015 4209 rectores
3085 4153 3354 4226 ﬁdelium,
3415 4157 3510 4228 qui
3581 4173 3684 4229 per

2087 4251 2290 4298 sancta:
2328 4242 2611 4299 Trinitatis
2646 4243 2810 4299 ﬁdem
2833 4285 2848 4312 ,
2883 4253 3072 4301 contra
3111 4248 3297 4303 mundi
3338 4249 3640 4322 principem
3663 4291 3700 4322 ,_

2088 4341 2142 4390 et
2166 4341 2355 4389 contra
2381 4333 2639 4404 populum
2663 4334 2782 4406 ejus
2799 4375 2814 4401 ,
2847 4335 2950 4392 hoc
2977 4345 3064 4392 est
3089 4337 3440 4408 philosophos
3465 4342 3684 4398 lucreti-

2089 4446 2202 4496 cos,
2229 4429 2608 4486 schismaticos
2627 4471 2641 4494 ,
2684 4438 2848 4499 atque
2874 4446 3066 4488 omnes
3091 4431 3307 4504 iniquos
3326 4475 3341 4498 ,
3374 4449 3498 4490 cum
3526 4445 3682 4491 scuto

2091 4523 2214 4577 ﬁdei
2263 4531 2426 4591 atque
2448 4521 2616 4575 armis
2645 4521 2980 4592 spiritalibus
3006 4521 3346 4597 conﬂigunt?
3371 4524 3528 4583 Moab
3553 4541 3684 4596 ergo

2091 4617 2184 4686 qui
2211 4616 2279 4670 de
2301 4616 2510 4671 incesto
2539 4624 2699 4670 natus
2734 4625 2846 4682 est,
2877 4625 2931 4671 et
2961 4615 3358 4688 interpretatur
3385 4617 3452 4672 de
3489 4628 3678 4689 patre,

397 4709 806 4765 similitudinem
837 4707 998 4764 Verbi
1029 4710 1140 4776 sal,
1173 4709 1226 4764 id
1251 4718 1333 4765 est
1371 4711 1716 4781 sapientiam,
1742 4713 1889 4769 dedit
1929 4716 1983 4770 in
2011 4717 2064 4778 D
2088 4713 2226 4768 bene
2255 4709 2360 4765 illis
2401 4709 2657 4764 convenit
2682 4710 2750 4764 ad
2774 4723 2910 4779 quos
2931 4709 3197 4767 Dominus
3224 4711 3397 4768 dixit:
3432 4730 3453 4765 ‹
3474 4711 3584 4769 Vos
3613 4712 3680 4767 de

399 4818 498 4858 vas
545 4802 731 4870 ﬁctile,
782 4803 839 4858 in
880 4818 1076 4873 corpus
1117 4803 1323 4869 scilicet
1350 4805 1665 4870 humanum,
1697 4814 1751 4861 et
1781 4807 1986 4862 immit-

401 4903 522 4948 tens
567 4894 621 4947 in
651 4908 848 4963 aquam
881 4893 1162 4949 demersit.
1192 4894 1347 4962 Quod
1384 4894 1602 4964 quidem
1649 4896 1988 4968 signiﬁcabat

400 4984 530 5054 quia
572 4999 763 5039 omnes
791 4984 972 5055 populi
1022 4985 1113 5054 qui
1155 4987 1255 5041 sub
1298 4987 1469 5058 ﬁgura
1499 5002 1760 5058 aquarum
1787 4989 1840 5044 in
1874 4999 1988 5046 toto

402 5079 604 5131 mundo
651 5078 866 5134 steriles
923 5087 1101 5144 erant,
1155 5095 1251 5150 per
1298 5078 1502 5136 Christi
1549 5080 1983 5140 lncarnationem

404 5166 794 5225 fecunditatem
819 5177 874 5225 et
897 5168 1329 5226 benedictionem
1360 5173 1632 5242 accepturi
1661 5185 1863 5231 essent.

481 5280 501 5312 ι
534 5261 796 5317 Ascendit
822 5270 1005 5318 autem
1033 5263 1161 5318 inde
1201 5263 1256 5318 in
1291 5262 1512 5332 Bethel;
1543 5280 1776 5336 cumque
1803 5284 1993 5326 ascen-

411 5373 431 5406 ι
467 5355 620 5412 deret
663 5371 760 5428 per
799 5357 963 5424 viam,
995 5357 1150 5428 pueri
1180 5358 1334 5429 parvi
1364 5359 1573 5429 egressi
1603 5370 1730 5416 sunt
1757 5362 1823 5418 de
1855 5365 1992 5420 civi-

413 5470 432 5503 c
465 5461 595 5518 tate,
645 5460 702 5507 et
739 5451 1042 5507 illudebant
1081 5451 1154 5515 ei,
1203 5451 1446 5508 dicentes
1478 5471 1489 5506 :
1521 5453 1785 5518 Ascende,
1822 5455 1990 5521 calve,

418 5560 438 5594 ι
469 5544 727 5610 ascende,
747 5543 918 5600 calve.
943 5543 1046 5612 Qui
1073 5560 1195 5600 cum
1217 5555 1340 5614 post
1379 5560 1439 5601 se
1469 5547 1818 5616 respexisset,
1863 5549 1996 5605 vidit

413 5656 432 5688 ι
469 5652 562 5691 eos
582 5645 637 5692 et
663 5635 945 5692 maledixit
967 5637 1046 5692 eis
1070 5636 1126 5691 in
1155 5639 1376 5692 nomine
1406 5637 1644 5692 Domini.
1669 5638 1996 5709 Egressique

415 5746 435 5779 ι
472 5738 599 5784 sunt
628 5729 694 5785 de
717 5717 856 5784 saltu
885 5728 992 5784 duo
1017 5727 1151 5793 ursi,
1179 5735 1236 5782 et
1276 5727 1647 5784 laceraverunt
1667 5743 1733 5783 ex
1755 5729 1835 5784 eis
1858 5745 1996 5800 qua-

416 5841 435 5875 c
472 5823 725 5894 draginta
767 5833 822 5879 et
865 5824 1000 5878 duos
1043 5837 1258 5894 pueros.
1307 5841 1324 5873 ι
1357 5820 1582 5877 Eliszeus
1615 5837 1832 5893 quoque
1875 5839 1998 5894 pro-

409 5915 598 5988 pheta,
615 5916 756 5975 sicut
777 5931 921 5992 saepe
944 5915 1202 5981 diximus,
1224 5913 1450 5986 ﬁguram
1473 5913 1674 5971 Christi
1695 5916 1877 5984 gessit.
1901 5916 2002 5971 De-

2095 4803 2311 4860 diabolo
2343 4801 2456 4855 nati
2494 4801 2660 4866 estis,
2719 4809 2774 4857 et
2802 4802 2966 4858 vultis
2995 4801 3180 4860 facere
3219 4803 3558 4860 voluntatem
3588 4819 3685 4874 pa-

2098 4897 2196 4952 tris
2225 4893 2389 4950 vestri
2421 4893 2602 4958 (Joan.
2631 4893 2773 4964 vm).
2806 4913 2825 4948 ι
2859 4893 2928 4950 Ηὶ
2953 4909 3084 4968 ergo
3111 4897 3472 4952 adversantur
3498 4895 3686 4952 Eccleo

2095 4991 2188 5046 sia:
2229 4989 2428 5060 partim
2474 4987 2676 5054 minis,
2737 4988 2936 5058 partim
2985 4988 3453 5059 persecutionibus
3487 5030 3502 5057 ,
3558 5003 3688 5059 par-

2095 5083 2192 5136 tim
2245 5079 2370 5135 dolo
2421 5093 2487 5134 ac
2540 5077 2692 5134 falsis
2736 5078 3047 5134 ﬁctionibus
3101 5097 3114 5134 :
3187 5079 3281 5134 sed
3337 5093 3436 5149 per
3485 5078 3688 5136 Christi

2103 5173 2394 5236 virtutem,
2447 5171 2540 5241 qui
2593 5179 2757 5241 caput
2803 5180 2887 5226 est
2925 5169 3108 5240 populi
3153 5169 3479 5235 Christiani,
3523 5189 3686 5244 supe-

2100 5273 2288 5320 rantur
2338 5272 2502 5334 atque
2548 5261 2876 5334 eﬁ‘ugantur.
2925 5261 3134 5329 Quibus
3176 5261 3252 5317 ait
3277 5263 3544 5334 propheta
3579 5266 3687 5322 Do-

2100 5356 2230 5411 mini
2265 5373 2276 5409 :
2317 5372 2336 5406 c
2361 5353 2544 5410 Facite
2571 5354 2783 5410 alveum
2812 5353 3071 5408 torrentis
3097 5352 3276 5424 hujus,
3303 5353 3476 5411 fossas
3499 5365 3553 5413 et
3581 5357 3690 5414 fos-

2101 5465 2212 5506 sas.
2241 5446 2360 5504 Non
2395 5447 2652 5502 videbitis
2673 5454 2896 5501 ventum
2927 5459 3103 5514 neque
3122 5444 3385 5515 pluviam,
3419 5457 3474 5504 et
3503 5449 3691 5508 alveus

2101 5541 2205 5596 iste
2221 5539 2516 5611 replebitur
2539 5538 2712 5609 aquis,
2731 5547 2788 5592 et
2800 5537 2996 5592 bibetis
3007 5552 3104 5594 vos
3125 5537 3414 5596 etfamilia:
3429 5553 3640 5611 vestrae,
3666 5566 3684 5596 ι

2103 5646 2159 5694 et
2180 5638 2406 5708 reliqua.
2431 5637 2566 5691 Ecce
2589 5636 2851 5706 propheta
2876 5635 3088 5691 Domini
3111 5637 3309 5710 papqu
3331 5640 3420 5696 siti
3441 5640 3690 5715 fatigato,

2103 5745 2198 5801 per
2243 5725 2568 5782 miraculum
2607 5726 2814 5781 factum
2855 5742 2886 5781 a
2928 5725 3157 5784 Domino
3195 5729 3468 5796 consulit,
3513 5733 3593 5789 sic
3639 5743 3696 5800 et

2105 5822 2381 5893 prophelae
2408 5820 2550 5874 dicta
2576 5819 2860 5876 consilium
2891 5820 3136 5895 praebent
3165 5821 3433 5891 ﬁdelibus,
3461 5823 3696 5896 qualiter

2109 5913 2340 5988 spiritali
2366 5913 2612 5988 doctrina
2635 5914 2784 5972 sitim
2811 5931 2966 5974 suam
2990 5917 3360 5994 exstinguant,
3395 5909 3560 5990 atque
3579 5913 3697 5980 ani;
