4044 6336
437 388 541 459 409

1465 386 1816 449 ANGELOMI
1852 387 2314 457 LUXQVIENSIS
2350 395 2663 455 ΜΟΝΔῦῦῐ

3592 407 3703 467 500

438 520 585 563 mum
612 503 876 561 reficiant.
909 503 1070 563 Iubet
1095 519 1225 575 ergo
1254 504 1428 562 fossas
1452 505 1633 561 facere
1670 505 1726 560 in
1756 504 2010 561 torrentis
2037 507 2085 567 Α
2114 510 2254 568 babo
2278 513 2327 584 (Ι
2354 514 2476 568 Cor.
2502 514 2564 587 ι),
2600 533 2617 565 ι
2650 528 2819 584 pauca
2849 516 2915 570 de
2939 518 3213 587 prophetis
3256 522 3505 593 exempla
3538 525 3704 595 repli—

436 596 609 659 alveo,
640 605 696 655 et
715 596 787 653 ita
816 597 1062 667 przedieit
1099 598 1304 668 absque
1329 599 1504 654 ventis
1529 606 1581 655 et
1620 599 1803 675 pluvia
1832 614 2005 669 aqua-

438 706 558 749 rum
582 691 907 763 largitatem.
944 690 1084 760 Quid
1130 702 1215 749 est
1254 693 1430 751 fossas
1462 693 1517 748 in
1554 693 1708 749 alveo
1751 694 2033 749 torrentis’

439 781 617 839 {amre
638 822 654 848 ,
700 783 802 839 nisi
831 780 1095 854 profunda
1132 784 1386 855 mysteria
1430 784 1484 843 in
1512 784 1682 841 sacris
1712 783 2008 854 Scripturis

437 873 490 929 in
510 872 657 933 bono
676 875 855 933 studio
879 876 1157 945 quarere?
1180 890 1301 945 quae
1330 877 1537 948 absque
1560 877 1739 947 pluvia
1766 884 1822 933 et
1844 884 2007 932 vento

434 978 573 1034 aqua
618 965 915 1037 replentur,
960 969 1085 1036 quia
1115 982 1257 1039 saepe
1285 969 1490 1040 absque
1528 970 1769 1026 humano
1813 970 2007 1026 solatio

431 1054 754 1124 sapientiam
820 1057 1031 1119 confert
1084 1059 1199 1117 suis
1252 1058 1724 1132 investigator-ibus
1763 1062 2004 1130 potentia

432 1144 634 1221 divina.
666 1147 817 1205 Unde
839 1149 966 1217 dicit
989 1148 1226 1209 Joannes
1252 1150 1564 1221 apostolus:
1593 1172 1611 1203 ι
1640 1150 1757 1211 Non
1786 1168 2006 1208 necesse

428 1240 665 1309 habetis,
696 1252 756 1298 ut
781 1243 976 1314 aliquis
1005 1246 1193 1303 doceat
1218 1261 1315 1301 vos
1336 1288 1352 1313 ,
1385 1246 1477 1303 sed
1504 1246 1645 1303 sicut
1682 1247 1866 1301 unctio
1889 1245 2006 1314 eius

430 1328 586 1395 docét
616 1348 707 1391 vos
731 1335 797 1399 de
836 1336 1086 1399 omnibus
1116 1336 1169 1408 (I
1189 1338 1349 1393 Joan.
1398 1339 1482 1411 ιι).
1510 1359 1523 1390 ι
1570 1370 1641 1380 -
1694 1357 1713 1390 ι
1737 1337 1890 1394 Unde
1918 1339 2002 1394 bi-

426 1423 562 1481 bunt
582 1425 831 1485 homines
855 1436 911 1489 et
957 1428 1225 1498 iumenta.
1258 1451 1277 1483 ι
1333 1432 1391 1493 ιὰ
1418 1440 1502 1489 est
1543 1431 1814 1488 doctinam
1863 1432 2003 1488 acci-

420 1518 579 1589 piunt
602 1520 870 1592 ingeniosi
918 1524 1120 1594 quique
1140 1534 1196 1580 et
1222 1525 1497 1596 simplices
1520 1567 1535 1590 ,
1569 1526 1694 1596 quia
1740 1536 2002 1595 quantum

422 1609 619 1685 idonea
644 1620 729 1677 est
751 1614 933 1677 anima
951 1616 1285 1686 accipientis,
1314 1626 1521 1675 tantum
1550 1617 1621 1672 ibi
1648 1617 1884 1673 inveniet
1907 1618 2001 1673 do-

410 1704 663 1763 .cumenti
686 1720 798 1761 suae
827 1706 1037 1763 salutis.
1070 1706 1331 1777 Sequitur
1360 1726 1373 1763 :
1408 1727 1426 1759 ι
1454 1708 1761 1779 Parumque
1790 1709 1893 1764 hoc
1916 1716 2004 1765 est

324 1822 334 1839 ι
422 1789 480 1865 in
506 1803 800 1864 conspectu
831 1794 1069 1862 Domini,
1103 1798 1324 1868 insuper
1352 1799 1527 1855 tradet
1570 1799 1735 1854 etiam
1766 1799 1922 1855 Moab
1947 1800 2001 1855 in

2114 603 2281 657 cauda
2332 613 2477 658 sunt.
2503 604 2669 660 Amos
2720 604 3000 675 loquitur:
3048 606 3225 663 c-Hmc
3254 610 3384 664 dicit
3412 611 3700 682 Dominus,

2111 709 2274 764 super
2299 695 2470 750 tribus
2511 695 2877 766 impietatibus
2926 696 3113 765 Moab,
3165 706 3222 756 et
3278 717 3442 773 super
3464 714 3705 775 quatuor

2110 800 2216 840 non
2268 787 2566 842 adversabo
2595 803 2716 843 eum
2743 828 2757 853 ,
2810 803 2909 859 pro
2940 805 3008 844 eo
3032 792 3176 860 quod
3227 794 3525 850 combussit
3574 813 3705 854 ossa

2110 880 2254 951 regis
2295 880 2541 936 Idumam
2586 881 2640 936 in
2686 882 2915 938 cineres.
2952 903 2971 935 ›
3006 885 3147 941 Vere
3176 886 3321 940 enim
3348 888 3614 959 quidquid
3636 889 3702 945 in

2110 971 2304 1026 saeculo
2330 973 2639 1044 dogmatum
2672 988 3048 1043 perversurum
3073 1016 3088 1040 ,
3119 978 3381 1049 quidquid
3421 980 3491 1033 ad
3528 989 3705 1037 terre-

2108 1076 2235 1117 nam
2282 1062 2605 1133 sapientiam
2648 1066 2882 1133 pertinet
2934 1075 3160 1137 putatur
3212 1083 3337 1124 esse
3384 1072 3698 1127 robustum.

2108 1151 2222 1209 Hoc
2241 1153 2582 1210 dialecticum
2606 1155 3028 1223 subvertitur,“
3070 1160 3243 1214 instar
3268 1161 3504 1217 incendii
3533 1163 3588 1217 in
3619 1164 3705 1218 ci-

2106 1259 2266 1299 neres
2282 1243 2610 1316 favillasque
2630 1247 2967 1315 dissolvitur,
2999 1262 3057 1306 ut
3080 1252 3341 1321 probetur
3361 1254 3520 1319 nihil,
3546 1257 3704 1326 quod
3796 1298 3805 1305 .

2105 1338 2398 1408 putabatur
2423 1354 2545 1395 esse
2570 1339 2951 1397 fortissimum.
2983 1342 3091 1400 Sed
3116 1354 3172 1399 et
3195 1345 3359 1402 Isaias
3385 1329 3701 1418 superbiam

2106 1428 2260 1485 Moab
2307 1431 2526 1501 arguit,
2580 1432 2767 1488 dicens
2816 1452 2831 1489 :
2883 1453 2903 1486 ι
2932 1435 3251 1493 Audivimus
3306 1432 3703 1499 contumeliam

2104 1522 2280 1588 Moab,
2312 1523 2738 1581 contumeliosus
2762 1534 2845 1581 est
2874 1527 3040 1583 nimis
3058 1569 3074 1594 ,
3105 1531 3415 1599 superbiam
3453 1534 3574 1603 eius
3602 1535 3706 1589 ab-

2106 1613 2233 1669 sutli
2291 1614 2425 1683 (Ian.
2472 1617 2606 1687 xvi).
2638 1637 2657 1669 ›
2700 1615 2972 1675 Ieremias
3011 1636 3227 1691 quoque
3264 1632 3456 1678 contra
3500 1639 3705 1684 omnes

2105 1704 2411 1761 vaticinans
2442 1708 2691 1765 nationes
2728 1712 2947 1782 proprie
2976 1712 3220 1782 loquitur
3254 1717 3323 1770 ad
3370 1715 3528 1773 Moab
3551 1719 3700 1788 (lor.

2105 1796 2326 1869 atvm),
2378 1800 2520 1869 quod
2557 1820 2573 1851 l
2595 1802 2903 1863 conﬁdebas
2962 1804 3017 1859 in
3054 1806 3445 1863 munitionibus
3474 1811 3584 1865 tuis
3606 1851 3623 1869 .
3659 1828 3680 1864 ι

411 1898 619 1957 manus
674 1896 908 1961 vestras,
961 1908 979 1941 ι
1013 1897 1119 1949 etc.
1157 1865 1273 1949 1van
1306 1890 1449 1947 enim
1472 1889 1666 1947 sullieit
1705 1892 1876 1947 servis
1905 1892 1998 1947 Dei
2024 1865 2076 1929 Β
2103 1865 2303 1963 etpost
2328 1865 2523 1963 pauca;
2560 1911 2579 1945 ‹
2610 1893 2821 1949 habens
2847 1893 3100 1953 fiduciam
3130 1896 3184 1950 in
3215 1896 3385 1968 gloria
3422 1907 3535 1954 tua.
3574 1865 3703 1956 {Et

420 1978 602 2033 abdita
635 1982 894 2051 mysteria
916 1982 1076 2045 scire,
1095 1983 1223 2053 quin
1253 1984 1415 2038 etiam
1445 1983 1565 2040 aliis
1594 1984 1916 2053 pnedicare,
1945 1993 2000 2041 et

2103 1980 2328 2036 iterum:
2359 2000 2377 2032 ι
2399 1982 2655 2053 quoniam
2680 1984 2860 2041 dicitis
2878 1994 3059 2047 sortes
3082 2002 3282 2043 ramos.
3308 2007 3329 2041 ι
3364 1990 3442 2044 Ac
3462 1988 3698 2047 deinde:

418 2071 852 2129 contradicentes
872 2075 1214 2147 redarguere,
1240 2076 1438 2147 quibus
1459 2078 1724 2148 promissa
1745 2086 1829 2133 est
1851 2086 1999 2133 certa
2106 2094 2123 2123 ‹
2144 2071 2305 2131 Juxta
2330 2083 2414 2129 est
2434 2074 2548 2133 dies
2572 2074 2726 2133 Moab
2749 2079 3002 2141 utveniat
3024 2086 3080 2135 et
3098 2079 3303 2135 ntalitia
3320 2078 3436 2150 ejus
3456 2083 3649 2139 nimis.
3670 2104 3698 2138 ι

417 2161 485 2216 de
511 2162 667 2219 hoste
700 2165 950 2222 victoria.
997 2186 1014 2218 ‹
1046 2164 1120 2223 Ut
1142 2154 1448 2238 percutiant
1474 2185 1692 2226 omnem
1721 2171 1997 2227 civitatem
2096 2166 2168 2223 Et
2208 2166 2554 2223 manifestius
2578 2168 2705 2227 dicit
2740 2186 2755 2222 :
2799 2190 2817 2221 ι
2846 2155 3132 2237 Quomodo
3179 2175 3444 2228 contritus
3484 2185 3568 2230 est
3600 2175 3707 2231 ba-

417 2256 681 2333 munitarn
708 2299 723 2323 ,
755 2266 809 2314 et
836 2274 1050 2315 omnem
1082 2262 1270 2319 urbem
1294 2262 1576 2330 electam,»
1602 2271 1711 2323 etc.
1737 2262 1998 2319 Civitates
2099 2258 2250 2315 culus
2278 2258 2566 2328 gloriosus,
2607 2261 2754 2333 virga
2802 2263 3258 2334 magnificentia?
3292 2282 3313 2319 ι
3346 2266 3425 2325 κει
3452 2267 3697 2324 iterum:

415 2350 654 2406 munitas
683 2359 736 2406 et
760 2353 923 2411 urbes
952 2353 1173 2421 electas,
1212 2370 1499 2426 possumus
1526 2355 1842 2415 saecularem
1870 2371 1997 2426 pru—
2105 2370 2122 2401 ε
2157 2349 2464 2409 Contritum
2488 2359 2573 2409 est
2600 2367 2770 2413 cornu
2798 2353 3017 2413 Moab.)
3064 2356 3200 2413 Haec
3226 2366 3406 2415 autem
3436 2361 3704 2418 dicuntur

414 2440 651 2496 dentiam
681 2442 1004 2517 intelligere,
1039 2445 1095 2499 in
1125 2460 1286 2515 quam
1318 2445 1556 2503 maxime
1597 2444 1901 2516 philosophi
1942 2452 1996 2503 et
2098 2442 2199 2505 sub
2230 2445 2448 2505 nomine
2494 2445 2673 2512 Moab,
2722 2455 2784 2503 ut
2824 2449 2989 2505 stulta
3038 2451 3246 2510 saeculi.
3296 2462 3352 2509 et
3397 2454 3450 2509 in
3490 2455 3700 2511 celum

411 2530 654 2591 haeretici
684 2535 981 2591 confidunt.
1010 2534 1103 2593 [lae
1131 2551 1260 2609 ergo
1287 2551 1385 2608 per
1418 2536 1830 2609 praedicatorem
1871 2552 1995 2593 san-
2094 2551 2311 2607 semper
2336 2536 2520 2595 ferens
2546 2537 2754 2594 malitia
2782 2549 3115 2598 conteratur.
3214 2531 3229 2537 ’

413 2619 487 2675 cti
525 2620 804 2694 Evangelii
849 2625 1253 2685 subvertuntur.
1287 2627 1443 2684 Unde
1480 2627 1613 2684 dicit
1656 2627 1989 2699 Apostolus:

414 2729 433 2761 ο
466 2712 630 2769 Arma
662 2704 866 2795 militia:
894 2726 1093 2777 nostrae
1142 2733 1253 2775 non
1298 2719 1535 2776 carnalia
1568 2728 1730 2783 sunt,
1779 2721 1873 2777 sed
1896 2735 1995 2791 po-

412 2805 580 2860 tentia
613 2805 726 2863 Deo
759 2807 826 2869 ad
871 2810 1289 2866 destructionem
1314 2811 1678 2869 munitionum
1704 2851 1720 2877 ,
1765 2810 1992 2869 consilia

410 2904 753 2983 destruentes
778 2947 793 2971 ,
833 2915 888 2965 et
924 2922 1143 2963 omnem
1180 2907 1522 2967 altitudinem
1554 2906 1905 2965 extollentem
1932 2920 1991 2963 se

407 2994 668 3051 adversus
695 2998 978 3052 scientiam
1012 2999 1103 3052 Dei
1122 3040 1137 3063 ,
1168 3009 1223 3055 et
1262 3000 1317 3054 in
1351 2999 1719 3068 captivitatem
1748 2998 1991 3069 redigen-

408 3094 491 3165 tes
518 3102 732 3143 omnem
778 3088 1107 3153 intellectum
1148 3092 1205 3149 in
1244 3091 1566 3161 obsequium
1607 3090 1811 3149 Christi
1838 3098 1895 3153 et
1935 3092 2030 3160 in_

400 3188 658 3290 promptu
711 3177 975 3235 habentes
1038 3180 1224 3239 ulcisci
1286 3195 1500 3239 omnem
1564 3181 1987 3237 inobedientiam
2019 3225 2065 3290 Ο

408 3267 492 3290 η,
580 3285 632 3290 ,μ
696 3269 749 3290 _,
1148 3272 1180 3290 ..
1315 3271 1337 3290 ρ

406 3267 492 3339 (II
527 3256 653 3336 Cor,
696 3269 773 3343 χ).
808 3290 826 3321 ›
858 3269 1120 3329 Universa
1148 3272 1289 3345 ligna
1308 3271 1590 3329 fructifera
1617 3273 1989 3339 succiduntur,

407 3377 513 3417 non
552 3362 639 3421 illa
668 3354 809 3449 ligna
840 3379 959 3437 qua:
982 3364 1187 3441 faciunt
1217 3364 1456 3423 fructum
1482 3364 1682 3431 bonum
1701 3404 1717 3429 ,
1756 3364 1853 3425 sed
1874 3380 1993 3435 qua:

408 3451 749 3537 mortiferum
783 3464 1045 3527 generant
1066 3464 1306 3531 pasntm,
1357 3470 1477 3527 quae
1507 3455 1782 3515 radicibus
1815 3454 1991 3511 securi

405 3545 672 3625 examinis
694 3547 911 3627 succisa
948 3546 1206 3625 pabulum
1252 3546 1384 3621 fient
1422 3548 1565 3625 ignis
1606 3546 1991 3617 aeterni.'Cun-

407 3636 588 3709 ctique
619 3635 800 3693 fontes
849 3652 1116 3719 aquarum
1161 3639 1505 3713 obturantur.
1540 3639 1678 3701 .Cum
1708 3641 1984 3701 haeresiar-

404 3730 541 3796 chze,
571 3731 731 3786 simul
765 3748 888 3787 cum
923 3733 1038 3789 suis
1059 3734 1415 3809 sequacibus,
1446 3748 1545 3805 per
1569 3734 1865 3805 catholicos
1889 3735 1989 3793 d0-

402 3831 582 3878 ctores
621 3823 969 3901 damnantur.
993 3826 1062 3881 Et
1092 3842 1282 3901 omnes
1311 3827 1425 3899 agri
1469 3828 1671 3901 egregii
1720 3828 1990 3901 lapidibus

403 3900 751 3995 operiuntur,
801 3931 923 3971 cum
966 3900 1221 3981 venustas
1265 3900 1553 3977 locutionis
1592 3900 1864 3977 haeretica:
1910 3927 1990 3983 at:

403 3988 509 4075 que
559 3984 945 4095 pbilosopbicze
999 4010 1359 4065 anathematis
1421 4012 1662 4089 pondere
1715 4012 1985 4067 obruitur.

408 4116 429 4173 ε
462 4094 711 4177 Nihilque
750 4094 1054 4155 remanebit
1092 4100 1145 4157 in
1187 4109 1328 4158 terra
1358 4101 1536 4167 Moab,
1567 4103 1672 4161 nisi
1700 4103 1840 4163 muri
1876 4112 1989 4161 tan-

404 4196 515 4245 tum
555 4180 767 4258 fictiles,
802 4212 821 4245 ι
854 4194 958 4248 hoc
986 4201 1068 4248 est
1098 4192 1247 4251 falsa:
1286 4195 1525 4253 rationes
1572 4194 1845 4266 fragilium
1894 4194 1989 4251 d0-

401 4287 724 4367 ctrinarum,
753 4302 874 4361 qua:
895 4304 922 4343 a
942 4287 1351 4363 fundibulariis,
1382 4290 1434 4345 id
1457 4298 1540 4346 est
1564 4289 1766 4345 sanctis
1792 4289 1988 4360 praedi-

396 4377 677 4435 catoribus
711 4379 967 4453 Ecclesia
1017 4378 1391 4445 circumdatae,
1422 4379 1657 4437 maxima
1707 4393 1771 4433 ex
1828 4388 1985 4453 parte

398 4470 702 4557 refutantur
733 4480 790 4529 et
829 4471 895 4529 ad
940 4471 1169 4549 nibilum
1223 4471 1541 4545 rediguntur
1574 4470 1775 4539 :.Quod
1798 4480 1980 4527 autem

2710 2687 2941 2749 CAPUT
2974 2692 3049 2765 iv

2173 2824 2192 2858 ι
2232 2803 2422 2861 Mulier
2448 2809 2627 2861 autem
2652 2804 2900 2876 quaedam
2928 2804 2996 2861 de
3016 2805 3275 2865 uxoribus
3300 2808 3705 2879 prophetarum

2100 2919 2119 2951 ι
2161 2897 2429 2955 clamabat
2452 2897 2519 2955 ad
2538 2897 2791 2957 Elisteum
2814 2898 3001 2955 dicens
3026 2917 3039 2954 :
3068 2897 3272 2961 Servus
3294 2902 3516 2957 tuusxir
3532 2918 3704 2963 metu

2100 3014 2118 3047 ι
2165 3004 2407 3053 mortuus
2445 3004 2550 3062 est,
2601 3002 2657 3051 et
2686 3003 2745 3051 tu
2798 2995 2943 3051 nosti
2982 2995 3110 3065 quia
3168 3011 3359 3053 servus
3412 3006 3540 3053 tuus
3582 2997 3707 3054 fuit

2102 3107 2121 3140 ι
2166 3089 2365 3147 timens
2389 3086 2701 3153 Dominum.
2762 3096 2818 3142 et
2845 3101 2975 3143 ecce
3003 3087 3244 3147 creditor
3269 3088 3417 3149 venit
3442 3098 3505 3145 ut
3536 3089 3702 3145 tollat

2102 3199 2120 3233 ι
2166 3181 2301 3237 duos
2340 3179 2479 3237 filios
2509 3193 2661 3237 meos
2683 3178 2751 3234 ad
2777 3178 3118 3239 serviendum
3146 3179 3270 3239 sibi.
3300 3178 3401 3237 Cui
3423 3180 3559 3235 dixit
3580 3180 3703 3237 Eli-

2102 3293 2120 3325 ι
2170 3288 2310 3331 saeus
2339 3291 2351 3328 :
2384 3270 2524 3341 Quid
2558 3270 2642 3326 vis
2665 3278 2726 3327 ut
2746 3269 2947 3328 faciam
2976 3271 3114 3331 tibi?
3148 3271 3248 3333 Dic
3274 3272 3408 3331 mihi
3431 3272 3563 3344 quid
3586 3274 3701 3328 ha-

2102 3388 2119 3419 (
2166 3368 2261 3425 bes
2292 3367 2345 3423 in
2387 3366 2548 3423 domo
2597 3364 2734 3421 tua?
2760 3364 2831 3423 At
2864 3364 2953 3421 illa
2984 3366 3302 3436 respondit:
3332 3364 3451 3423 Non
3502 3366 3701 3426 habeo

2101 3480 2119 3513 ι
2166 3463 2359 3521 ancilla
2410 3471 2501 3521 tua
2548 3462 2844 3534 quidquam
2876 3464 2931 3518 in
2970 3464 3131 3520 domo
3155 3478 3299 3530 mea,
3350 3464 3453 3520 nisi
3488 3479 3698 3534 parum

2100 3574 2120 3607 ι
2162 3556 2264 3611 olei
2308 3570 2418 3627 quo
2457 3570 2647 3628 uugar.
2698 3554 2800 3615 Cui
2836 3554 2913 3611 ait
2956 3553 3172 3622 :Vade,
3217 3564 3341 3626 pete
3386 3564 3575 3611 metuo
3615 3557 3697 3613 ab

2101 3665 2121 3698 ι
2161 3648 2416 3703 omnibus
2445 3647 2641 3703 vicinis
2676 3647 2783 3701 tuis
2806 3661 2933 3701 vasa
2956 3662 3128 3703 vacua
3146 3661 3258 3705 non
3284 3662 3477 3717 pauca,
3527 3656 3582 3701 et
3600 3648 3697 3702 in-

2099 3762 2115 3791 ι
2164 3740 2391 3812 gredere
2439 3747 2495 3797 et
2537 3738 2727 3797 claude
2754 3738 2952 3795 ostium
2984 3745 3155 3802 tuum,
3184 3753 3309 3793 cum
3358 3737 3697 3794 intrinsecus

2099 3854 2114 3884 ι
2165 3833 2331 3891 fueris
2361 3840 2415 3889 tu
2458 3840 2514 3891 et
2540 3831 2636 3889 filii
2676 3831 2775 3896 tui,
2823 3838 2879 3887 et
2914 3829 3072 3887 mitte
3100 3829 3227 3885 inde
3251 3829 3306 3884 in
3334 3829 3517 3885 omnia
3553 3844 3693 3886 vasa

2098 3945 2114 3975 ι
2163 3926 2299 3991 haec,
2328 3931 2384 3979 et
2411 3938 2534 3979 cum
2562 3921 2722 3993 plena
2753 3919 2956 3977 fuerint
2976 3918 3150 3979 tolles.
3202 3919 3304 3975 lvit
3348 3920 3533 3990 itaque
3558 3935 3693 3975 mu-

2097 4038 2112 4065 .
2171 4016 2290 4081 lier,
2331 4036 2349 4068 ι
2407 4022 2462 4071 et
2488 4014 2717 4083 reliqua.
2769 4012 2909 4080 Quid
2948 4027 3047 4083 per
3076 4013 3219 4069 banc
3254 4010 3535 4067 mulierem
3577 4011 3689 4068 nisi

2093 4116 2281 4167 sancta
2347 4104 2592 4161 Ecclesia
2639 4104 3004 4175 designatur?
3048 4102 3287 4159 Duorum
3335 4102 3689 4173 populorum,

2093 4198 2143 4253 id
2186 4205 2270 4251 est
2319 4194 2532 4253 Judaici
2577 4204 2633 4250 et
2674 4195 2913 4265 gentilis.
2948 4194 3103 4266 quasi
3156 4194 3387 4251 duorum
3446 4193 3691 4251 filiorum

2090 4296 2287 4351 mater,
2342 4301 2462 4357 quae
2496 4287 2648 4359 prius
2677 4302 2746 4341 ex
2770 4300 3026 4357 perverso
3067 4300 3249 4355 opere,
3296 4284 3691 4343 consentiendo

2087 4380 2268 4437 callidi
2300 4379 2526 4452 spiritus
2566 4377 2925 4452 persuasioni,
2971 4379 3125 4451 quasi
3146 4377 3435 4449 quemdam
3472 4378 3685 4448 peccati

2085 4489 2368 4530 nummum
2412 4488 2443 4528 a
2466 4473 2735 4533 creditore
2755 4479 3045 4543 acceperat
3086 4480 3142 4528 et
3173 4471 3307 4531 duos
3326 4485 3464 4542 quos
3496 4471 3551 4525 in
3578 4470 3689 4527 lide

398 4558 667 4641 Moabitae,
697 4570 816 4621 orto
840 4562 952 4637 sole
984 4579 1051 4637 es
1087 4564 1317 4620 adverso
1347 4576 1611 4634 aquarum
1640 4562 1821 4619 videre
1855 4578 1985 4619 con-
2016 4586 2066 4646 ι)
2094 4568 2301 4643 genuit,
2324 4568 2574 4625 amittere
2594 4565 2737 4629 ﬁlios
2762 4566 3007 4625 timebat.
3030 4565 3140 4621 Sed
3162 4565 3441 4636 propheta:
3464 4564 3680 4629 verbis,

397 4662 478 4708 tra
504 4669 674 4731 aquas
709 4655 935 4722 rubras,
976 4658 1131 4741 quasi
1164 4650 1483 4727 sanguinem
1519 4654 1680 4727 gladii
1708 4655 1987 4715 existima-

396 4756 611 4811 verunt,
644 4746 887 4821 dicentes
923 4750 1064 4819 quod
1091 4758 1204 4805 tres
1228 4763 1384 4820 reges
1417 4747 1508 4817 qui
1535 4756 1723 4819 contra
1751 4764 1810 4805 se
1830 4765 1988 4808 vene-

394 4847 521 4893 runt
542 4838 608 4895 ad
629 4856 887 4914 pugnam,
914 4843 1145 4899 invicem
1177 4857 1236 4901 se
1257 4840 1606 4908 occidiSSent,
1634 4852 1687 4897 et
1711 4845 1789 4900 sic
1811 4845 1983 4903 delusi

393 4940 560 4986 sunt:
596 4932 669 4987 ita
693 4944 747 4988 et
766 4933 1339 5013 philosophi,verbum
1378 4934 1556 5015 crucis
1579 4933 1785 4993 Christi
1806 4937 1988 4995 stulti~

395 5026 526 5080 tiam
554 5026 964 5090 existimantes,
1020 5027 1271 5085 derident
1307 5027 1615 5099 passionem
1661 5030 1884 5092 Christi,
1930 5040 1986 5086 et

392 5112 650 5193 Ecclesiae
682 5120 1001 5190 martyrium
1029 5120 1358 5176 dementiam
1385 5121 1719 5176 existimant.
1754 5121 1861 5179 Sed
1891 5138 1978 5181 se-

394 5206 631 5265 cundum
672 5208 989 5281 Apostolnm
1022 5229 1034 5264 :
1073 5229 1091 5262 ι
1125 5211 1280 5283 Quod
1316 5211 1540 5267 stultum
1588 5222 1673 5269 est
1718 5213 1848 5282 Dei,
1895 5230 1979 5271 sa-
2016 5234 2020 5239 ο

390 5300 625 5373 pientius
673 5311 757 5361 est
810 5304 1151 5371 hominibus,
1183 5314 1238 5361 et
1285 5306 1427 5377 quod
1477 5304 1753 5362 inﬁrmum
1778 5317 1862 5362 est
1884 5308 1979 5365 Dei

392 5394 584 5454 fortius
612 5406 695 5455 est
722 5395 1032 5453 hominibus
1061 5396 1113 5469 (Ι
1137 5396 1259 5453 Cor.
1283 5402 1323 5469 ι)
1356 5419 1370 5454 :
1404 5399 1660 5469 quoniam
1690 5399 1977 5470 prudentia

389 5489 572 5546 carnis
619 5506 767 5547 mors
801 5498 885 5547 est
928 5508 941 5544 :
989 5492 1271 5563 prudentia
1318 5500 1501 5549 autem
1531 5492 1755 5563 spiritus
1790 5494 1900 5549 vita
1924 5502 1980 5549 et

388 5595 496 5651 pax
525 5577 697 5652 (Rom.
723 5580 865 5657 Vill).
896 5602 914 5635 ι
949 5581 1030 5637 Ad
1054 5582 1393 5653 probandum
1435 5590 1617 5639 autem
1650 5582 1794 5652 quod
1821 5581 1978 5639 Moab

388 5673 445 5730 in
498 5674 752 5745 praesenti
789 5675 910 5757 loco
961 5691 1124 5747 super
1152 5677 1597 5753 philosophorum
1647 5676 1979 5749 intelligatur

388 5767 667 5839 superbia,
698 5767 764 5825 de
812 5768 1009 5841 quibus
1055 5769 1293 5824 dicitur:
1335 5789 1352 5822 ι
1381 5769 1614 5827 Perdam
1649 5769 1975 5842 sapientiam

389 5859 752 5931 sapientium,
792 5868 849 5917 et
891 5860 1302 5937 intelligentiam
1328 5862 1742 5937 intelligendum
1791 5879 1977 5937 repro-

2092 4661 2145 4717 id
2185 4669 2267 4719 est
2289 4676 2456 4725 sacra:
2486 4657 2788 4730 Scriptura:
2809 4657 3092 4730 praeceptis
3118 4656 3379 4715 obediens
3410 4670 3478 4711 ex
3512 4671 3686 4726 parvo

2090 4754 2233 4825 quod
2282 4752 2515 4811 habebat
2542 4751 2672 4819 olei,
2725 4766 2894 4809 vacua
2930 4764 3059 4805 vasa
3100 4748 3356 4816 infundit,
3377 4749 3504 4819 quia
3547 4749 3682 4804 dum

2091 4848 2159 4902 ab
2186 4846 2346 4902 unius
2372 4860 2467 4903 ore
2489 4843 2753 4906 doctoris,
2780 4857 2972 4914 parum
2995 4842 3213 4912 quidem
3241 4841 3447 4898 amoris
3485 4840 3684 4897 divini-

2092 4938 2239 5002 tatis,
2270 4935 2564 4995 multorum
2597 4948 2787 4991 vacua:
2814 4940 3024 4988 mentes
3044 4932 3323 4996 hauriunt,
3347 4930 3681 4987 exuberante

2091 5033 2267 5080 autem
2300 5025 2473 5097 gratia
2515 5031 2915 5101 unguentorum
2948 5022 3115 5081 divini
3146 5021 3376 5087 amoris,
3414 5028 3585 5093 usque
3609 5021 3681 5075 ad

2089 5135 2362 5177 summum
2401 5117 2701 5189 replentur.
2738 5116 2917 5173 Etiam
2968 5130 3115 5173 nunc
3150 5115 3317 5173 corda
3358 5114 3679 5179 multorum,

2086 5230 2205 5286 qua:
2228 5214 2378 5286 prius
2400 5211 2619 5271 fuerant
2646 5226 2812 5269 vacua
2853 5211 3095 5277 vascula,
3127 5217 3405 5281 unguento
3440 5208 3679 5279 Spiritus

2084 5305 2241 5377 plena
2268 5312 2409 5365 sunt,
2444 5318 2564 5375 qua:
2588 5318 2652 5357 ex
2676 5302 2951 5372 paucitate
2994 5301 3102 5361 olei
3128 5300 3468 5361 solmmode
3496 5297 3679 5357 infusa

2086 5396 2424 5452 videbantur.
2464 5392 2619 5463 Quod
2654 5409 2777 5451 cum
2803 5394 2924 5450 aliis
2966 5404 3132 5464 atque
3152 5392 3280 5453 aliis
3301 5390 3484 5457 datur,
3530 5401 3587 5447 et
3612 5393 3679 5448 ab

2087 5487 2426 5543 auditoribus
2456 5485 2592 5543 ﬁdes
2618 5486 2909 5557 accipitur,
2944 5493 3131 5557 erepta
3166 5485 3381 5551 mulier,
3423 5484 3676 5543 videlicet

2085 5594 2275 5639 sancta
2326 5580 2568 5637 Ecclesia
2611 5580 2712 5637 sub
2755 5581 3041 5638 creditoris
3079 5581 3163 5637 sui
3201 5579 3316 5650 jam
3350 5579 3537 5639 debito
3570 5594 3675 5633 ιιι-ιι

2088 5684 2319 5733 tenetur.

2163 5786 2180 5817 ι
2228 5751 2391 5821 Facta
2435 5773 2520 5825 εει
2583 5773 2764 5833 autem
2826 5764 3073 5835 quaedam
3120 5764 3257 5829 dies,
3308 5772 3365 5817 et
3410 5762 3676 5821 transibat

2091 5877 2109 5913 ι
2156 5858 2379 5919 Elisreus
2406 5872 2506 5931 per
2522 5855 2752 5926 Sonam.
2785 5856 2915 5921 Erat
2932 5865 3115 5919 autem
3137 5855 3212 5919 ibi
3232 5854 3432 5915 mulier
3452 5870 3675 5928 magna.
