4044 6336
331 408 431 462 SOI

1220 398 1519 458 ΕΝΝΑιιι.
1555 398 1625 458 I'N
1662 398 1908 457 LIBROS
1942 397 2211 457 REGUII.
2248 426 2323 441 -—
2354 397 2426 455 IN
2629 395 2719 457 IV.

2214 322 2277 356 ,δ’

3473 401 3578 457 ἐςοἳ

338 540 355 570 ι
404 534 527 591 quae
568 518 742 574 tenuit
772 532 895 573 erun
944 526 1005 571 ut
1050 516 1357 572 comedam
1398 528 1615 586 panem.
1666 513 1907 585 Cumque
1935 524 1986 585 Α
2010 511 2233 583 protulit
2252 552 2267 577 ,
2292 510 2450 581 quasi
2480 524 2577 582 per
2600 523 2829 581 puerum
2853 511 3061 580 virgam
3084 507 3251 565 misit.
3276 509 3382 565 Per
3402 510 3575 589 legem

336 631 355 664 α
402 611 719 682 nequem
761 610 885 665 inde
920 610 1205 673 transiret,
1232 609 1537 664 divertebat
1576 609 1646 663 ad
1682 623 1804 663 eam
1850 618 1910 664 ut

336 724 355 755 ι
402 704 711 760 eoinederet
740 714 958 773 panem
1008 702 1142 769 Qun
1182 701 1315 756 dixit
1354 702 1422 757 ad
1459 700 1636 754 virum
1685 714 1884 754 suum:

336 814 356 845 ι
403 793 791 849 Animadverte
838 791 981 862 quod
1028 793 1111 847 vir
1162 790 1257 847 Dei
1288 799 1617 847 sanctusest
1658 790 1782 855 iste,
1814 790 1907 860 qui

336 904 355 936 ι
404 884 601 939 transit
631 898 733 954 per
752 898 853 939 nos
880 882 1208 953 neque-ter.
1262 882 1547 936 Faciamus
1572 881 1623 936 ei
1650 896 1904 936 cenaui-

335 996 355 1028 r
400 976 515 1035 lum
552 990 801 1046 parvum,
862 983 917 1030 et
944 989 1206 1045 ponamus
1250 974 1300 1028 ei
1336 973 1401 1028 .in
1448 986 1512 1027 eo
1566 971 1817 1027 lectulum
1853 980 1909 1026 et

334 1089 353 1118 ι
404 1081 647 1123 mensam
696 1075 753 1121 et
794 1064 981 1121 sellam
1017 1073 1075 1119 et
1120 1062 1522 1128 candelabrum,
1575 1069 1781 1119 utoum
1817 1074 1908 1117 ve-

332 1180 354 1212 1
404 1161 551 1219 norit
598 1159 667 1213 ad
710 1173 809 1213 nes
861 1164 1077 1213 maneat
1102 1155 1196 1212 ibi.
1248 1155 1413 1209 Facta
1460 1162 1545 1210 est
1586 1154 1751 1225 gitur
1789 1154 1906 1210 dies

332 1272 353 1304 ι
400 1250 675 1323 quaedam,
710 1269 732 1302 ι
764 1258 871 1304 etc.
896 1248 1084 1303 Mulier
1109 1256 1286 1302 autem
1316 1248 1418 1302 ista
1446 1262 1569 1317 qua
1592 1248 1911 1318 prophetam

330 1343 569 1414 hospitio
606 1341 865 1412 suscepit,
924 1341 1063 1395 bene
1112 1347 1289 1410 potest
1334 1338 1595 1409 originem
1632 1338 1905 1395 insinuare

328 1433 513 1505 populi
542 1431 823 1487 lsraeliici
844 1445 964 1499 qum
991 1428 1094 1483 fuit
1119 1428 1171 1483 in
1200 1428 1543 1498 patriarcha.
1592 1427 1743 1485 Unde
1766 1429 1909 1484 sicut

330 1527 440 1581 ista
470 1525 720 1579 Eliszenm
746 1523 1086 1593 prophetam,
1124 1521 1200 1575 ita
1240 1529 1298 1575 et
1328 1519 1417 1574 illa
1458 1520 1741 1576 Dominum
1782 1535 1905 1590 pro-

328 1617 614 1687 plumarum
652 1612 1175 1684 lmﬁﬁomcipere
1194 1610 1410 1665 metam.
1462 1609 1595 1664 Nam
1630 1610 1905 1665 Abraham

327 1716 387 1762 et
422 1709 555 1762 Sara
587 1714 699 1762 tres
725 1706 873 1761 viros
913 1705 1063 1775 juxta
1110 1703 1307 1758 vallem
1343 1702 1580 1757 Humbre
1630 1702 1907 1771 suscipere

327 1811 387 1855 et
412 1814 642 1870 pascere
670 1806 1006 1855 meruerant.
1044 1795 1185 1850 Huic
1210 1794 1421 1850 mulieri
1451 1810 1556 1850 non
1580 1793 1795 1850 turbanti
1838 1793 1905 1848 ii-

327 1889 465 1943 lium
505 1889 765 1960 propheta
788 1886 1039 1956 prmisit
1067 1885 1253 1941 dicens
1279 1902 1287 1939 τ

406 1998 433 2033 ε
474 1980 535 2035 in
566 1988 811 2049 tempore
840 1978 945 2035 iste
982 1986 1043 2032 et
1072 1977 1125 2032 in
1160 1977 1260 2032 hac
1290 1974 1481 2031 eadem
1511 1976 1666 2040 bere,
1715 1976 1760 2031 si
1788 1975 1899 2031 vita

330 2094 354 2127 ι
402 2086 593 2131 mines
618 2072 803 2137 fuerit,
831 2071 1054 2129 habebis
1084 2070 1139 2125 in
1168 2078 1322 2125 utero
1348 2068 1541 2125 tilium
1581 2067 1957 2123 Cuiillare-'

332 2184 353 2217 ‹
400 2162 835 2234 εροηάὶιεΝοιί.
884 2176 1087 2231 (ιωεο.
1133 2161 1361 2217 Domine
1402 2160 1587 2217 mivir
1638 2159 1758 2225 Dei,
1794 2159 1903 2215 noli

331 2277 353 2308 ‹
398 2257 619 2311 mentiri
647 2255 851 2313 ancillae
878 2264 999 2311 mre.
1021 2255 1088 2310 Et
1109 2254 1355 2324 concepit
1379 2253 1590 2319 mulier,
1617 2263 1672 2310 et
1692 2253 1901 2323 peperit

334 2366 355 2399 ι
406 2347 574 2400 lilium
606 2346 659 2401 in
700 2354 961 2414 tcinpore,
1006 2353 1062 2400 et
1085 2345 1138 2399 in
1169 2347 1299 2399 hora
1328 2345 1516 2399 eadem
1545 2360 1651 2414 qua
1691 2344 1901 2400 dixerat

330 2457 354 2489 ε
404 2437 630 2491 uiscus.
653 2436 835 2491 Crevit
860 2443 1039 2493 autem
1060 2449 1215 2505 puer,
1242 2443 1299 2489 et
1323 2448 1445 2490 cum
1482 2443 1626 2490 esset
1655 2436 1901 2504 quaedam

334 2545 354 2577 ε
408 2526 547 2591 dies,
582 2534 637 2581 et
666 2540 917 2596 egressus
964 2524 1089 2578 isset
1119 2525 1187 2578 ad
1213 2532 1420 2595 partem
1467 2539 1621 2581 suum
1667 2525 1733 2578 ad
1765 2538 1901 2578 mes-

334 2636 353 2667 ι
406 2631 577 2681 seres,
600 2615 675 2669 ait
696 2616 838 2685 patri
850 2630 949 2670 sue
972 2614 1179 2683 :Caput
1204 2628 1406 2681 meum,
1432 2624 1589 2684 caput
1611 2628 1787 2669 meum
1810 2614 1905 2669 do-

337 2725 356 2757 t
410 2705 515 2760 lca.
537 2705 609 2761 At
638 2704 729 2759 ille
746 2703 883 2760 «ﬁxit
902 2717 1071 2774 puero
1102 2721 1115 2757 :
1142 2702 1314 2767 Tolle,
1336 2712 1393 2757 et
1426 2703 1529 2759 duc
1561 2717 1704 2765 eum,
1744 2721 1763 2754 ι
1794 2710 1901 2757 etc.

334 2796 437 2850 His
483 2809 697 2864 quoque
738 2794 941 2851 similia
996 2793 1254 2853 Dominus
1307 2792 1673 2849 adAbraham
1725 2789 1905 2846 retulit

332 2887 568 2941 dicens:
608 2904 628 2936 ι
672 2885 973 2941 Revertens
1026 2885 1239 2939 veniam
1289 2884 1354 2938 ad
1400 2892 1473 2946 te,
1513 2893 1752 2953 tempore
1803 2882 1907 2937 iste

334 2976 449 3029 vita
492 2975 709 3038 comite,
752 2983 808 3029 et
838 2974 1056 3029 habebit
1085 2972 1221 3028 Sara
1254 2973 1425 3029 lilium
1467 2989 1602 3028 uxor
1645 2981 1754 3027 tua.
1788 2971 1905 3039 Quo

340 3066 559 3131 audito,
612 3064 746 3120 Sara
777 3065 896 3119 risit
936 3070 1060 3134 post
1087 3064 1285 3119 ostium
1313 3062 1663 3130 tabernaculi,
1697 3061 1907 3118 occulte

328 3160 521 3213 dicens
550 3176 565 3213 :
593 3156 880 3229 Postquam
909 3158 1185 3227 consenui,
1217 3166 1269 3213 et
1300 3157 1549 3217 dominus
1574 3172 1724 3211 meus
1754 3166 1906 3212 vetu-

2009 604 2207 675 quippc
2234 604 2375 659 Deus
2404 603 2609 672 virgam
2635 608 2908 667 tenuerat,
2938 615 3061 656 cum
3092 600 3309 657 dicebat
3336 619 3349 655 :
3379 600 3435 656 Si
3456 604 3580 673 quis

2010 696 2123 751 haec
2165 696 2251 751 vel
2290 694 2379 751 illa
2428 693 2648 759 fecerit,
2694 700 2869 749 morte
2916 693 3195 753 moriatur.
3246 694 3297 749 Α
3340 697 3577 767 peccatis

2009 789 2173 858 igitur
2202 797 2397 854 morte,
2420 803 2521 843 nos
2542 787 2805 843 suscitare
2828 800 2935 843 non
2955 785 3148 853 valuit,
3171 784 3267 843 sed
3288 785 3357 843 ad
3376 796 3577 845 statum

2007 880 2132 935 vitae
2155 879 2390 949 aspirata
2421 878 2851 937 mansuetudinis
2882 878 3057 947 gratia
3081 879 3277 937 erexit.
3310 878 3421 935 Sed
3444 895 3579 951 puer

2008 985 2131 1025 ann
2160 971 2354 1025 baculo
2400 971 2664 1027 suscitare
2706 978 2978 1029 mortuum
3034 986 3141 1027 non
3186 971 3375 1037 valuit,
3428 972 3577 1042 quia,

2006 1059 2177 1117 Paulo
2198 1068 2490 1117 attestante
2529 1076 2543 1113 :
2584 1060 2731 1117 Nihil
2778 1063 2847 1117 ad
2890 1060 3187 1132 perfectum
3218 1056 3576 1121 adduxit’lex.

2005 1150 2124 1222 Ipse
2152 1160 2332 1207 autem
2360 1167 2458 1223 per
2481 1154 2830 1225 semetipsum
2854 1154 3104 1219 veniens,
3139 1166 3195 1212 et
3220 1172 3385 1227 super
3412 1158 3577 1214 cada-

2005 1258 2103 1301 ver
2130 1244 2408 1301 humiliter
2433 1260 2492 1300 se
2521 1254 2805 1313 sternens,
2833 1257 2889 1302 et
2926 1250 3265 1319 exsequenda
3308 1248 3411 1305 sibi
3438 1264 3583 1306 mor-

2008 1338 2084 1393 tui
2108 1340 2348 1395 inembra
2396 1353 2458 1394 se
2505 1338 2753 1410 collegit,
2781 1339 2905 1410 quia
2953 1358 2973 1393 ι
3004 1354 3127 1394 mm
3170 1340 3227 1395 in
3265 1340 3436 1396 forma
3484 1339 3580 1395 Dei

2013 1449 2031 1481 ι
2069 1438 2244 1495 esset,
2276 1444 2384 1485 non
2430 1430 2677 1500 rapinam
2713 1431 3010 1491 arbitratus
3035 1438 3264 1487 estesse
3302 1446 3361 1487 se
3401 1446 3581 1501 aequa-

2013 1539 2031 1571 t
2068 1520 2173 1575 lem
2196 1519 2334 1587 Deo,
2363 1521 2459 1577 sed
2479 1521 2827 1592 semetipsum
2866 1522 3165 1579 exinanivit
3185 1520 3415 1579 formam
3438 1520 3579 1577 servi

2012 1628 2032 1662 ι
2068 1611 2339 1682 accipiens
2366 1611 2423 1667 in
2453 1608 2860 1668 similitudinem
2893 1612 3171 1671 hominum
3198 1611 3372 1667 lactus
3398 1620 3456 1669 et
3478 1611 3579 1667 ba-

2011 1724 2030 1757 I
2062 1704 2178 1761 bitu
2208 1705 2459 1760 inventus
2485 1714 2546 1760 ut
2578 1706 2739 1761 homo
2774 1702 2941 1776 (Phil.
2970 1706 3053 1776 tt).
3092 1726 3113 1759 ι

2082 1811 2101 1845 ι
2142 1792 2257 1849 lluc
2300 1793 2535 1863 illucque
2573 1794 2983 1859 deambulabat,
3018 1813 3038 1847 ο
3071 1795 3197 1864 quia
3248 1804 3303 1849 et
3339 1794 3579 1853 Judzeam

1934 1877 2159 1954 Bjuxta
2197 1892 2255 1938 et
2294 1884 2451 1956 longe
2488 1884 2693 1954 positas
2730 1892 2920 1955 gentes
2954 1894 3130 1939 vocat.
3178 1904 3197 1937 ι
3222 1884 3396 1957 Super
3437 1900 3581 1940 mor-

2006 1983 2157 2031 tuum
2190 1975 2389 2045 septies
2414 1975 2680 2047 inspirat,
2712 1994 2733 2027 ι
2772 1975 2899 2045 quia
2928 1992 3028 2047 per
3057 1977 3387 2046 apertionem
3417 1974 3580 2030 divini

2004 2068 2278 2135 muneris,
2310 2069 2543 2140 gratiam
2598 2067 2927 2139 septiformis
2973 2069 3229 2140 spiritus,
3272 2069 3328 2123 in
3376 2069 3578 2139 peccati

2005 2168 2178 2217 morte
2190 2159 2505 2230 jacentibus
2524 2160 2752 2231 aspirat.
2783 2178 2800 2212 ι
2822 2159 3053 2231 Moxque
3074 2160 3261 2217 vivens
3281 2158 3528 2227 erigitur,
3557 2177 3576 2211 ι

2003 2250 2131 2319 quia
2156 2251 2202 2305 is
2229 2266 2391 2322 quem
2420 2251 2645 2307 terroris
2669 2252 2818 2321 virga
2839 2251 3102 2307 suscitare
3130 2265 3235 2309 nor
3264 2249 3456 2321 potuit,
3486 2262 3583 2321 per

2004 2341 2205 2397 amoris
2230 2340 2483 2413 Spiritum
2507 2356 2641 2411 puer
2669 2341 2735 2396 ad
2764 2341 2927 2397 vitam
2964 2341 3123 2397 redit.

2078 2449 2097 2481 ‹
2134 2431 2260 2485 Erat
2292 2440 2474 2489 autem
2500 2437 2673 2487 tames
2703 2431 2756 2487 in
2804 2440 2967 2497 terra,
2998 2441 3053 2487 et
3080 2431 3173 2487 lilii
3193 2430 3580 2507 prophetarum

2013 2539 2032 2571 ι
2071 2522 2391 2577 habitabant
2417 2538 2599 2577 coram
2630 2537 2716 2587 eo,
2739 2522 2982 2592 dixitque
3006 2522 3094 2578 uni
3121 2523 3188 2578 de
3212 2523 3395 2595 pueris
3421 2523 3533 2578 suis
3564 2539 3579 2574 :

2013 2628 2032 2662 ι
2069 2610 2215 2666 Pone
2240 2610 2400 2666 ollam
2427 2612 2718 2683 grandem,
2768 2623 2824 2671 et
2870 2628 3041 2683 coque
3087 2613 3420 2684 pulmentum
3458 2612 3583 2669 ﬁliis

2014 2722 2032 2755 ι
2065 2704 2473 2773 prophetarum.
2509 2725 2529 2756 ι
2573 2704 2736 2770 Erat,
2766 2705 2971 2775 inquit,
2996 2705 3166 2761 fames
3195 2706 3249 2760 in
3274 2713 3444 2770 terra,
3472 2720 3578 2760 non

2006 2790 2180 2849 fames
2209 2795 2393 2863 utique
2438 2792 2610 2864 panis,
2657 2810 2757 2849 nec
2798 2794 2915 2848 sitis
2964 2810 3147 2865 aquae,
3192 2795 3289 2850 sed
3327 2795 3580 2851 audiendi

2010 2882 2232 2936 verbum
2274 2880 2509 2936 Domini.
2544 2902 2560 2932 ι
2600 2882 2666 2936 Et
2695 2882 2791 2936 lilii
2836 2883 3221 2953 prophetarum
3267 2883 3583 2939 habitabant

2010 2990 2192 3037 coram
2224 2974 2435 3031 Eliseeo.
2472 2995 2491 3027 ι
2524 2974 2657 3031 Cum
2686 2974 2780 3030 lilii
2808 2990 2993 3030 eorum
3019 2976 3465 3046 praedicatorum,
3489 2976 3581 3046 qui

2012 3066 2361 3122 ambulabant
2393 3066 2447 3121 in
2476 3065 2594 3135 lege
2621 3054 2868 3132 Domini,
2898 3074 2954 3121 et
2980 3075 3292 3122 scrutantur
3343 3067 3581 3122 testimo-

2011 3157 2102 3212 nia
2147 3154 2291 3225 ejus,
2333 3155 2385 3210 in
2430 3163 2544 3211 toto
2583 3154 2745 3210 corde
2782 3154 3127 3226 exquirentes
3164 3172 3323 3223 eum,
3356 3156 3410 3211 in
3439 3172 3580 3230 pra:-

331 3249 421 3303 lus
456 3257 559 3315 est,
615 3224 873 3320 voluptati
920 3224 1138 3321 opéram
1168 3249 1302 3306 dabo
1329 3246 1480 3320 (Gen.
1521 3250 1724 3322 xviii)?
1761 3272 1779 3304 ι
1822 3246 1907 3307 Vi-
1934 3224 1979 3289 ο
2009 3224 2187 3303 δειλώ
2211 3244 2423 3303 Domini
2454 3244 2749 3304 Salvatoris
2777 3224 2986 3320 semper
3022 3250 3223 3304 vivunt.

328 3343 521 3399 sitavit
565 3351 745 3399 autem
775 3343 1032 3401 Dominus
1082 3341 1273 3397 Seram
1320 3342 1458 3398 sicut
1484 3343 1811 3413 promiserat
1831 3344 1905 3409 ei,

333 3443 397 3487 et
424 3433 660 3504 implevit
696 3449 817 3503 quae
840 3434 1053 3489 locutus
1085 3442 1190 3499 est,
1220 3433 1580 3505 concepitque
1615 3443 1670 3489 et
1695 3435 1904 3504 peperit

335 3526 508 3580 tilium
539 3525 593 3581 in
623 3534 900 3583 senectute
925 3541 1042 3590 sua,
1096 3536 1333 3597 tempore
1356 3540 1464 3596 quo
1492 3525 1817 3597 praedixerat
1855 3526 1905 3581 ei

334 3618 500 3670 Deus.
558 3614 721 3687 igitur
752 3624 1034 3686 postquam
1084 3616 1253 3670 crevit
1302 3629 1451 3686 puer,
1503 3622 1677 3669 tactus
1726 3614 1907 3670 dolore

332 3705 530 3776 capitis
550 3705 835 3769 immenso,
865 3705 1011 3759 circa
1033 3705 1310 3763 meridiem
1336 3704 1619 3761 defunctus
1639 3713 1741 3760 est.
1772 3705 1905 3761 Cum

332 3795 564 3867 populus
615 3795 938 3853 lsraeliticus
985 3805 1264 3867 postquam
1292 3797 1344 3851 in
1373 3796 1610 3869 Egypto
1646 3798 1907 3862 excrevit,

334 3898 397 3943 et
419 3904 515 3958 per
548 3887 763 3959 Moysen
792 3888 845 3943 in
869 3887 1085 3943 deserto
1106 3888 1326 3943 eductus
1373 3888 1581 3943 Domini
1604 3903 1786 3942 vocem
1813 3903 1905 3940 au-

335 3982 510 4035 dierat
560 3981 612 4035 in
644 3983 765 4053 igne
808 3989 863 4035 et
886 3980 1136 4050 caligine,
1173 3981 1388 4051 quando
1432 3980 1633 4037 lumine
1670 3981 1907 4036 scientiae

334 4070 523 4125 debuit
564 4070 841 4135 illustrari,
881 4071 1205 4131 moxanimo
1233 4072 1300 4127 ad
1324 4070 1680 4127 idololatriam
1720 4087 1906 4127 recur-

356 4178 485 4217 rens
512 4173 759 4251 mortuus
786 4173 888 4219 εει.
932 4220 979 4254 ⁸
1472 4176 1479 4185 ’

420 4274 435 4306 ι
481 4254 550 4310 Et
613 4255 691 4310 ait
755 4256 962 4311 Eliseus
1027 4257 1094 4311 ad
1154 4254 1304 4313 Giezi
1371 4270 1594 4328 puerum
1668 4272 1825 4312 suum
1888 4273 1903 4313 :

244 4396 251 4401 .
337 4364 362 4398 ι
400 4346 631 4418 Accinge
662 4346 872 4402 lumbos
902 4355 1021 4403 tuos
1041 4388 1056 4413 ,
1106 4357 1161 4403 et
1212 4349 1334 4404 tolle
1365 4350 1612 4405 baculum
1644 4365 1823 4407 meum
1854 4352 1907 4409 in

341 4454 365 4487 ε
406 4450 567 4491 manu
606 4444 717 4503 tua,
748 4445 802 4492 et
829 4438 983 4492 vade.
1010 4436 1066 4492 Si
1093 4439 1329 4493 occurrit
1361 4440 1456 4495 tibi
1484 4440 1666 4509 homo,
1688 4457 1795 4497 non
1820 4458 1908 4498 sa-

340 4547 363 4579 ε
404 4525 544 4581 lutes
571 4541 727 4593 eum,
750 4536 802 4583 et
827 4529 873 4582 si
901 4528 1212 4587 salutaverit
1253 4540 1304 4584 te
1330 4530 1595 4603 quiSpiam
1614 4573 1629 4597 ,
1657 4549 1763 4593 non
1795 4550 1907 4590 res-

342 4636 364 4669 ι
404 4619 643 4688 pendeas
662 4619 759 4675 illi.
784 4619 851 4675 Et
872 4636 1036 4691 pones
1058 4619 1303 4677 baculum
1329 4634 1507 4679 meum
1527 4640 1689 4695 super
1715 4627 1908 4685 faciem

342 4730 361 4761 ι
409 4711 581 4778 pueri.
615 4710 783 4769 Porro
814 4721 987 4767 mater
1017 4713 1165 4783 pueri
1197 4714 1274 4768 ait
1303 4732 1316 4768 :
1348 4715 1490 4770 Vivit
1520 4716 1807 4786 Dominus,
1853 4730 1909 4777 et

1932 4586 1988 4650 Β

2084 3358 2104 3391 ι
2137 3339 2427 3409 Egreditur
2473 3354 2607 3410 puer
2651 3341 2706 3397 iu
2755 3355 2944 3413 agrum
3002 3352 3061 3395 ut
3115 3342 3330 3415 colligat
3385 3343 3584 3400 herbas

2013 3451 2035 3484 ι
2070 3442 2340 3504 agrestes,
2374 3440 2638 3503 quatenus
2672 3433 2796 3488 inde
2821 3443 3018 3505 coquat
3050 3435 3404 3506 pulmentum.
3435 3436 3586 3492 luve-

2012 3543 2030 3576 ι
2070 3525 2256 3595 nitque
2290 3525 2444 3592 quasi
2493 3526 2657 3580 vitem
2686 3525 3022 3594 silvestrem,
3073 3537 3128 3583 et
3165 3528 3379 3600 collegit
3414 3544 3481 3586 ex
3520 3546 3585 3586 ea

2013 3634 2032 3667 ι
2074 3616 2439 3688 colocyntidas
2467 3618 2603 3690 agri.
2636 3618 2781 3685 Quas
2811 3620 3101 3677 concidens
3144 3621 3196 3674 in
3226 3621 3422 3688 ollam,
3456 3622 3577 3693 plu-
3676 3658 3686 3667 -

2014 3729 2033 3763 ι
2070 3721 2309 3767 mentum
2335 3712 2482 3767 iacit.
2524 3734 2541 3764 ι
2589 3711 2722 3768 Cum
2750 3712 2871 3783 quis
2898 3713 3092 3768 littera:
3134 3713 3267 3786 legis
3312 3715 3582 3783 intentus,

2006 3803 2091 3857 vel
2126 3803 2513 3879 pliilosopbicis
2542 3803 2842 3875 disciplinis
2872 3803 3163 3870 studiosus,
3186 3813 3398 3875 pastum
3426 3805 3581 3861 verbi

2008 3913 2292 3969 quaerens,
2322 3896 2735 3953 anmritndinem
2761 3897 2952 3953 litterae
2984 3896 3169 3971 legalis
3203 3897 3287 3953 vel
3329 3896 3571 3954 mortifer

2009 4007 2128 4047 rum
2154 3990 2407 4063 quiddam
2458 3990 2513 4043 in
2561 3988 3000 4060 philosophorum
3056 3988 3209 4045 libris
3256 3988 3566 4057 inveniens,

2009 4081 2343 4137 intermiscet
2368 4082 2581 4137 veritati
2604 4082 2940 4153 Evangelicze
2956 4123 2972 4147 ,
2998 4090 3054 4137 et
3078 4082 3131 4137 in
3157 4082 3262 4137 olla
3289 4082 3469 4138 cordis
3484 4082 3573 4138 sui

2009 4188 2248 4245 coquens
2300 4174 2405 4229 tale
2464 4173 2833 4245 pulmentum,
2877 4175 2980 4229 hoc
3034 4181 3116 4229 est
3170 4174 3581 4239 documentum,

2008 4275 2275 4337 praeparat
2331 4266 2395 4325 ad
2454 4266 2801 4323 refectionem
2853 4265 3186 4323 auditoribus
3252 4266 3386 4322 suis.
3442 4266 3583 4322 Dicit

2010 4356 2153 4412 enim
2201 4355 2490 4427 Apostolus
2535 4376 2547 4410 :
2600 4380 2615 4406 ι
2653 4354 2855 4413 Littera
2902 4357 3044 4411 enim
3091 4357 3321 4421 occidit,
3362 4357 3584 4429 spiritus

2015 4469 2034 4502 c
2072 4458 2252 4505 autem
2277 4445 2578 4521 viviticat(l
2596 4447 2720 4503 Cor.
2749 4452 2888 4519 "1).:
2914 4448 2979 4503 Et
3002 4447 3130 4503 item
3162 4462 3178 4501 :
3210 4465 3227 4498 ο
3263 4447 3579 4515 Prudentia,

2011 4541 2219 4611 inquit,
2272 4541 2451 4596 carnis
2491 4555 2638 4595 mors
2690 4550 2774 4595 est
2802 4552 2819 4594 '.
2844 4539 3125 4610 prudentia
3150 4548 3331 4605 autem
3358 4539 3582 4611 spiritus

2012 4633 2120 4687 vita
2149 4641 2202 4687 et
2224 4631 2707 4703 pax(Rom.V|tt).r
2740 4631 2852 4687 Hoc
2878 4632 3057 4703 itaque
3079 4633 3374 4691 sentientes
3398 4631 3583 4689 ﬁdeles

2010 4724 2190 4794 populi
2227 4733 2452 4778 mortem
2479 4725 2531 4777 in
2557 4724 2660 4779 olla
2684 4724 3023 4791 exclamant,
3047 4741 3168 4781 cum
3194 4725 3353 4781 talem
3386 4727 3581 4781 doctri-

343 4818 363 4850 ι
404 4799 536 4854 vivit
560 4798 736 4859 anima
765 4810 875 4869 tua,
904 4817 1008 4858 non
1036 4803 1301 4859 dimittam
1325 4813 1395 4860 te.
1427 4804 1674 4864 Surrexit
1703 4823 1830 4881 ergo
1855 4818 1911 4867 et
2014 4830 2137 4870 nam
2169 4814 2322 4885 quasi
2351 4815 2721 4885 deceptione-in
2751 4816 3053 4871 animarum
3085 4818 3413 4874 detestantes
3438 4815 3584 4870 voci-

342 4910 364 4942 ι
409 4900 627 4947 secutus
670 4900 751 4947 est
801 4907 940 4948 eam.
982 4892 1131 4949 Giezi
1172 4904 1352 4950 autem
1390 4909 1741 4967 praecesserat
1784 4910 1909 4958 ante

344 5003 365 5034 ι
404 4999 531 5050 eos,
566 5003 583 5037 ι
618 4994 724 5040 etc.
755 4985 891 5052 Quid
940 4996 1118 5040 autem
1169 4987 1465 5059 signiﬁcat,
1497 4991 1637 5060 quod
1679 5007 1814 5063 puer
1842 4996 1909 5049 ab

338 5072 540 5128 Elisaeo
574 5075 772 5132 missus
794 5091 917 5130 cum
957 5075 1148 5132 baculo
1176 5093 1280 5132 non
1324 5081 1645 5136 resuscitat?
1682 5081 1787 5138 Per
1826 5100 1911 5139 se-

2012 4905 2273 4962 ferantur.
2308 4906 2413 4961 Sed
2438 4906 2662 4976 jubente
2700 4906 2892 4963 Eliszco
2928 4908 3101 4965 farina
3140 4911 3192 4964 in
3224 4909 3384 4963 ollam
3416 4908 3585 4964 mitti-

2014 5007 2124 5062 tur,
2154 5013 2274 5053 cum
2302 4997 2528 5052 scientia
2556 4998 2853 5067 spiritualis
2877 5000 2930 5055 in
2965 5002 3070 5055 tale
3101 5003 3479 5057 documentum
3502 5000 3584 5054 in-

2014 5087 2355 5153 tromittitur,
2396 5097 2454 5142 ut
2488 5088 2703 5145 exclusa
2732 5091 2878 5147 omni
2917 5090 3275 5145 amaritudine
3300 5089 3584 5161 pravitatis

342 5164 637 5235 metipsum
679 5180 809 5221 vero
835 5164 1059 5222 Elisaeus
1100 5168 1352 5235 veniens,
1380 5185 1544 5241 seque
1568 5187 1729 5243 super
1768 5190 1911 5229 mor-
2013 5188 2199 5250 pastus
2234 5178 2477 5235 (ﬁdelibus
2500 5192 2831 5253 praeparetur
2856 5181 3103 5236 salubris.

344 5262 497 5307 tuum
528 5262 807 5321 sternens,
847 5264 1007 5327 atque
1031 5258 1099 5313 ad
1127 5256 1244 5328 ejus
1269 5261 1508 5316 membra
1543 5278 1602 5318 se
1631 5264 1909 5336 colligens,

344 5347 455 5403 huc
486 5346 719 5419 illucque
751 5350 1132 5418 deambulans,
1163 5361 1218 5407 et
1246 5352 1300 5408 in
1328 5370 1423 5409 ore
1467 5358 1661 5411 mortui
1711 5359 1913 5429 septies

340 5439 627 5509 aSpirans,
666 5441 808 5497 hunc
855 5443 920 5498 ad
980 5444 1270 5500 redivivam
1317 5444 1490 5502 lucem
1526 5449 1768 5519 protinus
1816 5466 1912 5519 per

344 5534 708 5593 ministerium
744 5538 1131 5606 compassionis
1158 5539 1449 5604 animavit,
1483 5541 1583 5595 nisi
1630 5542 1769 5611 quod
1818 5558 1913 5596 au-

341 5635 467 5682 ctor
496 5627 715 5681 humani
754 5628 968 5697 generis
996 5626 1153 5694 Deus,
1186 5630 1340 5700 quasi
1372 5639 1642 5685 mortuum
1688 5647 1913 5702 puerum

344 5712 525 5773 doluii
541 5758 556 5783 ,
586 5733 709 5773 cum
736 5720 1034 5774 exstinctos
1074 5734 1171 5774 nos
1215 5719 1514 5791 iniquitatis
1543 5721 1727 5777 aculeo
1758 5722 1918 5776 mise-

346 5821 500 5867 ratus
545 5810 791 5884 aspexit?
827 5812 894 5868 Et
936 5812 1062 5883 quia
1090 5827 1188 5880 per
1237 5811 1452 5884 Moysen
1479 5821 1739 5868 terrorem
1782 5812 1918 5883 legis

2089 5290 2108 5322 ε
2146 5270 2241 5325 Vir
2269 5280 2448 5326 autem
2477 5272 2695 5342 quidam
2722 5273 2870 5327 venit
2898 5273 2964 5327 de
2984 5269 3299 5335 Baalsalisa,
3339 5268 3584 5326 deferens

2020 5378 2040 5413 ε
2067 5360 2187 5415 viro
2214 5360 2306 5414 Dei
2334 5378 2499 5432 panes
2524 5362 2883 5433 primitiarum
2902 5402 2917 5427 ,
2945 5370 3000 5416 et
3034 5360 3217 5432 viginti
3262 5375 3431 5429 panes
3456 5360 3583 5415 bor-
3662 5384 3673 5431 τ

2021 5467 2040 5502 r
2077 5451 2305 5505 deaceos
2327 5492 2341 5516 ,
2368 5460 2422 5505 et
2455 5450 2785 5508 frumentum
2822 5465 3019 5505 novum
3072 5449 3122 5503 in
3173 5465 3336 5520 opera
3373 5464 3492 5505 sna.
3516 5450 3588 5505 At

2018 5559 2037 5592 ι
2075 5540 2163 5596 ille
2192 5542 2329 5596 dixit
2369 5562 2381 5595 ;
2424 5540 2499 5597 Da
2531 5542 2723 5613 populo
2773 5550 2832 5595 ut
2877 5541 3143 5597 comedat.
3186 5538 3587 5615 Responditque

2021 5652 2039 5684 ‹
2074 5634 2321 5689 minister
2341 5633 2484 5703 ejus:
2515 5634 2777 5701 Quantum
2800 5642 2883 5688 est
2907 5634 3007 5689 hoc
3033 5642 3090 5687 ut
3116 5649 3377 5704 apponam
3405 5650 3585 5691 coram

2022 5743 2040 5775 ‹
2075 5733 2292 5779 centum
2326 5723 2496 5778 viris?
2538 5721 2769 5775 Rursum
2814 5721 2901 5776 ille
2956 5744 2970 5777 ι
3018 5720 3090 5777 Da
3115 5765 3128 5788 ,
3164 5724 3273 5788 ait,
3312 5724 3502 5792 popqu
3530 5734 3587 5778 ut

2024 5833 2042 5865 ι
2080 5814 2361 5883 comedat,
2392 5833 2412 5867 ι
2450 5820 2506 5868 et
2550 5810 2773 5882 reliqua.
2800 5811 3042 5889 Denique
3081 5814 3164 5868 vir
3197 5818 3264 5870 de
3301 5813 3585 5869 Baalsalisa
