4044 6336
469 393 572 450 505

1513 384 1860 444 ANGELOMI
1895 383 2359 441 LUXOVIENSIS
2398 384 2705 438 MUNACIII

3660 387 3758 448 SOI

469 513 657 568 venire
684 512 1030 576 describitur,
1071 509 1320 565 deferens
1358 510 1476 564 viro
1511 507 1608 564 Dei
1654 521 1824 579 panes
1866 505 2062 576 primi-
2089 504 2144 566 Α
2167 503 2310 556 fama
2336 502 2402 557 de
2423 500 2588 556 Israel
2610 516 2708 572 per
2732 501 3101 572 negotiatores
3130 511 3375 572 gentium
3405 505 3680 562 translata
3711 508 3764 564 ie

469 609 702 672 tiarum,
745 615 800 662 et
839 606 1030 677 viginti
1060 619 1232 676 panes
1265 604 1618 668 bordeaceos,
1643 611 1699 658 et
1727 601 2061 656 frumentum
2169 603 2278 650 tota
2304 595 2438 650 urbe
2462 594 2764 649 curiositati
2793 594 3076 650 hominum
3100 635 3116 661 ,
3147 609 3312 666 quam
3343 610 3482 651 uxor
3511 595 3766 655 Naamau

470 715 672 756 novum
699 700 754 754 in
786 714 920 770 pera
945 713 1063 754 sua.
1093 696 1264 766 Quem
1300 703 1483 750 autem
1510 696 1686 750 virum
1721 695 1885 750 istum
1912 693 2059 749 acci-

469 809 604 864 pere
628 793 822 848 melius
841 805 1161 863 possumus,
1192 804 1354 861 quam
1381 797 1582 845 emtum
1619 796 1932 844 sanctorum
1961 802 2060 856 pa-

472 894 642 950 trum,
662 885 753 954 qui
775 884 980 940 virtute
997 882 1164 938 animi
1185 891 1241 937 et
1258 882 1525 937 bonorum
1565 893 1789 949 operum
1813 878 2062 950 pollent?

474 978 576 1046 Qui
619 981 757 1034 bene
783 981 849 1033 de
877 975 1170 1032 Baalsalisa
1218 974 1436 1031 venisse
1486 973 1706 1030 dicitur.
1761 973 2058 1030 Baalsalisa

471 1068 618 1123 enim
664 1067 858 1122 habens
905 1067 1115 1121 tertium
1156 1066 1569 1137 interpretatur.
1612 1067 1782 1122 Recte
1833 1079 1966 1136 ergo
1995 1063 2064 1120 de

471 1159 770 1215 Baalsalisa
815 1167 933 1226 est,
990 1159 1084 1230 qui
1142 1159 1444 1214 ternarium
1500 1173 1787 1214 numerum
1835 1157 1890 1211 in
1945 1171 2064 1211 cre-

474 1250 701 1307 dulitate
740 1260 796 1306 et
843 1250 1186 1307 confessione
1245 1258 1448 1307 sanctae
1505 1250 1793 1305 Trinitatis
1857 1256 2059 1304 servat.

471 1339 572 1396 Hic
649 1357 776 1412 ergo
849 1343 967 1396 viro
1041 1341 1138 1397 Dei
1203 1357 1372 1413 panes
1436 1342 1799 1413 primitiarum
1864 1339 2059 1406 oﬂ'ert,

471 1449 594 1488 cum
641 1433 993 1506 Redemptori
1037 1443 1224 1491 nostro
1281 1449 1381 1505 per
1427 1434 1656 1506 gratiam
1715 1432 1834 1504 ejus
1893 1432 2064 1503 inspi-

471 1535 622 1580 ratus
649 1525 808 1581 otfert
832 1527 1001 1583 libros
1047 1527 1116 1583 de
1155 1527 1368 1599 origine
1410 1535 1789 1582 creaturarum
1837 1540 2061 1595 compo-

471 1616 625 1672 sitos.
673 1615 848 1673 Ofl'ert
909 1619 1099 1690 viginti
1166 1634 1334 1690 panes
1405 1620 1772 1684 hordeaceos,
1824 1618 1928 1674 hoc
1979 1627 2064 1672 est

471 1707 789 1780 decalogum
832 1709 968 1782 legis
1010 1711 1066 1765 in
1112 1710 1284 1782 Moysi
1323 1721 1378 1766 et
1413 1711 1803 1781 prophetarum
1845 1710 2063 1780 scriptis

472 1803 946 1872 comprehensum.
989 1801 1163 1858 Oll’ert
1203 1801 1534 1858 frumentum
1582 1818 1780 1857 novum
1826 1802 1882 1856 in
1929 1817 2062 1872 pera

2165 687 2434 760 significat
2462 703 2652 743 verum
2679 688 3001 758 prophetam
3049 695 3107 744 et
3155 687 3480 744 salvatorem
3513 691 3764 747 omnium

2165 780 2220 835 in
2245 779 2428 836 Iudaea
2453 795 2676 835 manere
2697 779 2978 856 patefecit.

2243 891 2260 921 ι
2287 873 2569 944 Ingressus
2585 881 2670 928 est
2691 873 2876 943 itaque
2900 873 3142 928 Naaman
3169 875 3237 929 ad
3263 872 3544 929 dominum
3574 892 3766 943 suum,

2171 983 2191 1017 ι
2225 972 2279 1019 et
2305 964 2576 1019 nuntiavit
2595 964 2664 1029 ei,
2687 963 2875 1020 dicens
2903 983 2914 1020 :
2941 964 3033 1022 Sic
3057 975 3114 1022 et
3141 968 3222 1022 sic
3251 967 3430 1025 locuta
3469 978 3555 1024 est
3581 969 3764 1038 puella

2167 1075 2188 1111 ι
2223 1057 2289 1113 de
2335 1065 2478 1112 terra
2525 1055 2709 1112 Israel.
2761 1057 2904 1112 Dixit
2948 1058 2998 1114 ei
3049 1075 3146 1115 rex
3189 1060 3362 1133 Syriae
3415 1080 3427 1116 :
3479 1060 3664 1126 Vade,
3713 1071 3769 1117 et

2169 1169 2188 1202 ι
2231 1150 2444 1205 mittam
2475 1149 2683 1206 litteras
2713 1150 2782 1204 ad
2811 1165 2994 1222 regem
3034 1151 3227 1208 Israel.
3258 1152 3360 1221 Qui
3397 1168 3523 1208 cum
3546 1152 3770 1224 profec—

2171 1260 2190 1294 ι
2229 1250 2317 1298 tus
2342 1249 2488 1298 esset
2512 1248 2568 1297 et
2592 1241 2808 1297 tulisset
2838 1257 3022 1298 secum
3051 1244 3242 1298 decem
3278 1244 3485 1300 talenta
3516 1243 3733 1314 argenti
3752 1285 3768 1308 ,

2169 1355 2188 1388 ι
2224 1343 2280 1392 et
2304 1349 2400 1390 sex
2428 1333 2596 1389 millia
2625 1349 2838 1399 aureos,
2862 1342 2917 1390 et
2937 1334 3125 1390 decem
3142 1337 3435 1392 mutatoria
3457 1337 3768 1392 vestimen-

2170 1442 2189 1476 ι
2227 1433 2442 1491 torum,
2491 1423 2686 1480 detulit
2729 1423 2940 1479 litteras
2985 1425 3054 1479 ad
3101 1440 3284 1497 regem
3325 1425 3495 1482 Israel
3540 1425 3600 1480 in
3649 1425 3768 1480 hac

2171 1535 2190 1569 ι
2226 1517 2426 1573 verba:
2459 1516 2594 1572 Cum
2631 1515 2912 1585 acceperis
2939 1517 3226 1588 epistolam
3253 1518 3418 1583 hanc,
3448 1517 3591 1573 scito
3618 1517 3765 1587 quod

2170 1628 2189 1660 ι
2223 1609 2466 1663 miserim
2507 1608 2575 1662 ad
2620 1615 2671 1662 te
2713 1605 2958 1662 Naamau
2987 1622 3207 1663 servum
3236 1623 3451 1675 meum,
3499 1619 3561 1664 ut
3603 1624 3770 1665 cures

2171 1717 2190 1751 ι
2225 1715 2349 1754 eum
2376 1715 2406 1752 a
2434 1698 2581 1769 lepra
2609 1713 2729 1752 sua.
2767 1717 2786 1750 ι
2814 1698 2949 1753 Cum
2993 1699 3047 1753 bi
3076 1699 3144 1754 ad
3187 1715 3324 1770 quos
3366 1700 3564 1755 notitia
3611 1700 3768 1755 verbi

2167 1789 2263 1844 Dei
2288 1789 2573 1860 pervenit,
2601 1789 2687 1844 his
2709 1789 2802 1860 qui
2831 1789 2935 1845 sibi
2952 1799 3198 1860 praesunt
3216 1832 3231 1857 ,
3259 1800 3557 1864 suggerunt
3581 1791 3767 1848 scien—

472 1869 731 1954 sua,vcum
746 1891 954 1947 Novum
980 1893 1389 1949 Testamentum
1413 1902 1535 1963 post
1559 1892 1870 1948 Mediatoris
1889 1869 2061 1948 nostri

2170 1881 2258 1936 tiae
2287 1880 2585 1950 spiritualis
2610 1881 3056 1952 magnitudinem.
3089 1882 3255 1939 Mittit
3282 1900 3380 1940 rex
3406 1884 3582 1957 Syriae
3620 1885 3770 1942 litte-

474 1983 799 2050 adventum,
833 1984 885 2038 in
916 1986 1094 2040 sancti
1123 1984 1402 2056 Evangelii
1426 1993 1483 2043 et
1509 1985 1882 2056 apostolorum
1929 1985 2064 2039 scri-

473 2073 583 2145 ptis
611 2074 814 2144 profert
843 2075 1063 2146 (Matth.
1100 2077 1245 2148 xm).
1278 2077 1438 2133 Jubet
1465 2093 1596 2148 ergo
1625 2077 1852 2134 Elisaeus
1878 2090 2064 2133 noster

475 2163 744 2219 ministris
769 2165 883 2221 suis
903 2207 918 2231 ,
949 2169 1153 2222 sanctis
1197 2167 1451 2224 videlicet
1479 2168 1930 2238 praedicatoribus
1952 2210 1967 2235 ,
2003 2177 2064 2224 ut

475 2256 616 2311 hanc
647 2257 973 2312 oblationem
1002 2259 1198 2330 populo
1245 2259 1484 2316 fidelium
1526 2260 1873 2331 dispensent,
1899 2268 2063 2315 utse-

473 2349 710 2404 cundum
757 2351 886 2406 illud
925 2352 1202 2424 Evangelii
1231 2353 1446 2426 (Matth.
1497 2355 1646 2427 xlv),
1693 2356 1759 2410 de
1802 2356 2064 2410 thesauro

477 2458 576 2498 suo
600 2443 745 2499 velut
779 2446 956 2501 scriba
980 2448 1169 2504 doctus
1198 2449 1253 2504 in
1293 2465 1460 2522 regno
1486 2449 1750 2505 caelorum
1780 2451 2064 2520 proferant

475 2548 614 2590 nova
644 2545 700 2590 et
728 2545 942 2604 vetera,
979 2547 1248 2608 quatenus
1290 2541 1488 2611 pabulo
1536 2541 1703 2596 divini
1744 2543 1894 2597 verbi
1942 2543 2064 2597 refi—

475 2625 712 2682 ciantur.
742 2627 894 2696 Quod
928 2631 1244 2703 mysterium
1285 2632 1340 2686 in
1373 2632 1662 2704 Evangelio
1696 2634 1951 2689 iteratum
1985 2635 2058 2688 le-

475 2718 652 2790 gimus
677 2721 894 2791 (Matth.
921 2724 1011 2795 xv)
1029 2765 1044 2790 ,
1076 2740 1198 2780 cum
1228 2725 1282 2779 in
1304 2723 1569 2782 fractione
1598 2726 1836 2796 quinque
1861 2743 2063 2797 panum

472 2810 711 2881 quinque
735 2813 904 2868 millia
930 2815 1210 2870 hominum
1256 2817 1452 2871 satiata
1477 2831 1598 2872 esse
1627 2833 2059 2872 commemoran-

475 2906 585 2965 tur,
617 2911 673 2955 ct
694 2903 910 2958 satiatis
940 2905 1144 2971 turbis,
1185 2905 1518 2976 collegerunt
1549 2905 1831 2961 duodecim
1869 2907 2059 2976 cophi-

474 3007 574 3046 nos
591 3032 605 3055 ,
632 2994 745 3047 sive
768 3002 974 3064 septem
999 3005 1214 3065 sportas
1237 2996 1668 3068 fragmentorum
1690 3038 1705 3063 ,
1729 2997 1854 3066 quia
1877 2997 2059 3051 nullus

475 3093 557 3135 est
587 3084 678 3152 qui
719 3097 1062 3142 sacramenta
1095 3089 1290 3143 divinae
1321 3089 1619 3161 Scriptura:
1648 3105 1745 3160 per
1766 3091 1948 3145 omnia
1975 3107 2062 3145 ca-

475 3190 604 3242 pere
633 3178 823 3246 possit,
847 3179 978 3248 quin
1005 3180 1107 3236 sibi
1133 3182 1330 3238 satiato
1356 3183 1628 3253 supererit
1658 3181 1810 3238 iuxta
1834 3183 2059 3238 verbum

477 3266 710 3321 Domini.

1099 3341 1328 3399 CAPUT
1365 3343 1430 3398 γ.

563 3469 583 3503 ι
610 3450 850 3507 Naamau
897 3455 1150 3525 princeps
1186 3455 1392 3511 militiae
1417 3458 1557 3527 regis
1588 3456 1790 3528 Syriae,
1821 3467 1941 3514 erat
1975 3459 2061 3513 vir

481 3561 500 3592 ‹
537 3557 765 3614 magnus
807 3545 946 3614 apud
977 3547 1256 3602 dominum
1300 3565 1455 3603 suum
1477 3590 1492 3614 ,
1520 3557 1576 3604 et
1611 3550 1926 3606 honoratus.
1955 3550 2062 3607 Per

482 3651 500 3683 ι
535 3631 683 3686 illum
709 3635 854 3689 enim
880 3637 1028 3691 dedit
1055 3637 1316 3693 Dominus
1337 3639 1569 3694 salutem
1595 3638 1784 3711 Syriae.
1815 3643 1946 3696 Erat
1966 3658 2063 3696 au-

483 3742 502 3776 t
537 3733 644 3778 tem
671 3725 756 3779 vir
781 3725 937 3782 fortis
963 3738 1018 3782 et
1044 3729 1227 3794 dives,
1257 3731 1350 3786 sed
1387 3731 1654 3802 leprosus.
1691 3753 1709 3785 ι
1742 3733 1848 3789 Iste
1875 3743 2059 3790 autem

475 3813 715 3870 Naamau
746 3819 839 3887 qui
887 3821 1139 3890 princeps
1183 3822 1389 3877 militiae
1431 3825 1573 3895 regis
1617 3823 1789 3896 Syria:
1817 3841 1937 3881 esse
1963 3827 2058 3881 de-

480 3908 755 3974 scribitur,
788 3926 949 3979 quem
979 3912 1171 3968 melius
1199 3914 1504 3984 significare
1541 3926 1743 3985 potest,
1775 3933 1936 3987 quam
1966 3933 2063 3988 po-

478 3999 662 4068 pulum
692 4002 982 4071 gentilem?
1010 4005 1100 4074 qui
1129 4006 1182 4058 in
1210 4007 1340 4060 orbe
1377 4007 1644 4076 triquetro
1672 4023 1770 4078 per
1802 4010 2060 4064 virtutem

481 4089 742 4144 bellorum
766 4093 1128 4164 principatum
1150 4099 1392 4167 gerebat,
1413 4113 1476 4152 ac
1499 4115 1681 4153 rerum
1706 4100 1901 4155 decore
1917 4100 2058 4155 frue-

481 4183 658 4248 batur,
686 4187 828 4255 quod
856 4187 909 4240 in
942 4190 1172 4245 nominis
1190 4189 1305 4259 ejus
1327 4192 1780 4262 interpretatione
1804 4194 2060 4262 exprimi-

481 4284 588 4330 tur.
615 4276 1006 4347 Interpretatur
1025 4291 1204 4336 autem
1225 4283 1467 4337 Naamau
1489 4284 1646 4338 decus
1660 4286 1772 4339 sive
1783 4286 2061 4340 commotio

479 4381 675 4419 eorum.
724 4366 828 4422 Sed
861 4370 965 4425 iste
989 4371 1090 4436 vir,
1124 4372 1249 4427 licet
1293 4373 1450 4429 fortis
1479 4383 1533 4428 et
1561 4375 1713 4430 dives
1751 4375 1950 4441 fuerit,
1983 4386 2062 4431 ta-

482 4473 604 4512 men
655 4459 898 4529 leprosus
945 4479 1064 4520 esse
1109 4474 1464 4526 memoratur.
1507 4468 1633 4536 quia
1685 4470 1930 4536 quamvis
1967 4485 2064 4538 per

479 4553 772 4620 potentiam
821 4558 1007 4627 regni,
1055 4575 1120 4612 ac
1166 4573 1348 4613 rerum
1381 4559 1765 4614 abundantiam
1798 4561 2062 4616 dominari

483 4645 776 4714 videretur,
830 4658 1010 4704 tamen
1039 4666 1136 4720 per
1169 4652 1374 4706 erroris
1415 4652 1709 4722 nequitiam
1750 4663 1805 4709 et
1845 4655 2063 4710 idolola-

483 4741 597 4795 triae
628 4742 832 4812 lepram
866 4741 1043 4798 fmdus
1069 4745 1336 4814 apparuit.

558 4857 571 4882 ‹
611 4832 779 4888 l’orro
799 4835 863 4888 de
887 4835 1042 4905 Syria
1067 4838 1270 4905 egressi
1295 4837 1508 4894 fuerant
1532 4840 1827 4898 latrunculi
1849 4851 1907 4896 et
1933 4858 2060 4914 cap-

485 4943 502 4974 ι
537 4923 700 4976 tivam
724 4923 988 4977 duxerant
1013 4924 1080 4978 de
1103 4933 1246 4979 terra
1290 4926 1452 4982 Israel
1484 4929 1714 4998 puellam
1744 4931 2056 5000 parvulam,

486 5030 503 5061 ι
543 5027 662 5082 quae
693 5014 886 5068 eratin
913 5015 1173 5084 obsequio
1199 5018 1387 5072 uxoris
1425 5018 1686 5074 Naaman.
1721 5020 1851 5088 Quae
1885 5023 1963 5078 ait
1991 5023 2058 5080 ad

485 5125 504 5157 ι
541 5109 815 5163 dominam
839 5125 992 5164 suam
1019 5125 1033 5164 :
1066 5109 1286 5166 Utinam
1311 5113 1503 5168 fuisset
1538 5115 1788 5171 dominus
1812 5132 1967 5170 meus
1993 5116 2062 5171 ad

489 5217 507 5249 ι
546 5201 865 5270 prophetam
901 5202 994 5272 qui
1019 5212 1101 5258 est
1143 5204 1195 5257 in
1227 5204 1504 5259 Samaria!
1544 5205 1791 5263 Profecto
1821 5217 2062 5264 curasset

482 5307 604 5345 eum
631 5307 658 5344 a
687 5291 831 5361 lepra
855 5308 1016 5362 quam
1045 5292 1225 5348 habet.
1262 5314 1281 5346 ι
1311 5293 1627 5351 Latrunculi
1653 5297 1850 5369 quippe
1877 5299 1943 5352 de
1968 5297 2064 5369 Sy-

483 5385 598 5449 ria,
653 5399 771 5453 quae
821 5385 1209 5458 interpretatur
1258 5387 1585 5456 sublimitas,
1639 5393 1842 5460 egressi
1903 5401 2058 5459 sunt,

482 5488 605 5528 cum
634 5476 925 5544 cupiditate
956 5476 1106 5532 ducti
1151 5484 1206 5532 et
1238 5477 1467 5533 diversis
1509 5480 1740 5550 negotiis
1779 5480 2057 5550 impliciti,

483 5572 760 5630 sperantes
803 5566 859 5620 in
891 5567 1096 5623 incerto
1131 5568 1440 5624 divitiarum
1461 5612 1477 5636 ,
1507 5570 1732 5641 gentiles
1762 5587 1861 5640 per
1887 5581 2060 5627 totam

485 5661 682 5708 terrain
712 5655 1068 5722 vagahuntur.
1094 5657 1230 5714 Hinc
1253 5669 1308 5714 et
1336 5662 1402 5714 ad
1429 5669 1627 5715 terram
1648 5661 1812 5716 Israel
1842 5663 2062 5715 venien—

487 5751 591 5805 tes,
623 5745 890 5813 captivam
920 5746 1290 5802 mulierculam
1318 5749 1618 5814 duxerunt,
1645 5765 1766 5818 qua:
1795 5751 1849 5804 in
1889 5752 2059 5821 capti-

485 5835 646 5894 vitate
673 5836 842 5902 posita
866 5877 879 5900 ,
906 5838 972 5890 de
997 5839 1258 5904 propheta
1291 5839 1347 5892 in
1372 5839 1538 5894 Israel
1573 5841 1896 5901 testabatur.
1930 5842 2055 5898 auia

2089 3237 2134 3298 C

2092 4609 2144 4670 D

2168 1990 2257 2030 ras
2287 1975 2355 2028 ad
2384 1989 2565 2047 regem
2598 1973 2762 2029 Israel
2806 1989 2907 2045 pro
2938 1975 3112 2031 salute
3157 1979 3302 2034 servi
3347 1978 3453 2034 sui.
3482 1977 3622 2033 Cum
3653 1979 3771 2050 pri-

2169 2075 2346 2121 matus
2385 2067 2626 2137 gentium
2653 2067 2881 2123 audiens
2916 2068 3086 2123 Deum
3131 2085 3254 2125 esse
3295 2070 3352 2125 in
3393 2071 3594 2136 Israel,
3637 2071 3770 2142 quia

2171 2176 2190 2210 ι
2227 2168 2386 2212 notus
2408 2158 2462 2213 in
2483 2157 2667 2213 Iudaea
2690 2157 2868 2213 Deus:
2894 2159 2948 2213 in
2971 2159 3406 2233 Israelmagnum
3421 2178 3623 2218 nomen
3647 2163 3770 2233 ejus

2171 2269 2189 2302 ι
2225 2248 2397 2322 (Psal.
2448 2252 2643 2318 Lxxv),
2681 2271 2698 2303 ι
2731 2251 2959 2308 salutem
3003 2269 3222 2310 suorum
3271 2256 3579 2326 praevidens
3621 2256 3770 2326 lega-

2166 2342 2368 2396 tionem
2399 2342 2451 2395 in
2477 2340 2718 2396 Iudaeam
2758 2343 2948 2407 mittit,
2975 2354 3033 2397 ut
3054 2359 3154 2414 per
3177 2345 3537 2415 apostolicam
3563 2347 3770 2400 doctri-

2164 2449 2292 2488 nam
2320 2432 2621 2490 Salvatoris
2651 2433 2812 2488 fidem
2837 2435 3089 2505 accipiat.
3125 2435 3281 2492 Unde
3311 2436 3604 2492 Cornelius
3636 2454 3770 2493 cen-

2167 2526 2309 2580 turio
2339 2526 2403 2581 de
2431 2525 2679 2581 Caesarea
2706 2526 2761 2580 in
2787 2525 2958 2597 Joppe
2987 2528 3055 2582 ad
3085 2527 3307 2584 Petrum
3332 2529 3482 2584 misit
3509 2529 3652 2600 (Act.
3680 2531 3766 2601 χ).

2162 2615 2230 2669 Ει
2251 2615 2421 2670 Paulo
2436 2631 2534 2686 per
2549 2615 2816 2670 visionem
2836 2616 2922 2669 vir
2940 2615 3161 2672 Macedo
3185 2618 3438 2688 apparuit
3455 2618 3600 2690 (Act.
3621 2620 3764 2691 xvi).

2163 2707 2403 2774 quicum
2433 2707 2828 2762 exhortabatur
2859 2715 2920 2762 ut
2957 2708 3184 2766 veniens
3221 2711 3504 2782 adjuvaret
3533 2725 3628 2766 eos
3670 2714 3767 2781 qui

2163 2798 2217 2852 in
2259 2798 2575 2854 Macedonia
2621 2807 2811 2866 erant,
2851 2800 2993 2854 sicut
3040 2799 3096 2854 in
3137 2800 3364 2858 Actibus
3393 2802 3766 2872 apostolorum

2162 2891 2383 2962 legitur.

2238 3002 2256 3035 ι
2303 2983 2546 3056 Cumque
2585 2985 2809 3058 legisset
2839 3003 2936 3043 rex
2968 2987 3136 3044 Israel
3181 2987 3414 3056 litteras,
3461 2990 3622 3045 scidit
3667 3007 3766 3046 ve-

2165 3097 2184 3130 (
2234 3077 2489 3132 stimenta
2522 3094 2641 3144 sua,
2693 3089 2747 3134 et
2792 3080 2904 3134 ait:
2938 3079 3190 3151 Nunquid
3237 3081 3382 3137 Deus
3404 3097 3504 3153 ego
3550 3097 3672 3136 sum
3701 3095 3765 3140 ut

2170 3189 2189 3224 ‹
2239 3172 2488 3228 occidere
2519 3173 2721 3242 possim
2760 3182 2814 3230 et
2837 3173 3160 3229 vivificare?
3201 3175 3340 3243 Quia
3390 3176 3490 3230 iste
3517 3177 3668 3230 misit
3696 3176 3765 3229 ad

2171 3286 2190 3320 ‹
2237 3283 2324 3322 me
2355 3277 2412 3321 ut
2453 3283 2638 3323 curem
2692 3268 2967 3322 hominem
3017 3285 3046 3322 a
3077 3268 3223 3339 lepra
3255 3284 3371 3323 sua.
3405 3268 3766 3324 Animadver—

2171 3377 2189 3410 ‹
2234 3359 2332 3413 tite
2367 3367 2421 3412 et
2452 3359 2650 3424 videte,
2706 3359 2851 3429 quod
2876 3359 3192 3414 occasiones
3217 3369 3426 3429 quaerat
3471 3361 3765 3416 adversum

2169 3469 2187 3502 ι
2235 3466 2340 3506 me.
2380 3450 2534 3517 Quod
2556 3466 2678 3505 cum
2720 3452 2962 3506 audisset
2992 3451 3216 3506 Elisaeus
3253 3452 3339 3505 vir
3369 3451 3487 3518 Dei,
3535 3452 3765 3512 scidisse

2169 3561 2188 3594 ι
2234 3541 2485 3596 videlicet
2543 3557 2724 3612 regem
2764 3541 2929 3596 Israel
2975 3543 3298 3598 vestimenta
3328 3559 3445 3608 sua,
3483 3545 3635 3599 misit
3691 3545 3757 3600 ad

2169 3652 2188 3683 ‹
2235 3649 2378 3694 eum,
2432 3635 2665 3689 dicens:
2701 3633 2881 3700 Quare
2929 3633 3136 3690 scidisti
3187 3635 3514 3691 vestimenta
3545 3637 3685 3690 tua?
3737 3657 3754 3688 ι

2163 3723 2302 3790 Quid
2330 3725 2599 3794 significat
2627 3741 2722 3780 rex
2751 3726 2852 3780 iste
2893 3726 3086 3793 Israel,
3113 3729 3208 3796 qui
3254 3728 3438 3782 audita
3487 3729 3764 3800 legatione

2165 3813 2358 3883 Syriae,
2389 3813 2456 3869 de
2487 3815 2660 3870 salute
2683 3831 2713 3869 a
2741 3817 3006 3886 prepheta
3028 3816 3193 3873 Israel
3215 3827 3491 3889 quaerente
3517 3822 3759 3892 expavit,

2164 3904 2646 3979 uisigsaccrdotes,
2689 3907 2896 3962 scribas
2931 3917 2988 3962 et
3029 3907 3350 3979 pharisaeos,
3384 3917 3627 3965 rectores
3665 3909 3763 3964 Ju-

2164 3977 2446 4050 daeorum?
2481 3994 2604 4062 Qui,
2634 3977 3047 4052 considerantes
3087 3999 3232 4068 quod
3293 4001 3531 4070 undique
3576 4001 3764 4071 plebes

2164 4089 2230 4142 ad
2257 4087 2678 4160 Redemptorem
2725 4101 2970 4144 nostrum
3015 4089 3205 4146 salutis
3229 4107 3340 4147 sua:
3368 4108 3530 4148 causa
3571 4095 3760 4148 venie-

2161 4183 2312 4249 bant,
2355 4185 2510 4255 quasi
2551 4183 2945 4254 blasphemiam
2991 4185 3388 4254 existimantes,
3433 4187 3759 4242 vestimenta

2163 4290 2260 4329 sua
2306 4276 2642 4341 scindebant,
2686 4277 2827 4330 sicut
2885 4277 2938 4330 iri
2992 4276 3285 4349 Evangelio
3337 4277 3554 4341 (Matth.
3607 4279 3757 4346 xxvi)

2162 4367 2459 4436 principem
2489 4368 2878 4433 sacerdotum,-
2904 4369 3084 4424 audita
3113 4369 3314 4425 Christi
3346 4371 3754 4440 praedicatione,

2164 4454 2356 4510 fecisse
2407 4455 2656 4525 legimus.
2716 4457 2822 4512 Sed
2856 4457 2980 4512 licet
3022 4473 3117 4512 rex
3145 4459 3308 4514 Israel
3360 4461 3412 4529 ip
3445 4459 3536 4514 tali
3567 4463 3754 4516 auditu

2167 4547 2541 4619 pertimescat,
2597 4557 2777 4603 tamen
2827 4553 3092 4622 propheta
3130 4553 3225 4607 Dei
3262 4569 3398 4623 quos
3428 4555 3495 4608 ad
3546 4570 3606 4610 se
3651 4557 3753 4608 mi-

2167 4654 2354 4711 grasse
2411 4649 2781 4710 cognoverat,
2835 4642 2902 4695 ad
2944 4657 3003 4698 se
3036 4645 3319 4713 pervenire
3369 4646 3750 4714 persuadebal,

2167 4731 2354 4786 dicens
2385 4747 2398 4783 :
2457 4749 2474 4782 ι
2522 4729 2717 4785 Veniat
2761 4731 2825 4785 ad
2857 4748 2963 4797 me,
2999 4743 3055 4789 et
3085 4735 3221 4790 sciat
3258 4752 3377 4790 esse
3430 4737 3750 4807 prophetam

2164 4823 2218 4878 in
2249 4823 2433 4878 Israel.
2485 4844 2503 4876 ι
2546 4824 2611 4877 Ει
2649 4825 2907 4880 Dominus
2945 4835 3126 4880 noster
3161 4845 3172 4880 :
3211 4846 3228 4878 ι
3267 4828 3412 4895 Quos
3440 4830 3748 4899 praescivit,

2163 4915 2262 4972 hos
2296 4926 2348 4972 et
2389 4919 2622 4982 vocavit,
2675 4928 2728 4972 et
2759 4935 2896 4988 quos
2921 4919 3148 4982 vocavit,
3187 4919 3307 4975 illos
3351 4930 3406 4975 et
3428 4922 3770 4990 jnstificavitl

2164 5013 2336 5085 (Rom.
2367 5019 2504 5084 vm).
2550 5034 2568 5066 ι

2242 5124 2260 5158 ι
2303 5106 2462 5161 Venit
2504 5122 2630 5177 ergo
2676 5106 2914 5163 Naamau
2962 5124 3084 5164 cum
3107 5109 3262 5180 equis
3301 5118 3356 5163 ct
3377 5108 3650 5172 curribus,
3694 5119 3750 5162 ct

2169 5218 2187 5250 ‹
2234 5199 2383 5253 stetit
2419 5199 2486 5253 ad
2517 5199 2714 5254 ostium
2755 5200 2946 5255 domus
2987 5200 3186 5255 Elisaei.
3234 5199 3485 5270 Misitque
3521 5202 3588 5254 ad
3621 5217 3745 5255 eum

2170 5310 2190 5344 ι
2238 5292 2460 5348 Elisaans
2482 5295 2753 5360 nuntium,
2794 5295 3017 5351 dicens:
3046 5295 3211 5359 Vade,
3239 5303 3292 5348 et
3327 5301 3510 5350 lavare
3550 5296 3750 5364 septies

2171 5405 2190 5437 ‹
2235 5386 2290 5440 ἰιι
2328 5386 2582 5453 Iordane,
2625 5397 2681 5442 et
2702 5389 2927 5460 recipiet
2949 5388 3238 5442 sanitatem
3258 5402 3385 5443 caro
3427 5396 3538 5452 tua,
3585 5397 3750 5459 atque

2172 5496 2190 5528 ι
2239 5478 2602 5533 mundaberis.
2661 5478 2834 5534 Iratus
2873 5478 3113 5533 Naamau
3158 5478 3463 5543 recedebat,
3518 5479 3743 5535 dicens:

2172 5586 2190 5618 ι
2235 5566 2496 5622 Putabam
2549 5571 2692 5638 quod
2733 5571 3084 5640 egrederetur
3121 5570 3189 5625 ad
3225 5586 3331 5636 me,
3374 5580 3430 5626 et
3479 5580 3634 5626 stans
3671 5571 3750 5626 in-

2169 5681 2188 5712 ‹
2238 5670 2454 5716 vocaret
2490 5678 2686 5717 nomen
2726 5663 2937 5717 Domini
2980 5662 3074 5718 Dei
3109 5663 3191 5717 sui
3231 5670 3288 5717 et
3313 5670 3562 5734 tangeret
3585 5678 3746 5718 manu

2169 5772 2187 5803 ‹
2235 5769 2331 5807 sua
2373 5753 2547 5807 locmn
2593 5754 2774 5823 leprae,
2823 5764 2877 5808 et
2917 5763 3134 5808 curaret
3175 5769 3280 5808 me.
3344 5752 3598 5824 Nunquid
3639 5771 3746 5808 non

2167 5862 2183 5892 ι
2235 5843 2483 5900 meliores
2523 5854 2645 5898 sunt
2684 5845 2870 5898 Abana
2893 5853 2948 5898 et
2989 5844 3266 5908 Pharphar
3305 5843 3451 5899 fluvii
3495 5846 3747 5900 Damasci
