4044 6336
263 407 381 462 505
1167 402 1470 460 ENNARR.
1512 403 1582 459 IN
1616 404 1866 460 LIBROS
1903 404 2171 464 REGUM.
2212 437 2278 446 --
2316 405 2385 461 IN
2420 405 2552 461 LIB.
2597 406 2686 463 IV.
3442 415 3550 472 506

272 545 294 576 ι
347 521 604 579 omnibus
642 520 799 590 aquis
845 518 1028 585 Israel,
1091 526 1151 574 ut
1198 518 1346 574 laver
1385 519 1442 574 in
1482 519 1562 575 eis
1603 529 1658 574 et
1701 535 1862 574 mun-
1889 523 1942 583 Α
1972 539 1992 573 ι
2041 521 2302 592 accipiam
2347 520 2550 591 aliquid
2586 522 2655 576 ab
2686 537 2773 586 eo,
2807 541 2826 575 ι
2867 529 2932 578 ‘et
2981 523 3207 594 reliqua.
3263 525 3391 583 Post
3433 528 3550 587 haec

271 633 294 666 ς
346 614 490 672 der?
537 633 556 667 ›
606 612 842 669 Veniens
881 612 1098 684 quidem
1139 611 1356 683 gentilis
1391 611 1621 682 populus
1663 611 1731 665 ad
1772 612 1863 666 do-
1964 619 2144 666 autem
2190 610 2470 683 Scriptura
2511 621 2717 680 narrat,
2767 615 2912 683 quod
2952 614 3104 671 Giezi
3146 632 3283 687 puer
3309 619 3414 675 viri
3448 623 3546 678 Dei

265 725 426 765 mum
467 707 651 765 Elisaei
713 707 913 773 nostri,
958 714 1201 762 sanctam
1250 704 1498 761 videlicet
1539 703 1862 770 Ecclesiam,
1964 704 2335 774 concupiverit
2376 704 2443 760 de
2479 705 2723 775 pecuniis
2752 720 2888 776 quas
2915 707 3206 775 praedictus
3240 707 3413 781 Syrus
3451 714 3550 771 bo-

264 801 599 872 promissum
638 798 708 854 ab
733 813 799 855 eo
835 798 1082 854 nuntium
1121 797 1348 868 accepit,
1373 804 1431 851 ut
1471 796 1606 850 sein
1631 794 1864 852 Iordane
1963 796 2094 852 mini
2122 797 2218 852 Dei
2247 797 2521 862 attulerit,
2548 797 2643 853 sed
2677 813 2743 853 eo
2779 797 2995 855 nolente
3032 799 3234 869 aliquid
3271 803 3546 874 accipere,

265 893 480 965 septies
516 893 745 959 lavaret,
811 900 867 948 et
909 893 988 948 sic
1026 891 1316 948 sanitatem
1369 890 1656 959 reciperet,
1701 897 1864 959 atque
1963 889 2087 945 inde
2134 891 2249 961 ipse
2297 906 2394 961 per
2436 891 2778 947 mendacium
2826 902 2984 962 turpe
3027 895 3356 964 acquisivit,
3403 899 3549 968 quod

263 988 631 1043 mandaretur
663 1005 678 1041 :
725 985 855 1057 quia
913 1001 1012 1056 per
1079 983 1420 1056 evangelicos
1479 982 1861 1052 praedicatores
1962 997 2094 1038 suus
2117 984 2376 1054 magister
2401 985 2644 1054 accipere
2669 999 2768 1054 per
2799 984 2958 1040 ﬁdem
2994 987 3192 1042 renuit.
3225 986 3378 1044 Giezi
3408 1006 3548 1060 quo-

265 1081 537 1136 Dominus
577 1079 708 1135 dicit
751 1097 764 1133 :
813 1096 832 1131 ‹
877 1077 992 1133 Nisi
1033 1077 1155 1148 quis
1177 1083 1401 1132 renatus
1432 1073 1594 1129 fuerit
1615 1089 1684 1128 ex
1720 1088 1860 1143 aqua
1961 1088 2066 1145 que
2097 1074 2487 1145 interpretatur
2511 1086 2834 1146 praeruptum
2860 1077 3058 1145 videns,
3087 1078 3201 1136 sive
3220 1081 3373 1137 vallis
3393 1083 3546 1150 visio,

261 1181 328 1229 et
367 1171 580 1244 Spiritu
621 1180 830 1238 sancto,
893 1185 999 1226 non
1039 1175 1222 1240 potest
1263 1167 1492 1246 introire
1533 1167 1589 1221 in
1632 1180 1860 1237 regnum
1959 1175 2016 1223 et
2041 1168 2308 1240 signiﬁcat
2334 1167 2618 1224 Iudaicum
2657 1171 2933 1242 populum,
2977 1173 3070 1243 qui
3098 1174 3387 1246 aliquando
3413 1193 3550 1248 puer

265 1264 368 1319 Dei
399 1261 581 1335 (Joan.
626 1262 733 1332 ιιι).
774 1282 793 1314 ι
829 1261 900 1317 Ει
941 1261 1070 1316 item
1099 1276 1114 1314 :
1147 1280 1166 1312 ι
1215 1257 1319 1327 Qui
1360 1257 1654 1314 crediderit
1690 1268 1745 1312 et
1767 1256 1859 1311 ba-
1958 1261 2060 1316 viri
2091 1261 2206 1326 Dei,
2239 1262 2499 1331 propheta
2525 1269 2834 1329 attestante,
2865 1265 3184 1332 vocabatur,
3244 1268 3388 1323 sicut
3411 1269 3549 1327 Osee

263 1357 509 1426 ptizatus
530 1355 712 1420 fuerit,
756 1353 935 1409 salvus
974 1353 1116 1408 erit:
1143 1352 1237 1423 qui
1257 1366 1390 1408 vero
1413 1367 1520 1406 non
1544 1349 1856 1414 crediderit,
1959 1351 2123 1408 dicit:
2155 1371 2172 1403 ‹
2199 1351 2342 1406 Puer
2388 1350 2555 1408 Israel
2597 1361 2652 1408 et
2687 1353 2851 1409 dilexi
2893 1371 3018 1411 eum
3061 1353 3210 1428 (03c.
3236 1362 3336 1429 xi).
3374 1379 3391 1411 ι
3441 1359 3548 1416 Sed

262 1449 724 1505 condemnabitur
754 1446 946 1519 (Marc.
972 1446 1106 1518 XVI).
1138 1466 1156 1499 ι
1188 1443 1442 1502 Iordanis
1483 1444 1668 1513 itaque
1697 1457 1850 1512 aqua:
1957 1452 2244 1514 postquam
2293 1451 2475 1514 spreto
2525 1445 2836 1516 Evangelio,
2880 1455 2937 1503 et
2977 1448 3239 1506 cruciﬁxo
3263 1449 3402 1507 Filio
3429 1451 3546 1518 Dei,

263 1556 492 1596 sacrum
544 1541 812 1610 baptisma
851 1539 1177 1611 significant,
1237 1537 1362 1607 quia
1414 1536 1469 1590 in
1491 1535 1570 1592 eis
1609 1534 1858 1590 Salvator
1958 1535 2308 1605 semetipsum
2359 1535 2454 1590 Dei
2505 1536 2598 1590 tali
2643 1537 2905 1609 dignitate
2951 1539 3007 1594 in
3047 1538 3258 1596 foveam
3309 1544 3550 1600 avaritia:

264 1637 461 1684 noster
489 1627 818 1699 baptismum
862 1627 1017 1682 nobis
1056 1624 1419 1682 consecravit.
1465 1622 1622 1690 Quod
1672 1629 1855 1676 autem
1956 1624 2324 1694 praecipitans,
2395 1625 2755 1696 cupiditatem
2821 1638 3043 1686 secutus
3113 1639 3197 1687 est
3251 1641 3548 1702 terrenam,

263 1719 514 1774 Naaman
572 1719 880 1789 indignatus
938 1719 1004 1773 de
1051 1717 1146 1772 tali
1188 1731 1471 1787 responso,
1529 1715 1854 1782 lavationem
1957 1733 2120 1788 quam
2155 1717 2278 1772 Filii
2323 1717 2418 1772 Dei
2460 1734 2558 1789 per
2594 1719 2927 1790 baptismum
2979 1724 3157 1778 renati
3206 1735 3549 1795 spreverunt,

261 1827 428 1882 aquae
466 1811 772 1867 Iordanicae
816 1809 1083 1881 despexit,
1145 1809 1541 1880 simplicitatem
1587 1806 1858 1878 signiﬁcat
1885 1877 1924 1884 Δ
1958 1824 2055 1881 per
2103 1809 2430 1865 sententiam
2472 1809 2606 1880 justi
2646 1811 2845 1882 judicis
2892 1812 3028 1879 Dei,
3091 1813 3298 1884 lepram
3345 1819 3549 1874 erroris

261 1877 508 1970 rudium,
558 1904 650 1974 qui
707 1877 1042 1974 spiritualem
1082 1918 1189 1957 non
1232 1877 1524 1973 potuerunt
1555 1877 1854 1972 intelligere
1884 1877 1930 1938 Β
1958 1877 2121 1974 quam
2169 1877 2486 1958 credentesv
2515 1877 2896 1974 deposuerant,
2953 1877 3067 1976 ipse
3114 1877 3216 1960 sibi
3263 1909 3546 1975 conscivit,

261 1994 602 2061 efﬁcaciam;
633 2013 653 2048 (
699 1995 826 2066 quia
863 1993 1112 2048 animalis
1151 1993 1316 2048 homo
1355 2007 1464 2047 non
1504 1991 1749 2062 percepit
1789 2007 1852 2047 ea

258 2103 392 2158 qua:
420 2096 546 2142 sunt
575 2086 810 2157 Spiritus
847 2086 944 2154 Dei
989 2085 1042 2154 (1
1071 2084 1196 2140 Cor.
1241 2089 1323 2157 ιι).
1375 2105 1394 2138 ι

342 2199 361 2231 ι
412 2179 546 2235 Cum
589 2193 720 2251 ergo
757 2177 1010 2234 vertisset
1029 2193 1088 2233 se
1107 2185 1164 2232 et
1194 2177 1369 2233 abiret
1409 2178 1716 2248 indignans,
1761 2191 1853 2232 ac-

265 2295 286 2325 ‹
338 2281 625 2329 cesserunt
665 2274 731 2328 ad
777 2288 902 2328 eum
958 2273 1098 2328 servi
1142 2273 1247 2337 sui,
1293 2281 1348 2326 et
1385 2272 1550 2327 locuti
1582 2279 1712 2327 sunt
1758 2272 1851 2326 ei:

267 2385 288 2416 ι
336 2365 523 2431 Pater,
553 2366 655 2421 etsi
683 2379 795 2420 rem
835 2365 1095 2436 grandem
1141 2365 1367 2420 dixisset
1419 2364 1516 2419 tibi
1570 2365 1852 2436 propheta,

267 2479 286 2510 α
339 2467 494 2513 certe
531 2457 710 2512 facere
749 2457 1056 2512 debueras:
1090 2466 1294 2526 quanto
1338 2458 1507 2528 magis
1544 2457 1670 2527 quia
1712 2472 1856 2512 nunc

265 2571 286 2602 ι
337 2550 476 2605 dixit
508 2549 622 2615 tibi,
653 2549 832 2604 lavare
856 2557 912 2605 et
937 2549 1317 2604 mundaberis?
1341 2549 1631 2606 Descendit
1653 2559 1710 2606 et
1729 2550 1858 2606 lavit

265 2661 287 2692 ‹
341 2642 396 2696 in
423 2641 658 2696 Iordane
693 2621 916 2712 septiés,
957 2639 1112 2710 juxta
1139 2657 1448 2698 sermonem
1487 2643 1592 2696 viri
1639 2643 1755 2709 Dei,
1801 2653 1857 2699 et

265 2753 287 2784 ι
338 2733 592 2788 restituta
629 2740 712 2788 est
736 2747 866 2788 caro
893 2733 1010 2804 ejus
1041 2734 1182 2788 sicut
1206 2748 1334 2789 caro
1359 2734 1514 2804 pueri
1543 2735 1776 2805 parvuli,
1801 2744 1857 2790 et

266 2846 286 2878 ι
335 2825 629 2879 mundatus
651 2834 751 2880 est.
790 2845 810 2878 ι
863 2824 1009 2881 Bene
1030 2841 1161 2896 ergo
1190 2826 1331 2882 servi
1361 2826 1601 2883 Naaman
1632 2828 1855 2885 meliore

258 2915 513 2982 consilio,
558 2916 625 2970 ad
650 2917 1040 2984 perﬁciendum
1068 2917 1202 2996 illud
1233 2918 1548 2975 mandatum
1576 2923 1855 2992 propheti-

257 3025 413 3076 cum,
440 3021 843 3080 persuaserunt,
873 3011 1000 3080 quia
1025 3027 1174 3083 saepe~
1200 3013 1458 3069 Dominus
1473 3012 1676 3082 juniori
1702 3031 1856 3070 reve-

259 3104 343 3157 lat
385 3102 530 3173 quod
558 3102 750 3158 melius
779 3112 862 3158 est
885 3101 1100 3174 (Matth.
1141 3103 1243 3176 xi).
1283 3105 1352 3160 Et
1379 3106 1674 3161 secundum
1711 3105 1854 3161 Petri

257 3210 478 3260 vocem,
533 3213 554 3246 ι
597 3210 951 3265 personarum
981 3203 1234 3265 acceptor
1256 3196 1402 3252 Deus
1431 3213 1538 3252 non
1564 3204 1646 3252 est
1673 3196 1850 3268 (Rom.

260 3289 368 3366 11),.
409 3289 504 3345 sed
531 3289 586 3344 in
614 3289 759 3344 omni
781 3298 940 3360 gente
971 3291 1064 3360 qui
1095 3291 1248 3346 timet
1272 3291 1463 3359 Deum,
1505 3300 1560 3346 et
1599 3301 1856 3362 operatur

253 3381 550 3451 justitiam,
596 3391 848 3453 acceptus
901 3391 986 3439 est
1033 3383 1108 3439 illi
1161 3384 1300 3456 (Act.
1343 3383 1421 3457 x).
1458 3404 1475 3436 ι
1509 3384 1753 3440 -—Abiit
1802 3395 1856 3440 et

261 3473 403 3526 lavit
446 3473 640 3543 septies
677 3471 835 3542 juxta
885 3489 1188 3530 sermonem
1224 3475 1326 3529 viri
1359 3474 1476 3541 Dei,
1510 3484 1566 3530 et
1606 3475 1854 3531 restituta

259 3573 352 3620 est
373 3579 504 3619 caro
533 3565 649 3636 ejus
681 3565 824 3621 sicut
858 3581 986 3620 caro
1012 3567 1163 3636 pueri
1184 3566 1388 3636 parvuli
1420 3585 1434 3622 :
1463 3568 1590 3638 quia
1635 3569 1857 3624 munda-

264 3667 356 3711 tus
382 3658 538 3728 aquis
559 3657 918 3727 baptismatis,
950 3673 1048 3729 per
1081 3659 1479 3714 invocationem
1522 3660 1864 3730 septiformis.

265 3747 528 3818 Spiritus,
575 3748 803 3818 quisque
850 3763 1031 3802 veram
1073 3749 1294 3820 recipiet
1328 3749 1639 3814 sanitatem,
1686 3759 1748 3806 ut
1787 3750 1856 3806 ad

265 3840 577 3895 innocentis
605 3840 730 3895 vita:
757 3839 1042 3895 infantiam
1068 3841 1366 3912 redigatur,
1401 3850 1458 3897 et
1479 3842 1604 3898 vitae
1638 3851 1854 3898 aeternae

262 3932 574 4002 ingressum
605 3933 884 4004 percipere
929 3943 1221 3989 mereatur.
1279 3935 1431 3992 Unde
1479 3938 1595 4006 ipsa
1640 3936 1856 3994 Veritas

263 4023 386 4078 suis
425 4023 702 4094 discipulis
741 4024 859 4079 ait:
899 4044 918 4076 ‹
961 4023 1076 4080 Nisi
1111 4026 1363 4081 conversi
1395 4025 1612 4082 fueritis
1643 4036 1699 4082 ct
1740 4026 1854 4082 elli-

261 4116 492 4172 ciamini
519 4117 659 4172 sicut
691 4117 924 4187 parvuli,
979 4132 1088 4172 non
1108 4118 1379 4174 intrabitis
1409 4119 1712 4191 in,regnum
1744 4133 1856 4175 ca:-

265 4211 448 4264 lorum
484 4207 698 4279 (Matth.
732 4211 908 4282 xvm).
959 4229 976 4262 ι

346 4321 365 4351 ι
415 4299 657 4370 Denique
711 4316 961 4357 reversus
1008 4300 1249 4356 Naaman
1279 4302 1348 4358 ad
1376 4303 1552 4357 virum
1583 4302 1678 4358 Dei
1728 4319 1851 4360 cum

270 4412 290 4442 ε
335 4393 592 4447 universo
623 4393 876 4447 comitatu
899 4409 1018 4459 suo,
1041 4394 1186 4448 venit
1213 4401 1270 4449 et
1289 4393 1436 4448 stetit
1459 4408 1647 4448 coram
1673 4408 1762 4460 eo,
1794 4401 1848 4448 et

271 4506 290 4537 ι
341 4486 422 4540 ait
453 4503 466 4541 :
502 4483 640 4541 Vere
661 4486 774 4542 scio
794 4487 937 4556 quod
962 4502 1070 4542 non
1093 4486 1164 4543 sit
1188 4486 1326 4542 alius
1345 4485 1490 4542 Deus
1517 4487 1570 4541 in
1593 4489 1848 4544 universa

1955 2011 2166 2052 necnon
2195 2006 2253 2052 et
2281 2011 2468 2051 omnes
2493 1995 2586 2066 qui
2614 2007 2739 2066 post
2767 1996 3098 2068 baptismum
3127 2005 3181 2053 et
3210 2000 3546 2063 emendatio-

1955 2108 2080 2148 nem
2127 2091 2254 2147 vita:
2312 2090 2380 2145 ad
2425 2091 2657 2160 pristina
2708 2093 2839 2148 vitia
2883 2075 3246 2161 revertentur,
3296 2097 3548 2152 sordibus

1956 2183 2150 2252 quibus
2181 2198 2238 2238 se
2275 2193 2467 2238 exutos
2507 2187 2824 2255 sperabant,
2857 2186 3054 2241 iterum
3091 2187 3338 2258 impliciti
3370 2188 3547 2245 invol-

1957 2285 2174 2330 vuntur.
2206 2275 2360 2332 Unde
2389 2277 2652 2348 scriptum
2680 2286 2765 2333 est
2789 2295 2802 2334 :
2837 2297 2855 2329 ι
2890 2278 3053 2334 Canis
3083 2294 3338 2335 reversus
3364 2281 3429 2335 ad
3456 2297 3548 2337 vo-

1955 2368 2148 2423 mitum
2173 2384 2351 2434 suum,
2383 2377 2438 2422 et
2469 2384 2562 2425 sus
2610 2369 2718 2424 lota
2755 2371 2809 2425 in
2835 2371 3121 2428 volutabro
3160 2372 3278 2436 luti,
3309 2373 3388 2428 sic
3415 2373 3547 2428 stul-

1955 2469 2044 2517 tus
2069 2461 2162 2533 qui
2186 2461 2348 2517 iterat
2371 2462 2655 2517 stultitiam
2686 2479 2839 2519 suam
2867 2461 3049 2534 (Prov.
3078 2467 3250 2537 xxvx).
3281 2484 3302 2518 ι

2563 2618 2793 2676 CAPUT
2841 2620 2932 2675 VI.

2031 2752 2050 2784 ‹
2083 2731 2348 2787 Dixerunt
2379 2741 2558 2787 autem
2589 2732 2686 2788 ﬁlii
2713 2734 3099 2804 prophetarum
3136 2735 3202 2790 ad
3243 2734 3493 2791 Elisaeum
3529 2755 3542 2790 :

1961 2844 1980 2878 ι
2026 2820 2168 2880 Ecce
2209 2825 2360 2882 locus
2409 2825 2466 2880 in
2513 2840 2622 2896 quo
2662 2825 2969 2881 habitamus
3017 2841 3200 2882 coram
3247 2835 3322 2894 te,
3379 2844 3548 2899 angu-

1961 2938 1980 2970 ‹
2025 2927 2140 2974 stus
2188 2926 2271 2973 est
2316 2913 2736 2973 nobis.'Eamus
2783 2933 2953 2986 usque
3003 2919 3071 2972 ad
3115 2917 3443 2987 Iordanem,
3494 2930 3549 2976 et

1962 3032 1979 3064 ι
2025 3011 2216 3068 tollant
2243 3010 2438 3082 Singuli
2472 3011 2538 3066 de
2571 3010 2707 3066 silva
2737 3011 2994 3066 materias
3031 3011 3290 3082 singulas,
3322 3021 3383 3067 ut
3417 3014 3546 3068 tedi-

1963 3121 1981 3155 ‹
2028 3102 2252 3159 ﬁcemus
2292 3103 2448 3158 nobis
2490 3102 2566 3157 ibi
2608 3102 2787 3157 locum
2823 3103 2890 3156 ad
2917 3102 3296 3158 habitandum.
3336 3103 3438 3171 Qui
3467 3105 3547 3159 di-

1965 3213 1982 3246 ι
2029 3193 2144 3248 xit:
2169 3191 2266 3248 Ite.
2295 3193 2362 3247 Et
2387 3193 2464 3247 ait
2494 3208 2633 3248 unus
2656 3208 2724 3248 ex
2753 3191 2858 3247 illis
2885 3210 2896 3248 :
2925 3193 3059 3248 Veni
3094 3208 3224 3264 ergo
3254 3203 3308 3249 et
3335 3203 3391 3249 tu
3423 3210 3544 3249 cum

1965 3305 1983 3336 ι
2029 3284 2202 3339 servis
2240 3283 2365 3339 tuis.
2399 3284 2696 3354 Respondit
2725 3303 2737 3338 :
2769 3285 2883 3354 Ego
2904 3286 3139 3340 veniam.
3171 3286 3238 3340 Et
3262 3282 3396 3342 abiit
3422 3304 3544 3342 cum

1965 3395 1983 3428 (
2031 3375 2131 3432 eis.
2183 3374 2427 3445 Cumque
2470 3375 2748 3432 venissent
2787 3377 2857 3431 ad
2895 3375 3222 3444 Iordanem,
3267 3378 3548 3436 caedebant

1963 3492 1982 3525 ‹
2027 3473 2190 3544 ligna.
2233 3472 2444 3528 Accidit
2471 3482 2654 3528 autem
2681 3481 2757 3538 ut,
2788 3487 2910 3528 cum
2942 3489 3080 3528 unus
3108 3473 3390 3528 materiam
3421 3489 3540 3528 suc-

1963 3583 1982 3616 ‹
2025 3564 2265 3628 cidisset,
2293 3564 2514 3619 caderet
2542 3563 2748 3620 ferrum
2775 3565 2986 3619 securis
3021 3565 3076 3619 in
3107 3579 3322 3634 aquam.
3354 3564 3547 3620 Excla-

1962 3675 1981 3708 ε
2025 3655 2297 3724 mavitque
2332 3654 2441 3720 ille,
2470 3663 2526 3709 et
2555 3654 2668 3708 ait:
2698 3653 2835 3718 Heu,
2864 3654 2992 3720 heu,
3025 3655 3154 3720 heu,
3182 3654 3410 3711 Domine
3446 3655 3541 3721 mi,

1961 3767 1980 3799 ε
2026 3756 2081 3802 et
2129 3747 2232 3802 hoc
2289 3747 2465 3817 ipsum
2519 3755 2706 3800 mutuo
2755 3761 3092 3817 acceperam.
3163 3746 3309 3802 Dixit
3361 3755 3544 3801 autem

1961 3861 1979 3893 ι
2025 3842 2187 3896 homo
2220 3840 2338 3895 Dei.
2372 3839 2473 3894 Ubi
2518 3840 2756 3894 cecidit?
2791 3840 2863 3896 At
2899 3839 2992 3896 ille
3034 3841 3356 3895 monstravit
3383 3841 3433 3896 ei
3461 3841 3544 3896 lo-

1961 3953 1980 3986 ι
2026 3948 2168 3988 cum.
2199 3931 2451 3987 Praecidit
2488 3947 2620 4000 ergo
2661 3931 2889 4003 lignum,
2918 3940 2972 3988 et
2999 3933 3148 3988 misit
3182 3932 3328 4004 illuc.
3375 3933 3544 3987 Nata-

1962 4044 1980 4077 ‹
2024 4026 2210 4093 vitque
2247 4023 2474 4090 ferrum,
2519 4033 2574 4078 et
2614 4023 2733 4080 ait:
2785 4024 2955 4080 Tolle.
3001 4025 3104 4092 Qui
3146 4025 3389 4080 extendit
3424 4041 3543 4080 ma-

1963 4135 1980 4168 ι
2028 4132 2176 4180 num,
2210 4125 2268 4171 et
2304 4115 2431 4170 tulit
2462 4115 2611 4170 illud.
2643 4135 2662 4167 ›
2717 4113 2845 4170 Haec
2891 4117 3072 4186 itaque
3101 4117 3245 4171 actio
3270 4117 3410 4172 bene
3436 4118 3543 4172 Be-

1956 4207 2223 4278 demptori
2253 4216 2436 4263 nostro
2466 4207 2720 4262 convenit
2753 4221 2850 4276 per
2889 4206 3365 4278 signiﬁcationem.
3408 4208 3543 4264 Cum

1956 4305 2118 4376 igitur
2152 4303 2432 4359 securibus
2474 4302 2620 4373 ligna
2663 4302 3020 4368 caederentur,
3062 4302 3128 4357 de
3159 4303 3304 4373 ligno
3339 4303 3544 4359 ferrum

1955 4395 2211 4451 exsiliens
2250 4395 2304 4449 in
2343 4393 2667 4466 profundum
2709 4393 2948 4450 ﬂuminis
2986 4381 3222 4449 mersum
3255 4403 3355 4459 est,
3385 4403 3577 4466 atque

1957 4489 2011 4544 in
2054 4489 2260 4560 lignum
2300 4487 2534 4557 desuper
2572 4486 2640 4541 ab
2674 4487 2867 4542 Elisteo
2914 4485 3214 4558 projectum
3264 4501 3542 4543 reversum

269 4599 289 4631 ε
339 4588 510 4644 terra,
564 4577 666 4632 nisi
704 4587 910 4632 tantum
947 4578 1002 4632 in
1023 4578 1209 4634 Israel.
1243 4598 1260 4628 ι
1296 4577 1424 4634 Haec
1457 4587 1540 4634 est
1565 4579 1710 4635 enim
1755 4595 1851 4634 ca-
1879 4619 1934 4678 ι)
1957 4592 2076 4638 est:
2114 4583 2188 4636 ita
2219 4581 2381 4636 etiam
2410 4595 2533 4636 cum
2561 4580 2758 4650 impios
2785 4578 3018 4645 Iudaeos,
3050 4595 3150 4650 per
3186 4596 3382 4652 corpus
3419 4596 3545 4651 ope-

268 4669 474 4726 tholica
500 4668 785 4740 professio,
809 4670 949 4740 quod
983 4687 1002 4721 ι
1045 4668 1189 4725 Deus
1217 4671 1510 4737 Abraham,
1537 4672 1678 4728 Deus
1707 4671 1855 4728 Isaac

263 4771 326 4818 et
353 4763 502 4818 Dens
520 4761 707 4829 Iacob,
737 4778 844 4818 non
873 4771 958 4819 est
979 4773 1342 4830 mortuorum,
1371 4765 1465 4821 sed
1485 4765 1802 4822 viventium.
1831 4787 1848 4818 ι

267 4854 473 4926 (Marc.
503 4856 628 4926 xu.)
659 4875 677 4906 α
706 4855 968 4922 Quoniam
993 4872 1182 4912 omnes
1204 4857 1276 4911 dii
1299 4857 1538 4928 gentium
1566 4857 1852 4922 daemonia,

266 4949 534 5004 Dominus
563 4957 741 5003 autem
773 4948 939 5003 caelos
971 4947 1103 5004 fecit
1128 4945 1301 5020 (Psal.
1331 4947 1477 5019 xcv).
1512 4968 1530 5000 ι
1557 4948 1626 5003 Et
1646 4957 1704 5003 ut
1727 4965 1857 5003 cun-

266 5051 364 5095 cta
417 5039 508 5094 hic
546 5038 796 5109 baptismi
837 5039 1004 5094 scires
1042 5049 1379 5095 sacramenta
1417 5048 1854 5109 praemonstrata,

267 5130 325 5185 in
352 5143 464 5199 quo
490 5129 872 5184 abrenuntiare
901 5128 1133 5194 Satanae,
1166 5145 1231 5184 ac
1261 5129 1418 5184 ﬁdem
1452 5129 1664 5184 Domini
1693 5131 1860 5186 conﬁ-

269 5218 378 5274 teri
418 5219 788 5288 praecipimur,
839 5228 999 5291 negat
1023 5235 1080 5274 se
1103 5219 1344 5275 Naaman
1365 5219 1508 5275 ultra
1539 5221 1640 5275 diis
1669 5221 1860 5277 alienis

267 5311 580 5376 litaturum,
612 5311 712 5366 soli
733 5326 831 5381 per
867 5313 1046 5366 omnia
1075 5312 1300 5367 Domino
1337 5314 1683 5368 serviturum.
1728 5311 1860 5369 Par-

272 5412 388 5458 tem
417 5416 631 5472 quoque
655 5411 813 5458 terrae
839 5411 1039 5458 sanctae
1070 5419 1251 5459 secum
1281 5403 1468 5460 tollere
1490 5396 1706 5474 gaudet,
1730 5405 1856 5476 quia

269 5495 582 5566 baptizatos
621 5504 832 5566 oportet
867 5496 1132 5552 Dominici
1162 5513 1376 5568 quoque
1410 5497 1654 5568 corporis
1689 5498 1858 5568 parti-

268 5588 550 5658 cipatione
569 5588 899 5643 conﬁrmari.

352 5700 373 5734 ι
425 5681 676 5750 Dixitque
700 5681 848 5737 Giezi
878 5694 1014 5751 puer
1040 5681 1146 5735 viri
1174 5680 1269 5736 Dei
1295 5699 1307 5736 :
1338 5681 1583 5752 Pepercit
1607 5681 1859 5737 dominus

273 5794 300 5830 ι
351 5773 592 5830 Naaman
633 5775 770 5846 Syro
822 5775 931 5842 isti,
973 5785 1035 5829 ut
1081 5791 1186 5830 non
1236 5777 1505 5846 acciperet
1554 5777 1620 5831 ab
1649 5792 1714 5831 eo
1741 5791 1858 5846 quae

279 5886 304 5921 ι
353 5867 549 5922 attulit.
607 5868 750 5924 Vivit
798 5867 1056 5923 Dominus
1106 5869 1229 5938 quia
1285 5885 1500 5924 curram
1546 5877 1665 5942 post
1709 5885 1854 5934 eum,

1961 4681 2077 4726 rata
2114 4671 2399 4742 praesentia
2430 4670 2659 4735 Christi,
2692 4679 2950 4740 tanquam
2987 4670 3353 4728 infructuosas
3380 4673 3543 4727 arbo-

1960 4783 2048 4822 res
2080 4766 2333 4831 caederet,
2375 4764 2504 4833 quia
2534 4765 2600 4819 de
2641 4763 2732 4818 illa
2760 4763 2998 4819 Ioannes
3041 4764 3254 4819 dixerat
3290 4781 3303 4818 :
3351 4783 3368 4814 ‹
3406 4763 3544 4817 Ecce

1959 4857 2168 4912 securis
2193 4857 2260 4912 ad
2287 4855 2528 4911 radicem
2556 4855 2811 4910 arborum
2838 4855 3013 4925 posita
3037 4864 3122 4911 est
3151 4855 3365 4928 (Matth.
3391 4854 3493 4924 ιιι),
3520 4873 3538 4904 ι

1965 4951 2035 5006 ab
2079 4949 2160 5004 eis
2197 4947 2593 5002 interveniente
2630 4947 2884 5017 passione
2926 4962 3126 5017 corpus
3171 4947 3346 5016 ipsum
3388 4943 3544 5000 dese-

1927 5041 1929 5044 ⁴
1961 5043 2090 5108 ruit,
2117 5039 2385 5112 profunda
2420 5040 2718 5103 descendit,
2751 5041 2896 5109 quod
2931 5040 2984 5094 in
3023 5038 3302 5110 sepultura
3332 5036 3544 5106 deposi-

1967 5145 2102 5199 tttm,
2144 5143 2400 5203 tanquam
2435 5133 2502 5186 ad
2531 5133 2895 5198 manubrium,
2928 5131 3122 5202 spiritu
3167 5128 3428 5184 redeunte
3459 5143 3542 5182 re-

1963 5225 2219 5281 surrexit.
2249 5223 2422 5278 Aliter
2465 5243 2477 5277 :
2521 5222 2753 5278 Ferrum
2791 5223 2844 5277 in
2877 5221 3184 5286 manubrio,
3213 5220 3412 5274 donum
3461 5220 3542 5274 in-

1963 5318 2210 5374 tellectus
2246 5318 2297 5372 in
2339 5319 2502 5373 corde
2537 5326 2638 5372 est.
2672 5316 2839 5388 Ligna
2865 5329 2996 5371 vero
3033 5329 3131 5384 per
3169 5315 3272 5368 hoc
3304 5315 3535 5379 caedere,

1962 5415 2047 5463 est
2092 5422 2256 5476 prave
2305 5417 2526 5477 agentes
2578 5406 2884 5476 increpare.
2941 5403 3097 5470 Quod
3150 5419 3537 5473 nonnunquam

1965 5502 2092 5553 dum
2119 5498 2264 5553 ﬁuxe
2297 5499 2495 5569 agitur,
2527 5497 2655 5552 dum
2690 5497 2872 5567 lapsus
2903 5510 3052 5550 vana:
3077 5495 3262 5567 gloriae
3302 5497 3357 5552 in
3387 5512 3541 5554 acce-

1962 5600 2051 5663 pta
2095 5591 2282 5646 eadem
2332 5590 2556 5646 scientia
2608 5603 2716 5643 non
2764 5587 2987 5653 vitatur,
3036 5587 3240 5642 ferrum
3296 5590 3352 5644 in
3401 5606 3538 5662 aqua

1960 5683 2233 5754 perditur,
2275 5682 2400 5752 quia
2448 5695 2514 5733 ex
2553 5678 2812 5734 dissoluto
2854 5693 3018 5748 opere
3069 5679 3420 5752 intelligentia
3461 5683 3542 5738 l‘a-

1962 5784 2162 5830 tuatur.
2198 5775 2368 5841 Quam
2408 5771 2650 5840 profecto
2685 5769 3120 5840 intelligentiam,
3149 5773 3216 5828 ad
3247 5774 3351 5829 hoc
3381 5775 3540 5830 novi-

1961 5884 2081 5924 mus
2106 5868 2256 5933 dari,
2301 5875 2360 5920 ut
2407 5872 2532 5918 ante
2563 5862 2748 5918 dantis
2790 5863 2996 5931 oculos,
3043 5881 3108 5922 ex
3159 5867 3298 5924 bona
3346 5867 3543 5931 debeat
