4044 6336
852 323 883 353 Ο

512 373 614 427 ὄῦἳ

1536 362 1885 420 amomum
1916 357 2370 421 LUXWENM
2406 356 2711 418 "WAG"!

3652 364 3754 422 808

513 485 725 553 actione
740 482 976 541 restitui.
1022 481 1171 539 Unde
1211 488 1356 537 recte
1383 480 1428 536 is
1448 480 1540 551 qui
1565 481 1773 536 ternum
1799 479 2076 545 amiserat,
2104 482 2156 541 Α
2182 485 2484 548 serpentes,
2536 486 2590 531 et
2642 475 2912 547 simplices
2958 484 3016 531 ut
3062 477 3340 532 columbae.
3396 498 3414 529 ι
3450 476 3523 533 Et
3575 479 3755 536 item:

512 576 815 635 clamabat:
836 592 858 625 ι
878 573 1014 638 Heu,
1038 575 1161 639 heu,
1184 574 1308 637 heu,
1331 572 1556 631 Domine
1580 572 1674 636 mi,
1701 579 1757 627 et
1774 572 1880 626 hoc
1906 571 2079 641 ipsum

514 676 701 725 mutuo
728 679 1061 735 acceperam.
1096 683 1119 715 ο
1179 663 1389 721 Habent
1429 663 1574 719 enim
1620 662 1725 717 boc
1764 661 1919 717 electi
1956 676 2079 732 pro-

504 760 724 833 prium,
762 757 808 811 si
848 755 1063 826 quando
1096 755 1179 811 eis
1222 755 1277 809 iu
1310 770 1407 810 sua
1441 754 1666 809 scientia
1712 753 1909 808 furtive
1933 766 2085 807 vuum

518 853 699 925 gloriae
739 849 898 920 culpa
934 848 1202 919 subrepit,
1239 846 1308 903 ad
1335 847 1717 903 corveloeiter
1744 846 1973 925 redeunt
1986 862 2002 898 :
2030 850 2086 899 et

519 943 778 1015 quidquid
810 941 869 997 in
908 956 970 997 se
1000 948 1127 995 ante
1154 940 1384 997 districti
1414 939 1613 1010 judicis
1648 938 1833 994 oculos
1865 939 2087 995 damna-

521 1036 628 1093 bile
674 1034 975 1099 inveniunt,
1014 1033 1277 1104 lacrymis
1328 1033 1702 1101 insequuntur.
1757 1029 1858 1096 Qui
1900 1028 2088 1083 ﬂentes

522 1143 629 1185 non
655 1125 825 1183 solum
848 1132 1003 1183 caute
1028 1123 1341 1195 inspiciunt,
1367 1138 1486 1192 qua:
1509 1121 1650 1177 mala
1678 1120 2089 1185 comuiiserunt,

527 1215 620 1273 sed
661 1230 728 1271 ex
767 1222 989 1285 accepto
1033 1229 1256 1268 muneze
1305 1228 1424 1282 qua:
1475 1213 1699 1268 reddere
1742 1212 1904 1267 etiam
1949 1211 2088 1266 bona

527 1308 824 1365 debuerunt
851 1324 865 1359 :
900 1306 993 1376 qui
1019 1306 1273 1362 nimirum
1302 1314 1454 1360 tanto
1484 1321 1541 1360 se
1566 1305 1801 1376 amplius
1838 1312 2089 1375 peccato-

528 1414 614 1454 res
651 1398 909 1465 sentiunt,
938 1406 1144 1469 quanto
1174 1412 1241 1450 ex
1284 1396 1542 1468 neglectis
1580 1397 1734 1452 bonis
1775 1411 1895 1466 quae
1932 1409 2092 1466 agere

524 1499 774 1565 poterant
809 1492 1078 1549 debitores
1111 1499 1378 1549 tenentur.
1414 1491 1575 1544 [tecte
1613 1505 1743 1559 ergo
1770 1489 1861 1558 qui
1890 1488 2095 1545 ferrum

527 1584 789 1656 perdidit,
835 1583 1036 1641 clamat
1067 1600 1080 1637 :
1114 1602 1136 1635 ι
1164 1582 1300 1647 llett,
1347 1583 1472 1647 bcu,
1516 1582 1649 1646 heu,
1690 1590 1745 1637 et
1778 1582 1880 1636 hoc
1918 1581 2095 1649 ipsum

420 1716 439 1737 ,
530 1683 710 1729 mutuo
744 1687 1078 1742 acceperam.
1119 1693 1138 1725 ι
1169 1674 1245 1727 Ac
1275 1671 1321 1726 si
1346 1672 1489 1727 dicat
1514 1690 1528 1725 :
1558 1671 1697 1727 lllud
1726 1687 1824 1741 per
1861 1669 2093 1727 dissolu-

531 1764 727 1819 tionem
761 1762 1097 1834 negligentiae
1112 1744 1354 1833 perdidi,
1380 1762 1522 1833 quod
1553 1771 1609 1819 ut
1638 1777 1733 1832 per
1758 1763 1899 1819 bona
1929 1777 2093 1831 opera

2187 584 2206 617 ι
2241 567 2436 622 Cavete
2464 574 2645 623 autem
2667 567 2735 621 ab
2768 564 3306 637 hominibus(_Haﬂh.
3330 566 3409 637 ι).
3444 588 3463 620 ι
3491 568 3559 623 Et
3588 568 3752 623 alibi:

2189 674 2207 709 ι
2241 656 2536 720 Attendite,
2582 656 2677 720 ait,
2722 670 2753 710 a
2800 654 2950 710 falsis
2978 656 3259 726 prophetis
3300 657 3519 728 (Manli.
3569 660 3695 729 γη).
3730 678 3751 711 ι

2182 744 2296 801 Hoc
2352 746 2550 816 quippe
2601 760 2899 814 agitemus
2948 746 3215 801 mundana
3256 749 3523 816 potentia,
3578 750 3754 818 ipsum

2183 836 2499 907 prophetam
2540 835 2848 891 interﬁcere
2894 836 3163 907 disponit,
3204 852 3326 891 cum
3366 836 3651 893 Christum

2186 929 2435 985 cordibus
2455 928 2749 983 electorum
2772 929 3121 999 exstinguere
3150 928 3450 985 festinavit.

2261 1039 2281 1072 ι
2326 1020 2469 1075 Misit
2492 1034 2622 1091 ergo
2660 1019 2788 1075 illuc
2832 1035 2925 1074 rex
2962 1019 3136 1092 Syrias
3183 1035 3351 1090 quos
3382 1029 3443 1075 et
3468 1035 3670 1075 currus
3706 1032 3763 1078 et

2193 1128 2213 1164 ι
2254 1112 2419 1169 robur
2459 1110 2749 1167 exercitus.
2804 1110 2905 1177 Qui
2942 1126 3065 1165 cum
3104 1110 3381 1167 venissent
3418 1122 3605 1176 nocte,
3654 1112 3761 1168 uir.

2194 1220 2214 1253 ι
2258 1201 2650 1259 cumdederunt
2677 1202 2970 1257 civitatem.
3008 1221 3028 1255 ι
3058 1200 3249 1257 Omnis
3272 1217 3405 1273 ergo
3432 1204 3527 1274 qui
3560 1203 3757 1275 nequi-

2191 1293 2278 1348 tia:
2304 1295 2472 1348 armis
2508 1292 2801 1356 conﬁdens,
2826 1292 3026 1348 Christi
3062 1293 3283 1349 famulis
3336 1294 3567 1349 insidias
3621 1308 3763 1365 pr:-

2192 1391 2383 1454 parat,
2427 1396 2585 1441 nocte
2634 1383 2872 1457 perﬁdia
2912 1392 3261 1449 excaecatus,
3313 1384 3511 1441 bellum
3568 1394 3763 1440 contra
3828 1440 3839 1451 ,

2192 1472 2487 1531 Ecclesium
2517 1474 2675 1543 gerit.

2267 1586 2289 1619 ι
2331 1567 2671 1637 Consurgens
2711 1575 2892 1622 autem
2935 1566 3191 1633 diluculo,
3232 1567 3480 1623 uitiister
3521 1567 3629 1622 viri
3676 1568 3767 1622 Dei

2201 1679 2218 1713 ι
2263 1674 2512 1730 egressus
2536 1668 2640 1713 est.
2672 1657 2923 1729 Viditque
2940 1659 3243 1715 exercitum
3282 1661 3339 1714 in
3377 1661 3617 1715 circuitu
3638 1661 3771 1714 civi-

2203 1772 2223 1807 ι
2270 1753 2398 1809 tatis
2426 1762 2481 1808 et
2502 1767 2672 1822 equos
2696 1762 2751 1807 et
2776 1768 2992 1808 caretis.
3028 1752 3413 1823 Nuntiavitqle
3438 1755 3510 1818 ei,
3536 1754 3767 1809 dicens:

532 1856 808 1913 redderem
838 1871 903 1911 ex
931 1855 1102 1927 gratia
1139 1854 1421 1909 creditoris
1450 1853 1652 1921 accepi.
1687 1851 1791 1908 Sed
1820 1867 2095 1921 nunquam
2122 1841 2170 1902 Β
2202 1862 2221 1894 ι
2260 1841 2395 1906 Heu,
2425 1843 2549 1907 ben,
2582 1841 2799 1897 dominae
2830 1842 2923 1907 mi,
2950 1842 3080 1912 quid
3114 1841 3382 1899 hamus?
3420 1862 3441 1895 ι
3489 1842 3621 1899 Βίας
3648 1858 3765 1897 δεη-

532 1946 673 2001 Deus
717 1955 949 2001 mentem
989 1946 1208 2011 deserit,
1241 1960 1359 2015 quas
1394 1945 1448 1999 in
1484 1945 1720 2013 peccatis
1748 1958 1807 1998 se
1833 1943 2099 1997 veraciter

532 2042 790 2112 agnoscit.
843 2060 861 2095 ι
909 2041 1058 2097 Unde
1104 2050 1159 2096 et
1197 2032 1318 2096 mox
1364 2040 1587 2097 Elisreus
1625 2041 1869 2105 veniens,
1892 2040 2097 2111 lignum

533 2133 782 2189 deorsum
823 2133 1001 2198 misit,
1043 2143 1099 2189 et
1138 2134 1341 2189 terram
1376 2135 1430 2189 in
1460 2134 1797 2205 superﬁciem
1838 2133 2036 2187 attulit.
2074 2152 2094 2185 ι

537 2222 670 2289 Quia
700 2224 948 2280 videlicet
974 2224 1304 2295 Redemptor
1329 2233 1514 2281 noster
1538 2224 1626 2295 pie
1656 2240 1755 2280 nos
1783 2224 2099 2295 respiciens,

533 2331 625 2370 cor
653 2316 948 2385 peccatoris
994 2312 1262 2382 liumiliat,
1293 2325 1343 2371 et
1366 2332 1485 2372 eam
1512 2332 1673 2385 quam
1711 2315 1984 2380 amiserat,
2014 2315 2102 2373 in-

537 2405 882 2475 telligentiam
931 2406 1207 2463 reformat.
1253 2406 1481 2476 Lignum
1512 2406 1676 2475 erigit
1719 2415 1774 2463 et
1800 2405 2002 2462 ferrum
2046 2406 2105 2461 in

535 2497 869 2564 superficiem
899 2496 1095 2561 attulit,
1119 2497 1244 2567 quia
1273 2497 1864 2569 videlicetlledemptor
1893 2507 2098 2567 noster,

535 2594 589 2640 et
617 2587 893 2641 scientiam
916 2596 1221 2657 reparat,et
1250 2603 1343 2643 cer
1355 2587 1553 2643 elattnn
1578 2591 1631 2643 in
1656 2589 1978 2659 cogitatione
2006 2590 2104 2643 hu-

536 2678 726 2735 tniliat.
792 2678 948 2735 Unde
1012 2680 1147 2737 bene
1194 2681 1246 2736 in
1296 2681 1398 2737 alia
1446 2681 1801 2739 translatione
1860 2682 2100 2739 dicitur:

543 2790 560 2823 ι
582 2770 735 2839 Quod
762 2770 1023 2843 confregit
1047 2773 1247 2843 lignum
1270 2783 1437 2845 atque
1455 2774 1697 2844 iactavit,
1726 2784 1782 2830 et
1802 2775 1882 2831 sic
1902 2774 2103 2831 ferrum

538 2862 775 2918 sustulit.
806 2883 825 2915 ι
875 2863 1099 2937 Liguum
1136 2882 1367 2938 namque
1405 2867 1745 2938 confringere
1773 2875 1858 2923 est
1916 2882 2011 2922 cor
2034 2865 2107 2920 ab

539 2955 771 3011 elatione
796 2965 1094 3013 conterere.
1128 2957 1354 3031 Lignum
1384 2960 1450 3014 ad
1483 2960 1586 3015 ima
1621 2959 1831 3029 jactare
1864 2967 1947 3015 est
1990 2958 2106 3013 ele-

537 3058 721 3105 vatum
748 3066 842 3105 cor
876 3052 927 3106 in
958 3054 1263 3123 cognitione
1291 3054 1371 3126 (ut
1394 3052 1651 3125 diximus)
1684 3053 1911 3124 propriae
1950 3052 2107 3111 inﬁr-

542 3140 744 3196 mitatis
774 3141 1078 3199 humiliore.
1128 3149 1304 3214 Atque
1352 3145 1500 3201 illico
1546 3145 1749 3199 ferrum
1774 3145 1844 3199 ad
1880 3144 2109 3214 superﬁ-

2202 1932 2367 1989 teutia
2410 1932 2629 1987 denotat
2680 1931 2801 1987 illos
2844 1933 2940 2003 qui
2984 1943 3203 2002 propter
3262 1933 3771 2003 pusillanimitatem

2201 2025 2380 2081 cordis
2412 2024 2515 2088 sui,
2543 2039 2732 2094 pinnas
2759 2032 3014 2081 vereatur
3035 2023 3367 2093 corporales,
3402 2023 3604 2093 quit-ts
3644 2039 3774 2093 pro-

2198 2119 2362 2189 pheta
2395 2117 2709 2187 respondit:
2746 2134 2768 2167 ι
2804 2114 2923 2170 Noli
2964 2116 3174 2180 timere,
3200 2115 3383 2185 plures
3416 2116 3561 2169 enim
3588 2117 3777 2171 nobis-

2207 2229 2226 2263 ι
2270 2224 2394 2265 cum
2426 2218 2551 2264 sunt
2588 2222 2750 2278 quam
2796 2221 2919 2265 cum
2966 2206 3072 2261 illis
3100 2206 3186 2277 (ΙΙ
3237 2204 3363 2260 Par.
3406 2210 3606 2276 xxxii).
3640 2226 3662 2260 ι
3708 2207 3777 2260 Et

2203 2298 2450 2354 Salvator
2474 2297 2747 2368 discipulis
2776 2298 2887 2354 ait:
2922 2315 2941 2348 ι
2970 2297 3027 2353 ln
3066 2297 3271 2353 mundo
3316 2312 3632 2367 pressuram
3678 2299 3778 2352 hu-

2200 2388 2415 2453 bebitis,
2438 2387 2532 2443 sed
2561 2387 2833 2453 conﬁdite,
2864 2387 2987 2456 quia
3016 2400 3119 2456 ego
3146 2386 3249 2441 vici
3276 2387 3537 2441 mundum
3584 2386 3771 2457 μου.

2202 2481 2358 2547 xvu).
2395 2496 2415 2530 ι
2446 2476 2513 2531 Et
2554 2476 2685 2531 item
2715 2494 2728 2530 :
2763 2496 2782 2527 ι
2833 2476 3009 2533 Nolite
3052 2477 3246 2531 timere
3288 2491 3407 2540 eos,
3458 2477 3659 2545 inquit,
3682 2476 3775 2546 qui

2203 2568 2456 2625 occidunt
2481 2581 2698 2637 corpus,
2742 2574 2798 2623 et
2839 2577 2963 2637 post
2989 2560 3241 2632 listened
3290 2567 3495 2625 labent
3514 2567 3651 2636 quid
3686 2565 3777 2622 {a-

2203 2661 2350 2716 ciant
2387 2660 2540 2719 vobis
2578 2678 2592 2712 :
2622 2660 2751 2731 quin
2778 2661 2962 2730 potius
2992 2674 3114 2717 eum
3136 2660 3356 2725 timete,
3384 2661 3476 2730 qui
3520 2668 3703 2730 potest
3718 2670 3778 2715 et

2203 2753 2438 2811 anmiatn
2459 2760 2514 2806 et
2533 2766 2728 2822 corpus
2750 2752 2976 2823 perdere
3000 2751 3055 2805 in
3074 2752 3375 2822 gehennam
3400 2751 3618 2823 (Matth.
3636 2760 3717 2824 x),
3752 2774 3773 2805 ι

2205 2851 2259 2896 et
2282 2840 2442 2895 Petro
2470 2840 2798 2897 Dominnsin
2828 2840 3080 2911 passione
3106 2854 3200 2895 sua
3246 2841 3366 2895 ait:
3418 2859 3438 2891 ι
3488 2842 3572 2896 An
3616 2850 3782 2911 putas

2204 2937 2331 3006 quia
2353 2949 2458 2989 non
2486 2948 2701 3004 possum
2729 2948 2917 3004 rogare
2953 2931 3169 2987 Patrem
3197 2947 3397 2998 meum,
3422 2940 3481 2989 et
3502 2934 3785 2989 exhibebit

2206 3028 2337 3082 mibi
2361 3026 2477 3097 plus
2501 3040 2664 3096 quam
2701 3024 2984 3081 duodecim
3011 3024 3249 3095 legiones
3272 3024 3622 3095 angelorum?
3644 3045 3665 3081 ι

2284 3138 2303 3170 ι
2351 3118 2593 3188 Cumque
2645 3124 2855 3173 orasset
2896 3116 3136 3180 Eliszeue,
3168 3117 3287 3171 ait:
3326 3119 3581 3182 Domine,
3630 3119 3782 3188 aperi

539 3234 675 3289 ciem
708 3224 866 3303 redit,
896 3236 1019 3304 quia
1044 3236 1125 3292 ad
1140 3210 1293 3291 usum
1323 3236 1723 3293 exercitationis
1752 3210 1995 3305 pristina:
2023 3237 2109 3290 in-
2132 3217 2179 3279 ί)
2215 3231 2233 3265 ⁸
2278 3211 2461 3267 Oculos
2506 3211 2661 3282 huius
2685 3220 2743 3265 υι
2779 3210 2974 3267 “de”
3009 3211 3076 3266 Et
3101 3211 3313 3282 apem“
3336 3212 3615 3305 ,Dmiws
3653 3228 3785 3267 θίν’

542 3324 843 3397 telligentiae
886 3326 1132 3382 recurrit.
1186 3328 1351 3397 Igitur
1379 3327 1632 3395 quoniam
1662 3325 1863 3381 όοιιιιιιι
1890 3327 2102 3383 intelle-

541 3425 660 3471 ctus
686 3417 827 3485 quod
864 3417 1145 3486 accipitur,
1186 3417 1273 3471 vix
1313 3431 1435 3473 cum
1472 3423 1554 3471 tot
1588 3415 1984 3473 diﬁicultatibus
2015 3433 2111 3472 cu-

541 3505 796 3571 stoditur,
828 3506 1123 3563 curandum
1163 3505 1316 3567 valde
1354 3515 1468 3570 est,
1508 3522 1576 3561 ne
1604 3508 1716 3563 otio
1746 3516 1976 3577 torpeat,
2017 3524 2111 3562 cu-

541 3598 763 3653 randum
812 3614 876 3653 ne
916 3597 1224 3657 incitatione
1264 3597 1442 3667 operis
1473 3598 1602 3651 vitio
1642 3598 1890 3654 elationis
1918 3614 2111 3654 evane-

543 3701 675 3747 scat.
733 3690 915 3745 Sancti
970 3701 1201 3759 uanique
1242 3688 1342 3743 viri
1388 3688 1610 3743 minime
1656 3689 1949 3755 exsultant,
1986 3705 2111 3746 cum

541 3792 872 3856 cognoscunt
898 3798 1016 3851 quae
1045 3780 1273 3841 faciunt.
1320 3782 1424 3838 Sed
1470 3799 1590 3838 cum
1634 3784 1834 3839 faciunt
1863 3801 1985 3855 qua:
2016 3801 2112 3843 co-

542 3881 877 3949 gnoverunt,
939 3873 1038 3927 etsi
1094 3873 1435 3945 intelligendo
1522 3875 1721 3946 largius
1771 3878 2113 3948 congaudent

543 3983 573 4021 a
609 3980 830 4021 munere
864 3964 1166 4036 largitoris,
1209 3977 1499 4025 maerentes
1542 3976 1721 4027 tamen
1769 3971 2115 4026 considerant

545 4058 781 4112 debitum
839 4058 1017 4130 operis
1060 4077 1075 4112 :
1124 4069 1182 4117 ut
1225 4060 1475 4117 videlicet
1526 4062 1737 4117 actione
1776 4062 2111 4131 persolvant,

544 4149 683 4219 quod
736 4150 814 4207 eis
857 4160 1216 4227 prazrogatum
1265 4162 1350 4206 est
1398 4153 1453 4211 in
1501 4153 1828 4223 cognitione.
1906 4152 2115 4209 Stultus

543 4255 774 4310 namque
813 4249 897 4297 est
930 4241 1162 4307 debitor,
1203 4243 1295 4313 qui
1335 4244 1573 4313 gaudens
1612 4245 1870 4313 pecunias
1899 4254 2116 4301 mutuas

544 4332 759 4401 accipit,
788 4341 843 4388 et
872 4345 1080 4402 tempus
1108 4350 1214 4403 qun
1254 4335 1475 4393 reddere
1510 4335 1703 4391 debeat
1726 4350 1833 4391 non
1863 4336 2114 4393 attendit.

546 4422 849 4479 Moderatur
882 4434 1062 4483 autem
1106 4425 1290 4483 laetitia
1329 4426 1651 4496 accipiendi,
1680 4428 1896 4496 quando
1931 4428 2115 4485 solerti

544 4515 883 4585 providentia
910 4517 1071 4573 etiam
1106 4516 1457 4575 constitutum
1489 4524 1699 4587 tempus
1734 4518 1988 4575 reddendi
2019 4535 2114 4577 co-

547 4607 764 4677 gitatur.

594 4702 640 4748 ἰ
675 4696 786 4752 Rex
855 4705 1033 4753 autem
1095 4696 1262 4770 Syria:
1320 4700 1595 4773 pugnabat
1660 4710 1846 4757 contra
1906 4702 2111 4769 Israel,

552 4809 570 4842 ι
615 4790 1005 4861 consiliumque
1032 4791 1149 4851 iniit
1171 4806 1291 4847 cmn
1313 4793 1483 4848 servis
1509 4793 1639 4860 suis,
1665 4796 1849 4853 dicens
1875 4815 1888 4852 :
1914 4795 1975 4853 ln
1995 4798 2113 4852 loco

553 4900 570 4933 ι
615 4878 705 4939 illo
735 4893 788 4939 et
822 4883 912 4941 illo
941 4900 1203 4954 ponamus
1224 4885 1466 4945 insidias.
1504 4886 1647 4941 Misit
1688 4890 1868 4958 itaque
1907 4889 1991 4945 vir
2018 4890 2113 4945 Dei

553 4998 571 5030 ι
618 4980 685 5035 ad
703 4995 880 5051 regem
900 4978 1064 5035 Israel
1086 4980 1301 5037 dicens:
1318 4980 1462 5037 Cave
1485 4999 1552 5037 ne
1576 4992 1822 5039 transeas
1850 4985 1903 5039 in
1930 4984 2111 5041 locum

552 5089 571 5122 ι
614 5069 785 5137 illum,
820 5070 944 5140 quia
993 5069 1066 5125 ibi
1097 5071 1221 5151 Syri,
1248 5073 1302 5126 in
1342 5072 1550 5127 insidiis
1572 5082 1715 5127 sunt.
1749 5071 1894 5127 Misit
1928 5073 2114 5143 itaque

552 5179 572 5211 ι
624 5176 716 5215 rex
762 5159 921 5217 Israel
964 5162 1032 5217 ad
1062 5161 1234 5217 locum
1262 5179 1421 5235 quem
1452 5163 1663 5217 dixerat
1705 5164 1756 5218 ei
1798 5165 1879 5218 vir
1908 5163 2019 5227 Dei,
2062 5174 2117 5220 et

555 5269 573 5299 ι
616 5253 1010 5324 prazoccupavit
1038 5268 1187 5319 cuin,
1226 5262 1283 5307 et
1322 5253 1710 5308 observavitse
1749 5254 1843 5319 ibi,
1884 5274 1902 5305 ι
1943 5265 1999 5310 et
2024 5273 2112 5311 re-

552 5342 716 5414 liqua.
744 5343 913 5413 Quem
953 5346 1335 5418 congruentius
1360 5346 1447 5403 bic
1473 5361 1563 5401 rex
1596 5345 1789 5416 Syriae,
1816 5362 1977 5417 quam
2012 5364 2110 5418 po-

553 5442 800 5490 testatem
854 5437 1124 5507 signiﬁcat
1171 5438 1476 5492 terrenam?
1522 5454 1643 5508 quae
1693 5452 1834 5507 saepe
1886 5439 2111 5508 superbe

552 5527 791 5582 sentiens
804 5527 1056 5598 pupulum
1079 5528 1201 5591 Dei,
1221 5528 1324 5585 hoc
1336 5538 1420 5583 est
1440 5529 1580 5585 ﬁlios
1597 5528 1734 5584 lucis
1754 5532 2112 5600 persequitur,

554 5619 647 5675 sed
697 5618 795 5689 ipsi
825 5633 921 5689 per
966 5620 1075 5674 veri
1122 5618 1320 5684 Elisaai,
1369 5619 1575 5677 Domini
1626 5621 1875 5676 videlicet
1924 5623 2114 5688 nostri,

554 5711 852 5765 doctrinam
878 5712 1098 5768 insidias
1121 5713 1458 5769 inimicorum
1480 5730 1782 5784 praecavere
1805 5715 2113 5769 edocentur.

558 5804 629 5869 Ut
673 5814 756 5861 est
804 5804 929 5861 illud
984 5825 996 5859 :
1050 5826 1067 5858 ι
1124 5807 1330 5873 Estote,
1385 5808 1578 5879 inquit,
1640 5807 1932 5878 prudentes
1980 5807 2119 5863 sicut

2139 4583 2197 4646 Ι)

2215 3325 2234 3358 ι
2279 3306 2359 3361 los
2380 3305 2630 3376 pueri,’et
2659 3304 2792 3359 vidit
2823 3321 2836 3358 :
2866 3312 2924 3359 et
2955 3319 3086 3361 ecce
3118 3319 3273 3361 mons
3299 3304 3487 3375 plenus
3514 3320 3781 3375 equom

2214 3416 2233 3447 ι
2277 3405 2333 3452 et
2355 3411 2608 3451 curruum
2631 3395 2908 3466 igneorum
2931 3394 2985 3449 in
3006 3394 3232 3464 circuitu
3258 3395 3453 3451 Eliswi.
3484 3415 3504 3449 ι
3538 3396 3609 3451 Et
3628 3397 3787 3451 valde

2210 3501 2431 3549 necesse
2462 3495 2545 3541 est
2576 3495 2635 3541 ut
2656 3485 2883 3541 Elisaius
2908 3493 3090 3541 noster
3130 3485 3338 3557 aperiat
3362 3485 3553 3541 oculos
3598 3487 3784 3542 cordis

2211 3580 2401 3647 nostri,
2432 3588 2489 3632 ut
2513 3579 2916 3633 consideremus
2963 3585 3017 3631 et
3041 3591 3410 3647 agnoscamus,
3438 3577 3567 3647 quia
3588 3593 3785 3634 ontues

2212 3677 2303 3751 qui
2338 3674 2613 3731 conﬁdunt
2643 3675 2697 3729 in
2720 3673 2894 3741 illum,
2923 3688 3028 3729 non
3054 3672 3447 3729 confundentur
3464 3666 3584 3741 (Ps.
3605 3670 3777 3741 xxiv).

2286 3808 2308 3841 ι
2348 3789 2516 3845 Porro
2552 3788 2775 3844 Eliscus
2798 3788 2979 3843 oravit
3012 3788 3328 3851 Dominum,
3368 3787 3557 3843 dicens
3594 3801 3610 3841 :
3654 3786 3788 3841 Per-

2220 3903 2243 3935 ι
2283 3890 2427 3947 cute,
2454 3883 2709 3947 obsecro,
2731 3889 2943 3953 gentem
2982 3882 3121 3936 hanc
3173 3882 3434 3936 excitate.
3481 3880 3790 3937 Percussit—

2220 3994 2238 4026 ι
2283 3988 2388 4044 que
2415 3988 2508 4029 eos
2536 3973 2797 4028 Dominus
2823 3988 2892 4027 ne
2930 3973 3173 4027 viderent
3203 3972 3357 4043 juxta
3406 3973 3631 4027 verbum
3680 3972 3791 4026 Eli-

2220 4084 2239 4116 ι
2284 4066 2398 4122 εδει.
2446 4086 2464 4119 ι
2500 4064 2706 4120 Βοιιιιιιι
2750 4078 2881 4133 ergo
2920 4063 3025 4118 illis
3065 4073 3182 4127 est,
3229 4076 3364 4133 quos
3413 4062 3605 4117 oculus
3650 4077 3789 4117 suus

2214 4159 2582 4225 scandalizat,
2643 4169 2704 4213 ut
2776 4166 2999 4213 eruatur
3064 4165 3120 4212 et
3189 4156 3502 4227 proﬁciatur
3565 4157 3634 4212 ab
3680 4142 3790 4210 ‘eis

2215 4250 2431 4320 (Matth.
2464 4250 2542 4321 v),
2586 4257 2855 4319 quatenus
2884 4249 3109 4303 intuitus
3158 4249 3379 4302 malitiae
3416 4258 3473 4302 et
3522 4249 3791 4319 superbiae

2215 4341 2517 4405 obturetur,
2539 4350 2595 4395 et
2616 4340 2805 4395 oculos
2824 4352 2971 4393 suum
2993 4338 3114 4393 ﬁdei
3142 4353 3208 4392 ac
3254 4338 3619 4408 simplicitatis
3659 4352 3786 4407 ape—

2216 4430 2406 4487 riatur.
2446 4428 2600 4485 Unde
2624 4429 2755 4485 dicit
2793 4427 3084 4499 Apostolus
3115 4446 3129 4482 :
3162 4447 3179 4480 ι
3214 4428 3275 4483 Si
3328 4429 3451 4498 quis
3492 4429 3638 4482 inter
3690 4440 3788 4483 vos

2216 4521 2431 4577 videtur
2459 4521 2675 4592 sapiens
2718 4534 2861 4586 esse,
2910 4520 3105 4576 stultus
3142 4520 3241 4575 list
3284 4527 3349 4575 ut
3372 4519 3447 4574 sit
3470 4520 3726 4590 sapiens.
3762 4538 3783 4571 ι

2222 4611 2272 4685 (1
2295 4611 2419 4668 Cor.
2444 4612 2554 4684 ut.)
3479 4660 3494 4674 .

2292 4724 2310 4756 ι
2356 4703 2605 4772 Dixitque
2639 4716 2735 4758 rex
2768 4701 2935 4758 Israel
2980 4701 3048 4757 ad
3090 4701 3343 4757 Elissam
3385 4714 3511 4759 eum
3557 4700 3787 4755 vicisset

2223 4817 2243 4851 ι
2286 4796 2697 4867 oes:Nunquid
2742 4795 3043 4866 percutiam
3070 4810 3184 4860 eos,
3230 4804 3386 4864 pater
3428 4794 3539 4848 mi?
3584 4793 3655 4848 Et
3700 4792 3793 4847 ille

2223 4911 2241 4943 ι
2287 4890 2361 4946 ait
2385 4907 2398 4943 :
2432 4889 2546 4945 Non
2573 4888 2860 4959 percuties.
2890 4886 3073 4957 Neque
3092 4886 3237 4941 extim
3262 4885 3449 4955 cepisti
3470 4883 3786 4954 eusgladio,

2224 5002 2243 5035 ι
2290 4990 2385 5039 aut
2424 4996 2550 5037 arcu
2601 4989 2693 5037 tuo
2732 4988 2793 5035 ut
2820 4979 3109 5048 percutias.
3158 4975 3265 5032 Sed
3312 4989 3452 5047 pone
3490 4988 3688 5043 panem
3738 4982 3795 5028 et

2230 5093 2248 5127 ι
2291 5088 2485 5143 aquam
2514 5086 2696 5128 coram
2722 5072 2822 5137 eis,
2853 5078 2913 5125 ut
2938 5070 3224 5125 comedunt
3266 5077 3323 5122 et
3354 5068 3560 5131 bibant,
3598 5074 3659 5121 et
3699 5080 3796 5117 va-

2229 5186 2248 5218 ι
2292 5165 2423 5219 dant
2463 5164 2528 5219 ad
2573 5164 2791 5219 domum
2832 5178 3009 5225 suam,
3062 5180 3082 5214 ι
3118 5171 3174 5215 et
3220 5159 3448 5228 reliqua.
3496 5157 3791 5226 Postquam

2221 5256 2611 5329 ergo‘Elisaaus
2656 5256 2838 5310 hostes
2870 5252 3092 5309 adduxit
3138 5252 3192 5306 in
3241 5251 3506 5315 Samaria,
3552 5264 3658 5303 non
3700 5263 3797 5304 eos

2222 5350 2393 5406 occidi
2423 5349 2690 5419 permisit,
2734 5349 2827 5403 sed
2876 5346 3222 5401 refectionem
3264 5358 3521 5414 magnam
3548 5343 3793 5401 ciborum

2223 5443 2327 5501 illis
2354 5455 2686 5513 praeparans,
2712 5439 2918 5499 dimisit
2940 5454 3034 5493 eos
3062 5439 3119 5492 in
3153 5452 3303 5508 pare.
3350 5437 3417 5490 Et
3446 5436 3672 5491 Saulum
3703 5438 3795 5491 diu

2222 5518 2409 5588 contra
2462 5529 2737 5584 stimulum
2805 5529 3174 5584 calcitrantem
3218 5529 3469 5597 primum
3536 5528 3799 5582 Dominus

2224 5621 2538 5681 excaecavit,
2572 5619 2765 5675 deinde
2806 5620 3031 5675 scientia
3068 5620 3333 5690 spirituali
3383 5618 3668 5689 magniﬁce
3708 5633 3817 5672 re--

2224 5713 2410 5784 plevit,
2451 5721 2611 5782 atque
2654 5711 2720 5765 ad
2761 5712 3158 5780 przedicandum
3193 5710 3306 5767 suis
3350 5709 3699 5780 Evangelium
3744 5711 3797 5761 in

2226 5804 2473 5877 gentibus
2528 5802 2726 5858 direxit
2765 5801 2902 5875 (Act.
2950 5803 3048 5875 ix).
3082 5799 3352 5871 Notusque
3392 5799 3671 5871 pmcepit,
3716 5798 3793 5852 ita
