4044 6336
1117 418 1372 480 ENARR.
1411 417 1480 476 IN
1513 414 1764 475 LIBROS
1803 414 2079 475 REGUM.
2113 446 2182 458 —-
2205 414 2285 474 IN
2321 413 2450 474 ΜΒ.
2492 415 2582 474 IV.

3345 419 3452 476 510

170 544 382 600 dicens
415 560 426 595 :
457 561 476 593 ‹
511 541 725 614 Diligite
749 539 994 596 inimicos
1034 546 1240 594 vestros
1267 548 1322 590 et
1343 534 1646 590 benefacite
1688 534 1771 587 his
1797 533 1846 592 Α
1874 530 2140 599 gentibus.
2181 530 2249 588 Et
2277 530 2568 601 vimpletum
2595 537 2690 586 est
2721 528 2847 586 illud
2871 517 3194 584 raticinium
3240 527 3394 584 Isaia
3437 545 3453 583 :

169 634 284 704 qui
319 633 553 689 oderunt
595 647 713 696 vos,
749 639 817 685 .ut
864 629 985 685 sitis
1036 628 1130 684 filii
1178 627 1356 682 Patris
1389 625 1560 680 vestri
1591 625 1684 694 qui
1717 624 1773 678 in

170 726 352 784 colis
373 736 469 784 est
499 725 711 799 (Μαηή.
744 725 819 797 v).
870 744 887 774 ι

261 837 286 872 α
334 818 674 874 Faetumest
713 824 895 872 autem
933 823 1055 885 post
1093 815 1208 869 hac
1231 811 1578 884 congregavit
1595 810 1772 866 Bena-

178 929 202 961 ¢
255 908 370 964 dab
415 925 510 964 rex
569 907 741 980 Syria
791 908 1100 962 universum
1152 905 1452 959 exercitum
1490 918 1678 967 suum,
1719 909 1774 964 et

177 1022 199 1052 ι
254 997 1187 1066 ascenditetpbsidebatSamariam
1199 1039 1214 1064 ,
1229 998 1481 1066 factaque
1501 1004 1585 1050 est
1599 994 1774 1052 fames

177 1117 198 1147 ι
253 1111 462 1167 magna
481 1095 549 1154 ἀι]
569 1092 846 1160 Samaria,
879 1113 904 1146 ι
945 1104 1050 1150 etc.
1091 1091 1593 1160 NarratSeriptura
1629 1089 1774 1160 quod

167 1186 449 1244 Benadab
478 1202 572 1244 rex
604 1184 776 1258 Syriae
812 1184 1082 1243 obsideret
1127 1184 1433 1245 Samariam
1473 1185 1652 1238 :'f'acta
1681 1198 1774 1236 au-

171 1283 298 1331 tem
333 1274 503 1350 fame,
557 1275 786 1338 afﬂictus
820 1285 905 1334 est
931 1274 1157 1345 pepulus
1195 1275 1371 1340 valde,
1415 1275 1510 1330 sed
1547 1274 1773 1330 Domino

169 1368 510 1432 miserante,
545 1367 850 1426 revelatum
879 1374 959 1422 est
989 1365 1181 1424 Elisao
1207 1364 1431 1424 verbum
1447 1364 1688 1430 Domini,
1719 1373 1773 1418 et

168 1459 444 1530 praedixit
471 1459 668 1529 populo
711 1458 901 1516 solatia
930 1466 1180 1521 ventura,
1213 1457 1284 1512 ita
1317 1457 1500 1520 dicens
1532 1474 1544 1510 :
1582 1477 1600 1506 ι
1650 1455 1773 1516 Haec

170 1549 316 1603 dicit
349 1549 631 1604 Dominus.
670 1568 688 1601 ι

790 1684 1016 1741 CAPUT
1059 1683 1162 1739 VII.

255 1841 278 1872 ι
321 1820 382 1875 In
410 1829 648 1890 tempore
671 1820 773 1890 hoc
803 1835 926 1880 cras
970 1818 1181 1884 modius
1203 1818 1412 1885 simila,
1444 1833 1552 1874 uno
1573 1825 1772 1874 statere

1875 636 1902 670 .‹
1935 619 2069 685 Quia
2105 621 2290 678 scissa
2320 631 2445 682 sunt
2483 621 2534 676 in
2559 621 2771 676 deserto
2791 635 2966 689 aqua,
3003 629 3057 678 et
3103 628 3372 675 torrentes
3401 623 3453 676 in

1873 710 2180 776 solitudine,
2211 722 2266 768 et
2296 728 2416 783 qua
2445 722 2564 768 erat
2588 713 2738 770 arida
2761 714 2812 767 in
2855 721 3128 786 stagnum,
3163 722 3219 767 et
3263 714 3456 770 sitiens

1875 808 1930 862 in
1953 807 2128 864 fontes
2165 824 2426 878 aquarum
2451 808 2586 879 (13a.
2609 808 2799 878 xxxv).
2833 829 2850 860 ι
2891 806 3040 868 Unde
3072 808 3334 864 Dominus
3357 823 3453 878 per

1877 897 2048 966 ipsum
2095 900 2413 970 prophetam
2465 901 2692 968 loquens
2733 901 2807 956 ait
2843 918 2854 952 :
2892 919 2909 950 ι
2964 899 3163 958 Omnes
3205 900 3456 962 sitientes

1873 991 2051 1044 venite
2074 992 2138 1045 ad
2169 1007 2358 1060 aquas,
2389 1000 2443 1046 et
2473 993 2560 1061 qui
2591 1008 2696 1052 non
2722 991 2931 1052 habetis
2978 999 3279 1061 argentum,
3326 1007 3452 1062 pro-

1873 1093 2076 1154 perate,
2107 1083 2270 1138 emite
2318 1093 2372 1138 et
2399 1084 2683 1139 comedite.
2717 1083 2928 1148 Venite,
2955 1083 3117 1138 emite
3145 1084 3347 1152 absque
3369 1099 3456 1138 ar-

1871 1183 2056 1245 gento,
2083 1183 2138 1228 ct
2163 1175 2364 1244 absque
2407 1175 2510 1230 ulla
2559 1175 2977 1230 commutatione
3023 1178 3204 1230 vinum
3247 1183 3304 1228 et
3348 1175 3452 1230 lac.

1875 1267 2052 1334 Quare
2076 1266 2378 1336 appenditis
2403 1275 2686 1336 argentum
2723 1281 2828 1320 non
2863 1266 2913 1320 in
2941 1267 3172 1335 panibus
3215 1274 3272 1322 et
3309 1265 3457 1322 labo-

1876 1373 1987 1414 rem
2025 1367 2267 1412 vestrum
2321 1375 2427 1414 non
2475 1358 2528 1412 in
2567 1356 2892 1414 saturitate?
2933 1357 3128 1413 Audite
3177 1357 3457 1412 audientes

1875 1467 1991 1516 me;
2037 1460 2092 1507 et
2132 1451 2398 1506 comedite
2422 1452 2624 1508 bonum
2645 1459 2706 1506 et
2731 1450 3086 1506 delectabitur
3114 1453 3167 1506 in
3198 1452 3456 1507 crassitu-

1873 1542 2000 1600 dine
2049 1544 2226 1598 anima
2276 1551 2474 1598 vestra.
2530 1543 2791 1600 lnclinate
2844 1558 3030 1599 aurem
3089 1552 3344 1607 vestram,
3400 1551 3457 1598 et

1873 1633 2130 1689 uenitead
2151 1649 2256 1699 me,
2283 1635 2556 1700 audite,et
2582 1635 2723 1689 vivet
2746 1635 2927 1690 anima
2942 1644 3120 1691 vestra
3145 1635 3280 1704 (Isa.
3307 1635 3449 1706 ιν).›

1874 1724 2211 1782 Perturbatts
2251 1727 2496 1783 hostibus
2537 1736 2592 1782 et
2631 1728 2682 1782 in
2727 1727 2908 1796 fugam
2939 1729 3132 1795 versis,
3177 1729 3456 1798 subiungit

1875 1815 2190 1890 Scriptura,
2245 1820 2388 1888 quod
2435 1828 2666 1890 quatuor
2713 1821 2815 1874 viri
2864 1821 3060 1890 leprosi
3111 1823 3351 1878 abissent
3399 1823 3452 1876 in

171 1933 190 1964 ε
244 1915 358 1967 erit
394 1932 408 1966 :
443 1921 498 1966 et
523 1911 628 1966 duo
674 1912 839 1967 modii
870 1911 1081 1976 hordei,
1129 1918 1331 1970 statere
1373 1926 1480 1974 uno
1519 1910 1571 1964 in
1607 1919 1764 1980 porta
1792 1899 1842 1964 Β
1870 1924 2045 1967 castra
2089 1911 2370 1984 Syrorum,
2406 1920 2460 1966 et
2493 1911 2696 1966 nullum
2745 1912 2820 1965 ibi
2875 1913 3230 1982 reperientes,
3279 1927 3457 1966 come-

171 2026 191 2057 :
246 2005 536 2061 Samaria.
571 2004 723 2072 Quod
751 2021 871 2060 cum
910 2019 1016 2066 non
1044 2004 1312 2070 crederet,
1344 2019 1483 2058 unus
1515 2006 1578 2060 de
1611 2003 1766 2059 duci-

171 2117 190 2148 ι
243 2100 355 2154 bus
375 2113 546 2168 super
585 2097 737 2164 cujus
785 2112 1000 2152 manum
1030 2112 1123 2152 rex
1156 2096 1519 2162 incumbebat,
1561 2097 1766 2160 homini

169 2211 188 2242 ι
241 2190 345 2245 Dei
379 2191 495 2243 ait:
530 2188 586 2243 Si
633 2188 893 2246 Dominus
933 2188 1120 2252 fecerit
1163 2189 1326 2244 etiam
1369 2198 1672 2244 cataractas
1714 2189 1766 2244 in

167 2301 189 2334 ‹
239 2282 425 2346 caelo,
470 2281 711 2350 nunquid
762 2281 961 2352 poterit
1001 2296 1120 2336 esse
1165 2281 1307 2350 quod
1349 2281 1621 2351 loqueris?
1665 2281 1766 2348 Qui

171 2396 190 2428 ι
243 2378 328 2431 ait
360 2392 376 2430 :
406 2375 622 2432 Videbis
657 2375 828 2430 oculis
861 2375 982 2440 tuis,
1016 2382 1070 2432 et
1116 2374 1248 2430 inde
1283 2389 1388 2430 non
1436 2375 1705 2430 comedes.
1741 2395 1759 2426 ι

160 2469 370 2524 Potest
392 2471 492 2523 hoc
525 2469 642 2526 loco
665 2467 918 2530 Benadab
949 2482 1072 2528 cum
1109 2481 1215 2524 suo
1241 2467 1480 2524 exercitu
1519 2466 1766 2522 diabolus

161 2561 414 2633 mystice
442 2561 634 2628 accipi,
675 2560 800 2631 quia
831 2558 995 2644 corda
1025 2559 1332 2629 iniquorum
1367 2575 1463 2628 per
1505 2560 1764 2618 invidiam

153 2661 372 2714 contra
409 2650 709 2714 Ecclesiam
737 2650 936 2706 bellum
979 2665 1168 2721 gerere
1221 2651 1440 2712 excitat.
1492 2650 1604 2705 Sub
1663 2651 1766 2706 hoc

163 2743 402 2814 quidem
439 2758 588 2814 rege,
629 2751 755 2798 sunt
784 2743 943 2798 modo
981 2741 1100 2797 falsi
1140 2740 1331 2808 Judai,
1378 2743 1442 2798 de
1486 2743 1681 2811 quibus
1713 2745 1763 2798 in

165 2834 504 2906 Apocalypsi
553 2835 813 2904 scriptum
861 2843 944 2890 est
986 2833 1169 2906 (Apoc.
1205 2833 1288 2906 ιι),
1333 2835 1424 2903 qui
1472 2835 1658 2890 dicunt
1708 2850 1764 2890 se

163 2925 397 2982 Judaos
423 2943 543 2986 esse
569 2936 626 2981 et
651 2942 756 2982 non
778 2935 922 3006 sunt,
954 2927 1048 2981 sed
1071 2934 1196 2980 sunt
1219 2941 1492 2997 synagoga
1529 2925 1761 2982 Satana.

169 3019 292 3086 Sub
321 3020 428 3074 hoc
453 3034 578 3091 rege
609 3027 734 3074 sunt
775 3019 994 3089 pagani,
1029 3027 1154 3072 sunt
1181 3016 1510 3072 et'haretici
1561 3034 1575 3072 :
1620 3018 1763 3073 facta

165 3129 308 3184 ergo
356 3114 734 3183 persecutione
761 3113 826 3167 ab
869 3114 1290 3184 antiquo'hosle,
1321 3129 1416 3183 per
1449 3113 1585 3168 tales
1627 3111 1761 3166 ami-

165 3206 322 3274 gitur
351 3205 580 3274 populus
614 3204 724 3268 Dei,
764 3205 855 3274 qui
885 3213 968 3259 est
991 3205 1198 3275 positus
1248 3205 1300 3258 in
1345 3204 1610 3268 Samaria,
1661 3207 1763 3261 hoc

164 3305 255 3350 est
307 3295 366 3350 in
419 3295 662 3350 custodia
695 3295 828 3366 legis
855 3296 1048 3350 divina
1091 3316 1101 3349 :
1140 3297 1304 3366 ﬁtque
1344 3295 1514 3352 fames
1561 3297 1760 3364 valida,

161 3402 298 3450 cum
331 3401 443 3440 non
477 3387 808 3456 permittitur
841 3387 1152 3444 doctoribus
1189 3388 1356 3443 libere
1396 3389 1618 3450 verbum
1669 3389 1762 3444 Dei

162 3478 500 3551 pmdicare,
530 3479 619 3532 sed
643 3479 1134 3538 illisae-revelante
1160 3481 1261 3536 hoc
1291 3489 1373 3538 est
1401 3480 1762 3550 licdemptore

165 3580 390 3636 nostro,
421 3588 520 3642 per
545 3573 895 3645 Evangelium
927 3575 1221 3639 indicante,
1251 3576 1399 3630 salus
1431 3591 1551 3646 quae
1577 3592 1608 3630 a
1638 3590 1763 3645 pec-

161 3665 460 3720 catoribus
497 3664 652 3736 longe
697 3677 798 3734 est,
852 3667 1167 3722 timentibus
1214 3667 1381 3723 Deum
1432 3684 1596 3740 prope
1641 3683 1762 3724 esse

163 3758 534 3828 dignoscitur.
567 3757 707 3812 Dicit
751 3760 892 3814 enim
933 3759 1192 3816 Dominus
1237 3771 1422 3816 noster
1469 3763 1536 3818 ad
1577 3777 1761 3818 servos

160 3866 299 3905 suos
333 3867 347 3904 :
386 3869 404 3900 ι
447 3849 501 3903 ln
543 3859 778 3921 tempore
821 3851 944 3916 hoc,
992 3867 1114 3908 cras
1163 3854 1374 3910 modius
1422 3855 1610 3910 similae
1652 3871 1760 3912 uno

160 3952 379 4002 statere
413 3944 536 4006 erit,
575 3952 630 3998 et
675 3943 780 3998 duo
827 3945 988 3998 modii
1036 3946 1246 4011 hordei,
1297 3955 1500 4001 statere
1554 3963 1661 4002 uno
1705 3948 1759 4002 in

162 4043 326 4104 porta
363 4033 642 4088 Samaria.
693 4053 709 4084 ι
759 4035 897 4106 Quid
943 4037 1086 4090 enim
1137 4037 1347 4092 modius
1393 4037 1604 4104 simila,
1655 4038 1759 4094 nisi

157 4127 470 4196 perfectam
527 4143 834 4184 mensuram
891 4129 1085 4184 divina
1145 4131 1455 4200 sapientia,
1507 4147 1626 4200 qua
1679 4139 1762 4186 est

159 4221 213 4273 in
251 4219 408 4273 Novo
423 4218 809 4275 Testamento?
834 4229 888 4273 ct
918 4223 1058 4290 quod
1090 4223 1194 4276 duo
1227 4223 1386 4277 modii
1413 4223 1621 4288 hordei,
1657 4223 1759 4278 nisi

159 4311 460 4366 scientiam
514 4311 647 4382 legis
712 4320 766 4366 et
829 4313 1214 4382 prophetarum
1273 4314 1614 4384 significant?
1667 4314 1759 4385 qui

158 4413 561 4471 (‘Oltfp'dl'alllur
597 4410 798 4459 statere
829 4421 955 4469 uno,
995 4406 1097 4462 hoc
1124 4414 1208 4462 est
1236 4405 1340 4462 fide
1383 4406 1668 4464 catholica.
1701 4407 1758 4464 In

155 4504 322 4566 porta
351 4493 630 4560 Samaria,
666 4497 718 4550 in
745 4497 1128 4570 praedicatione
1167 4498 1418 4555 videlicet
1443 4500 1755 4570 apostolica,

154 4601 262 4654 per
291 4599 458 4652 quam
505 4585 738 4644 intratur
780 4588 833 4640 in
863 4569 1187 4643 Ecclesiam.
1238 4608 1256 4642 ‹
1294 4589 1347 4642 In
1380 4569 1637 4664 tempore,
1672 4592 1755 4646 in—

152 4678 304 4746 quit,
341 4677 469 4742 hoc,
518 4693 639 4733 cras
671 4679 880 4734 modius
925 4681 1115 4736 simila
1163 4698 1272 4737 uno
1313 4690 1517 4738 statere
1560 4685 1681 4747 erit,
1732 4705 1750 4736 ι

152 4781 212 4824 et
239 4767 474 4842 reliqua.
501 4771 579 4825 Ac
607 4771 650 4826 si
683 4771 906 4829 dixisset
933 4791 944 4826 :
975 4772 1234 4830 Cessante
1257 4777 1474 4831 turbine
1501 4792 1757 4847 persecu-

155 4859 352 4922 tionis,
387 4876 506 4930 qua
535 4859 594 4914 fit
625 4861 802 4928 hodie,
837 4863 985 4918 dabit
1023 4864 1280 4922 Dominus
1319 4883 1442 4922 cras
1465 4908 1479 4931 ,
1527 4867 1626 4926 hoc
1674 4877 1758 4923 est

155 4965 413 5024 tetnpore
448 4954 644 5020 futuro,
679 4956 914 5025 quietem
945 4966 997 5012 et
1026 4959 1491 5029 tranquillitatem,
1526 4970 1585 5016 ut
1614 4977 1752 5030 prac-

152 5045 370 5099 dicatio
409 5043 683 5116 Evangelii
721 5047 960 5118 perfecte
1003 5049 1356 5105 credentibus
1396 5052 1751 5122 compleatur.

151 5141 284 5195 Fuit
310 5139 458 5193 enim
494 5149 732 5211 tempore
774 5143 1041 5211 passionis
1071 5143 1355 5201 dominica
1387 5147 1540 5217 quasi
1588 5147 1758 5204 fames

152 5232 314 5286 verbi
351 5231 589 5296 Domini,
623 5249 744 5287 cum
779 5235 1005 5304 apostoli
1040 5235 1232 5294 relicto
1267 5254 1330 5293 eo
1377 5255 1567 5295 omnes
1603 5231 1754 5310 fuge-

151 5336 310 5391 runt,
356 5336 408 5379 el
451 5326 594 5381 domi
633 5342 689 5383 se
737 5313 956 5399 propter
1003 5340 1206 5388 metum
1242 5329 1552 5388 Judaorum
1587 5333 1756 5388 inclu-

149 5427 372 5474 serunt.
429 5418 495 5473 Et
543 5420 740 5474 iterum
790 5423 1049 5490 scriptum
1105 5432 1185 5482 est
1233 5441 1245 5476 :
1296 5425 1430 5490 Quia
1484 5439 1643 5481 nemo
1690 5427 1756 5481 de

151 5516 250 5569 ilio
280 5515 463 5592 palam
492 5529 658 5568 ausus
678 5523 760 5570 est
791 5515 932 5588 loqui
971 5536 982 5569 :
1015 5518 1106 5572 scd
1139 5518 1413 5572 relucenti-
1455 5519 1542 5573 die
1575 5533 1754 5573 resur-

155 5605 584 5674 rectionis,jatn
632 5607 818 5662 aderat
869 5619 1080 5681 tempus
1126 5627 1234 5682 quo
1281 5611 1505 5666 comites
1552 5610 1753 5668 Christi

153 5699 312 5753 illum
345 5698 596 5752 videntes
628 5699 831 5766 vivere,
875 5711 930 5762 et
978 5701 1319 5770 postmodum
1371 5702 1533 5757 etiam
1589 5700 1756 5762 calos

153 5793 482 5848 ascendere.
533 5802 785 5864 percepta
831 5777 1067 5866 Spiritus
1117 5796 1286 5852 sancti
1337 5796 1532 5868 gratia,
1587 5795 1756 5852 libere

157 5885 395 5940 verbum
423 5883 521 5940 Det
550 5885 939 5956 praedicabant,
991 5897 1098 5944 tam
1144 5885 1344 5950 Judais
1385 5903 1546 5963 quam
1590 5888 1754 5952 etiam

1871 2003 2048 2060 derint
2099 2012 2154 2057 et
2198 2003 2453 2058 biberint.
2484 2002 2801 2073 Ablatisque
2829 2004 2954 2058 inde
2984 2019 3117 2059 auro
3144 2014 3198 2059 et
3231 2013 3458 2075 argento

1871 2113 1934 2158 ac
1963 2099 2202 2153 uestibus
2231 2107 2286 2152 et
2315 2098 2616 2163 absconsis,
2651 2107 2837 2168 postea
2877 2099 3204 2167 compuncti,
3239 2099 3292 2152 in
3323 2097 3458 2152 civiu

1871 2198 2032 2248 tatem
2072 2191 2172 2244 hoc
2217 2191 2682 2255 annuntiaverint,
2715 2200 2874 2259 atque
2925 2189 3116 2245 salutis
3151 2188 3316 2257 huius
3371 2189 3457 2242 in-

1869 2280 2007 2338 dicia
2031 2282 2406 2350 prastiterint.
2459 2281 2558 2348 Qui
2612 2297 2742 2353 ergo
2784 2291 2909 2338 sunt
2947 2281 3144 2350 leprosi
3197 2281 3308 2345 isti,
3351 2279 3456 2334 nisi

1869 2373 1958 2441 qui
1991 2373 2164 2430 variis
2202 2373 2352 2428 vitiis
2395 2373 2584 2438 dediti,
2635 2373 2718 2427 vel
2765 2372 2992 2428 diversis
3039 2372 3318 2426 erroribus
3361 2371 3458 2424 im-

1868 2463 2056 2532 pliciti,
2104 2462 2400 2518 foeditatem
2444 2479 2511 2518 ex
2557 2463 2769 2520 interna
2817 2471 2971 2532 peste
3024 2462 3318 2518 educentes
3367 2477 3458 2516 es.

1869 2556 2097 2614 tendunt
2127 2556 2179 2610 in
2213 2557 2374 2611 cute?
2403 2556 2512 2612 Hos
2540 2557 2801 2612 Dominus
2845 2542 2987 2626 sape
3019 2565 3346 2612 conuertens
3387 2556 3454 2610 ad

1869 2646 2051 2712 fidem,
2083 2656 2136 2701 et
2164 2649 2430 2703 mundans
2475 2652 2542 2704 ab
2577 2664 2770 2703 errore
2801 2657 2854 2701 et
2901 2648 3046 2702 vitiis
3091 2662 3233 2702 verae
3265 2647 3454 2702 salutis

1869 2740 2087 2794 nuntios
2115 2737 2297 2794 efﬁcit.

1941 2853 1961 2890 ι
2008 2833 2240 2902 lngressi
2281 2833 2462 2902 itaque
2497 2832 2693 2901 lcprosi
2737 2833 2789 2886 in
2821 2841 3000 2886 castra
3027 2831 3316 2902 Syrorum,
3363 2845 3456 2885 co.

1876 2945 1891 2976 ι
1938 2926 2222 2980 medernnt
2259 2933 2314 2979 et
2354 2925 2623 2989 biberunt,
2653 2933 2708 2978 et
2739 2939 2930 2977 aurum
2974 2933 3136 2994 atque
3167 2932 3450 2993 argentum

1873 3039 1890 3068 ι
1935 3017 2059 3074 inde
2093 3025 2526 3086 asportaverunt.
2569 3036 2585 3067 ι
2617 3017 2750 3072 Cum
2787 3017 3025 3086 despecti
3059 3017 3214 3071 istius
3243 3016 3449 3083 mundi,

1869 3110 2202 3165 meditationi
2230 3109 2581 3179 philosophia
2616 3123 2836 3179 operam
2868 3111 3076 3170 dantes,
3109 3124 3301 3164 sensus
3327 3108 3454 3162 sub—

1871 3199 2142 3266 tilitatem,
2175 3210 2229 3255 et
2261 3199 2546 3254 locutionis
2573 3207 2908 3255 venustatem
2954 3201 3264 3269 acquirunt,
3312 3200 3454 3256 unde

1790 3261 1835 3328 Ο
1866 3291 2122 3346 Ecclesia
2173 3291 2358 3346 usibus
2405 3291 2541 3345 bene
2591 3291 2841 3346 instructi
2893 3291 3168 3346 deservire
3219 3289 3448 3359 possint.

1865 3383 2196 3452 Frequenter
2245 3397 2372 3452 ergo
2427 3382 2622 3437 talibus
2657 3381 2933 3445 Dominus,
2976 3389 3030 3434 et
3081 3380 3280 3449 ingenii
3327 3395 3454 3433 acu-

1867 3491 2012 3540 men,
2049 3485 2102 3530 et
2131 3491 2274 3530 verae
2317 3475 2596 3545 sapientia
2626 3475 2825 3534 donum
2872 3472 3116 3543 largitur.
3171 3473 3272 3539 Qui
3318 3473 3453 3526 bene

1863 3577 2095 3638 quatuor
2134 3583 2252 3622 esse
2285 3577 2676 3632 memorantur,
2716 3576 2774 3621 ut
2815 3584 2844 3620 a
2879 3575 3114 3637 quatuor
3143 3565 3456 3634 Evangelia-

1865 3677 1982 3716 rutn
2013 3660 2550 3724 eruditioneimbuti,
2574 3661 2627 3714 in
2651 3669 2884 3728 quatuor
2913 3657 3095 3712 mundi
3117 3658 3361 3727 partibus
3393 3657 3454 3709 fio

1863 3754 1946 3808 dei
1976 3753 2258 3806 veritatem
2291 3752 2604 3821 praedicent.
2639 3751 2862 3822 Legitur
2893 3752 3036 3806 enim
3079 3753 3134 3805 in
3165 3749 3454 3820 Evangelia

1864 3843 2077 3915 (Matth.
2111 3861 2198 3908 Ix;
2224 3844 2384 3897 Joan.
2413 3859 2524 3908 xu;
2555 3843 2684 3896 Luc.
2717 3844 2838 3913 vn),
2869 3844 3014 3914 quod
3043 3844 3302 3900 Dominus
3329 3860 3453 3899 cum

1862 3935 2164 4006 publicanis
2213 3944 2269 3990 et
2295 3935 2674 4006 peccatoribus
2726 3936 3098 4002 manducaret,
3145 3945 3199 3990 et
3263 3936 3456 3991 mulier

1862 4045 1982 4099 qua
2005 4037 2122 4082 erat
2155 4028 2210 4082 in
2235 4029 2456 4082 civitate
2486 4027 2784 4097 peccatrix,
2823 4027 3077 4099 laerymis
3104 4027 3221 4096 ejus
3252 4030 3456 4084 lavaret

1861 4122 2046 4193 pedes,
2079 4130 2134 4175 et
2165 4120 2373 4191 capillis
2397 4121 2510 4175 suis
2533 4129 2792 4191 tergeret,
2823 4120 3178 4193 et'unguento
3207 4130 3453 4192 angeret,

1863 4213 2172 4268 Matthaum
2205 4229 2270 4267 ex
2303 4213 2593 4280 publicano
2623 4212 2925 4281 apostolum
2972 4223 3026 4267 et
3067 4212 3452 4282 evangelistam

1862 4304 2010 4364 fecit.
2041 4303 2410 4374 Apparuitque
2439 4313 2560 4376 post
2586 4305 3044 4360 resurrectionem
3077 4321 3254 4370 suam,
3279 4306 3454 4375 primo

1864 4398 2043 4455 Maria
2069 4397 2417 4470 Magdalena,
2441 4399 2508 4454 de
2531 4413 2638 4468 qua
2662 4398 2899 4469 eiecerat
2925 4406 3128 4467 septem
3157 4398 3450 4453 daemonia:

1862 4491 1954 4548 illa
1967 4490 2170 4548 vadens
2193 4492 2665 4562 nuntiavithisqui
2685 4507 2808 4546 cum
2829 4506 2892 4546 ea
2913 4489 3127 4544 fuerant
3147 4489 3452 4561 lugentibus

1862 4592 1917 4639 et
1945 4582 2195 4639 ﬂentibus
2223 4581 2439 4653 (Matth.
2462 4582 2679 4655 xxvnt).
3397 4573 3399 4576 ⁴

1939 4697 1956 4729 ι
2003 4677 2174 4733 Porro
2215 4677 2407 4732 ducem
2456 4677 2626 4744 illum,
2674 4692 2836 4748 super
2883 4675 3040 4747 cujus
3090 4693 3305 4732 manum
3355 4693 3451 4733 rex

1867 4793 1883 4824 ι
1933 4775 2252 4828 incubuerat
2271 4814 2284 4832 .
2329 4781 2383 4827 et
2413 4774 2688 4842 propheta
2715 4773 2897 4828 verbis
2927 4770 3219 4837 difﬁdebat,
3251 4773 3452 4828 consti-

1867 4882 1885 4916 ε
1929 4849 2206 4920 ιυιηιηέιά
2237 4873 2472 4932 portam,
2501 4863 2844 4918 conculcavit
2889 4863 3051 4918 turba
3101 4864 3154 4918 in
3201 4863 3444 4927 introitu,

1868 4973 1885 5007 ε
1931 4964 1989 5012 et
2029 4964 2275 5012 mortuus
2321 4963 2434 5019 est,
2483 4952 2640 5023 juxta
2689 4956 2831 5025 quod
2883 4956 3096 5010 locutus
3147 4955 3322 5010 fuerat
3366 4953 3450 5008 vir

1867 5069 1883 5102 α
1933 5049 2048 5104 Dei.
2085 5069 2101 5100 ι
2158 5050 2270 5120 Dux
2301 5048 2403 5102 iste
2435 5058 2620 5118 typum
2651 5057 2800 5102 tenet
2827 5047 3144 5104 Scribarum
3177 5057 3230 5101 et
3259 5045 3449 5100 Phari—

1862 5157 2109 5203 saorum,
2141 5142 2232 5212 qui
2263 5141 2528 5196 habentes
2570 5142 2776 5197 clavem
2803 5143 3068 5208 scientia,
3116 5157 3213 5196 nec
3237 5139 3336 5210 ipsi
3369 5140 3449 5194 in-

1859 5238 2127 5292 troieruut
2156 5251 2254 5306 per
2283 5235 2444 5290 fidem
2485 5235 2540 5289 in
2569 5235 2868 5291 Ecclesiarn
2891 5235 3237 5297 catholicam,
3269 5243 3322 5286 et
3353 5249 3448 5288 eos

1859 5332 1949 5400 qui
1998 5330 2224 5384 introire
2266 5327 2521 5382 volebant
2575 5327 2984 5397 prohibuerant.
3033 5323 3112 5378 Ad
3161 5339 3300 5393 quos
3331 5325 3444 5393 ipsa

1867 5421 2082 5477 Veritas
2133 5421 2247 5474 ait:
2280 5437 2300 5471 ι
2335 5419 2427 5475 Va
2454 5421 2626 5484 vobis,
2660 5419 2865 5475 Scriba
2888 5427 2940 5472 et
2971 5417 3229 5471 Pharisaei
3281 5417 3450 5486 hypo-

1864 5514 2036 5577 crita,
2063 5513 2152 5583 qui
2183 5512 2432 5567 clauditis
2463 5528 2687 5584 regnum
2719 5510 2978 5566 calorum
3011 5517 3138 5564 ante
3163 5509 3442 5576 homines;

1866 5620 1957 5658 vos
1993 5605 2136 5658 enim
2171 5620 2277 5659 non
2309 5605 2555 5668 intratis,
2585 5620 2685 5662 nec
2721 5602 2855 5656 alios
2901 5603 3237 5656 introeuntes
3270 5601 3447 5656 sinitis

1864 5697 2068 5754 intrare
2087 5695 2301 5765 (Matth.
2327 5697 2506 5763 χχιιι).
2539 5715 2557 5746 ι
2582 5725 2654 5735 —-
2679 5713 2700 5745 ι
2731 5695 2902 5761 Quem
2931 5693 3266 5748 conculcavit
3294 5695 3449 5748 turba

1862 5791 1916 5844 ir
1947 5798 2121 5855 porta,
2153 5809 2170 5839 ι
2213 5790 2338 5859 quia
2371 5787 2636 5842 inutiliter
2684 5795 2808 5844 ante
2850 5787 3048 5841 ostium
3093 5786 3215 5842 fidei
3246 5813 3261 5841 ι·
3277 5788 3446 5852 tabat,

1861 5893 1916 5940 et
1949 5897 2194 5955 gressum
2239 5879 2627 5938 introeuntium
2673 5880 3021 5954 impediebat.
3065 5879 3217 5938 Unde
3256 5880 3451 5936 merito
