4044 6336
592 416 689 473 511
1623 401 1979 461 ANGELOMI
2017 395 2488 458 LUXOVIENSIS
2525 397 2833 455 MONACHI

3798 402 3906 456 512

591 528 962 591 conculcatus,
993 527 1099 584 hoc
1135 534 1242 594 est,
1269 525 1519 582 examine
1553 523 1687 593 justi
1723 520 1927 592 judicis
1960 519 2185 574 damna-
2211 517 2265 579 Α
2289 530 2409 569 rum
2459 530 2719 581 manens,
2772 514 3015 584 quotidie
3069 514 3200 570 facit
3248 524 3606 586 augmentum
3650 521 3904 587 corporis

590 634 697 689 tus,
726 618 1018 693 perpetuas
1056 621 1303 676 mittetur
1341 619 1397 673 in
1427 617 1706 673 tenebras.
1757 614 1895 669 Nam
1931 620 1986 668 et
2009 613 2186 668 Domi-

588 731 691 770 nus
739 715 793 768 in
821 712 1117 784 Evangelio
1153 711 1267 768 ait:
1318 729 1336 761 (
1367 707 1427 764 Si
1473 707 1550 763 sal
1593 705 1899 770 evanuerit,
1953 705 2021 760 ad
2053 703 2188 759 nihil

588 805 734 860 valet
769 805 933 871 ultra,
963 804 1072 860 nisi
1109 811 1169 858 ut
1201 801 1449 857 mittatur
1480 798 1628 857 foras
1657 806 1714 855 et
1742 798 2094 854 conculcetur
2118 796 2187 851 ab

591 895 900 953 hominibus
927 893 1144 969 (Matth.
1173 893 1252 966 v).
1292 912 1340 959 ι,

1203 1023 1432 1082 CAPUT
1468 1025 1560 1080 IX.

669 1179 689 1214 ‹
735 1160 959 1217 Elisaeus
987 1168 1167 1216 autem
1191 1160 1486 1230 prophetes
1513 1158 1730 1215 vocavit
1776 1174 1944 1214 unum
1967 1159 2033 1215 de
2062 1157 2187 1216 filiis

597 1272 618 1307 ι
664 1255 1077 1326 prophetarum,
1106 1262 1163 1309 et
1192 1254 1270 1309 ait
1299 1252 1376 1310 illi
1401 1272 1414 1308 :
1439 1253 1678 1324 Accinge
1718 1253 1934 1310 lumbos
1961 1262 2105 1321 tuos,
2133 1264 2188 1310 et

596 1363 616 1398 ι
663 1345 789 1400 tolle
829 1345 1143 1401 lenticulam
1179 1345 1284 1400 olei
1319 1345 1376 1400 in
1413 1361 1577 1401 manu
1606 1353 1718 1412 tua,
1748 1352 1804 1400 et
1829 1346 1966 1401 vade
1995 1347 2050 1401 in
2073 1345 2186 1400 Ra-

598 1457 617 1490 ι
664 1440 815 1494 moth
842 1439 1090 1495 Galaath.
1123 1439 1365 1510 Cumque
1389 1441 1606 1496 veneris
1637 1439 1795 1506 illuc,
1818 1440 2028 1496 videbis
2047 1438 2185 1495 Jehu

593 1551 612 1583 ‹
662 1531 831 1586 filium
850 1530 1132 1604 Josaphat,
1153 1531 1246 1586 filii
1266 1532 1470 1586 Namsi.
1501 1532 1571 1587 Et
1596 1532 1874 1603 ingressus
1898 1531 2184 1588 suscitabis

594 1643 613 1675 ι
657 1639 781 1678 eum
804 1624 870 1680 de
897 1623 1074 1679 medio
1096 1624 1326 1679 fratrum
1349 1640 1594 1691 suorum,
1611 1633 1666 1681 et
1689 1625 1998 1680 introduces
2021 1625 2078 1680 in
2100 1625 2187 1680 in-

595 1734 613 1766 ‹
661 1718 832 1771 terius
848 1717 1177 1783 cubiculum,
1194 1725 1496 1788 teneasque
1517 1719 1826 1774 lenticulam
1844 1718 1970 1784 olei,
1987 1717 2182 1774 fundes

595 1823 614 1856 ι
661 1821 824 1876 super
867 1815 1033 1876 caput
1069 1805 1208 1875 ejus,
1243 1817 1300 1862 et
1339 1808 1525 1863 dices:
1556 1807 1684 1864 Haec
1728 1809 1862 1865 dicit
1890 1808 2181 1864 Dominus:

2292 607 2400 672 sui,
2428 607 2602 662 donec
2655 598 2896 677 tempore
2943 606 3156 677 judicii,
3206 614 3480 676 sceptrum
3530 608 3699 680 regni
3729 619 3902 681 etpo-

2293 701 2519 756 tentiam
2565 700 2826 756 adversus
2861 715 2955 756 eos
2986 699 3232 767 extollet,
3277 701 3371 772 qui
3415 716 3547 757 eum
3589 703 3904 774 deprimere

2292 793 2623 864 cogitabant,
2651 802 2707 849 et
2735 793 3164 851 interfectricem
3190 804 3509 886 sanctorum
3541 798 3785 853 sternis
3815 798 3904 854 de-

2289 885 2562 963 putaverit
2586 886 2784 956 poenis.

2368 1007 2387 1040 ι
2422 991 2578 1044 Anno
2609 998 2790 1044 autem
2820 990 3053 1059 septimo
3082 990 3232 1046 misit
3265 989 3478 1059 Joiada,
3519 1000 3584 1048 et
3613 1007 3903 1051 assumens

2298 1101 2317 1134 ι
2354 1083 2703 1138 centuriones
2727 1090 2783 1137 et
2807 1082 3009 1139 milites
3033 1083 3337 1141 introduxit
3371 1086 3440 1142 ad
3467 1101 3526 1143 se
3549 1087 3613 1142 in
3641 1089 3900 1158 templum

2295 1195 2316 1226 α
2353 1175 2589 1242 Domini,
2620 1175 2932 1246 pepigitque
2953 1191 3078 1230 cum
3120 1177 3202 1232 eis
3227 1175 3425 1232 foedus.
3459 1177 3528 1231 Et
3554 1176 3825 1248 adiurans
3847 1180 3900 1232 in

2296 1288 2314 1320 ι
2351 1269 2511 1324 domo
2536 1269 2750 1325 Domini
2777 1284 2891 1335 eos,
2921 1270 3165 1326 ostendit
3187 1271 3267 1327 eis
3283 1270 3455 1326 filium
3483 1272 3660 1343 regis,
3686 1281 3748 1327 et
3773 1288 3904 1344 pra:-

2296 1379 2314 1412 ‹
2351 1360 2494 1429 cepit
2514 1359 2637 1426 illis,
2671 1359 2858 1416 dicens
2882 1374 2896 1414 :
2921 1359 3028 1415 Iste
3067 1369 3151 1416 est
3178 1376 3359 1416 sermo
3387 1377 3556 1433 quem
3584 1361 3784 1416 facere
3811 1364 3899 1415 de-

2296 1469 2316 1502 (
2352 1451 2512 1506 betis.
2559 1451 2745 1508 Tertia
2789 1466 2917 1522 pars
2970 1460 3214 1507 vestrum
3269 1452 3510 1509 introeat
3535 1454 3804 1520 sabbato,
3849 1467 3900 1508 et

2297 1562 2316 1595 ι
2353 1544 2606 1599 observet
2656 1543 2970 1600 excubitum
3017 1542 3211 1600 domus
3268 1547 3670 1622 regis-Tertia
3724 1556 3900 1601 autem

2296 1655 2314 1687 ε
2347 1650 2476 1706 pars
2503 1635 2575 1689 sit
2599 1634 2667 1690 ad
2713 1644 2928 1705 portam
2971 1633 3128 1702 Seir,
3155 1644 3212 1692 et
3241 1637 3400 1693 tertia
3427 1653 3561 1708 pars
3587 1639 3658 1692 ad
3689 1649 3900 1708 portam

2297 1749 2314 1780 ι
2348 1744 2468 1800 quae
2493 1737 2576 1784 est
2618 1736 2743 1799 post
2771 1728 3142 1785 habitaculum
3171 1731 3566 1798 scutariorum,
3613 1739 3669 1785 et
3721 1741 3902 1786 custo-

2297 1840 2316 1873 ι
2354 1820 2858 1878 dietisexcubitum
2884 1822 3076 1878 domus
3103 1821 3299 1878 Messa.
3335 1823 3466 1878 Duae
3495 1837 3633 1878 vero
3655 1833 3846 1894 partes
3873 1839 3902 1878 e

593 1913 614 1948 ι
661 1895 803 1952 Unxi
841 1905 895 1951 te
952 1911 1136 1968 regem
1179 1912 1340 1968 super
1380 1898 1562 1964 Israel,
1623 1919 1641 1950 ι
1694 1907 1751 1954 et
1795 1899 2022 1970 reliqua.
2077 1899 2187 1956 De-

2299 1935 2316 1966 :
2353 1915 2530 1981 vobis,
2560 1930 2754 1971 omnes
2778 1914 3125 1984 egredientes
3167 1914 3418 1981 sabbato,
3451 1915 3773 1970 custodiant
3811 1930 3902 1968 ex-

592 1987 721 2042 hinc
762 1986 998 2044 refertur
1037 1989 1093 2043 in
1131 1990 1359 2047 historia
1396 1992 1498 2047 hac
1523 1991 1752 2062 Regum,
1784 1993 2021 2062 qualiter
2045 1993 2186 2050 Jehu

589 2077 852 2135 Dominus
873 2080 1208 2138 ordinaverit
1223 2073 1292 2137 ad
1309 2084 1718 2154 exstirpandam
1734 2085 1954 2140 domum
1974 2087 2182 2154 Achab,

588 2181 645 2227 et
686 2174 996 2230 sacerdotes
1027 2174 1159 2230 Baal
1201 2176 1629 2234 interficiendos.
1673 2177 1777 2246 Qui
1825 2188 1880 2234 et
1917 2181 2188 2250 percussit

587 2260 772 2317 Joram
803 2279 986 2335 regem
1033 2265 1217 2333 Israel,
1251 2276 1305 2322 et
1324 2267 1588 2322 Ahaziam
1621 2285 1802 2341 regem
1827 2268 1985 2335 Juda,
2015 2279 2073 2325 et
2098 2271 2189 2328 Je-

587 2353 742 2409 zabel
790 2355 1170 2426 impiissimam
1226 2358 1472 2430 reginam
1519 2359 1586 2414 de
1631 2360 1833 2430 palatio
1874 2361 1930 2415 in
1973 2359 2187 2419 Jezrael

585 2447 913 2517 praecipitari
948 2448 1096 2505 fecit.
1126 2450 1267 2506 Jehu
1292 2451 1442 2507 enim
1479 2453 1656 2523 typice
1693 2461 1873 2523 potest
1900 2454 2188 2526 designare

583 2540 950 2609 principatum
978 2544 1241 2614 gentium,
1274 2559 1438 2614 quem
1468 2544 1731 2600 Dominus
1762 2561 1826 2602 ac
1853 2545 2190 2618 Redemptor

586 2639 773 2686 noster
808 2631 1100 2714 destinavit
1141 2644 1201 2690 ut
1237 2636 1291 2690 in
1330 2637 1594 2709 sacrilega
1627 2637 1868 2703 civitate,
1904 2656 2026 2711 quae
2062 2655 2192 2710 pro-

581 2723 776 2794 phetas
801 2732 858 2778 et
898 2724 1077 2794 ipsum
1113 2725 1404 2782 Dominum
1440 2729 1831 2800 prophetarum
1875 2732 2094 2798 occidit,
2136 2744 2192 2790 et

582 2813 998 2884 apostolosejus
1011 2826 1297 2886 persecuta
1324 2827 1428 2884 est,
1448 2817 1650 2889 judicia
1675 2831 1978 2888 exerceret,
1995 2831 2049 2877 et
2068 2838 2191 2878 eam

584 2902 789 2960 ultione
824 2905 973 2975 justa
1011 2907 1326 2976 perimeret,
1375 2916 1541 2980 atque
1579 2912 1926 2967 sacerdotum
1965 2929 2184 2979 vanum,

583 3001 727 3070 quod
755 3010 878 3072 post
905 3002 1111 3059 Christi
1154 3005 1445 3060 adventum
1487 3007 1721 3062 inaniter
1759 3008 2043 3076 habuerat,
2090 3011 2189 3066 de-

585 3103 822 3150 strueret
854 3098 1223 3168 templumque
1253 3101 1617 3167 subverteret,
1647 3116 1858 3157 necnon
1881 3111 1938 3157 et
1967 3103 2188 3174 impiam

585 3201 918 3258 synagogam
945 3205 1066 3259 quae
1095 3192 1411 3262 sanguinem
1451 3202 1763 3248 sanctorum
1794 3210 2010 3265 semper
2033 3195 2185 3250 sitie-

2294 2025 2313 2060 ι
2352 2006 2541 2062 cubias
2570 2007 2762 2062 domus
2796 2006 3011 2061 Domini
3043 2006 3250 2061 circum
3279 2021 3492 2078 regem,
3522 2015 3580 2062 et
3625 2005 3902 2062 vallabitis

2296 2119 2314 2152 ι
2349 2116 2471 2155 eum
2517 2101 2782 2157 habentes
2812 2116 2965 2156 arma
3015 2101 3071 2156 in
3102 2102 3357 2157 manibus
3405 2103 3625 2158 vestris.
3669 2101 3735 2157 Si
3783 2103 3901 2174 quis

2296 2211 2315 2244 ‹
2352 2200 2531 2247 autem
2562 2193 2841 2264 ingressus
2871 2191 3038 2248 fuerit
3082 2201 3234 2264 septa
3268 2193 3475 2264 templi,
3507 2194 3898 2249 interficiatur.

2295 2303 2313 2334 ‹
2355 2283 2631 2354 Eritisque
2671 2301 2797 2340 cum
2841 2301 2970 2358 rege
3005 2286 3317 2343 introeunte
3359 2296 3416 2343 et
3457 2289 3802 2360 egrediente.
3839 2289 3902 2343 Et

2297 2395 2314 2427 ‹
2350 2376 2598 2431 fecerunt
2621 2377 2967 2433 centuriones
2989 2377 3144 2448 juxta
3182 2378 3366 2433 omnia
3397 2395 3519 2450 qua:
3557 2390 3900 2450 praeceperat

2295 2487 2314 2518 ‹
2355 2457 2434 2522 eis
2467 2467 2658 2523 Joiada
2695 2470 2971 2525 sacerdos.
3021 2470 3090 2524 Et
3138 2481 3481 2527 assumentes
3512 2473 3715 2544 singuli
3751 2477 3895 2528 viros

2297 2578 2316 2610 ς
2357 2574 2503 2624 suos,
2549 2560 2641 2629 qui
2672 2560 3118 2630 ingrediebantur
3143 2562 3455 2630 sabbatum,
3495 2578 3622 2619 cum
3668 2565 3765 2619 his
3812 2567 3900 2635 qui

2300 2669 2318 2702 ‹
2353 2652 2772 2722 egrediebantur
2791 2667 2822 2706 a
2845 2653 3093 2719 sabbato,
3117 2662 3386 2709 venerunt
3409 2655 3476 2710 ad
3498 2643 3692 2710 Joiada
3717 2671 3901 2711 sacer-

2299 2762 2318 2794 ‹
2353 2744 2535 2800 dotem
2569 2763 2580 2798 :
2614 2745 2706 2817 qui
2734 2745 2882 2800 dedit
2906 2745 2986 2800 eis
3033 2747 3220 2801 hastas
3242 2755 3298 2801 et
3325 2761 3477 2801 arma
3521 2747 3670 2818 regis
3699 2748 3900 2813 David,

2299 2854 2316 2885 ι
2355 2851 2474 2904 qua:
2523 2844 2682 2890 erant
2717 2837 2770 2890 in
2817 2835 2980 2890 domo
3011 2837 3246 2892 Domini.
3277 2824 3343 2892 Et
3381 2846 3656 2893 steterunt
3698 2838 3900 2910 singuli

2297 2947 2316 2978 ι
2352 2928 2616 2984 habentes
2645 2944 2797 2984 arma
2821 2929 2876 2984 in
2915 2945 3077 2984 manu
3103 2947 3201 2986 sua
3234 2947 3265 2985 a
3295 2942 3453 3003 parte
3479 2932 3670 3003 templi
3704 2935 3900 2988 dextra

2297 3043 2315 3074 ι
2352 3038 2525 3094 usque
2555 3024 2624 3079 ad
2653 3033 2865 3094 partem
2907 3027 3183 3082 sinistram
3221 3027 3409 3084 altaris
3434 3039 3490 3084 et
3516 3030 3652 3086 mdis
3686 3032 3898 3086 circum

2296 3133 2313 3164 ι
2354 3128 2557 3184 regem.
2593 3133 2612 3166 ι
2643 3109 2772 3170 Haec
2803 3125 2986 3171 autem
3015 3119 3286 3186 quomodo
3311 3118 3452 3174 facta
3484 3120 3595 3175 sint
3613 3130 3667 3176 et
3694 3122 3754 3176 in
3785 3123 3900 3192 qni-

2293 3206 2393 3260 bus
2421 3207 2574 3273 locis,
2593 3207 2635 3262 si
2653 3209 2775 3278 quis
2802 3225 2866 3263 ea
2897 3225 3015 3278 quae
3045 3212 3293 3281 superius
3310 3215 3376 3267 de
3391 3215 3546 3269 atriis
3568 3215 3770 3270 domus
3798 3216 3900 3270 Do-

1201 3259 1220 3262 -
1913 3259 1929 3265 _
2310 3259 2313 3260 ν
2374 3259 2387 3260 ,
2432 3259 2459 3261 η
2659 3259 2772 3278 τη-
2902 3259 3013 3278 τη-
3045 3259 3546 3281 -.-,.ν-..--.-ν
3570 3259 3769 3270 ww..-
3799 3259 3870 3270 --υ

527 3355 541 3366 ο
587 3277 702 3364 bat,
734 3281 799 3332 de
830 3279 982 3350 regni
1019 3281 1255 3339 culmine
1283 3284 1652 3354 praecipitaret
1680 3301 1744 3340 ac
1773 3295 2014 3344 rectores
2041 3287 2185 3344 illius
2215 3259 2262 3323 ϐ
2298 3297 2432 3352 mini
2459 3295 2603 3352 dicta
2632 3307 2760 3352 sunt
2782 3300 2922 3354 bene
2944 3305 3472 3369 commemoravcrit,
3493 3306 3568 3360 ita
3591 3306 3901 3378 intelligere

588 3355 944 3426 interficeret.

1213 3499 1442 3557 CAPUT
1474 3497 1573 3556 XI.

666 3650 684 3681 ‹
728 3631 944 3686 Athalia
987 3647 1117 3689 vero
1165 3642 1338 3690 mater
1381 3637 1626 3704 Ahaziae,
1675 3638 1865 3694 videns
1911 3649 2184 3698 mortuum

594 3743 613 3776 ι
661 3724 829 3778 filium
868 3742 1047 3791 suum,
1097 3729 1336 3783 surrexit
1373 3739 1428 3785 et
1474 3730 1748 3787 interfecit
1797 3749 1958 3790 omne
1996 3745 2185 3792 s’emen

595 3834 613 3866 ι
663 3816 890 3886 regium.
934 3816 1041 3872 Sed
1070 3817 1267 3876 Josaba
1299 3821 1406 3876 filia
1446 3823 1591 3895 regis
1614 3823 1816 3889 Joram,
1853 3843 2007 3884 soror
2035 3829 2185 3885 Aha-

596 3922 615 3955 ί
663 3903 900 3959 ziaeJoas
927 3905 1326 3964 filiumAhaziae
1351 3911 1566 3978 tollens,
1599 3912 1777 3970 furata
1807 3925 1892 3972 est
1916 3918 1982 3972 de
2006 3921 2185 3976 medio

597 4013 616 4046 ι
666 3994 895 4050 filiorum
947 3999 1088 4069 regis
1136 4001 1228 4070 qui
1283 4002 1772 4074 interficiebantur,
1800 4019 1856 4064 et
1899 4011 2187 4068 abscondit

598 4107 615 4138 ε
662 4103 785 4143 eum
826 4105 856 4142 a
883 4089 1020 4146 facie
1048 4093 1299 4162 Athaliae,
1337 4104 1397 4150 ut
1434 4112 1539 4152 non
1581 4099 2002 4169 interficeretur,
2035 4115 2186 4160 erat-

597 4199 615 4232 ‹
663 4197 767 4250 que
797 4198 920 4237 cum
951 4198 1015 4238 ea
1045 4185 1096 4239 in
1126 4187 1288 4242 domo
1317 4188 1532 4246 Domini
1558 4191 1698 4246 clam
1731 4209 1820 4248 sex
1857 4196 2034 4262 annis,
2059 4199 2187 4267 quia

597 4294 615 4324 ε
661 4273 856 4330 Josaba
888 4292 1026 4333 uxor
1054 4288 1173 4334 erat
1201 4279 1407 4338 Joiadae
1437 4285 1732 4353 pontificis.
1769 4308 1788 4339 ι
1833 4287 2050 4344 Athalia
2082 4289 2184 4362 igi-

595 4375 682 4420 tur
711 4368 844 4434 haec,
875 4385 996 4439 quso
1025 4388 1209 4428 semen
1241 4374 1409 4429 David
1441 4377 1791 4448 exstinguere
1837 4381 2184 4450 moliebatur,

593 4468 646 4516 et
681 4463 882 4532 regiam
913 4465 1136 4534 stirpem
1167 4467 1368 4532 delere,
1399 4469 1538 4525 bene
1567 4471 1903 4542 impietatem
1931 4477 2192 4548 exprimit

595 4551 910 4623 Synagogm,
941 4572 1063 4626 quae
1084 4572 1184 4628 per
1212 4560 1511 4628 nequitiam
1557 4565 1778 4630 mentis,
1822 4569 2045 4624 seminis
2091 4570 2191 4626 Da-

594 4645 701 4711 vid,
727 4645 828 4701 hoc
854 4656 938 4702 est
963 4649 1189 4718 Christi,
1216 4651 1522 4708 insidiatrix
1549 4664 1684 4722 erat,
1713 4659 1969 4716 etodium
1998 4673 2187 4719 contra
2220 4631 2269 4690 θ

593 4753 716 4792 cum
760 4754 974 4810 semper
1015 4743 1071 4797 in
1115 4745 1280 4800 corde
1321 4749 1564 4817 gerebat,
1603 4767 1726 4822 quae
1763 4753 2054 4826 aliquando
2097 4774 2187 4814 re-

593 4847 760 4901 gnare
792 4832 1084 4889 videbatur
1107 4851 1230 4892 cum
1258 4837 1394 4910 legis
1420 4845 1780 4902 caeremonias
1819 4851 2189 4921 temporaliter

591 4924 935 4980 observabat.
965 4925 1358 4998 Interpretatur
1377 4933 1594 4991 Athalia
1625 4940 1928 5010 temporalis
1956 4936 2188 4998 Domini.

597 5014 702 5070 Sed
731 5013 929 5072 Josaba
971 5022 1294 5079 strenuitate
1329 5024 1472 5097 (quae
1503 5027 1896 5100 interpretatur
1935 5036 2188 5092 saturitas

595 5106 831 5175 Domini,
864 5109 917 5165 id
955 5120 1041 5167 est
1068 5112 1351 5183 Ecclesiae,
1391 5119 1444 5173 in
1481 5134 1587 5189 qua
1617 5137 1763 5177 verae
1792 5133 1920 5179 sunt
1959 5126 2186 5199 deliciae)

596 5211 850 5257 servatur
879 5201 1038 5271 Joas,
1079 5208 1171 5278 qui
1223 5210 1618 5282 interpretatur
1658 5217 1912 5270 memoria
1947 5217 2184 5286 Domini,

595 5294 846 5352 Christus
877 5298 1148 5366 videlicet,
1183 5301 1237 5356 in
1260 5319 1370 5373 quo
1406 5305 1668 5360 memoria
1708 5316 1792 5362 est
1821 5309 2057 5366 nominis
2084 5312 2190 5368 Do-

597 5387 752 5452 mini,
779 5403 844 5442 ne
873 5405 971 5459 per
999 5392 1376 5449 crudelitatem
1408 5395 1681 5453 saevientis
1703 5399 1876 5456 hostis
1909 5402 2191 5479 interima-

599 5486 685 5531 tur
736 5477 790 5532 in
841 5481 1094 5539 cordibus
1143 5485 1471 5553 electorum,
1527 5490 1810 5562 magisque
1855 5477 2092 5550 nutritur
2135 5498 2188 5554 in

599 5565 761 5623 domo
793 5569 998 5628 Joiada:
1047 5575 1318 5645 pontificis
1359 5579 1452 5650 qui
1491 5580 1712 5637 dilectus
1753 5583 1968 5641 Domini
2011 5598 2190 5654 sonat,

598 5660 667 5717 de
686 5676 793 5732 quo
814 5663 991 5723 Patris
1017 5684 1118 5725 vox
1147 5672 1258 5728 ait:
1291 5691 1310 5724 ι
1338 5673 1435 5731 Hic
1460 5685 1545 5731 est
1567 5675 1736 5731 Filius
1762 5693 1916 5734 meus
1941 5680 2190 5749 dilectus,

599 5750 658 5809 in
685 5769 793 5824 quo
821 5758 953 5814 mihi
981 5759 1118 5818 bene
1153 5766 1454 5836 complacui
1487 5767 1712 5840 (Matth.
1745 5771 1938 5844 χχιιι).
1974 5791 1994 5823 ι
2028 5771 2194 5845 Cujus

600 5845 796 5908 domus
823 5860 908 5907 est
936 5863 1121 5912 sancta
1149 5856 1414 5926 Ecclesia,
1441 5860 1534 5916 ubi
1563 5860 1622 5917 in
1643 5868 1832 5922 sancta
1861 5862 1970 5922 fide
1994 5865 2193 5930 electo-

2293 3397 2492 3461 potest.
2522 3383 2628 3448 Sed
2653 3407 2723 3447 ne
2751 3390 3027 3449 fastidium
3051 3395 3314 3452 faciamus
3333 3397 3657 3464 lectoribus,
3683 3400 3901 3456 omissis

2292 3498 2412 3552 qure
2434 3482 2550 3554 jam
2575 3485 2824 3556 exposita
2863 3495 3009 3554 sunt,
3057 3489 3125 3544 ad
3171 3488 3300 3545 illud
3346 3491 3489 3562 quod
3518 3491 3586 3547 de
3627 3492 3898 3548 divisione

2291 3575 2467 3630 turbae
2489 3575 2696 3631 dictum
2717 3585 2826 3644 est,
2853 3579 3156 3635 veniamus.
3181 3579 3347 3650 Cujus
3373 3582 3454 3638 rei
3479 3584 3625 3638 ratio
3650 3584 3780 3638 talis
3798 3596 3898 3640 est.

2293 3663 2462 3718 Erant
2501 3674 2683 3721 autem
2711 3667 2884 3724 fortes
2907 3668 3101 3741 viginti
3125 3681 3362 3742 quatuor
3382 3682 3437 3729 et
3463 3675 3823 3730 sacerdotum
3849 3687 3900 3730 et

2292 3758 2580 3814 levitarum
2612 3771 2666 3816 et
2689 3760 3012 3838 janitorutn,
3039 3767 3130 3834 qui
3174 3782 3274 3837 per
3303 3767 3529 3824 totidem
3561 3771 3902 3839 septimanas

2291 3855 2396 3909 sibi
2443 3870 2511 3910 ex
2561 3857 2752 3912 ordine
2797 3859 3153 3916 succederent
3195 3876 3209 3914 :
3259 3862 3485 3918 sabbato
3533 3879 3686 3919 nova
3719 3874 3898 3918 turma

2293 3951 2532 4005 intrante
2562 3951 2630 4005 ad
2659 3950 2921 4018 officium,
2953 3961 3007 4008 et
3033 3963 3156 4024 post
3189 3957 3473 4011 sabbatum
3499 3973 3624 4027 qua:
3646 3961 3900 4029 proxima

2291 4031 2595 4111 septimana
2629 4041 3037 4098 ministraverat
3083 4045 3302 4099 domum
3343 4047 3624 4102 redeunte.
3673 4046 3786 4103 Sed
3814 4049 3899 4104 hic

2291 4131 2538 4203 pontifex
2565 4142 2788 4202 propter
2827 4134 3213 4191 necessitatem
3258 4139 3454 4208 agendi
3493 4139 3644 4194 circa
3699 4158 3898 4195 novum

2291 4237 2478 4294 regem
2505 4224 2800 4287 exercitus,
2817 4235 2870 4278 et
2899 4241 2993 4280 eos
3019 4242 3137 4296 quae
3160 4227 3392 4284 intrandi
3417 4231 3792 4300 septimanam
3816 4249 3901 4287 or-

2291 4316 2476 4374 dinem
2499 4320 2794 4386 habebant,
2825 4323 3063 4392 suscepit
3084 4332 3139 4378 et
3159 4323 3279 4380 illos
3297 4326 3388 4396 qui
3411 4327 3524 4397 jam
3553 4345 3716 4383 suam
3741 4333 3899 4401 septi-

2292 4426 2512 4466 manam
2568 4413 2926 4470 ministrando
2957 4416 3334 4487 impleverant,
3393 4437 3462 4477 ne
3504 4421 3728 4478 abirent
3767 4427 3894 4481 reti-

2293 4503 2460 4558 nuit:
2493 4504 2585 4574 qui
2637 4505 2773 4562 alios
2798 4523 3014 4578 quoque
3053 4509 3242 4567 levitas
3289 4514 3354 4568 de
3408 4518 3624 4572 cunctis
3671 4521 3895 4575 urbibus

2293 4593 2452 4663 Juda,
2487 4598 2646 4652 simul
2677 4609 2730 4654 et
2757 4603 3034 4672 principes
3057 4603 3391 4662 familiarum
3413 4608 3606 4674 Israel,
3632 4613 3822 4668 missis
3843 4615 3892 4668 in

2295 4688 2398 4742 hoc
2437 4691 2842 4748 centuriouilms
2888 4693 3351 4768 Hierosolymam,
3399 4715 3834 4772 congregaverat
3879 4724 3889 4757 :

2293 4793 2429 4848 quos
2471 4779 2766 4838 educturus
2791 4784 2960 4841 tilium
2987 4788 3131 4859 regis
3155 4790 3248 4844 tali
3272 4792 3485 4849 ratione
3519 4793 3813 4864 distinxit,
3839 4809 3893 4852 ut

2292 4886 2482 4928 omnes
2507 4874 2600 4944 qui
2625 4875 2980 4946 impleverant
3002 4881 3312 4949 sabbatum,
3341 4891 3396 4938 et
3415 4890 3695 4956 egressuri
3719 4899 3889 4954 erant,

2294 4963 2346 5018 in
2371 4965 2504 5020 duas
2525 4967 2681 5023 divisi
2709 4979 2894 5038 partes
2921 4987 3103 5044 regem
3128 4975 3184 5029 in
3217 4976 3568 5036 interioribus
3601 4985 3730 5038 atrii
3767 4985 3892 5040 locis

2295 5059 2490 5112 armati
2541 5060 2983 5118 circumstarent.
3036 5065 3266 5138 Reliqua
3322 5086 3454 5126 vero
3493 5075 3814 5144 multitudo,
3843 5077 3890 5131 id

2295 5157 2379 5202 est
2405 5148 2458 5202 hi
2489 5150 2581 5220 qui
2612 5168 2717 5206 non
2748 5165 2907 5210 erant
2930 5156 2996 5211 de
3013 5159 3181 5229 stirpe
3207 5159 3360 5228 Levi,
3387 5166 3694 5223 exteriores
3723 5171 3889 5225 atrio-

2297 5255 2417 5294 rum
2461 5240 2661 5310 januas
2698 5254 2889 5300 contra
2925 5245 3164 5304 furorem
3208 5252 3412 5323 regium
3458 5255 3526 5327 (si
3562 5260 3698 5329 quid
3756 5260 3892 5316 forte

2297 5333 2512 5388 adversi
2557 5336 2863 5411 moliretur)
2913 5343 3267 5401 custodirent.
3302 5346 3473 5404 Porro
3513 5350 3568 5406 hi
3595 5354 3688 5424 qui
3727 5371 3892 5428 nuper

2298 5423 2364 5477 ad
2396 5427 2682 5482 sabbatum
2731 5442 2994 5488 venerant
3028 5438 3364 5507 sacerdotes,
3393 5441 3572 5498 levita:
3601 5423 3657 5500 et
3683 5423 3886 5517 janito-

2299 5525 2409 5582 res,
2435 5517 2486 5571 in
2510 5527 2622 5575 tres
2649 5522 2805 5578 divisi
2829 5535 3034 5596 partes,
3067 5529 3287 5587 domum
3318 5536 3486 5606 regis,
3532 5538 3588 5593 id
3627 5551 3716 5596 est
3737 5542 3890 5614 pala-

2295 5605 2431 5664 tilum
2452 5610 2828 5682 observarent,
2852 5632 2921 5673 ne
2947 5619 3030 5673 vel
3054 5620 3157 5677 hoc
3181 5625 3365 5695 regina
3390 5605 3621 5686 eollecto
3647 5605 3891 5690 exercitu

2296 5703 2487 5756 EOntra
2515 5719 2697 5774 regem
2733 5707 3070 5766 defenderet.
3111 5712 3411 5774 Servarent
3436 5728 3491 5774 et
3520 5730 3735 5792 portam
3765 5743 3890 5782 scu-

2298 5798 2562 5852 tariorum
2584 5799 2900 5868 habitaculi,
2920 5821 3017 5874 per
3032 5822 3196 5876 quam
3223 5811 3291 5864 de
3314 5812 3511 5883 templo
3535 5815 3606 5869 ad
3630 5818 3888 5886 palatium

2299 5890 2745 5964 descendebatur,
2793 5897 2934 5954 sicut
2957 5899 3098 5958 infra
3126 5901 3343 5959 dicitur.
3376 5903 3770 5984 Duxeruntque
3805 5927 3892 5968 re-
