4044 6336
175 382 286 438 515

1106 381 1364 438 ENARR.
1414 379 1480 436 IN
1519 379 1770 437 LIBROS
1805 378 2072 437 REGUM.
2111 409 2182 419 —
2219 375 2288 434 IN
2327 375 2462 434 LIB.
2500 375 2591 432 IV.

3349 376 3456 432 5N.

167 514 300 569 gem
329 498 398 554 de
427 497 589 553 domo
630 496 883 573 Domini,
911 505 966 554 et
994 507 1261 554 venerunt
1309 513 1406 569 per
1429 497 1570 552 viam
1598 503 1767 566 portae
1793 502 1845 558 Α
1870 508 1995 550 men
2023 507 2120 564 per
2157 493 2440 548 doctorum
2468 487 2855 562 negligentiam
2889 485 2943 542 in
2989 485 3177 542 multis
3208 500 3454 543 corrumo

167 590 544 646 scutariorum
570 591 625 647 in
675 591 961 662 palatium,
1009 601 1065 646 et
1113 592 1254 646 sedit
1300 605 1464 662 supra
1511 590 1765 645 thronum

167 699 390 755 regum,
414 684 507 739 ubi
528 692 584 739 et
605 692 760 753 porta
793 683 914 738 Seir
947 690 1001 738 et
1026 673 1219 739 domus
1260 682 1456 747 Messa,
1495 697 1617 752 qua:
1641 696 1765 736 cum

165 785 335 844 porta
364 775 732 831 scutariorum
773 775 1153 841 nominantur,
1178 788 1298 832 esse
1321 775 1591 830 videntur.
1626 773 1763 830 Scu-

167 869 347 924 tarios
376 877 556 924 autem
609 875 820 924 ultores
872 868 1015 939 regis
1055 867 1312 938 appellat,
1365 874 1598 922 testante
1626 866 1766 921 libro

165 959 627 1030 Paralipomenon
665 973 680 1014 :
723 960 966 1031 quicum
999 958 1242 1015 Roboam
1283 965 1436 1014 scuta
1481 973 1618 1013 aerea
1666 972 1766 1038 pro

165 1055 356 1109 aureis
382 1062 886 1118 commemorasset,
917 1053 1143 1123 adjecit;
1166 1061 1222 1107 et
1240 1052 1462 1108 tradidit
1481 1051 1602 1107 illos
1621 1052 1765 1122 prin-

164 1145 384 1216 cipibus
414 1146 775 1202 scutariorum
799 1186 814 1212 ,
865 1145 957 1215 qui
996 1144 1374 1201 custodiebant
1437 1143 1761 1214 vestibulum

163 1237 379 1308 palatii.
415 1237 470 1292 ln
496 1253 604 1310 quo
629 1237 881 1293 videlicet
902 1237 1058 1299 libro,
1087 1237 1403 1292 distinctius
1429 1236 1543 1291 hate
1567 1243 1762 1291 cuncta

163 1329 545 1400 replicantur:
579 1348 598 1382 ι
632 1329 812 1384 Tertia
856 1344 985 1400 pars
1008 1338 1276 1394 vestrum,
1317 1327 1410 1397 qui
1437 1327 1659 1382 veniunt
1693 1326 1762 1381 ad

161 1421 456 1477 sabbatum
486 1421 829 1477 sacerdotum
853 1429 910 1475 et
934 1420 1221 1477 levitarum
1242 1426 1298 1474 et
1313 1417 1632 1488 janitorum,
1657 1417 1762 1473 erit

161 1513 220 1567 in
263 1513 459 1583 portis.
490 1511 676 1567 Tertia
711 1526 840 1568 vero
860 1527 990 1583 pars
1021 1511 1090 1566 ad
1129 1512 1347 1566 domum
1379 1511 1545 1581 regis,
1570 1518 1625 1564 et
1654 1518 1761 1565 ter-

163 1603 239 1657 tia
264 1604 321 1657 in
353 1611 510 1672 porta
533 1615 656 1674 qua:
689 1603 991 1674 appellatur
1016 1597 1398 1657 Fundamenti.
1427 1600 1599 1657 Omne
1634 1615 1760 1656 vero

163 1693 436 1764 reliquum
489 1694 680 1764 vulgus
733 1695 804 1750 sit
848 1694 902 1748 in
950 1694 1103 1748 atriis
1132 1694 1322 1748 domus
1361 1693 1609 1758 Domini,
1657 1697 1758 1748 nec

160 1786 459 1856 quisquam
488 1787 626 1843 alius
658 1787 994 1859 ingrediatur
1026 1786 1245 1841 domum
1272 1786 1506 1851 Domini,
1537 1785 1644 1841 nisi
1671 1802 1758 1842 sa-

1867 586 2116 657 pebatur,
2150 585 2323 640 donec
2349 583 2557 639 veniret
2587 582 2702 652 ipse
2729 581 2822 652 qui
2853 580 3029 652 legem
3072 579 3221 635 dedit
3265 587 3321 635 et
3353 595 3452 650 per

1865 687 2066 734 sanctae
2091 677 2373 732 Trinitatis
2419 675 2602 741 ﬁdem,
2641 674 2956 746 decalogum
3005 672 3139 744 legis
3185 673 3241 727 in
3282 671 3451 744 Moysi

1863 780 1920 827 et
1960 771 2349 841 prophetarum
2395 768 2613 840 scriptis
2660 766 3014 838 spiritualiter
3052 764 3451 821 observandum

1865 863 2102 931 doceret.

1939 972 1958 1006 ‹
1994 955 2328 1025 Vocavitque
2377 969 2470 1011 rex
2499 953 2626 1010 Joas
2656 952 2912 1010 .Joiadam
2940 951 3254 1024 pontificem
3289 959 3343 1008 et
3367 968 3451 1009 sa-

1869 1062 1890 1098 r
1925 1046 2199 1110 cerdotes,
2245 1045 2434 1101 dicens
2477 1047 2557 1101 eis
2584 1064 2596 1099 :
2623 1046 2806 1112 Quare
2835 1053 2986 1100 sarta
3033 1052 3177 1099 tecta
3230 1060 3338 1100 non
3370 1044 3453 1099 in-

1868 1157 1888 1192 r
1922 1140 2181 1195 stauratis
2206 1139 2433 1209 templi?
2464 1139 2640 1194 Nolite
2679 1154 2806 1209 ergo
2827 1137 3057 1207 amplius
3082 1139 3330 1208 accipere
3351 1151 3447 1208 pe-

1869 1252 1888 1285 ‹
1921 1233 2139 1288 cuniam
2159 1231 2319 1304 juxta
2359 1233 2608 1288 ordinem
2652 1241 2920 1298 vestrum,
2949 1233 3044 1286 sed
3080 1231 3148 1285 ad
3179 1231 3450 1285 instaura-

1867 1344 1887 1377 ι
1923 1326 2127 1381 tionem
2167 1325 2349 1395 templi
2395 1325 2606 1380 reddite
2651 1339 2794 1389 eam,
2829 1343 2847 1375 ι
2883 1330 2938 1378 et
2986 1321 3216 1392 reliqua.
3262 1321 3354 1376 Sic
3381 1330 3448 1392 et

1861 1420 2122 1476 Dominus
2146 1429 2332 1476 noster
2360 1420 2416 1474 in
2443 1419 2782 1492 Evangelicis
2811 1418 3124 1475 doctoribus
3155 1419 3444 1482 mandans,

1859 1511 1935 1566 ait
1963 1530 1974 1565 :
2017 1530 2035 1562 ‹
2069 1510 2269 1566 Levate
2301 1510 2487 1566 oculos
2515 1521 2728 1567 vestros
2756 1517 2810 1565 et
2835 1511 3012 1565 videte
3043 1510 3291 1582 regiones
3320 1509 3446 1579 quia

1860 1603 1995 1659 alba:
2034 1613 2164 1662 sunt
2201 1603 2314 1672 jam
2352 1603 2419 1658 ad
2441 1619 2672 1659 messem
2698 1602 2881 1674 (Joan.
2914 1601 3012 1673 IV).
3045 1622 3063 1654 ›
3098 1631 3164 1642 -νο
3193 1620 3212 1652 ι
3241 1601 3448 1673 Rogate

1859 1697 2134 1754 dominum
2195 1697 2388 1752 messis
2413 1736 2429 1763 ,
2470 1704 2531 1750 ut
2576 1697 2757 1750 mittat
2792 1695 3071 1766 operarios
3118 1694 3172 1748 in
3211 1709 3446 1749 messem

1858 1805 2012 1846 suam
2061 1789 2277 1861 (Matth.
2308 1791 2411 1862 rx).
2439 1808 2458 1840 ι
2516 1788 2584 1842 Ει
2626 1788 2794 1843 item:
2827 1805 2846 1839 ‹
2875 1788 3077 1842 Euntes
3121 1785 3340 1858 (inquit)
3390 1784 3445 1838 in

159 1877 440 1942 cerdotes,
484 1885 538 1932 et
565 1878 657 1948 qui
686 1877 1001 1932 ministrant
1038 1876 1104 1931 de
1131 1875 1327 1931 levitis.
1359 1876 1463 1946 Ipsi
1517 1885 1756 1935 tantum-
1783 1869 1832 1930 Β
1858 1880 2118 1935 mundum
2171 1879 2508 1944 universum,
2551 1877 2845 1950 praadicate
2893 1875 3242 1948 Evangelium
3297 1873 3446 1928 omni

160 1967 328 2022 modo
357 1968 752 2038 ingrediantur,
796 1967 922 2037 quia
965 1966 1288 2022 sanetificati
1314 1974 1474 2033 sunt,
1505 1977 1560 2022 et
1595 1985 1756 2025 omne

159 2063 436 2134 reliquum
463 2064 654 2136 vulgus
694 2064 947 2119 observet
981 2062 1256 2118 custodias
1300 2062 1534 2128 Domini,
1579 2063 1755 2119 levita:

159 2163 350 2209 autem
409 2155 747 2211 circumdent
793 2170 997 2226 regem,
1040 2155 1304 2212 habentes
1357 2158 1553 2228 singuli
1600 2174 1753 2213 arma

158 2261 284 2310 sua,
329 2264 349 2296 ι
392 2254 500 2300 etc.
539 2245 694 2313 Quod
744 2246 992 2316 sequitur
1031 2247 1097 2302 de
1143 2248 1332 2302 eodem
1363 2265 1375 2301 :
1410 2266 1430 2299 ς
1467 2247 1754 2304 Produxit—

156 2352 270 2406 que
296 2336 467 2392 filium
495 2337 658 2408 regis,
685 2348 739 2393 et
763 2339 945 2408 posuit
973 2353 1134 2410 super
1158 2347 1322 2410 caput
1345 2341 1462 2410 ejus
1505 2339 1752 2395 diadema

155 2437 213 2482 et
240 2428 633 2483 testimonium.
673 2448 691 2480 ι
731 2429 789 2483 In
837 2429 1163 2495 diademate,
1203 2429 1419 2503 insigne
1448 2431 1640 2501 capitis
1668 2447 1752 2486 re-

151 2521 328 2592 gium,
358 2521 414 2575 in
443 2521 755 2576 testimonio
783 2520 1033 2592 designat
1055 2525 1273 2577 decreta
1296 2521 1430 2590 legis
1468 2522 1592 2586 Dei,
1625 2523 1747 2592 qui-

151 2614 260 2669 bus
290 2614 422 2684 quid
467 2629 627 2684 agere
657 2629 752 2669 rex
805 2615 1022 2681 debeat,
1051 2615 1282 2686 qualiter
1321 2614 1524 2680 vivere,
1553 2615 1747 2684 praeci-

152 2709 358 2779 piatur.
387 2710 630 2781 Denique
661 2712 714 2766 in
741 2710 878 2766 libro
902 2709 1206 2766 Verborum
1237 2710 1446 2765 dierum
1477 2710 1743 2780 apertius:

159 2818 178 2851 ε
205 2800 279 2855 Et
299 2801 675 2871 imposuerunt
690 2802 909 2874 (inquit)
933 2802 984 2856 ei
1008 2802 1254 2857 diadema
1277 2813 1332 2857 et
1355 2802 1745 2868 testimonium,

159 2895 535 2967 dederuntquc
573 2897 628 2951 in
659 2911 820 2951 manu
848 2897 965 2967 ejus
990 2895 1273 2951 tenendam
1310 2895 1506 2966 legem,
1536 2904 1592 2950 et
1619 2911 1748 2951 con-

161 2981 462 3042 stituerunt
489 3002 612 3042 eum
641 3004 822 3059 regem
838 2986 922 3058 (II
939 2985 1069 3041 Par.
1088 2987 1266 3059 χχιιι).
1291 3007 1309 3040 ι
1337 2987 1542 3059 Magna:
1563 2987 1748 3058 utique

151 3087 276 3132 erat
303 3077 667 3150 salutarisque
697 3080 1014 3151 prudentiaz,
1050 3089 1108 3134 ut
1154 3089 1276 3151 post
1309 3081 1606 3152 tyrannica:
1648 3083 1748 3135 im-

151 3171 369 3240 piznque
391 3186 578 3228 necem
609 3172 831 3244 regina},
856 3172 1165 3227 succedenti
1195 3172 1248 3226 in
1271 3188 1499 3242 regnum
1523 3172 1633 3227 filio
1661 3188 1746 3228 re-

1855 1985 2120 2031 creaturze
2160 1972 2357 2038 (Marc.
2396 1971 2532 2044 xvr).
2566 1990 2584 2023 ι
2619 2002 2688 2010 -
2719 1989 2739 2022 ι
2767 1970 3017 2026 lnﬁrmos
3063 1976 3270 2033 curate,
3301 1982 3446 2022 mor-

1855 2075 1977 2122 tuos
2004 2067 2286 2130 suscitate,
2327 2065 2573 2135 leprosos
2605 2063 2886 2128 mundate,
2919 2062 3194 2118 damones
3241 2059 3444 2130 ejicite,

1861 2159 2036 2230 gratis
2061 2158 2372 2227 accepistis,
2401 2157 2571 2226 gratis
2594 2154 2721 2210 date
2748 2154 2966 2227 (Matth.
2989 2153 3068 2226 x).
3097 2173 3116 2206 ι

1928 2273 1946 2304 ‹
1985 2253 2053 2307 Ει
2096 2251 2220 2305 tulit
2259 2249 2449 2305 Joiada
2481 2247 2727 2319 pontifex
2763 2246 3210 2320 gazophylacium
3251 2261 3442 2312 unum,

1857 2365 1876 2396 ι
1911 2344 2233 2415 aperuitque
2265 2341 2511 2398 foramen
2539 2341 2792 2410 desuper,
2823 2349 2879 2395 et
2919 2338 3100 2409 posuit
3134 2337 3263 2392 illud
3286 2338 3442 2409 juxta

1857 2455 1876 2489 ‹
1913 2436 2084 2492 altare
2132 2437 2200 2492 ad
2254 2436 2534 2492 dexteram
2590 2434 3011 2505 ingredientium
3059 2435 3278 2489 domum
3339 2431 3445 2486 Do-

1856 2547 1875 2581 r
1909 2529 2061 2584 mini.
2093 2548 2112 2580 ι
2140 2528 2325 2583 Altare
2372 2527 2627 2584 videlicet
2671 2542 2871 2594 corpus
2905 2525 3118 2580 Domini
3156 2531 3260 2590 est,
3286 2524 3440 2594 juxta

1849 2623 1992 2694 quod
2011 2621 2453 2693 gazophylacium
2473 2620 2710 2691 positum
2737 2629 2843 2687 est,
2869 2635 2993 2675 cum
3021 2617 3262 2672 Ecclesia
3285 2615 3442 2671 Chri—

1849 2723 1933 2771 sto
1978 2714 2265 2784 conjuncta
2311 2722 2417 2778 est,
2469 2712 2538 2767 ad
2583 2713 2866 2767 dexteram
2915 2709 3336 2782 ingredientium
3385 2707 3440 2762 in

1849 2807 2069 2862 domum
2114 2805 2328 2861 Domini
2358 2805 2523 2875 :quia
2558 2803 2674 2859 hazc
2705 2813 2790 2858 est
2836 2803 3066 2858 intentio
3116 2801 3438 2865 electorum,

1848 2899 1938 2968 qni
1971 2914 2067 2968 per
2093 2897 2254 2953 fidem
2296 2895 2674 2968 ingrediuntur
2719 2894 3040 2960 Ecclesium,
3072 2902 3134 2948 ut
3168 2894 3236 2948 ad
3278 2901 3437 2947 teter-

1850 3006 1974 3046 nam
2017 2989 2405 3046 beatitudinem
2455 2992 2641 3060 (quam
2687 2988 2878 3043 dextra
2921 2986 3216 3058 significat)
3251 3000 3441 3056 perve—

1848 3083 2018 3138 niant.
2061 3081 2210 3137 Istud
2237 3096 2368 3150 ergo
2393 3080 2616 3136 mittunt
2650 3080 2981 3146 sacerdotes,
3014 3080 3106 3149 qui
3129 3079 3441 3135 custodiunt

1849 3175 1984 3231 ostia
2041 3174 2227 3245 templi
2283 3189 2502 3230 omnem
2557 3174 2846 3245 pecuniam
2905 3189 3025 3243 quae
3071 3171 3316 3227 defertur
3370 3172 3436 3226 ad

151 3265 236 3335 gis
273 3265 500 3336 legitimi
539 3280 660 3321 cum
713 3266 830 3335 ipso
862 3264 1014 3336 regni
1043 3263 1232 3318 habitu
1267 3237 1428 3318 simul
1461 3264 1743 3335 disciplina
1773 3237 1818 3298 δ
1851 3267 2110 3338 templum
2143 3237 2377 3333 Domini,
2413 3283 2536 3322 cum
2559 3237 2956 3337 praedicatores
3003 3267 3176 3322 sancti
3204 3266 3296 3334 qui
3325 3280 3438 3320 ser-

149 3353 291 3426 legis
342 3356 440 3411 Dei
478 3357 744 3413 servanda
776 3357 1233 3421 committeretur,
1273 3365 1328 3412 et
1354 3357 1446 3428 qui
1473 3371 1532 3411 se
1554 3357 1746 3426 praela-

151 3457 268 3503 tum
285 3449 490 3519 populo
510 3451 743 3522 regendo
766 3449 999 3514 videret,
1017 3449 1133 3520 ipse
1162 3464 1221 3506 se
1237 3449 1529 3522 regendum
1545 3449 1746 3505 divinis

150 3544 365 3616 legibus
389 3546 774 3620 subdidebere
806 3546 1172 3603 meminisset.

759 3743 984 3802 CAPUT
1023 3732 1137 3800 XII.

231 3929 253 3962 ι
285 3909 541 3981 Dixitque
573 3907 700 3965 Joas
731 3909 800 3964 ad
829 3908 1176 3964 sacerdotes:
1200 3905 1427 3964 Omnem
1456 3907 1741 3978 pecuniam

152 4021 172 4053 ε
211 3987 550 4066 SanctorUm,
582 4017 701 4072 qum
731 3999 879 4055 illata
909 3999 1074 4055 fuerit
1093 3999 1148 4053 in
1184 3998 1442 4068 templum
1475 3998 1688 4054 Domini
1712 4014 1741 4052 a

151 4116 170 4144 ι
208 4094 690 4164 praetereuntibus,
717 4107 837 4164 quae
859 4089 1088 4147 offertur
1110 4105 1210 4160 pro
1235 4089 1410 4160 pretio
1438 4089 1653 4154 animae,
1689 4097 1744 4143 ct

152 4206 170 4236 ε
203 4201 374 4255 quam
404 4193 596 4255 sponte
618 4192 674 4240 et
700 4183 929 4240 arbitrio
954 4181 1136 4238 cordis
1157 4181 1240 4236 sui
1269 4180 1507 4236 inferunt
1531 4181 1584 4234 in
1609 4190 1744 4236 tem-

155 4296 172 4327 ι
212 4276 368 4346 plum
398 4275 645 4331 Domini:
679 4275 950 4346 accipiant
971 4274 1115 4329 illam
1137 4273 1449 4328 sacerdotes
1476 4273 1627 4341 juxta
1653 4289 1742 4327 or-

151 4387 168 4418 ι
204 4367 394 4422 dinem
436 4383 617 4433 suum,
655 4376 710 4423 et
734 4367 1041 4422 instaurent
1085 4372 1230 4420 sarta
1278 4371 1420 4420 tecta
1450 4364 1661 4429 domus,
1697 4365 1741 4420 si

148 4477 166 4507 ‹
207 4457 342 4527 quid
367 4457 736 4513 necessarium
764 4457 1004 4513 viderint
1041 4455 1441 4511 instauratinni.
1475 4476 1494 4509 ι
1524 4455 1742 4512 Mandat

146 4567 244 4605 rex
278 4562 469 4608 noster
496 4554 809 4609 doctoribus
835 4553 970 4618 suis,
1003 4561 1064 4608 ut
1087 4551 1355 4622 accipiant
1383 4565 1600 4606 omnem
1641 4566 1736 4620 pe-

143 4643 371 4698 cuniam
416 4661 536 4714 quae
579 4661 610 4698 a
637 4645 1093 4716 pnetereuntibus
1123 4642 1352 4699 offertur
1397 4643 1451 4697 in
1483 4643 1738 4714 templum
1765 4629 1818 4702 Β

145 4735 389 4801 Domini,
429 4751 528 4806 pro
557 4739 732 4809 pretio
772 4739 967 4793 animae
1010 4747 1065 4792 et
1092 4747 1218 4794 voto
1258 4737 1438 4800 cordis
1467 4737 1548 4792 sui
1579 4755 1593 4792 :
1619 4753 1740 4793 cum

147 4830 418 4900 quidquid
455 4847 484 4886 a
510 4833 965 4903 praetereuntibus
991 4832 1045 4887 in
1068 4832 1187 4888 istis
1219 4832 1457 4888 scientiae
1482 4832 1740 4902 spiritua-

147 4921 238 4987 lis,
287 4922 376 4977 vel
407 4923 670 4978 bonorum
719 4922 1113 4994 exemplorum,
1163 4923 1218 4977 in
1275 4925 1590 4978 thesaurum
1631 4921 1739 4977 Do-

145 5015 284 5070 mini
316 5016 570 5071 collatum
601 5025 705 5082 est,
735 5033 831 5088 per
865 5017 1232 5082 sacerdotum,
1270 5016 1373 5070 hoc
1415 5025 1499 5071 est
1545 5015 1741 5086 praedi-

146 5118 403 5164 catorum
429 5108 628 5175 ofﬁcia,
655 5110 723 5164 ad
753 5108 1201 5165 instaurationem
1232 5106 1417 5177 templi
1448 5106 1742 5177 spiritualis

145 5199 465 5258 conferatur
509 5219 521 5254 :
553 5210 822 5272 quatenus
857 5203 1216 5272 quodcunque
1259 5201 1487 5256 scissum
1527 5199 1602 5256 ibi
1644 5215 1742 5270 per

144 5308 416 5358 errorem,
465 5292 551 5347 vel
591 5307 688 5364 per
735 5293 862 5348 vitia
909 5292 1239 5360 invenerint,
1291 5300 1600 5348 restaurent
1628 5310 1641 5346 :
1670 5308 1739 5348 ne

145 5386 288 5441 forte
323 5400 426 5455 per
458 5385 844 5458 negligentiam
875 5387 1284 5458 magistrorum,
1317 5387 1573 5458 depereat
1599 5385 1741 5442 mul-

143 5477 324 5532 titudo
345 5476 676 5532 auditorum.
709 5477 862 5546 Quod
892 5486 1075 5533 autem
1110 5479 1357 5549 sequitur
1383 5498 1395 5532 :

217 5609 239 5644 ε
279 5591 453 5664 Igitur
476 5608 646 5663 usque
671 5593 739 5648 ad
760 5593 1079 5650 vicesimum
1113 5594 1331 5650 tertium
1361 5609 1561 5650 annum
1590 5593 1736 5666 regis

149 5706 165 5734 ι
200 5682 331 5741 Joas
369 5701 478 5741 non
539 5685 983 5742 instauraverunt
1033 5687 1344 5743 sacerdotes
1399 5697 1544 5742 sarta
1593 5695 1737 5742 tecta

150 5799 165 5829 ι
203 5779 416 5851 templi,
450 5799 467 5829 ι
497 5779 770 5852 significat
797 5783 940 5851 quod
983 5789 1108 5836 ante
1157 5780 1448 5836 adventum
1493 5780 1739 5836 Salvato-

147 5873 239 5935 ris,
274 5872 406 5928 licet
452 5872 703 5929 doctrina
743 5873 878 5945 legis
905 5873 957 5929 in
989 5880 1148 5944 gente
1185 5873 1408 5929 Iudaica
1437 5873 1618 5940 fuerit,
1651 5881 1735 5929 ta-
1782 5924 1788 5946 ς

1845 3370 1977 3416 vant
2006 3360 2288 3415 introitum
2319 3359 2464 3427 ﬁdei,
2492 3359 2726 3414 offerunt
2749 3368 2873 3414 vota
2903 3358 3139 3414 fidelium
3172 3358 3228 3413 in
3257 3357 3439 3413 verbis

1847 3462 1901 3509 et
1931 3454 2216 3525 Operibus;
2249 3465 2306 3509 et
2341 3453 2395 3508 in
2443 3451 2684 3508 Ecclesia
2717 3452 2821 3507 rite
2866 3451 3118 3522 precibus
3162 3465 3439 3507 commen-

1848 3549 1977 3604 dant
2000 3549 2130 3605 Deo.

1923 3660 1942 3692 ι
1979 3639 2321 3696 Ascendebat
2367 3639 2547 3695 scriba
2599 3639 2745 3710 regis
2793 3647 2848 3694 et
2885 3638 3148 3709 pontifex,
3199 3635 3438 3692 effunde-

1851 3753 1870 3784 σ
1907 3734 2148 3803 bantque
2175 3741 2230 3788 et
2261 3733 2622 3788 numerabant
2658 3732 2942 3803 pecuniam
2976 3747 3096 3802 qua:
3126 3729 3438 3794 invenieba-

1851 3845 1870 3878 ι
1905 3836 1992 3882 tur
2014 3825 2070 3881 in
2091 3825 2251 3882 domo
2276 3825 2513 3890 Domini,
2535 3832 2591 3879 et
2611 3825 2809 3880 dabant
2833 3839 2951 3879 eam
2969 3823 3123 3895 juxta
3149 3836 3436 3877 numerum

1853 3939 1872 3972 ο
1907 3929 2070 3990 atque
2097 3934 2410 3976 mensuram
2433 3919 2488 3974 in
2514 3934 2680 3974 manu
2703 3934 2892 3974 eorum
2917 3917 3013 3988 qui
3040 3925 3312 3988 praeerant
3335 3930 3440 3970 ae-

1851 4035 1869 4066 ‹
1910 4015 2191 4070 mentariis
2216 4015 2408 4070 domus
2432 4014 2666 4070 Domini.
2692 4012 2794 4080 Qui
2823 4011 3208 4083 impendebant
3237 4026 3360 4066 eam
3382 4009 3436 4064 in

1853 4126 1871 4159 ι
1904 4108 2076 4164 fabris
2105 4107 2373 4180 lignorum
2387 4114 2444 4162 et
2467 4105 2833 4162 caementariis
2855 4105 3048 4174 hisqui
3069 4105 3438 4176 operabantur

1852 4219 1870 4250 ι
1906 4201 1964 4254 in
1992 4198 2156 4254 domo
2198 4198 2433 4263 Domini,
2465 4216 2484 4249 ι
2531 4206 2588 4252 et
2630 4196 2859 4268 reliqua.
2909 4194 3156 4251 Scribam
3206 4195 3350 4266 regis
3384 4205 3439 4250 et

1845 4291 2156 4361 pontiﬁcem
2185 4288 2419 4360 appellat
2445 4303 2688 4344 summos
2715 4288 2988 4353 doctores,
3017 4286 3111 4356 qui
3149 4286 3436 4357 pecuniam

1847 4381 2100 4437 collatam
2127 4381 2282 4452 juxta
2325 4395 2612 4435 numerum
2645 4390 2807 4450 atque
2855 4393 3166 4433 mensuram
3208 4377 3315 4434 illis
3341 4379 3440 4434 tri-

1845 4477 2102 4540 buebant,
2142 4483 2414 4546 praeerant
2453 4473 2622 4530 fabris
2655 4485 2710 4530 et
2748 4458 3136 4538 caementariis,
3179 4473 3286 4530 hoc
3331 4483 3435 4539 est,

1844 4569 2312 4640 dispensatoribus
2366 4569 2517 4624 verbi
2560 4568 2727 4623 divini
2768 4568 2862 4638 qui
2911 4565 3221 4638 Evangelici
3269 4565 3436 4622 tritici

1847 4679 2180 4729 mensuram,
2211 4663 2489 4719 conservis
2510 4661 2623 4717 suis
2648 4660 2733 4716 his
2758 4661 2851 4731 qui
2877 4665 3174 4730 operantur
3196 4657 3253 4713 in
3277 4657 3438 4714 domo

1846 4756 2082 4820 Domini,
2107 4763 2165 4812 et
2195 4756 2455 4811 virtutum
2479 4770 2643 4826 opera
2673 4755 2727 4809 in
2757 4753 2988 4809 aedificio
3008 4753 3192 4808 divino
3220 4767 3438 4822 compo-

1847 4857 2001 4914 nunt,
2039 4848 2370 4903 tribuebant.
2417 4847 2557 4914 Quid
2584 4861 2716 4918 ergo
2745 4846 2891 4901 aliud
2921 4845 3172 4902 fecerunt
3208 4843 3436 4916 apostoli

1847 4940 2008 5013 (quos
2034 4939 2307 5010 principes
2338 4939 2392 4994 in
2423 4937 2668 4994 Ecclesia
2705 4937 2899 4994 electio
2926 4938 3105 4994 divina
3132 4935 3434 5003 constituit)

1847 5034 2064 5104 quando
2107 5048 2206 5103 per
2257 5032 2531 5104 subjectos
2575 5031 2676 5088 sibi
2722 5031 3041 5103 discipulos,
3088 5029 3238 5085 verbi
3267 5027 3436 5084 divini

1845 5126 2052 5182 semina
2095 5140 2193 5196 per
2223 5132 2398 5180 totum
2421 5125 2613 5179 orbem
2643 5133 2963 5196 sparserunt
2994 5131 3262 5194 quatenus
3300 5134 3433 5191 Ope-

1845 5220 2021 5276 rarios
2068 5219 2362 5275 voluntatis
2409 5218 2506 5273 Dei
2552 5218 2775 5276 idoneos
2834 5219 2888 5274 in
2945 5215 3282 5272 auditoribus
3321 5214 3436 5269 suis

1842 5313 2182 5386 prazﬁcerent
2207 5331 2220 5367 :
2245 5327 2480 5383 quorum
2529 5311 2621 5367 alii
2661 5311 2934 5368 fabricant
2968 5310 3132 5381 ligna,
3182 5323 3308 5362 cum
3343 5323 3431 5364 se—

1843 5405 2103 5475 metipsos
2131 5413 2187 5460 et
2215 5420 2332 5470 eos,
2356 5405 2452 5475 qui
2480 5404 2582 5460 sibi
2606 5403 2950 5466 obediebant,
2975 5401 3120 5469 ligna
3150 5397 3434 5455 fructifera

1842 5497 1900 5553 in
1923 5497 2085 5554 domo
2125 5497 2336 5552 Domini
2366 5512 2562 5568 parare
2610 5496 2918 5558 studebant,
2957 5493 3050 5548 alii
3097 5500 3244 5548 sarta
3288 5499 3433 5548 tecta

1841 5589 2029 5660 templi
2069 5589 2362 5656 faciebant,
2416 5588 2634 5660 quando
2661 5587 2749 5643 illa
2779 5599 2900 5656 qua:
2950 5600 3049 5655 per
3097 5584 3345 5641 haeresim
3377 5593 3434 5640 et

1843 5682 2138 5739 schismata
2179 5689 2334 5752 rupta
2365 5687 2540 5742 erant,
2575 5675 2996 5732 rcaedificabant.
3033 5674 3138 5730 Alii
3171 5690 3304 5731 saxa
3328 5691 3432 5731 cae-

1844 5778 2067 5845 debant,
2098 5775 2424 5848 cumduros
2469 5771 2633 5827 corde
2682 5778 2738 5826 et
2769 5769 3077 5825 incredulos
3106 5767 3320 5825 fortiter
3350 5771 3431 5823 in-

1845 5872 2160 5942 crepabant,
2206 5871 2279 5925 ita
2307 5876 2365 5923 nt
2393 5867 2712 5938 impleretur
2752 5864 3073 5920 instauratio
3103 5863 3296 5919 domus
3319 5862 3430 5916 Do‘
