4044 6336
613 375 718 446 51'5

1639 371 1990 448 ruentem
2021 375 2480 450 rationarius
2517 381 2824 450 nomen;

3773 399 3884 454 5M

613 477 768 568 miiii,
813 501 868 554 in
907 501 1176 556 universis
1205 511 1324 573 quae
1369 501 1680 571 indigebant
1714 517 1948 574 expensa
1991 505 2056 560 a'd
2087 505 2180 560 do-
2207 507 2258 572 Α
2286 511 2342 560 ut
2381 507 2634 562 studeant
2681 507 2860 560 minus
2897 505 3084 562 fideles
3124 507 3178 562 in
3221 501 3558 588 apiritalibus
3593 513 3886 578 invenite.

611 593 758 648 mum
783 591 994 648 Domini
1017 593 1383 660 muniendam,
1404 593 1558 664 juxta
1579 593 1708 650 illud
1735 593 1920 666 utique
1941 595 2186 666 Apostoli

609 697 717 756 quo
739 686 844 740 ait:
873 703 892 736 α
923 681 1226 756 Unicuique
1251 691 1428 740 autem
1469 693 1712 740 nostrum
1743 687 1866 741 data
1899 695 1984 742 est
2013 687 2196 760 gratia'

607 775 903 832 secundum
919 789 1228 832 mensuram
1255 777 1562 832 donationis
1586 775 2015 850 Christi-(Ephes.
2041 779 2136 850 iv).
2162 797 2180 830 ι

605 865 674 922 Et
727 867 888 938 paulo
942 877 1098 938 post:
1137 885 1157 919 ‹
1187 867 1255 924 Ει
1297 869 1414 938 ipse
1445 869 1676 942 '(inquit)
1725 869 1872 924 dedit
1923 871 2184 940 quosdam

605 962 820 1031 quidem
845 961 1134 1032 apostolos,
1176 963 1438 1032 quosdam
1473 969 1652 1018 autem
1693 963 2026 1034 prophetas:
2053 963 2186 1018 alios

603 1051 733 1108 vero
771 1051 1154 1121 evangelistas,
1181 1051 1316 1108 alios
1341 1061 1524 1108 autem
1563 1053 1811 1108 doctores
1833 1061 1890 1109 et
1913 1061 2180 1122 pastores,

603 1145 670 1200 ad
692 1141 1214 1200 consummationem
1247 1151 1578 1210 sanctorum,
1623 1143 1678 1198 in
1705 1157 1841 1214 opus
1870 1143 2196 1210 ministerii;

603 1235 656 1290 in
707 1233 1416 1308 :ediﬁcationemgcorporis
1457 1233 1658 1292 Christi
1705 1233 1916 1308 (I-'bid.).
1955 1255 1974 1290 ι
2027 1235 2196 1304 Quod‘

599 1335 778 1383 autem
815 1327 1066 1396 sequitur
1103 1341 1118 1380 :

671 1447 690 1480 ι
725 1427 1115 1483 Verumtamen
1138 1441 1246 1482 non
1283 1425 1486 1482 ﬁebant
1513 1443 1580 1484 ex
1615 1429 1802 1484 eadem
1827 1429 2052 1500 pecunia
2085 1429 2182 1500 hy-

599 1535 620 1568 ε
651 1516 782 1572 ᾱνίμθ
823 1517 1006 1589 templi
1039 1517 1272 1584 Domini,
1301 1525 1357 1574 et
1384 1517 1682 1586 fuscinulaa,
1714 1527 1768 1575 et
1795 1519 2090 1587 thuribula,
2127 1527 2190 1575 et”

599 1623 618 1658 ‹
653 1607 813 1672 tuba‘,
845 1617 902 1662 et
929 1623 1090 1662 omne
1117 1621 1216 1663 vas
1261 1623 1484 1664 aureum
1527 1619 1582 1664 et
1619 1617 1956 1681 argenteum,
1987 1611 2052 1666 de
2087 1623 2182 1680 pe-

599 1693 811 1770 c'cunia
844 1715 964 1770 quae
1010 1699 1346 1756 inferebatur
1373 1701 1426 1756 in
1479 1703 1736 1773 temphim
1783 1703 2020 1784 Domini,
2053 1721 2072 1754 ι
2107 1703 2180 1758 si-

592 1791 812 1864 gniﬁcat
831 1791 976 1862 quod
999 1793 1104 1847 alia
1135 1793 1293 1848 debet
1317 1809 1436 1850 esse
1465 1796 1624 1862 ratio,
1657 1795 2058 1852 formandorum
2085 1811 2176 1850 va-

2292 615 2452 674 quam
2481 601 2572 658 isti
2607 603 2662 658 in
2693 601 3066 671 corporalibus
3085 600 3302 658 fuerant
3329 605 3556 660 inventi.

2365 715 2392 746 ε·
2419 695 2706 750 Pecuniam
2749 691 2878 750 vero
2925 709 3026 765 pro
3072 695 3288 761 delicto,
3337 703 3392 752 et
3441 699 3756 768 pecuniam
3785 715 3886 773 pro

2293 807 2312 840 ι
2347 787 2608 856 peCcatis,
2641 803 2748 842 non
2781 787 3086 842 inferebant
3115 787 3166 844 in
3197 785 3728 861 templiin'i‘Doniini,
3755 797 3884 866 quia

2293 897 2314 930 σ
2349 879 2704 936 sacerdotum
2735 875 2869 934 erat.
2909 897 2928 930 ι
2965 879 3090 934 Haec
3119 881 3388 934 sententia
3429 883 3700 948 ostendit,
3739 887 3884 956 quod

2285 979 2392 1028 non
2436 971 2557 1042 quis
2593 973 2810 1042 proprio
2855 969 3082 1027 arbitrio
3132 971 3292 1027 facile
3329 987 3388 1028 se
3423 975 3656 1030 credere
3697 977 3882 1046 debet,

2287 1063 2380 1120 sed
2407 1063 2581 1136 magis
2607 1063 2762 1130 sciat,
2779 1063 2922 1134 quod
2941 1063 3214 1118 confessio
3237 1073 3586 1134 peccatorum
3613 1075 3674 1122 et
3703 1071 3882 1138 penni-

2283 1155 2452 1210 tentia
2511 1157 2848 1212 sacerdotum
2889 1155 3096 1226 judicio
3143 1159 3446 1228 peragenda
3473 1167 3594 1226 est,
3651 1163 3750 1230 qui
3779 1163 3880 1218 ha-

2283 1249 2416 1304 bent
2461 1249 2742 1306 scientiam
2783 1249 3124 1306 discernendi
3160 1253 3302 1308 inter
3347 1255 3614 1310 mundum
3667 1265 3726 1311 et
3779 1257 3880 1312 im—

2285 1337 2568 1405 mundum,
2619 1347 2674 1394 et
2699 1339 2864 1410 leprae
2897 1341 3164 1396 maculam
3193 1342 3508 1412 dijudicare,
3535 1353 3596 1402 et
3627 1355 3726 1402 aut
3755 1363 3878 1404 eon-

2282 1427 2559 1498 demnare,
2585 1439 2678 1486 aut
2715 1433 2974 1488 mundum
3001 1433 3329 1490 discernere.

2863 1561 3092 1621 CAPUT
3123 1561 3253 1622 XIII.

2357 1711 2376 1742 ε
2415 1691 2640 1748 Eliszeus
2687 1703 2868 1751 autem
2907 1699 3204 1769 aegrotabat
3259 1701 3608 1772 inﬁrmitate,
3663 1721 3778 1778 qua
3821 1717 3872 1766 et

2285 1801 2306 1834 σ
2343 1793 2588 1842 mortuus
2633 1796 2734 1842 est.
2785 1787 3180 1860 Descenditque
3217 1795 3284 1848 ad
3329 1809 3452 1850 eum
3490 1793 3626 1853 Joas
3657 1814 3760 1854 rex
3799 1799 3874 1856 ls-

593 1891 778 1938 s‘Orum
809 1884 864 1938 in
897 1883 1260 1940 ministerium
1297 1885 1530 1953 Demini,
1561 1883 1668 1942 alia
1707 1891 2074 1958 paraudorum
2103 1887 2168 1942 ii-

2283 1895 2304 1928 ‹
2343 1879 2478 1944 rael,
2493 1887 2548 1933 et
2561 1877 2718 1934 ﬁebat
2735 1897 2916 1936 coratn
2935 1898 3018 1948 eo,
3037 1885 3386 1956 dicebatque:
3403 1887 3572 1944 Pater
3594 1893 3692 1954 mi,
3713 1892 3876 1949 Pater
3949 1919 3966 1930 -

592 1983 823 2045 gnarum
848 1983 902 2030 et
933 1989 1188 2030 saxorum
1227 1977 1283 2030 in
1312 1975 1596 2032 aediﬁcium
1629 1977 1839 2034 domus.
1883 1979 2018 2046 Quia
2067 1979 2168 2034 alia

591 2063 756 2121 debet
778 2081 899 2120 esse
926 2067 1303 2137 doctrina-qua
1341 2067 1502 2124 rudes
1537 2069 1854 2125 imbuuntur
1882 2073 1948 2125 ad
1973 2071 2176 2138 ﬁdem“,

587 2161 644 2212 ei;
667 2155 770 2210 alia
801 2173 906 2228 qua
923 2158 1034 2228 jam
1059 2157 1284 2228 perfecti
1317 2160 1660 2215 instruuntur
1687 2161 1752 2216 ad
1785 2161 2026 2218 scientiae
2059 2161 2170 2232 ple-

589 2247 904 2302 nitudinem.
953 2247 1100 2304 Bene
1149 2259 1348 2305 autenr
1377 2266 1502 2306 vasa
1549 2251 1742 2306 domus
1799 2253 2014 2306 Domini
2061 2252 2170 2308 illic

585 2349 810 2412 possunt
837 2341 1086 2414 intelligi,
1115 2343 1204 2413 qui
1225 2343 1340 2412 jam
1377 2345 1488 2414 apti
1515 2353 1644 2398 sunt
1669 2345 1738 2398 ad
1763 2345 2023 2415 capienda
2053 2361 2172 2400 mu-

585 2449 716 2490 nera
753 2435 954 2502 divina,
1007 2445 1064 2490 et
1109 2435 1316 2492 habiles
1357 2435 1493 2491 fiunt
1537 2437 1605 2490 ad
1653 2437 2010 2492 ministerium
2053 2438 2165 2492 Dei.

585 2521 720 2580 Nam
753 2527 958 2599 hydria:
985 2543 1078 2584 eos
1109 2529 1422 2602 signiﬁcare
1445 2541 1694 2600 possunt,
1724 2531 1814 2600 qui
1845 2545 2039 2600 aquam
2079 2547 2168 2586 sa—

583 2621 802 2692 pientia:
845 2621 1044 2676 divinae
1073 2623 1128 2676 in
1173 2637 1232 2676 se
1278 2621 1578 2677 continent.
1619 2621 1922 2678 Fuscinulua
1959 2637 2170 2694 quoque

585 2713 834 2769 doctores
863 2713 1202 2784 spiritualcs,
1235 2729 1466 2784 quorum
1497 2713 1728 2770 ofﬁcium
1761 2723 1844 2770 est
1881 2727 2078 2784 corpus
2117 2723 2172 2768 et

584 2803 902 2874 sanguinem
931 2803 1146 2858 Domini
1173 2803 1521 2860 credentibus
1561 2805 1904 2872 distribuere,
1937 2805 2169 2860 inﬁdeli-

581 2894 696 2950 bus
725 2897 1028 2966 abnegare,
1081 2903 1290 2950 necnon
1354 2903 1408 2950 et
1463 2897 1800 2968 spiritualem
1859 2895 2168 2952 alimoniam

582 2979 754 3054 verbi,
791 2989 988 3058 cuique
1017 2997 1182 3062 prout
1211 2989 1482 3056 convenit,
1534 2991 1828 3060 dispartiri.
1863 2991 2001 3060 Quia
2044 2997 2168 3045 Sunt

583 3081 641 3135 in
669 3081 855 3136 verbis
883 3079 978 3136 Dei
1007 3081 1287 3148 nonnulla,
1321 3097 1442 3152 qua:
1465 3091 1664 3136 nostra:
1695 3081 1986 3138 humilitati
2015 3095 2170 3136 reve-

583 3176 716 3244 lare,
750 3179 818 3232 ad
847 3187 1046 3233 nostra:
1079 3178 1272 3248 epulas
1297 3175 1609 3234 refectionis
1645 3177 1944 3232 concedere
1981 3175 2170 3246 digna-

2281 1985 2314 2019 σ·
2341 1969 2434 2036 mi,
2461 1985 2654 2026 currus
2675 1971 2841 2028 lsrael
2863 1981 2919 2028 et
2943 1975 3128 2044 auriga
3149 1973 3283 2044 ejus.
3315 1979 3382 2032 Et
3403 1981 3478 2034 ait
3499 1979 3590 2034 illi-
3607 1981 3868 2038 Eiisaeus:

2281 2077 2312 2110 ‹-
2336 2059 2484 2115 Aifer
2511 2077 2696 2117 arcum
2723 2071 2778 2118 et
2811 2065 3056 2136 sagittas.
3079 2065 3322 2138 Cumque
3349 2071 3624 2128 attulisset
3653 2075 3728 2130 ad
3749 2091 3870 2130 eum

2280 2175 2298 2207 ι
2333 2171 2518 2212 arcum
2541 2167 2598 2214 et
2623 2157 2869 2230 sagittas,
2895 2159 3026 2216 dixit
3050 2163 3116 2218 ad
3141 2177 3320 2234 regem
3343 2165 3508 2220 lsrael
3533 2185 3546 2220 :
3577 2167 3736 2224 Pone
3759 2185 3870 2224 ma-

2279 2265 2298 2298 ι
2334 2263 2462 2302 num
2519 2257 2662 2304 tuam
2713 2265 2880 2322 super
2907 2267 3112 2307 arcum.
3162 2253 3230 2308 Et
3289 2271 3410 2310 cum
3461 2261 3746 2327 posuisset
3783 2259 3868 2314 ille

2279 2357 2298 2390 ι
2331 2355 2552 2396 manum
2577 2357 2749 2408 suam,
2769 2347 3108 2414 superposuit
3129 2345 3356 2402 Eiisaaus
3383 2363 3579 2406 manus
3599 2365 3736 2406 suas
3755 2369 3866 2406 ma.

2279 2449 2300 2482 ι
2335 2433 2494 2488 nibus
2529 2435 2692 2506 regis,
2751 2445 2808 2490 et
2831 2439 2948 2490 ait:
2981 2437 3144 2508 Aperi
3193 2437 3486 2495 fenestram
3515 2441 3860 2498 orientalem.

2279 2542 2298 2574 ι
2335 2523 2580 2598 Cumque
2617 2529 2934 2597 aperuisset,
2963 2531 3097 2584 dixit
3127 2531 3352 2587 Eiisteus
3377 2551 3390 2586 :
3421 2531 3552 2588 Jace
3581 2537 3858 2606 sagittam.

2279 2637 2298 2672 ε
2333 2619 2570 2688 Etjecit.
2601 2621 2670 2674 Et
2691 2622 2768 2676 ait
2801 2622 3024 2678 Elisaeus
3051 2640 3064 2676 :
3093 2623 3298 2693 Sagitta
3341 2624 3530 2680 salutis
3559 2625 3780 2682 Domini
3809 2635 3860 2682 et

2279 2729 2298 2760 ς
2335 2711 2530 2782 sagitta
2559 2711 2748 2767 salutis
2775 2721 2960 2767 contra
2986 2713 3216 2786 Syriam.
3235 2715 3620 2788 Percutiesque
3639 2717 3862 2790 Syriam

2278 2819 2296 2852 ‹
2335 2801 2390 2854 in
2447 2801 2650 2870 Aphec,
2703 2803 2872 2858 donec
2922 2819 3208 2860 consumas
3249 2821 3392 2874 eam,
3457 2829 3478 2862 ι
3521 2817 3578 2864 et
3625 2811 3858 2880 reliqua.

2273 2891 2410 2958 Quid
2437 2901 2522 2948 est
2563 2895 2706 2964 quod
2740 2895 3004 2966 propheta
3047 2899 3162 2968 regi
3195 2899 3358 2954 lsrael
3401 2899 3556 2968 jubet
3577 2915 3774 2956 arcum
3809 2911 3862 2958 et

2271 2985 2520 3055 sagittam
2547 2985 2761 3050 afferre,
2787 2987 2888 3042 nisi
2911 2989 3052 3058 quod
3071 2989 3404 3060 Redemptor
3421 3001 3610 3047 noster
3631 2995 3864 3048 rectori-

2271 3075 2372 3132 bus
2399 3077 2672 3144 Ecclesiaz,
2697 3079 2866 3134 armis
2899 3079 3268 3150 spiritualibus
3299 3099 3358 3138 se
3381 3083 3552 3148 indui,
3587 3093 3864 3140 etcontra

2271 3168 2484 3224 hostem
2541 3171 2821 3240 antiquum
2871 3173 3112 3242 przccipit
3161 3174 3432 3244 praeliari?
3489 3176 3662 3234 Areus
3707 3181 3864 3234 enim

583 3275 668 3323 tus
693 3277 796 3324 est.
831 3269 1124 3325 Sunt'item
1155 3269 1258 3324 alia
1284 3277 1444 3324 tanta:
1471 3267 1876 3340 profunditatis,
1901 3283 2022 3338 qua:
2041 3283 2170 3322 san-
2195 3255 2240 3320 C
2271 3273 2660 3328 nonnunquam
2689 3261 2742 3314 in
2779 3275 2936 3316 5³01⁸0
2965 3261 3201 3332 eloquio,
3245 3279 3344 3334 PN
3385 3265 3502 3334 ipso
3547 3281 3706 3322 sacro
3749 3269 3866 3322 elo-

581 3361 654 3416 cti
704 3359 954 3432 Spiritus
997 3361 1332 3418 solummodo
1375 3363 1616 3418 scientia:
1673 3367 1914 3432 pateant,
1967 3369 2166 3416 nostra:

581 3467 710 3510 vero
734 3456 1044 3526 capacitatis
1073 3471 1174 3528 per
1198 3456 1382 3511 omnia
1413 3467 1724 3510 mensuram
1757 3453 2161 3508 transcendant.

489 3587 500 3596 .
581 3547 872 3603 Thurihula
922 3557 1104 3604 autem
1156 3549 1276 3604 illos
1322 3547 1552 3618 ﬁgurate
1611 3547 2014 3612 demonstrant,
2075 3545 2166 3616 qui

575 3641 832 3695 mundam
861 3639 1164 3696 orationem
1191 3655 1258 3694 ex
1289 3637 1621 3693 conscientia
1649 3647 1784 3707 pura
1813 3645 1866 3692 et
1918 3636 2022 3690 ﬁde
2056 3649 2164 3690 non

573 3734 712 3790 ﬁcta.
730 3731 974 3789 offerunt
995 3733 1128 3798 Deo,
1157 3741 1212 3787 et
1237 3747 1360 3788 cum
1395 3731 1662 3802 propheta
1691 3731 1872 3786 dicere
1903 3737 2162 3800 possunt:

533 3869 548 3884 .
579 3851 598 3882 ι
635 3831 912 3902 Dirigatur
953 3829 1134 3884 oratio
1181 3843 1302 3884 mea
1343 3827 1486 3884 sicut
1517 3827 1799 3882 incensum
1848 3825 1900 3878 in
1939 3833 2166 3894 conspe-

573 3931 662 3978 ctu
695 3927 786 3976 tuo
831 3921 1004 3992 (Psal.
1036 3921 1180 3990 σπι).
1217 3941 1236 3974 ι
1279 3919 1448 3976 Tuba:
1495 3927 1674 3975 autem
1707 3919 1836 3990 quid
1865 3917 2008 3973 aliud
2039 3926 2164 3974 sunt

573 4013 1152 4084 quam'prtudicatores-
1189 4013 1384 4080 sancti,
1433 4013 1525 4084 qui
1575 4013 1630 4068 in
1671 4019 1784 4068 toto
1813 4013 1944 4068 orbe
1981 4019 2162 4066 terra-

573 4121 692 4160 rum
755 4121 938 4161 vocem
1007 4105 1348 4178 Evangelicae
1409 4103 1810 4174 praedicationis
1873 4101 2166 4158 emittunt?

575 4211 804 4266 quorum
827 4211 1078 4265 persome
1095 4211 1194 4266 per
1211 4195 1532 4264 prophetam
1555 4193 1759 4248 dictum
1779 4201 1864 4248 est
1879 4211 1892 4246 :
1917 4211 1934 4244 ε
1953 4191 2162 4256 Clama,

575 4303 642 4342 ne
677 4297 882 4352 casses;
906 4289 1058 4358 quasi
1091 4287 1218 4342 tuba
1243 4285 1420 4342 exulta
1449 4301 1638 4342 vocem
1669 4293 1838 4348 tuam,
1865 4293 1922 4340 et
1949 4281 2164 4338 annun-

577 4381 879 4450 tia'popuio
909 4395 1032 4437 meo
1060 4381 1268 4436 scelera
1310 4395 1520 4444 eorum,
1559 4389 1614 4434 et
1635 4379 1816 4434 domui
1843 4377 2010 4434 Jacob
2037 4391 2164 4448 pec-

567 4483 692 4530 cata
717 4489 902 4530 eorum
927 4473 1061 4546 (lsa.
1097 4475 1272 4548 LVIII).
1305 4493 1324 4526 ›
1357 4475 1426 4530 Et
1455 4473 1740 4530 Psalmista
1767 4489 1782 4526 ε
1813 4493 1831 4526 ‹
1864 4473 1922 4528 in
1943 4487 2160 4528 onmem

573 4577 776 4624 terram
813 4567 980 4622 exivit
1021 4581 1187 4622 sonus
1231 4583 1454 4622 eorum:
1489 4567 1618 4622 et‘in
1663 4567 1798 4622 ﬁnes
1833 4567 1982 4622 orbis
2005 4575 2162 4622 terrae

571 4663 734 4718 verba
767 4677 955 4716 eorum
981 4659 1154 4734 (Psat.
1185 4659 1364 4733 xvru).
1401 4681 1420 4714 ›
1459 4659 1754 4732 Sequitur:

649 4784 666 4814 ι
701 4763 768 4818 Ει
791 4779 898 4819 non
935 4763 1098 4820 ﬁebat
1134 4763 1274 4818 ratio
1305 4763 1389 4818 bis
1425 4763 1756 4828 hominibus,
1803 4763 1894 4833 qui
1929 4762 2158 4832 accipie-

573 4875 590 4908 ε
625 4855 755 4912 bant
793 4855 1102 4926 pecuniam,
1147 4861 1208 4908 ut
1243 4853 1633 4909 distribuerth
1673 4869 1794 4910 eam
1835 4853 2156 4920 artificibus,

573 4967 590 5000 ι
627 4949 722 5004 sed
753 4949 804 5004 in
837 4947 942 5004 ﬁde
983 4947 1288 5002 tractabant
1319 4961 1462 5002 eam.
1493 4967 1510 4999 ι
1545 4947 1894 5002 Devotionem
1919 4945 2160 5000 ostendit

567 5057 778 5108 eorum,
819 5041 884 5097 de
907 5043 1106 5112 quibus
1141 5055 1322 5096 sermo
1343 5047 1464 5096 est:
1493 5041 1626 5108 Quia
1659 5051 1864 5094 tantum
1909 5039 2070 5095 studii
2101 5039 2154 5092 in

567 5133 828 5206 religione
863 5133 1188 5200 habuerunt,
1239 5141 1300 5188 ut
1329 5131 1506 5188 nullus
1534 5133 1876 5188 dubitaverit
1903 5131 2032 5202 quin
2067 5147 2160 5202 pe-

568 5228 782 5282 cuniam
813 5227 1052 5292 Domini,
1078 5227 1194 5282 sine
1224 5225 1452 5294 alicujus
1467 5225 1786 5296 suspicione
1815 5223 2022 5278 fraudis
2049 5233 2160 5279 tra-

567 5327 799 5374 ctarent.
831 5317 898 5374 Et
925 5319 1068 5374 hanc
1097 5319 1164 5374 de
1183 5317 1380 5372 aerario
1408 5317 1698 5383 sublatam‘,
1727 5315 1960 5370 fideliter
1984 5315 2146 5370 artiﬁ-

567 5411 742 5478 cibus,
783 5411 850 5465 ad
887 5413 1234 5467 muniendam
1277 5411 1520 5476 domum,
1551 5419 1714 5480 prout
1757 5409 2160 5481 singulis'opns

567 5513 734 5568 esset,
763 5499 1041 5557 oﬁ'errent.
1067 5501 1219 5558 Unde
1241 5509 1466 5558 neces‘se
1487 5509 1590 5568 est,
1623 5501 2052 5556 ut'considerent
2075 5499 2153 5564 hi,

567 5589 660 5658 qui
703 5589 1037 5661 spiritualem
1077 5593 1361 5662 pecuniam
1403 5591 1554 5646 verbi
1597 5591 1690 5646 Dei
1725 5591 1792 5646 ad
1837 5591 2154 5662 dispet't'san-

567 5681 693 5738 dum
741 5685 1015 5742 conservis
1043 5685 1178 5754 suis,
1225 5685 1732 5758 op‘erariisscilicet
1781 5685 1977 5740 divinis
2013 5683 2158 5740 acci-

565 5763 744 5850 piunt,
781 5789 982 5851 quanta
1015 5781 1118 5838 ﬁde
1163 5791 1470 5854 quantaque
1519 5781 1848 5838 discretione
1877 5779 1984 5836 illis
2021 5795 2156 5850 opus

565 5883 669 5943 est,
707 5875 904 5946 quibus
947 5873 1083 5930 ratio
1128 5875 1194 5930 de
1239 5875 1428 5931 eadem
1457 5875 1682 5936 pecunia
1727 5871 2000 5930 reddenda
2030 5881 2154 5930 est:

2269 3349 2398 3419 quio
2425 3351 2554 3420 poni
2601 3351 2756 3418 solet,
2787 3353 2928 3423 quod
2973 3369 3040 3408 ex
3065 3363 3297 3425 utroque
3327 3355 3674 3415 Testamento
3711 3361 3868 3414 velut

2271 3457 2338 3496 ex
2365 3457 2532 3497 cornu
2555 3451 2610 3498 et
2637 3445 2840 3500 chorda
2863 3455 3098 3502 constat.
3123 3447 3230 3502 Per
3253 3447 3422 3505 Vetus
3443 3453 3642 3522 quippe
3663 3451 3866 3508 Testa-

2268 3543 2510 3591 mentum
2541 3535 2804 3608 iiguratur
2855 3553 3022 3594 cornu
3051 3549 3274 3610 propter
3299 3543 3586 3598 duritiam.-
3605 3543 3716 3598 Per
3741 3543 3864 3600 No-

2267 3645 2415 3696 vum,
2455 3630 2600 3699 quod
2627 3629 2910 3686 incarnato
2961 3631 3188 3688 Domino
3217 3633 3502 3704 ﬁguratum
3531 3645 3634 3702 est,
3667 3637 3862 3708 signa—

2269 3729 2358 3776 tur
2385 3721 2677 3788 chorda,et
2703 3723 2830 3778 dum
2859 3725 3062 3780 chorda
3095 3727 3344 3792 trahitur,
3371 3743 3538 3784 cornu
3567 3741 3862 3798 curvatur,

2269 3813 2393 3882 quia
2431 3828 2556 3868 cum
2583 3812 2792 3868 Novum
2821 3814 3228 3872 Testamentum
3261 3819 3616 3886 discutitur,a
3649 3821 3864 3880 duritia

2267 3904 2462 3978 littera:
2493 3903 2660 3960 Vetus
2687 3906 2998 3972 inclinatur,
3031 3917 3084 3962 et
3121 3909 3184 3962 ad
3225 3909 3552 3966 intellectum
3597 3913 3868 3982 spirituu-

2267 3995 2372 4050 lem
2425 3993 2682 4062 ﬁectitur,
2729 3997 2855 4068 quia
2897 3999 3076 4068 rigore
3103 3999 3220 4070 ejus
3241 4001 3456 4056 duritiae
3481 4017 3584 4058 non
3615 4013 3864 4061 tenetur.

2270 4087 2490 4160 Sagittae
2517 4091 2658 4146 enim
2681 4099 2808 4146 sunt
2837 4092 2953 4147 hac
2977 4091 3276 4162 ipsa-verba
3305 4111 3428 4164 quae
3453 4095 3708 4152 doctores
3731 4113 3868 4168 pm-

2267 4181 2468 4238 ferunt.
2497 4183 2652 4240 Unde
2677 4183 2842 4240 etiam
2871 4185 3008 4239 bene
3039 4185 3106 4240 de
3135 4187 3338 4242 sanctis
3381 4187 3710 4254 doctoribus,
3763 4205 3868 4260 per

2266 4279 2588 4349 prophetam
2669 4279 3030 4349 gentilitatem
3103 4281 3530 4351 ingredientibus
3607 4283 3864 4338 dicitur:

2273 4389 2290 4422 ‹
2329 4369 2464 4426 Cum
2526 4369 2740 4442 sagittis
2781 4371 2958 4426 acutis
3002 4379 3068 4426 et
3115 4387 3244 4426 arcu
3303 4373 3678 4444 ingrediantur
3729 4377 3868 4434 illuc

2267 4459 2402 4532 (Isa.
2435 4463 2554 4532 vn).
2591 4481 2610 4514 ι
2631 4461 2740 4518 Nos
2763 4477 2892 4534 ergo
2911 4461 3352 4534 cum-Scriptum
3377 4479 3546 4520 sacra:
3565 4467 3710 4520 dicta
3723 4483 3866 4537 Peu-

2267 4571 2472 4622 samus,
2502 4571 2689 4612 arcum
2719 4557 3051 4614 intendimus
3077 4576 3088 4612 :
3123 4573 3246 4613 cum
3267 4559 3434 4614 verba
3471 4559 3736 4616 doctrinae
3759 4563 3862 4616 da-

2185 4627 2409 4712 D'mus,
2448 4649 2674 4718 sagittas
2723 4649 3040 4705 emittimus.
3077 4649 3346 4720 Ponitque
3391 4651 3618 4708 Elisteus
3663 4669 3864 4710 manus

2269 4757 2396 4798 suas
2441 4755 2604 4812 super
2625 4757 2816 4797 manus
2863 4743 3026 4812 regis,
3061 4757 3184 4796 cum
3221 4743 3482 4814 exemplis
3519 4743 3634 4798 suis
3669 4743 3864 4800 Domi-

2267 4849 2370 4890 nus
2396 4835 2638 4890 actiones
2665 4835 2946 4891 doctorum
2979 4833 3162 4905 dirigit
3207 4843 3260 4890 et
3281 4833 3572 4891 confortat.
3601 4833 3866 4890 Orienta-

2264 4927 2372 4984 lem
2424 4927 2714 4984 fenestram
2749 4929 2960 5000 aperire
2987 4929 3230 4994 mandat,
3269 4939 3324 4984 et
3363 4929 3546 5000 jacere
3573 4931 3862 5000 sagittam,

2265 5019 2390 5090 quia
2413 5019 2616 5076 lumine
2646 5019 2888 5076 scientiae
2927 5027 2982 5074 et
3017 5033 3160 5074 vera:
3183 5020 3464 5086 doctrinm,
3505 5033 3634 5074 suos
3671 5021 3866 5076 horta-

2265 5121 2354 5168 tur
2395 5115 2630 5184 primum
2685 5113 2992 5180 illustrari,
3047 5121 3102 5168 et
3145 5113 3288 5170 sicut
3327 5111 3506 5184 jacula
3557 5113 3860 5168 verborum

2265 5207 2501 5264 mittere.

2341 5323 2358 5356 ι
2395 5303 2462 5359 Et
2489 5303 2564 5358 ait
2591 5301 2813 5359 Elisaeus
2837 5319 2850 5356 :
2883 5301 3090 5374 Sagitta
3113 5301 3304 5358 salutis
3327 5299 3557 5364 Domini,
3585 5307 3642 5352 et
3659 5305 3864 5370 sagitta

2271 5421 2290 5453 ε
2327 5401 2516 5458 salutis
2555 5407 2742 5456 contra
2795 5399 3052 5470 Syriam,
3100 5397 3480 5468 percutiesque
3529 5391 3756 5464 Syriam
3809 5395 3862 5449 in

2273 5513 2290 5546 α
2327 5495 2532 5566 Aphec,
2567 5495 2739 5550 donec
2785 5507 3076 5548 consumas
3101 5505 3246 5546 eam.
3277 5501 3316 5544 ι·
3355 5487 3562 5560 Sagitta
3609 5501 3748 5559 ergo
3777 5503 3864 5542 sa.

2267 5585 2652 5642 lutis'Domini
2697 5595 2778 5642 est
2825 5583 3138 5656 praedicatio
3175 5593 3388 5646 sancta,
3435 5597 3558 5636 cum
3601 5581 3866 5636 decenter

2265 5679 2574 5746 exhibetur,
2591 5677 3024 5750 etspiritualium
3051 5677 3288 5734 hostium
3311 5673 3616 5730 certissima
3633 5669 3866 5728 interfe-

2265 5773 2394 5838 ctio,
2417 5771 2462 5828 si
2487 5779 2902 5842 perseveranter
2927 5769 3122 5841 agitur.
3145 5767 3254 5823 Nec
3275 5765 3356 5822 fas
3377 5773 3462 5820 est
3481 5773 3538 5818 ut
3565 5761 3866 5832 aliquando

2263 5866 2602 5936 dispensator
2633 5863 2782 5920 verbi
2817 5863 2914 5920 Dei
2965 5859 3204 5934 segniter
3249 5865 3480 5929 torpeat,
3527 5855 3614 5912 cui
3639 5853 3862 5924 jussum
