4044 6336
237 368 351 425 517

1146 362 1407 423 ENARI.
1443 362 1521 421 IN
1553 362 1807 424 LIBROS
1839 363 2111 426 ιωωι.
2152 390 2225 407 —-
2259 364 2327 422 ΙΝ
2367 365 2493 421 LIB.
2536 362 2626 423 ιγ.

3425 376 3544 439 5ιῦ

238 489 351 548 est,
381 487 447 538 at
470 478 653 553 gsegis
671 478 936 536 Dominici
961 495 1151 537 curam
1188 483 1420 547 habeat,
1451 482 1577 553 quia
1611 482 1842 539 multum
1869 487 1921 548 Α
1947 486 2144 543 raeiter
2189 486 2245 543 in
2292 486 2408 558 ipso
2450 485 2699 552 collocat,
2729 487 2847 543 sine
2893 487 3067 545 dubio
3104 492 3383 566 particeps
3426 499 3537 556 erit

236 571 405 630 obest
425 571 639 628 devotis
664 570 1005 629 auditoribus
1026 613 1043 640 ,
1070 574 1118 629 si
1140 569 1338 631 inertia
1363 574 1623 646 praevalet
1651 575 1843 633 docto-

236 665 418 723 ribus.
465 664 615 721 Dicit
661 664 807 721 enim
860 663 1180 736 Propheta:
1220 685 1240 719 ι
1297 666 1501 735 Clama,
1544 683 1617 725 ne
1662 684 1845 726 cesses

237 758 385 832 (Im.
414 756 592 829 Lvm).
629 776 648 810 ι
682 757 751 815 Et
774 755 1071 828 Apostolus
1097 759 1166 816 ad
1193 758 1537 839 Timotheum
1565 777 1579 815 :
1608 779 1628 811 ι
1666 758 1843 816 Testi-

236 851 381 907 ﬁcor
406 849 632 923 (inquit)
669 864 857 906 coram
877 851 991 906 Deo
1013 860 1069 906 et
1090 849 1315 909 Christo
1336 851 1486 920 Jesu,
1515 853 1607 925 qui
1623 851 1843 924 judica-

236 949 403 995 turus
444 947 531 994 est
557 938 817 997 vivos‘et
844 948 1115 1007 mortuos,
1144 951 1200 1003 et
1226 956 1329 1014 per
1350 942 1643 1000 adventum
1672 943 1842 1014 ipsius

233 1041 297 1087 et
318 1046 552 1103 regnum
581 1030 729 1102 ejus,
768 1032 1007 1101 prmdica
1037 1033 1283 1102 verbum,
1329 1034 1473 1091 insta
1515 1044 1839 1106 opportune,

236 1125 557 1197 importune
580 1142 594 1179 :
620 1140 812 1197 argue,
833 1126 1083 1193 obsecra,
1115 1127 1341 1199 increpa
1370 1128 1429 1183 in
1453 1130 1599 1185 omni
1628 1130 1838 1201 patien-

236 1219 319 1275 tia
346 1227 406 1275 et
448 1218 699 1275 doctrina
728 1217 815 1289 (II
848 1216 985 1273 Tim.
1013 1221 1111 1292 tv).
1149 1240 1171 1272 ι
1216 1219 1370 1278 Unde
1415 1236 1523 1278 non
1559 1222 1719 1278 debet
1746 1223 1841 1278 do-

234 1322 369 1369 ctor
394 1321 618 1384 propter
645 1310 935 1368 avaritiam
982 1312 1260 1385 negligere
1285 1314 1591 1369 animarum
1627 1328 1836 1380 curam,

234 1405 351 1463 sed~
376 1404 555 1476 magis
582 1420 682 1476 per
721 1404 977 1461 pietatem
1005 1406 1073 1461 ad
1101 1416 1363 1463 aeternam
1405 1406 1730 1476 pertendere
1754 1423 1840 1463 re-

234 1498 452 1569 quiem,
501 1505 657 1571 quod-
693 1496 964 1570 signiﬁeat
1010 1498 1220 1570 Aphec,
1270 1499 1658 1570 interpretatur
1692 1499 1839 1557 enim

232 1591 525 1647 continebit
579 1589 663 1647 vel
707 1592 1077 1661 appro/tendet.
1141 1592 1294 1649 Unde
1340 1593 1481 1648 idem
1523 1593 1835 1664 Apostolus,

230 1685 583 1743 enumeratis
636 1684 787 1741 vitiis
848 1700 971 1756 quae
1024 1686 1306 1741 avaritiam
1353 1686 1714 1754 comitantur,
1768 1687 1837 1743 ad

230 1775 563 1845 pnedietum
609 1775 931 1847 discipulum
982 1777 1163 1832 intulit
1213 1778 1437 1833 dicens:
1472 1798 1492 1831 ι
1528 1778 1611 1833 Tu
1657 1789 1834 1836 autem

1947 579 2361 636 resurrectionis
2404 579 2540 650 ejus.
2566 579 2708 637 Dicit
2733 581 2877 637 enim
2924 582 3041 653 ipsa
3080 583 3334 643 Veritas:
3362 606 3385 639 ι
3417 590 3537 663 Ego

1944 686 2065 727 sum
2109 672 2436 729 resurrectio
2462 680 2519 729 et
2547 673 2811 744 vita:qui
2841 675 3015 731 credit
3061 676 3119 731 in
3166 692 3271 745 me,
3317 680 3534 737 etiamsi

1943 770 2192 817 mortuus
2220 762 2405 827 fuerit,
2434 763 2601 819 vivet.
2634 762 2695 818 Et
2722 764 2901 821 omnis
2928 766 3020 836 qui
3047 767 3182 823 vivit
3205 779 3260 825 et
3287 772 3457 827 credit
3480 774 3533 828 in

1942 870 2052 921 me,
2080 870 2187 911 non
2212 857 2477 912 morietur
2499 858 2555 913 in
2587 868 2849 914 aeternum
2880 858 3063 931 (Joan.
3086 862 3184 934 xi).
3211 884 3228 915 ι
3263 865 3332 919 Et
3363 866 3489 922 alibi
3519 885 3531 921 :

1948 966 1969 1000 t
1999 947 2154 1005 Sicut
2198 949 2432 1021 Moyses,
2467 951 2662 1022 inquit,
2700 951 2960 1007 exaltavit
3010 964 3317 1026 serpentem
3357 959 3410 1013 in
3443 960 3537 1014 de-

1942 1051 2113 1106 serto,
2146 1042 2223 1097 ita
2253 1041 2483 1098 exaltari
2509 1052 2723 1113 oportet
2752 1042 2949 1099 Filium
2983 1045 3250 1115 hominis;
3274 1057 3333 1104 ut
3360 1051 3536 1107 omnis

1940 1138 2033 1208 qui
2059 1138 2231 1194 credit
2271 1138 2327 1193 in
2366 1138 2541 1209 ipsum
2586 1154 2694 1194 non
2734 1147 2947 1209 pereat,
2980 1140 3077 1197 sed
3123 1141 3327 1200 habeat
3368 1145 3535 1202 vitam

1940 1240 2205 1291 mternam
2230 1232 2423 1290 (Num.
2451 1248 2576 1300 xxr;
2606 1232 2767 1288 Joan.
2798 1234 2904 1307 ιιι).
2937 1255 2961 1288 ι

2527 1362 2755 1422 CAPUT
2793 1365 2931 1423 XIV.

2020 1495 2039 1529 ι
2074 1474 2228 1545 Quod
2260 1476 2461 1533 dicitur
2506 1476 2571 1532 de
2617 1476 2835 1533 Amasis
2882 1492 3011 1550 rege
3051 1475 3370 1553 Iud‘atlpse
3418 1497 3534 1555 per—

1947 1587 1965 1621 ‹
2002 1569 2183 1638 ,ρυεεὶι
2223 1568 2393 1625 Edom
2426 1569 2481 1625 in
2513 1569 2651 1625 valle
2694 1568 3003 1625 Salinarum
3034 1571 3219 1628 decem
3258 1573 3451 1640 millia,
3480 1583 3536 1631 et

1948 1682 1966 1715 ι
2012 1660 2370 1736 apprehendit
2398 1674 2607 1736 petram
2645 1664 2697 1719 in
2731 1660 2952 1736 prmlio,
2981 1667 3308 1738 vocavitque
3336 1686 3534 1743 nomen

1947 1774 1966 1807 ι
2010 1758 2128 1829 ejus
2174 1754 2386 1812 Jecthel
2430 1771 2603 1827 usque
2646 1757 2698 1811 in
2745 1766 3067 1827 praesentem
3110 1760 3272 1814 diem.
3314 1780 3332 1812 ι
3372 1760 3537 1817 Vallis

231 1868 408 1925 homo
428 1869 522 1925 Dei
547 1870 665 1925 hmo
684 1845 829 1942 fuge,
856 1879 1071 1926 sectare
1092 1886 1222 1928 vero
1237 1870 1531 1941 justitiam,
1554 1874 1837 1944 pietatem,
1868 1865 1917 1926 B
1945 1846 2256 1944 S‘funaf‘im
2300 1857 2437 1915 erat,
2587 1847 2668 1944 Si“
2702 1845 3112 1944 f?Ci‘?ba{"~_Vel
3140 1848 3537 1908 Ῡθηονίάθίίεθι

230 1962 424 2028 ﬁdem,
453 1962 800 2029 elmritatem,
824 1963 1167 2033 patientiam,
1192 1964 1685 2032 mansuetudinem,
1719 1980 1839 2021 eer-

233 2063 425 2111 tamen
471 2055 694 2119 bonum,
744 2063 1023 2109 certamen
1081 2053 1226 2122 ﬁdei,
1279 2057 1623 2127 apprehende
1670 2057 1838 2113 vitam

228 2157 500 2206 mtemam
523 2148 579 2203 in
604 2159 963 2219 qua-vocatus
986 2165 1046 2205 es
1071 2148 1123 2222 (1
1158 2149 1293 2205 Tim.
1319 2152 1418 2223 vr).
1458 2173 1477 2206 ι

313 2241 437 2296 ¢~Et
482 2242 561 2295 ait
607 2240 835 2297 Elisaeus
874 2242 943 2297 ad
998 2256 1179 2313 regem
1209 2257 1223 2296 :
1257 2242 1409 2315 'ljolle
1456 2247 1700 2316 sagittas.
1733 2244 1838 2314 Qui

234 2353 257 2387 ι
298 2349 427 2390 eum
460 2334 689 2399 tulisset,
723 2350 940 2389 rursum
978 2334 1112 2389 dixit
1142 2335 1193 2397 ei
1228 2354 1241 2389 :
1270 2335 1502 2393 Percute
1522 2336 1707 2405 jaculo
1737 2349 1838 2395 ter-

236 2445 259 2479 ι
294 2442 441 2482 ram.
464 2425 530 2481 Et
557 2441 680 2481 omn
727 2427 1086 2496 percussisset
1113 2427 1285 2482 tribus
1314 2428 1541 2496 vicibus,
1567 2440 1623 2486 et
1648 2432 1834 2487 stetis-

234 2537 259 2572 α
298 2528 411 2584 set,
434 2519 611 2575 iratus
634 2528 717 2574 est
745 2519 829 2574 vir
857 2519 953 2574 Dei
987 2528 1177 2575 contra
1208 2534 1356 2586 eum,
1389 2529 1447 2576 et
1466 2521 1544 2575 ait
1581 2539 1594 2575 :
1626 2520 1682 2577 Si
1709 2538 1833 2592 per-

233 2632 255 2665 (
296 2617 569 2673 eussisses
593 2613 899 2684 quinquies,
935 2624 1031 2669 aut
1062 2614 1276 2680 sexies,
1308 2616 1424 2671 sive
1457 2617 1676 2686 septies.
1706 2633 1834 2687 per-

234 2722 257 2755 ιι
294 2705 569 2761 cussisses
586 2704 803 2776 Syriam
821 2718 994 2775 usque
1016 2705 1083 2760 ad
1108 2706 1653 2763 consummationem.
1680 2706 1834 2766 Nunc

234 2816 257 2848 ς
293 2807 479 2853 autem
516 2797 688 2853 tribus
735 2796 944 2854 vicibus
970 2798 1242 2868 percutias
1289 2813 1428 2854 eam.
1490 2820 1510 2852 ι
1546 2799 1686 2855 Ecce
1714 2816 1837 2871 pro-

227 2889 403 2958 pheta
436 2889 657 2944 mandat
680 2889 794 2958 regi
816 2887 1000 2958 jaculo
1039 2898 1324 2959 percutere
1367 2901 1590 2957 terram,
1619 2899 1675 2946 et
1711 2907 1835 2947 cum

228 2980 477 3051 percutit
503 2981 677 3037 tribus
721 2981 929 3036 vicibus
956 2988 1013 3036 et
1055 2990 1182 3047 stat,
1215 2981 1468 3037 irascitur
1492 2991 1681 3038 contra
1708 2998 1834 3038 eum

228 3074 387 3144 quod
410 3088 517 3131 non
545 3076 743 3146 sapius
788 3085 989 3131 terram
1036 3085 1364 3146 percuteret.
1392 3077 1468 3133 ita
1514 3088 1570 3134 et
1595 3079 1833 3135 doctori-

228 3166 341 3221 bus
362 3167 691 3237 praecipitur,
722 3169 1123 3239 praedicationis
1138 3169 1320 3241 jacqu
1346 3179 1568 3236 terram,
1598 3172 1701 3227 hoc
1721 3180 1829 3238 est,

229 3259 491 3317 carnales
536 3270 840 3332 percutere.
899 3260 1007 3318 Sed
1058 3264 1150 3334 qui
1203 3263 1307 3319 hoc
1358 3263 1537 3318 minus
1592 3263 1834 3321 studiose

227 3362 432 3423 agunt,
463 3354 655 3409 merito
696 3354 1069 3424 increpatione
1106 3354 1287 3411 divina
1336 3364 1654 3424 arguuntur.
1694 3354 1835 3422 Quid

226 3453 323 3499 est
346 3444 497 3499 enim
527 3444 695 3501 tribus
720 3444 929 3500 vicibus
961 3451 1157 3499 terram
1183 3441 1359 3514 jacqu
1388 3455 1695 3515 percutere,
1728 3445 1835 3502 nisi

230 3534 527 3593 Trinitatis
546 3536 705 3592 ﬁdem
724 3535 1038 3591 carnalibus
1059 3552 1156 3607 per
1185 3536 1493 3592 doctrinam
1521 3536 1836 3593 insinuare?

231 3630 336 3686 sed
368 3644 493 3683 cum
521 3629 636 3700 agit
660 3628 760 3684 hoc
790 3629 925 3685 satis
953 3629 1162 3695 doctor,
1189 3629 1546 3700 hominesque
1572 3630 1643 3684 ad
1672 3629 1833 3686 ﬁdem

231 3723 513 3795 perducit,
539 3736 761 3779 necesse
784 3729 869 3779 est
893 3730 952 3779 ut
974 3723 1151 3778 adhuc
1173 3722 1340 3778 instet
1358 3723 1549 3790 verbo,
1564 3723 1738 3781 donec
1766 3723 1832 3778 il-

232 3816 321 3872 los
349 3816 544 3872 (hocat
569 3816 811 3888 quinque
836 3816 1091 3873 sensibus
1133 3816 1381 3887 corporis
1410 3816 1702 3886 imperare,
1733 3817 1834 3873 bo-

232 3908 437 3978 nisque
459 3908 715 3979 operibus
741 3908 884 3980 (quae
913 3924 1013 3978 per
1042 3907 1319 3964 senarium
1343 3922 1629 3963 numerum
1652 3908 1837 3979 expri-

233 4006 467 4063 muntur
513 3998 775 4068 (studium
817 3990 1150 4069 impendere,
1200 4014 1413 4055 necnon
1449 4008 1505 4055 et
1551 4000 1835 4056 scientiam

233 4095 583 4167 apii-iamiam
626 4097 894 4153 instanter
947 4098 1240 4164 meditari,
1288 4113 1455 4169 quam
1501 4098 1835 4170 septiformis

236 4187 481 4259 Spiritus
508 4189 691 4259 gratia
716 4190 777 4244 in
812 4187 1113 4262 Scripturis
1149 4191 1323 4246 sacris
1349 4190 1632 4246 constituit
1673 4199 1836 4261 atque

234 4283 308 4338 ad
338 4283 573 4338 salutem
605 4283 829 4339 humani
856 4285 1072 4357 generis
1111 4285 1333 4355 gemino
1350 4283 1700 4340 Testmnento
1722 4285 1837 4340 edi-

234 4374 341 4430 dit.
374 4374 478 4443 Qui
507 4384 689 4430 autem
738 4375 913 4431 solam
941 4377 1100 4431 tidem
1130 4375 1253 4430 sine
1294 4374 1551 4446 operibus
1593 4374 1755 4431 bonis
1781 4383 1838 4431 et

234 4473 595 4537 inuitatione
624 4471 761 4544 legis
792 4473 887 4528 Dei
926 4472 1026 4528 sibi
1059 4470 1307 4527 sufﬁcere
1327 4472 1557 4527 credunt
1596 4472 1662 4525 ad
1692 4471 1838 4526 salu—

238 4576 377 4631 tam,
407 4574 557 4622 recte
580 4581 611 4619 a
637 4566 903 4636 prepbeta
923 4575 1244 4638 arguuntur,
1274 4564 1399 4635 quia
1427 4563 1724 4620 secundum
1743 4562 1837 4618 Ja-

1943 1940 2252 2012 salsuginis,
2289 1948 2350 1995 ut
2395 1939 2581 1996 multis
2624 1942 2678 1994 in
2727 1939 2860 1996 locis
2905 1940 3108 2008 deciso,
3158 1943 3433 1999 exsiccato
3482 1952 3536 2001 et

1941 2034 2202 2100 incenso,
2256 2031 2352 2088 vel
2379 2033 2536 2104 aquis
2582 2040 2868 2104 puteorum
2917 2032 3076 2089 salsis
3120 2031 3450 2102 fervefactis,
3481 2040 3538 2092 et

1940 2142 2114 2196 usque
2161 2124 2228 2180 ad
2275 2122 2405 2179 salis
2448 2123 2761 2180 ﬁrmitatem
2800 2126 3081 2196 coquendo
3120 2127 3417 2197 perductis,
3448 2136 3535 2183 vet

1939 2219 2045 2274 alio
2083 2216 2324 2289 quolibet
2362 2216 2569 2283 ordine,
2601 2232 2711 2288 quo
2739 2216 2815 2272 sal
2848 2216 2965 2271 ﬁeri
3003 2219 3302 2274 consuevit.
3332 2217 3391 2275 ln
3417 2234 3528 2288 quo

1938 2311 2103 2367 etiam
2152 2310 2303 2377 loco,
2330 2319 2385 2365 et
2415 2308 2551 2364 Joab
2579 2309 2861 2365 duodecim
2908 2308 3262 2365 ldumaeorum
3309 2326 3535 2381 percus-

1937 2402 2076 2459 sisse
2102 2386 2319 2475 legitur.
2364 2398 2474 2456 Nec
2502 2401 2937 2470 praetereundum
2966 2402 3109 2472 quod
3136 2401 3400 2472 provalie
3431 2400 3531 2457 Sa-

1939 2494 2170 2550 linarum
2203 2503 2363 2550 vetus
2396 2493 2563 2549 editio
2594 2492 2752 2563 quasi
2793 2508 2992 2549 nomen
3034 2493 3273 2564 regionis
3312 2492 3535 2550 Gemela

1935 2586 2137 2658 posuit.
2164 2584 2323 2642 Petra
2351 2596 2533 2641 autem
2556 2584 2750 2640 civitas
2781 2593 2865 2642 est
2885 2585 3101 2641 Arabiae
3128 2585 3326 2641 nobilis
3355 2586 3411 2642 in
3440 2594 3537 2640 ea-

1906 2678 2059 2733 .dem
2090 2686 2234 2733 terra
2259 2677 2454 2744 Edam,
2489 2688 2612 2747 qua:
2652 2677 2707 2732 in
2752 2676 2892 2732 libro
2933 2675 3296 2734 Numerorum
3341 2675 3530 2748 (Num.

1936 2771 2092 2842 xxxx)
2140 2770 2339 2827 Recem
2368 2771 2594 2837 dicitur,
2626 2780 2682 2826 et
2710 2787 2739 2825 a
2772 2770 2926 2844 Syris
2957 2772 3118 2827 hodie
3146 2786 3269 2842 quae
3299 2772 3377 2828 sic
3431 2788 3530 2844 ap-

1938 2862 2191 2933 pellatur.
2222 2861 2433 2919 Jecthel
2457 2877 2586 2918 vero
2609 2862 2753 2934 quod
2777 2863 3028 2919 Amasias
3056 2864 3234 2919 victor
3257 2864 3307 2919 ei
3332 2879 3533 2920 nomen

1938 2956 2218 3027 imposuit,
2245 2956 2639 3027 interpretatur
2682 2965 2838 3011 cintus
2878 2955 2978 3012 Dei
3006 2955 3091 3012 vel
3125 2954 3384 3011 auxilium
3414 2956 3531 3025 Dei,

1938 3066 1967 3105 a
1992 3052 2153 3123 gente
2195 3064 2261 3107 eo
2300 3051 2555 3116 ﬁdeliter,
2595 3058 2654 3105 ut
2679 3052 2906 3121 perenni
2948 3050 3229 3105 inderetur
3258 3050 3536 3106 memoriae

1937 3144 2080 3214 quod
2125 3145 2269 3201 hanc
2310 3143 2396 3200 vel
2439 3151 2616 3200 emtas
2644 3142 2829 3214 populi
2852 3141 2972 3211 Dei,
2994 3141 3080 3198 vel
3104 3140 3215 3198 Deo
3244 3139 3535 3213 adiuvante

1861 3236 1907 3301 C
1937 3234 2166 3305 ceperit.

2541 3320 2772 3381 CAPUT
2806 3314 2922 3379 XV.

2013 3458 2031 3490 ς
2062 3436 2223 3494 Anno
2260 3437 2521 3494 vicesimo
2546 3436 2779 3508 septimo
2818 3435 3106 3492 Jeroboam
3154 3434 3297 3507 regis
3341 3432 3532 3505 Israel,

1941 3551 1960 3583 ι
2002 3530 2252 3604 regnavit
2287 3530 2515 3586 Azarias
2541 3529 2682 3584 ﬁlius
2725 3530 2960 3585 Amasis:
2990 3529 3133 3600 regis
3158 3527 3316 3585 Juda.
3362 3528 3531 3585 Sede-

1943 3644 1962 3677 ι
2007 3627 2116 3681 cim
2146 3640 2415 3681 annorum
2443 3632 2563 3679 erat
2590 3639 2714 3679 cum
2742 3638 2972 3697 regnare
3002 3623 3277 3693 coepisset,
3300 3631 3355 3677 et
3374 3622 3534 3691 quin-

1943 3739 1959 3771 t
2006 3719 2267 3791 quaginta
2298 3717 2511 3773 duobus
2541 3716 2698 3771 annis
2742 3715 2989 3787 regnavit
3018 3714 3070 3768 in
3102 3713 3459 3779 Hierusalem,
3503 3734 3525 3767 ι

1936 3821 1992 3868 et
2026 3811 2254 3882 reliqua.
2296 3808 2524 3864 Azarias
2563 3808 2676 3879 ipse
2700 3815 2784 3863 est
2812 3805 2996 3871 Ozias,
3023 3806 3113 3877 qui
3136 3814 3359 3877 propter
3401 3820 3533 3861 con-

1938 3914 2198 3977 temptum
2248 3904 2484 3969 Domini,
2513 3902 2640 3958 dum
2677 3900 2987 3959 sacriﬁcare
3016 3900 3068 3955 in
3118 3890 3316 3971 templo
3366 3898 3528 3955 vellet

1935 4005 2126 4054 contra
2170 3997 2346 4069 legem
2393 3993 2585 4066 Moysi,
2623 4008 2916 4063 percussus
2945 4000 3028 4047 est
3056 3990 3204 4061 lepra
3238 4006 3270 4045 a
3299 3989 3529 4046 Domino

1930 4089 2089 4161 juxta
2122 4089 2295 4145 altare
2328 4094 2535 4153 astans,
2560 4097 2614 4142 et
2636 4084 2947 4141 holocausta
2974 4084 3153 4140 nitens
3178 4082 3376 4140 offerre
3402 4103 3415 4139 :
3441 4100 3535 4156 po-

1936 4191 2043 4239 test
2070 4182 2267 4253 quippe
2292 4179 2454 4237 Ozias
2484 4194 2578 4234 rex
2620 4179 2867 4256 leprosus
2896 4179 3204 4251 signiﬁcare
3228 4178 3526 4248 diabolum,

1920 4274 2023 4334 cui
2058 4276 2205 4347 lepra
2244 4275 2546 4347 iniquitatis
2591 4273 2908 4330 insanabilis
2937 4283 3037 4330 est.
3083 4273 3185 4342 Qui
3216 4289 3339 4330 cum
3376 4291 3533 4332 suam

1936 4385 2246 4428 mensuram
2267 4386 2374 4425 non
2397 4369 2557 4425 vellet
2579 4378 2927 4439 cognoscere,
2948 4376 3000 4422 et
3030 4368 3237 4439 majora
3266 4375 3531 4424 tentasset

1937 4472 2211 4534 appetere,
2235 4460 2485 4517 foeditate
2514 4460 2764 4531 pessima;
2797 4460 2962 4531 lepra:
2996 4458 3252 4516 notabilis
3283 4458 3530 4525 eﬁ‘ectus,

1940 4554 2007 4610 de
2027 4555 2188 4610 domo
2204 4551 2407 4623 ejectus
2427 4560 2533 4618 est,
2547 4560 2601 4608 et
2617 4550 2988 4623 perseveravit
3010 4566 3179 4622 usque
3198 4551 3253 4606 in
3274 4551 3439 4608 ﬁnem
3463 4551 3536 4608 le-

234 4611 377 4715 ωδσί
391 4611 1019 4729 εΜί,Γπῶεηιίειωῗ
1046 4676 1065 4708 ι
1099 4611 1255 4712 ε,ίωῖ
1272 4611 1472 4725 ξονμυε
1497 4655 1616 4711 sine
1642 4656 1835 4727 spiritu
1862 4611 1915 4672 Β
1940 4661 2155 4716 prosus,
2172 4655 2453 4716 separatus
2472 4660 2503 4698 a
2520 4642 2718 4714 popqu
2739 4642 2854 4698 Dei.
2873 4641 2987 4699 Sub
3010 4643 3114 4699 hoc
3134 4642 3387 4699 videlicet
3408 4658 3534 4715 rege

235 4762 519 4810 mortuum
564 4764 669 4819 est,
697 4753 791 4807 ita.
811 4759 867 4807 et
893 4751 1028 4807 ﬁdes
1056 4752 1175 4807 sine
1219 4750 1475 4820 operibus
1514 4757 1725 4804 mortua
1752 4756 1836 4804 est

1939 4747 2228 4810 regnante,
2260 4745 2316 4793 et
2353 4745 2615 4808 quantum
2640 4736 2695 4790 in
2734 4752 2793 4791 se
2831 4743 2916 4792 est
2957 4735 3324 4791 sacerdotium
3365 4734 3532 4791 dissi-

236 4844 386 4917 (λαις
433 4845 519 4917 ιι).
563 4865 583 4898 ι
628 4844 697 4899 Es
745 4844 874 4899 alibi
921 4844 1183 4915 scriptum
1234 4853 1366 4899 est:
1408 4860 1427 4893 ι
1473 4841 1573 4909 Qui
1622 4841 1837 4910 ignorat
1940 4840 2106 4903 pante
2148 4831 2318 4886 lsaias
2359 4830 2623 4899 propbita
2658 4828 2921 4884 visionem
2966 4828 3114 4883 illam
3151 4826 3529 4901 magniﬁcam,

233 4937 585 5009 ignorabitur
606 4934 815 5008 (I‘Cor.
846 4934 983 5005 ιη).
1023 4955 1041 4988 ι
1086 4948 1089 4951 ·

316 5048 337 5081 ι
366 5026 612 5083 Mortuus
648 5036 735 5082 est
775 5042 907 5097 ergo
947 5026 1181 5082 Elisaius
1223 5036 1279 5081 et
1315 5024 1646 5097 sepelierunt
1686 5038 1833 5079 eum;

240 5140 261 5173 ι
304 5118 629 5175 Latruncuii
673 5134 889 5190 quoque
918 5119 987 5174 de
1027 5117 1189 5174 Moab
1229 5125 1495 5175 venerunt
1538 5118 1591 5173 in
1632 5126 1833 5172 terram

242 5234 263 5267 ε
306 5211 478 5268 Israel
498 5212 556 5268 in
588 5211 706 5284 ipso
726 5227 891 5267 anno.
922 5210 1155 5279 Quidam
1186 5220 1369 5267 autem
1392 5210 1716 5282 sepelientcs
1739 5211 1837 5265 ho-

241 5327 263 5360 ι
308 5304 539 5371 minem,
566 5304 814 5360 videntes
838 5304 1196 5371 latrunculos,
1230 5302 1581 5375 proiecerunt
1606 5304 1838 5359 cadaver

241 5419 279 5453 ι-
312 5400 370 5455 in
410 5397 721 5468 sepuicrum
764 5396 963 5452 Eiistei.
1015 5396 1171 5465 Quod
1220 5413 1347 5453 mox
1391 5405 1451 5452 ut
1491 5396 1666 5469 tetigit
1712 5412 1836 5453 ossa

240 5510 261 5545 ι
311 5490 515 5556 Elismi,
548 5489 935 5546 revixit'homo
971 5498 1026 5545 et
1048 5491 1200 5545 stetit
1234 5505 1401 5561 super
1435 5491 1601 5561 pedes
1633 5504 1781 5546 suos.
1812 5509 1831 5541 ι

234 5584 387 5655 Quid
412 5583 684 5656 signiﬁcat
702 5582 823 5640 haec
836 5583 1185 5639 remiseitatio
1206 5583 1490 5639 cadaveris
1517 5582 1719 5639 mortui
1742 5597 1841 5653 per

234 5684 561 5736 contactum
595 5676 805 5735 ossium
831 5675 1036 5742 Elisaei,
1069 5676 1174 5731 nisi
1214 5675 1383 5731 vitam
1430 5673 1691 5742 ﬁdelium,
1718 5688 1843 5744 quae

235 5773 296 5829 in
320 5779 506 5829 morte
532 5768 737 5828 Christi
764 5772 1033 5828 veraciter
1069 5770 1321 5827 constat?
1349 5769 1671 5840 Quicunque
1704 5782 1839 5840 ergo

232 5870 405 5923 ﬁrma
432 5865 538 5923 ﬁde
562 5866 731 5929 tangit
760 5874 989 5921 mortem
1033 5863 1260 5931 Christi,
1283 5871 1339 5920 et
1366 5878 1519 5933 spem
1556 5876 1709 5918 suam
1748 5876 1839 5915 ve-

1940 4942 2046 4996 qua
2070 4926 2280 4981 viderat
2307 4923 2596 4980 Dominum
2626 4923 2906 4979 sedentem
2941 4938 3104 4995 super
3131 4922 3324 4979 solium
3356 4920 3533 4976 excel-

1941 5034 2081 5083 sum,
2107 5016 2295 5072 videre
2320 5030 2427 5072 non
2455 5014 2649 5086 potuit.
2675 5014 2925 5084 Quandiu
2970 5016 3059 5072 ille
3099 5030 3323 5088 regnum
3358 5013 3533 5069 tenuit

1938 5114 2001 5170 in
2023 5112 2240 5179 Jndiea,
2272 5114 2533 5184 propheta
2563 5112 2752 5169 oculos
2797 5128 2906 5168 non
2948 5109 3151 5166 levavit
3193 5107 3261 5163 ad
3300 5104 3528 5173 omium,

1887 5216 1891 5221 '
1941 5222 2046 5262 non
2077 5213 2205 5261 sunt
2237 5206 2286 5261 ei
2318 5214 2557 5261 reserata
2578 5203 2847 5270 cmlestia,
2872 5218 2979 5259 non
3001 5197 3531 5272 apparuitDominus

1941 5303 2193 5367 sabaoth,
2221 5317 2321 5356 nec
2347 5301 2689 5373 in'mysterio
2724 5299 2953 5356 ﬁdeliter
2986 5296 3160 5353 sancti
3191 5310 3391 5352 nomen
3421 5310 3525 5350 au-

1943 5398 2114 5452 ditum
2158 5404 2259 5451 est.
2289 5394 2515 5463 Quando
2548 5394 2637 5450 ille
2668 5403 2915 5450 mortuus
2957 5382 3097 5457 est,‘
3120 5391 3372 5446 universa
3410 5405 3533 5460 qua:

1945 5491 2284 5560 subsequens
2308 5505 2489 5546 sermo
2515 5487 2858 5554 monstravit,
2889 5492 3077 5557 aperto
3101 5485 3298 5542 sesein
3330 5483 3533 5543 lumine

1944 5585 2311 5657 prodiderant.
2340 5582 2470 5638 'l‘ale
2516 5580 2659 5652 quod
2709 5588 2764 5635 et
2804 5579 2857 5634 in
2903 5577 3089 5633 Exodo
3119 5577 3381 5649 scriptum
3407 5584 3529 5634 est:

1944 5678 2080 5732 Dum
2106 5676 2327 5732 Pharao
2351 5674 2507 5739 vixit,
2537 5671 2764 5743 populus
2790 5668 2955 5725 lsrael
2979 5685 3048 5726 ex
3070 5668 3168 5725 luti
3193 5678 3249 5727 et
3272 5669 3459 5729 lateris
3476 5679 3535 5726 et

1942 5767 2217 5837 palearum
2249 5762 2416 5837 opere
2457 5779 2564 5819 non
2613 5760 2907 5833 suspiravit
2950 5762 3016 5817 ad
3053 5761 3361 5818 Dominum.
3394 5763 3531 5817 Dum

1942 5858 2033 5915 ille
2056 5860 2320 5929 regnavit.
2349 5872 2508 5913 nemo
2532 5845 2783 5926 quaesivit
2799 5853 2969 5910 Deum
2991 5853 3206 5910 Patrem
3233 5851 3530 5917 Abraham,
