4044 6336
510 384 619 442 519

1547 373 1900 431 ANGELOMI
1938 366 2405 428 LUXOVIENSIS
2444 366 2757 428 MONACHI

3712 368 3820 424 510

507 502 661 559 Isaac
684 508 743 555 et
764 497 952 555 Iacob.
982 495 1214 566 Quando
1247 510 1378 552 vero
1401 493 1495 550 ille
1526 503 1777 551 mortuus
1803 501 1910 561 est,
1932 490 2113 563 suspi-
2138 493 2193 554 Α
2217 488 2382 545 etiam
2403 504 2561 544 suum
2592 488 2647 544 in
2674 486 3054 544 holocaustum
3075 484 3274 543 obtulit
3296 484 3469 542 ﬁlium
3492 500 3659 543 more
3681 484 3821 543 Cha-

509 601 770 653 raverunt
797 591 895 648 ﬁlii
923 590 1110 658 Israel,
1145 598 1207 646 ut
1228 589 1515 660 Scriptura
1559 587 1735 655 dicit,
1767 586 2104 661 et_ascendit

2210 599 2558 651 nanaaorum,
2585 590 2643 640 et
2671 595 2836 653 super
2862 582 2979 638 haec
3014 579 3190 637 multa
3234 579 3343 636 alia
3378 579 3591 637 scelera
3620 595 3818 652 perpe-

506 688 717 746 clamor
738 699 930 741 eorum
952 683 1023 740 ad
1048 681 1370 748 Dominum;
1398 695 1524 736 eum
1553 680 1742 752 utique
1757 678 1914 752 juxta
1938 679 2108 735 histo-
2209 677 2394 733 travit.
2425 675 2646 733 Musach
2676 689 2894 749 quoque
2921 672 3136 730 sabbati
3173 672 3320 745 quod
3353 672 3735 730 :ediﬁcaverat
3761 673 3814 728 in

506 780 644 836 riam
676 784 805 833 tunc
842 774 1016 848 magis
1043 774 1279 845 gaudere
1309 771 1629 839 debuerint,
1666 778 1885 827 etante
1923 770 2103 840 suspi-

416 856 431 871 ’Δ
507 885 662 935 rare,
712 883 836 925 cum
864 866 1094 922 viveret.
1135 862 1421 920 Ezechiele
1453 876 1669 935 quoque
1708 862 2101 933 prophetante,

504 960 750 1018 Pbaltias
776 959 919 1016 ﬁlius
937 958 1157 1015 Banaiae
1181 956 1469 1021 occubuit,
1500 963 1557 1013 et
1589 962 1715 1028 post
1739 953 1962 1026 pessimi
2004 954 2105 1008 du-

508 1056 588 1112 eis
618 1055 894 1112 interitum
921 1069 936 1108 :
966 1072 985 1105 ε
1018 1051 1228 1119 Cecidi,
1266 1050 1467 1123 inquit,
1502 1065 1667 1121 super
1687 1049 1885 1106 faciem
1921 1061 2101 1127 meam

505 1154 561 1202 et
589 1146 819 1203 clamavi
846 1160 981 1203 voce
1007 1160 1205 1218 magna
1229 1184 1244 1211 ,
1275 1151 1332 1200 et
1378 1142 1491 1200 dixi
1519 1161 1532 1198 :
1564 1141 1683 1198 Heu
1708 1142 1817 1208 mi,
1849 1141 1955 1197 heu
1988 1139 2098 1207 mi,

504 1238 715 1296 Adonai
762 1240 928 1307 Deus,
975 1238 1497 1297 consummationem
1545 1245 1600 1293 tu
1650 1236 1787 1293 facis
1841 1235 2100 1307 reliquias

513 1332 716 1390 Israel?
746 1353 766 1387 ι
788 1332 1029 1407 [(Ezech.
1073 1332 1177 1405 ιι.)
1206 1330 1265 1388 Si
1310 1347 1440 1405 ergo
1490 1329 1757 1402 intelligas
1792 1329 1848 1385 in
1878 1327 2010 1385 Ozia
2043 1336 2100 1384 et

502 1422 786 1482 Pharaone
819 1433 879 1482 et
897 1424 1113 1481 Phaltia
1139 1433 1195 1481 et
1218 1424 1434 1481 caeteris
1462 1421 1767 1479 istiusmodi
1792 1421 2099 1479 contrarias

502 1513 868 1583 fortitudines,
897 1515 1106 1573 videbis
1130 1515 1400 1586 quomodo
1434 1514 1540 1569 illis
1570 1513 1884 1569 viventibus
1914 1512 2096 1569 nullus

500 1598 811 1665 vestrorum
831 1607 1014 1664 videat
1038 1616 1093 1664 et
1118 1608 1374 1679 suspiret,
1398 1614 1455 1663 et
1486 1606 1541 1662 in
1570 1605 1948 1677 paenitentiam
1980 1620 2096 1661 eor-

500 1710 622 1759 ruet
660 1721 674 1758 :
712 1721 734 1757 r
778 1702 898 1759 Non
941 1711 1162 1774 regnet,
1216 1702 1295 1757 ait
1335 1701 1658 1772 Apostolus,
1708 1709 1993 1771 peccatum
2038 1700 2094 1755 in

498 1797 718 1853 mortali
741 1811 969 1868 corpore
1002 1806 1186 1853 vestro
1216 1796 1395 1869 (Rom.
1430 1797 1529 1867 ix).
1576 1814 1595 1848 ι
1634 1795 1920 1866 Regnante
1967 1809 2094 1867 pec-

2208 769 2441 842 templo,
2470 777 2527 827 et
2570 769 2878 841 ingressum
2926 766 3072 839 regis
3116 765 3393 833 exterius,
3443 766 3731 822 convertit
3761 766 3815 820 in

2206 861 2462 932 templum
2481 860 2721 927 Domini,
2746 867 2970 932 propter
2993 873 3176 932 regem
3197 857 3571 931 Assyriorum.
3596 856 3735 928 Legi
3759 858 3812 911 in

2205 952 2485 1023 cujusdam
2520 952 2684 1021 libro,
2708 951 2932 1009 Musaeh
2982 951 3227 1017 sabbati,
3276 950 3589 1021 expositum
3630 948 3811 1006 Iouini

2203 1051 2525 1118 quemdam,
2552 1047 2638 1104 vel
2674 1046 2966 1103 aediﬁcium
3001 1045 3278 1118 quoddam
3302 1060 3426 1102 esse
3466 1044 3717 1116 positum
3754 1044 3808 1100 in

2201 1141 2468 1198 vestibulo
2494 1140 2681 1213 templi
2709 1140 2927 1198 Domini
2954 1181 2971 1209 ,
2997 1139 3091 1196 ubi
3128 1155 3289 1214 reges
3318 1140 3541 1212 quando
3573 1138 3809 1195 sabbato

2199 1234 2462 1292 orationis
2485 1250 2653 1292 causa
2676 1234 2745 1291 ad
2759 1233 3018 1305 templum
3043 1234 3216 1301 ibant,
3235 1233 3521 1306 pecuniam
3542 1248 3650 1305 pro
3667 1232 3809 1290 elce-

2200 1341 2425 1399 mosyna
2450 1326 2758 1383 mittebant.
2786 1326 2857 1381 Et
2897 1326 2974 1381 ita
3001 1324 3225 1382 Musach
3253 1325 3499 1393 sabbati,
3529 1325 3809 1397 gawphy-

2197 1421 2397 1478 lacium
2422 1437 2543 1479 esse
2571 1437 2764 1494 regum
2783 1461 2800 1489 ,
2829 1421 2971 1477 sicut
2993 1417 3283 1476 Corbanan
3308 1429 3397 1476 est
3425 1421 3804 1476 sacerdotum.

2198 1512 2426 1570 Videtur
2451 1512 2595 1569 enim
2620 1512 2802 1568 Achaz
2834 1513 3015 1584 ipsum
3051 1510 3346 1568 aediﬁcium
3386 1519 3445 1567 et
3487 1511 3802 1583 ingressum

2196 1605 2341 1678 regis
2365 1606 2631 1674 exterius,
2659 1620 2769 1661 non
2789 1604 2915 1661 ideo
2946 1603 3285 1662 convertisse
3314 1604 3371 1661 in
3401 1601 3675 1675 templum
3698 1601 3805 1657 Do-

2197 1695 2361 1762 mini,
2404 1695 2550 1767 quod
2583 1694 2641 1751 in
2682 1709 2750 1752 eo
2791 1694 2961 1752 cultui
3007 1695 3308 1768 serviretur
3354 1693 3579 1761 divino,
3617 1693 3716 1750 sed
3742 1701 3803 1746 ut

2198 1787 2359 1844 simul
2399 1803 2523 1844 eum
2566 1787 2762 1859 templo
2793 1787 3195 1860 profaneretur,
3240 1786 3469 1843 studens
3508 1796 3575 1840 ut
3622 1785 3802 1858 magis

499 1897 622 1946 cato
649 1888 925 1961 Egyptiis
969 1890 1304 1945 exstruimus
1341 1888 1589 1944 civitates
1631 1888 1688 1943 iu
1725 1888 1939 1951 cinere,
1971 1903 2095 1942 ver-
2124 1876 2173 1937 Β
2199 1881 2439 1952 placeret
2468 1880 2581 1952 regi
2612 1879 2835 1952 Assyrio
2871 1894 3035 1950 quam
3068 1878 3180 1935 Deo
3224 1874 3444 1950 patrum
3476 1892 3710 1933 suorum
3746 1885 3801 1931 et

500 1995 688 2037 samur
719 1979 772 2035 in
806 1980 1079 2037 sordibus.
1104 1979 1214 2036 Pro
1249 1980 1524 2036 frumento
1547 1979 1765 2050 paleas,
1794 1994 1897 2051 pro
1919 1978 2091 2037 solida

497 2079 655 2143 petra
687 2070 784 2127 luti
811 2087 997 2144 opera.
1026 2072 1135 2129 Sed
1183 2081 1361 2130 tamen
1401 2075 1545 2144 quod
1589 2074 1789 2131 dicitur
1832 2076 1901 2130 de
1940 2073 2094 2132 Jero-

499 2163 660 2219 boam
691 2178 819 2236 rege
845 2162 1049 2231 Israel,
1080 2164 1197 2235 ipse
1226 2165 1464 2221 restituit
1505 2166 1768 2221 terminos
1814 2166 1981 2223 Israel
2025 2168 2093 2225 ab

500 2256 726 2311 introitu
755 2256 974 2324 Emath,
1004 2273 1177 2328 usque
1206 2258 1273 2313 ad
1306 2272 1459 2313 mare
1506 2257 1816 2314 solitudinis
1859 2258 2055 2315 Emath
2074 2301 2089 2326 ,

499 2364 623 2420 quae
660 2364 804 2404 nunc
847 2349 1116 2420 Epiphani
1163 2349 1448 2422 adjicitur,
1496 2350 1939 2421 septentrionalis
1973 2361 2095 2409 erat

501 2443 765 2501 terminus
803 2443 990 2500 Israel.
1031 2442 1180 2500 Mare
1220 2451 1403 2501 autem
1445 2443 1773 2511 solitudinis,
1814 2444 1957 2515 quod
1987 2443 2094 2501 lle-

500 2536 683 2593 braice
711 2536 913 2593 dicitur
948 2536 1150 2602 Araba,
1183 2553 1336 2593 mare
1363 2535 1637 2592 Mortuum
1662 2537 2093 2610 designat,quod

499 2627 556 2684 in
589 2629 873 2686 latitudine
900 2643 1000 2701 per
1042 2630 1218 2687 stadia
1256 2631 1533 2703 octoginta
1568 2647 1742 2702 usque
1786 2633 1856 2689 ad
1900 2648 2092 2690 zearos

494 2720 739 2787 Arabiae,
769 2721 825 2777 in
849 2721 1189 2792 longitudine
1234 2731 1451 2785 centum
1486 2723 1879 2797 quinquaginta
1920 2740 2093 2797 usque

497 2813 566 2869 ad
590 2814 789 2870 vicinia
822 2813 1184 2873 Sodomorum
1209 2815 1588 2889 progreditur;
1613 2815 1767 2888 cujus
1800 2817 1903 2893 loci
1944 2816 2093 2874 Jose-

495 2906 636 2976 phus
664 2907 739 2963 ita
767 2909 1015 2965 meminit
1035 2909 1261 2965 dicens:
1292 2909 1451 2965 Anno
1482 2917 1663 2965 autem
1686 2909 2092 2980 quintodecimo

497 3002 648 3070 regni
680 3000 934 3066 Amasiae,
970 3003 1221 3074 regnavit
1261 3002 1317 3058 in
1362 3003 1529 3059 Israel
1576 3002 1719 3059 ﬁlius
1755 3001 1884 3059 Joas
1930 3002 2092 3061 Jero-

396 3120 399 3121 ν
493 3090 672 3156 boam,
706 3091 762 3146 in
790 3091 1040 3149 Samaria
1066 3108 1238 3149 annos
1261 3092 1639 3165 quadraginta.
1664 3092 1764 3149 Hie
1784 3102 1966 3148 autem
1993 3108 2093 3150 rex

497 3181 644 3236 circa
672 3182 841 3238 Deum
863 3184 1081 3254 quidem
1109 3180 1408 3253 iniuriosus
1432 3195 1486 3240 et
1513 3185 1734 3256 iniquus
1766 3186 1979 3242 exstitit
1997 3202 2090 3242 ve-

2195 1971 2443 2028 Domino.
2467 1969 2567 2027 Cui
2588 1970 2772 2027 sensui
2794 1971 3008 2026 videtur
3026 1970 3167 2026 liber
3185 1969 3649 2041 Paralipomenon
3669 1968 3803 2024 asti-

2190 2065 2400 2137 pulare,
2423 2063 2515 2120 ubi
2546 2065 2623 2121 ita
2645 2064 2911 2137 scriptum
2935 2074 3020 2121 est
3050 2062 3139 2138 ('II
3152 2061 3288 2119 Par.
3319 2062 3555 2137 xxvm):
3584 2081 3605 2114 ‹
3624 2062 3799 2134 Igitur

2193 2159 2374 2216 Aeliaz
2422 2158 2651 2231 spoliata
2698 2159 2860 2215 domo
2910 2157 3160 2224 Domini,
3212 2165 3270 2214 et
3311 2157 3476 2214 domo
3519 2170 3717 2227 regum
3747 2163 3802 2210 et

2192 2250 2521 2321 principum,
2551 2249 2700 2305 dedit
2721 2248 2836 2320 regi
2859 2247 3214 2320 Assyriorum
3240 2262 3491 2313 munera,
3516 2254 3576 2303 et
3610 2254 3799 2301 tamen

2194 2342 2329 2398 nihil
2379 2342 2431 2399 ei
2477 2341 2705 2413 profuit.
2742 2340 2970 2413 Insuper
2998 2348 3055 2396 et
3080 2349 3327 2411 tempore
3352 2339 3627 2412 angustiae
3650 2351 3800 2401 suae,

2192 2437 2344 2491 auxit
2389 2444 2757 2507 contemptum
2810 2436 2864 2491 in
2910 2435 3219 2490 Dominum.
3273 2434 3394 2505 Ipse
3439 2449 3543 2505 per
3597 2449 3659 2490 se
3698 2448 3801 2488 rex

2191 2528 2375 2585 Achaz
2410 2527 2715 2583 immolavit
2757 2526 2864 2582 diis
2890 2526 3141 2583 Damasci
3168 2525 3423 2582 victimas
3453 2525 3805 2596 percussori-

2191 2620 2292 2675 bus
2325 2619 2459 2685 suis,
2491 2627 2547 2675 et
2575 2619 2713 2676 dixit
2739 2637 2751 2673 :
2778 2618 2860 2674 Dii
2895 2633 3085 2692 regum
3114 2616 3288 2690 Syriae
3312 2618 3652 2674 auxiliantur
3677 2619 3799 2696 eis,

2156 2712 2327 2784 ’quos
2372 2728 2472 2783 ego
2519 2712 2748 2784 placabo
2794 2712 3023 2779 hostiis,
3057 2722 3113 2767 et
3141 2712 3375 2770 aderunt
3418 2712 3555 2768 mihi
3601 2727 3735 2768 eum
3768 2725 3803 2766 e

2158 2805 2468 2861 -contrario
2502 2805 2605 2875 ipsi
2635 2805 2840 2862 fuerint
2900 2805 3073 2861 ruina:
3114 2804 3165 2860 ei
3210 2814 3267 2861 et
3293 2803 3549 2860 universo
3597 2802 3800 2859 Israel.

2192 2897 2428 2967 Direptis
2463 2898 2647 2969 itaque
2666 2896 2852 2954 Achaz
2879 2897 3130 2954 omnibus
3171 2898 3319 2954 vasis
3347 2898 3538 2954 domus
3566 2895 3801 2953 Domini

2191 2999 2355 3062 atque
2402 2990 2718 3058 confractis,
2772 2991 2970 3049 clausit
3011 2992 3210 3063 januas
3236 2991 3423 3063 templi
3453 2990 3702 3056 Domini,
3739 2997 3803 3045 et

2193 3082 2325 3140 fecit
2352 3083 2457 3141 sibi
2485 3083 2683 3139 altaria
2714 3083 2769 3139 in
2802 3084 3075 3140 universis
3099 3083 3313 3155 angulis
3338 3080 3701 3141 Hierusalem.
3734 3081 3801 3136 In

2194 3179 2446 3236 omnibus
2464 3195 2681 3251 quoque
2704 3181 2935 3237 urbibus
2962 3178 3101 3239 Iuda
3122 3180 3392 3237 exstruxit
3411 3196 3535 3236 aras
3563 3179 3633 3235 ad
3661 3195 3804 3235 cre-

498 3274 804 3340 hementer,
836 3248 981 3331 idola
1005 3248 1234 3333 colendo
1261 3284 1316 3331 et
1337 3277 1505 3332 multa
1528 3248 1824 3348 incongrua
1843 3288 1901 3334 et
1923 3266 2085 3350 opera
2116 3248 2162 3312 δ
2195 3273 2453 3328 mendum
2482 3248 2641 3340 Ibus.
2672 3281 2845 3345 atque.
2864 3273 2932 3329 ad
2964 3273 3304 3330 iracundiam
3325 3272 3645 3345 provocaVit
3670 3271 3805 3328 Do-

498 3374 759 3423 extranea
798 3365 1069 3423 faciendo.
1101 3367 1309 3439 Pepulo
1343 3375 1526 3423 autem
1549 3367 1921 3424 Israelitarum
1946 3369 2088 3425 mul-

480 3465 681 3513 torum
700 3457 969 3515 bonorum
988 3458 1092 3515 fuit
1112 3460 1354 3517 occasio.
1378 3459 1518 3517 Huic
1544 3460 1762 3530 quidem
1783 3459 1951 3519 Jonas
1970 3477 2093 3534 pro-

497 3549 778 3622 phetavit,
809 3552 938 3621 quia
972 3559 1253 3624 Oporteret
1293 3565 1417 3607 eum
1455 3551 1642 3623 Syrios
1676 3552 1893 3609 vincere
1932 3553 2091 3609 dimi-

497 3642 703 3710 cando,
744 3652 802 3699 et
848 3659 1077 3716 regnum
1126 3643 1407 3714 proprium
1453 3644 1715 3712 dilatare,
1752 3646 1807 3701 in
1842 3646 2090 3717 partibus

495 3735 712 3806 quidem
758 3735 1082 3807 Aquilonis,
1134 3739 1305 3807 usque
1351 3736 1419 3792 ad
1460 3736 1659 3792 Etham
1704 3739 2023 3795 civitatem:
2055 3756 2088 3795 a

498 3826 728 3885 meridie
757 3843 891 3884 vero
917 3843 1093 3898 usque
1122 3829 1192 3883 ad
1226 3828 1568 3900 Asphaltum.
1592 3828 1906 3900 Antiquitus
1943 3832 2088 3887 enim

496 3919 715 3975 termini
753 3918 1050 3976 Chananaei
1076 3919 1166 3976 isti
1193 3919 1443 3988 fuerunt,
1477 3921 1620 3977 sicut
1648 3921 1902 3993 princeps
1928 3920 2087 3980 Iesus

497 4024 564 4065 ea
591 4011 711 4066 loca
750 4010 1097 4067 determinat.
1142 4011 1310 4084 Igitur
1344 4010 1636 4070 Jeroboam
1671 4022 2087 4071 castrametatus

497 4111 687 4157 contra
716 4101 906 4175 Syrios
924 4118 1141 4161 omnem
1165 4120 1354 4162 eorum
1378 4105 1739 4176 provinciam,
1760 4106 1904 4163 sicut
1917 4105 2086 4164 Jonas

496 4193 938 4264 prophetaverat,
970 4194 1288 4251 devastavit.

1085 4354 1314 4413 CAPUT
1343 4355 1485 4412 XVI.

578 4484 596 4516 ι
638 4466 794 4521 Anno
820 4468 1053 4538 septimo
1077 4469 1289 4526 decimo
1313 4469 1525 4525 Phacee
1551 4469 1648 4526 lilii
1679 4470 1967 4538 Romelize,
1996 4487 2084 4530 re-

504 4576 523 4610 ε
565 4559 751 4630 gnavit
778 4559 960 4616 Aehaz
1006 4560 1149 4617 ﬁlius
1185 4560 1435 4617 Joatham
1485 4563 1630 4634 regis
1672 4561 1834 4620 Juda.
1878 4562 2081 4637 Viginti

503 4673 522 4705 ι
568 4668 833 4709 annorum
868 4661 989 4709 erat
1022 4652 1208 4710 Achaz
1257 4669 1382 4710 eum
1428 4668 1659 4726 regnare
1702 4656 1984 4726 coepisset,
2031 4665 2087 4715 et

503 4732 529 4798 ι’
569 4747 804 4803 sedecim
837 4747 994 4801 annis
1033 4747 1282 4818 regnavit
1311 4746 1365 4803 in
1406 4747 1767 4806 Hierusalem.
1810 4749 1928 4807 Non
1957 4750 2088 4807 fecit

502 4859 522 4893 ε
566 4840 708 4911 quod
738 4848 856 4896 erat
880 4840 1138 4910 placitum
1170 4839 1224 4894 in
1253 4837 1544 4912 conspectu
1574 4842 1787 4897 Domini
1821 4843 1917 4898 Dei
1963 4844 2082 4911 sui,

500 4952 521 4985 ‹
562 4933 706 4990 sicut
734 4931 903 4988 David
930 4940 1085 5003 pater
1103 4932 1241 5003 ejus,
1268 4933 1363 4988 sed
1386 4933 1681 4990 ambulavit
1705 4935 1761 4992 in
1780 4936 1867 4991 via
1896 4951 2083 5008 regum

500 5047 520 5081 ι
562 5026 750 5083 Israel.
772 5025 997 5098 Insuper
1020 5034 1077 5082 et
1102 5025 1271 5082 ﬁlium
1297 5041 1456 5083 suum
1474 5018 1479 5029 ’
1496 5029 1870 5097 consecravit,
1900 5037 2084 5087 trans-

500 5137 521 5171 «
564 5119 749 5175 ferens
791 5131 890 5190 per
934 5117 1114 5190 ignem
1157 5118 1454 5175 secundum
1489 5119 1935 5192 idolagentium,
1962 5138 2084 5193 quae

501 5227 522 5262 ι
567 5210 850 5284 dissipavit
872 5209 1137 5267 Dominus
1172 5225 1355 5269 coram
1389 5210 1516 5268 ﬁliis
1554 5212 1738 5269 Israel.
1772 5235 1791 5268 ι
1821 5213 1960 5273 Hinc
1984 5215 2081 5272 Jo—

495 5303 696 5372 sephus
730 5302 909 5358 taliter
934 5310 1154 5357 narrat:
1183 5301 1354 5360 Porro
1383 5302 1633 5361 Joatbam
1662 5306 1896 5362 mutavit
1913 5308 2082 5363 vitam

494 5409 620 5450 cum
649 5395 874 5451 vixisset
903 5395 1061 5451 annis
1087 5395 1447 5469 quadraginta
1472 5415 1658 5463 unum,
1683 5415 1753 5456 ex
1774 5400 1973 5472 quibus
1995 5416 2081 5458 re-

495 5478 679 5557 gnavit
703 5487 1009 5545 duodecim.
1035 5487 1293 5560 Sepultus
1315 5498 1400 5546 est
1422 5490 1477 5547 in
1500 5492 1664 5564 regiis
1688 5494 2076 5561 monumentis,

493 5578 748 5649 venitque
776 5594 1001 5651 regnum
1028 5581 1096 5637 ad
1140 5581 1259 5653 ejus
1299 5581 1469 5639 ﬁlium
1498 5583 1716 5653 Aebaz,
1757 5586 1852 5658 qui
1883 5586 2084 5659 impius

495 5667 641 5724 circa
675 5670 845 5726 Deum
870 5672 1133 5741 existens,
1155 5683 1211 5732 et
1234 5684 1476 5747 paternae
1510 5677 1899 5748 praevaricator
1922 5678 2077 5748 legis,

493 5776 649 5834 reges
668 5761 1033 5823 Israelitarum
1058 5770 1324 5836 imitatus,
1350 5770 1406 5826 in
1434 5768 1789 5843 Jerosolymis
1814 5770 2078 5828 idolorum

494 5866 623 5909 aras
645 5853 946 5924 constituit,
975 5865 1031 5913 et
1068 5874 1232 5931 super
1266 5874 1330 5917 ea
1374 5860 1723 5918 sacriﬁcavit.
1774 5860 1835 5917 In
1882 5860 2078 5932 quibus

2193 3364 2403 3419 minum
2437 3364 2605 3420 Deum
2635 3372 2854 3436 patrum
2902 3378 3146 3421 suorum.
3180 3384 3200 3417 ι
3230 3364 3357 3422 Haec
3394 3365 3535 3421 sicut
3575 3366 3805 3436 scripta

2193 3458 2517 3528 reperimus,
2541 3457 2648 3514 hoc
2676 3458 2732 3514 in
2760 3457 2881 3515 loco
2905 3459 3155 3529 ponenda
3180 3475 3303 3516 esse
3329 3459 3663 3525 censuimus,
3684 3473 3805 3529 pa-

2192 3550 2323 3616 rati,
2365 3551 2414 3606 si
2446 3551 2536 3622 qui
2565 3550 2767 3623 aliquid
2795 3551 2921 3609 inde
2939 3553 3143 3609 certius
3165 3552 3562 3624 expresserim,
3588 3566 3803 3609 eorum

2193 3644 2519 3701 sentenliam
2538 3644 2864 3701 auscultare.

2266 3753 2283 3785 ι
2317 3733 2470 3789 Tunc
2507 3734 2753 3791 ascendit
2784 3733 2956 3791 Rasin
2985 3748 3081 3791 rex
3103 3734 3296 3808 Syria,
3321 3744 3376 3792 et
3394 3733 3609 3791 Phacee
3636 3733 3803 3791 ﬁlius

2197 3845 2215 3876 ι
2259 3824 2518 3880 Βοιιιθιίω
2540 3839 2639 3881 rex
2662 3823 2848 3892 Israel,
2873 3825 2941 3880 ad
2961 3824 3323 3897 praeliandum
3338 3824 3393 3880 in
3416 3823 3799 3883 Hierusalem.

2195 3935 2215 3969 ε
2262 3915 2507 3987 Cumque
2527 3916 2840 3973 obsiderent
2861 3916 3063 3982 Achaz,
3093 3932 3199 3973 non
3221 3914 3506 3971 valuerunt
3518 3931 3805 3986 superare

2195 4025 2215 4059 ι
2260 4022 2405 4063 eum.
2448 4006 2507 4063 In
2545 4015 2790 4078 tempore
2824 4006 2918 4063 illo
2966 4007 3227 4085 restituit_
3252 4006 3417 4063 Rasin
3459 4021 3556 4062 rex
3606 4005 3803 4078 Syriae

2194 4118 2214 4152 α
2258 4100 2434 4155 Ailam
2464 4099 2657 4172 Syriae,
2680 4108 2733 4155 et
2767 4099 2929 4171 ejecit
2960 4097 3178 4156 Judmos
3204 4099 3273 4155 de
3297 4097 3439 4155 Aila.
3466 4098 3535 4155 Et
3555 4096 3799 4157 Mummi

2193 4210 2215 4245 ί
2254 4198 2524 4255 venerunt
2559 4190 2616 4246 in
2641 4189 2837 4258 Ailam,
2875 4209 2897 4245 ι
2929 4174 3003 4247 εἴ
3024 4190 3253 4262 reliqua.
3278 4189 3395 4246 Rex
3443 4189 3644 4260 impius
3684 4195 3795 4263 qui

2189 4283 2477 4340 Dominum
2502 4282 2677 4339 Deum
2703 4292 2918 4355 patrum
2941 4297 3166 4341 suorum
3191 4274 3589 4351 dereliquit,.et
3616 4296 3795 4339 seen-

2188 4385 2277 4434 tus
2299 4386 2385 4434 est
2422 4377 2567 4433 idola
2600 4377 2843 4450 gentium
2881 4375 3030 4449 juste
3076 4377 3293 4434 Domini
3341 4375 3541 4432 auxilio
3582 4373 3799 4431 dereli—

2199 4480 2321 4529 ctus
2349 4477 2455 4537 est,
2481 4479 2537 4527 et
2562 4479 3022 4528 consurrexerunt
3048 4471 3307 4527 adversus
3330 4484 3455 4526 eum
3480 4467 3653 4524 Rasin
3684 4484 3797 4524 rex

2191 4564 2407 4637 Syriae,
2444 4563 2503 4620 id
2539 4572 2625 4620 est
2651 4564 2818 4620 Aram
2858 4572 2914 4620 et
2950 4563 3167 4621 Phacee
3212 4563 3353 4619 ﬁlius
3393 4561 3659 4618 Romeliaa
3686 4574 3793 4618 rex

2115 4632 2164 4693 Β
2187 4632 2355 4712 Israel
2378 4655 2433 4711 in
2462 4654 2733 4724 Samaria,
2761 4664 2819 4713 et
2845 4664 3113 4712 venerunt
3140 4656 3195 4710 in
3222 4653 3582 4720 Hierusalem,
3605 4661 3675 4708 ut
3695 4666 3794 4708 ex-

2192 4756 2496 4821 pugnarent
2549 4763 2693 4805 eam.
2738 4748 2993 4822 Legimus
3042 4748 3096 4803 in
3143 4746 3589 4818 Paralipomenon
3642 4744 3794 4802 libro

2193 4840 2384 4915 (Ibid.)
2411 4856 2595 4914 regem
2620 4841 2788 4898 Rasin
2828 4840 3106 4906 Damasci,
3149 4840 3295 4897 victo
3333 4840 3547 4905 Achaz,
3579 4838 3794 4895 multos

2192 4935 2260 4991 de
2287 4934 2474 4992 Judaza
2499 4935 2823 4993 Damascum
2855 4934 3225 5003 transtulisse,
3259 4943 3317 4992 et
3354 4934 3567 4990 Phacee
3604 4931 3789 4989 lilium

2192 5028 2451 5087 RomeIia:
2481 5043 2665 5102 regem
2697 5030 2886 5087 decem
2923 5031 3192 5096 tribuum,
3220 5044 3341 5101 quae
3369 5027 3792 5101 appellabantur

2191 5122 2377 5188 Israel,
2392 5131 2447 5177 et
2459 5122 2762 5195 regnabant
2778 5122 2832 5178 in
2846 5121 3115 5184 Samaria,
3133 5137 3240 5178 una
3255 5121 3573 5195 diejcentum
3584 5119 3789 5192 viginti

2188 5215 2358 5272 millia
2390 5215 2727 5286 percussisse
2746 5215 2815 5270 de
2842 5212 3028 5271 Iudaea
3058 5214 3339 5270 hominum
3352 5212 3702 5277 bellatorum,
3730 5220 3792 5266 et

2184 5325 2308 5366 cum
2351 5307 2561 5364 inﬁnita
2607 5307 2789 5380 praeda
2836 5307 2895 5365 in
2934 5305 3237 5364 Samariam
3279 5304 3502 5362 duxisse
3538 5304 3785 5375 captiva.

2185 5401 2422 5457 Rursum
2451 5399 2678 5454 veniunt
2714 5398 2784 5455 ad
2801 5396 3071 5468 Iudaeam,
3104 5406 3161 5454 et
3186 5396 3526 5454 Hierusalem
3552 5395 3790 5466 cupiunt

2185 5491 2489 5557 debellare,
2526 5498 2581 5547 et
2607 5505 2717 5547 non
2757 5498 3051 5562 potuerunt
3074 5531 3089 5556 ,
3116 5490 3246 5562 quia
3288 5487 3581 5544 auxiliatos
3611 5496 3703 5541 est
3731 5486 3785 5541 ei

2185 5584 2468 5649 Dominus,
2499 5591 2562 5638 ut
2594 5584 2695 5639 sub
2725 5581 3017 5639 occasione
3039 5578 3450 5647 misericordia,
3469 5593 3579 5649 qua
3602 5592 3787 5649 popu-

2182 5677 2297 5733 lum
2329 5675 2614 5733 obsessum
2652 5675 2944 5742 liberavit,
2986 5673 3156 5730 ﬁlium
3202 5687 3358 5729 suum
3388 5670 3669 5729 nuntiaret
3714 5669 3790 5726 de

2182 5770 2391 5842 virgine
2420 5769 2777 5834 nasciturum,
2816 5768 2960 5825 sicut
2982 5766 3135 5824 Isaiae
3157 5766 3436 5837 propheta
3460 5764 3598 5821 liber
3624 5778 3789 5820 com-

2180 5871 2450 5921 memorat
2477 5859 2613 5934 (Isa.
2637 5862 2759 5933 vn).
2785 5860 2925 5918 Huic
2948 5876 3055 5918 non
3078 5874 3177 5917 suo
3195 5859 3410 5924 merito,
3433 5857 3531 5915 sed
3558 5854 3782 5913 Domini
