4044 6336
261 352 366 408 521

1173 348 1430 404 ENARR.
1469 347 1538 402 IN
1579 348 1830 406 LIBROS
1872 348 2136 406 REGUM.
2174 381 2246 392 —-
2279 351 2346 407 IN
2384 351 2513 407 LIB.
2554 348 2643 404 IV.

3435 350 3550 406 522

259 475 499 534 gratiam
520 463 868 526 ostendendo,
906 463 1089 534 egredi
1114 463 1168 518 in
1195 479 1479 520 occursum
1503 463 1670 519 Isaias
1690 466 1845 535 jube-
1874 470 1924 528 Α
1950 469 2292 524 consentiant
2317 471 2436 533 sibi,
2468 477 2527 524 ut
2551 470 2860 538 expugnent
2881 464 3198 522 Ecclesiam.
3233 466 3386 536 Quod
3412 483 3535 524 cum

259 566 376 621 tur,
401 556 466 610 ad
496 565 796 610 extremum
834 555 1180 625 aquteductus
1218 557 1438 626 piscina:
1473 557 1769 626 superioris
1797 558 1850 612 in

259 649 349 702 via
381 649 496 720 agri
523 648 742 703 fullonis
763 656 817 703 et
854 649 1035 703 dicere
1071 649 1137 703 ad
1173 663 1329 704 eum:
1359 669 1376 701 ι
1405 649 1539 704 Vide
1568 657 1629 703 ut
1666 649 1848 705 sileas.

253 741 380 797 Noli
414 744 627 808 timere,
653 753 707 797 et
736 757 830 798 cor
868 751 1018 797 tuum
1048 757 1116 797 ne
1141 741 1395 798 formidet
1421 759 1451 797 a
1481 743 1688 798 duabus
1723 759 1850 798 cau-

261 835 343 889 :lis
390 835 642 890 titionum
673 833 1054 906 fumigantium
1095 834 1360 900 istorum,
1407 835 1460 889 in
1513 835 1595 889 ira
1648 833 1850 890 furoris

253 924 425 980 Iiasin
439 925 582 997 regis
596 924 788 996 Syriae,
807 933 861 979 et
885 923 984 978 ﬁlii
1006 923 1278 992 Romeliaa,
1303 940 1369 981 eo
1395 927 1536 996 quod
1563 925 1849 981 consilium

249 1018 446 1072 inierit
470 1026 661 1073 contra
681 1024 732 1072 te
749 1015 904 1088 Syria
929 1017 1246 1086 pessimum,
1268 1027 1322 1072 et
1343 1017 1604 1089 Ephraim
1629 1028 1685 1075 et
1707 1019 1848 1075 lilius

250 1109 551 1175 Romeliae,
582 1109 859 1164 dicentes:
885 1108 1259 1166 Ascendamus
1303 1111 1371 1166 ad
1414 1109 1638 1177 Judam,
1670 1122 1726 1168 et
1751 1129 1845 1169 su-

248 1201 516 1256 scitemus
541 1217 683 1266 eum,
714 1209 770 1256 et
789 1199 1083 1256 evellamus
1107 1216 1228 1258 eum
1261 1201 1328 1256 ad
1350 1218 1451 1258 nos
1469 1243 1484 1270 ,
1504 1213 1559 1258 et
1584 1220 1847 1274 ponamus

249 1308 439 1365 regem
463 1294 518 1347 in
541 1293 722 1349 medio
743 1293 860 1363 ejus
889 1293 1060 1347 ﬁlium
1091 1292 1311 1348 Tabeel.
1345 1292 1472 1349 Haec
1505 1286 1636 1350 dicit
1666 1296 1848 1351 Domi-

247 1399 358 1440 nus
399 1383 580 1439 Deus:
615 1382 732 1438 Non
781 1383 947 1440 stabit
992 1392 1046 1438 et
1081 1399 1187 1438 non
1225 1384 1329 1439 erit
1356 1384 1528 1452 istud,
1561 1388 1655 1442 sed
1685 1396 1848 1457 caput

249 1475 430 1547 Syriae
456 1477 768 1541 Damascus,
804 1484 859 1531 et
887 1485 1050 1546 caput
1079 1477 1328 1532 Damasci
1357 1477 1544 1534 Rasin.
1574 1479 1642 1533 Et
1671 1481 1844 1536 adhuc

247 1567 534 1637 sexaginta
569 1567 806 1636 quinque
831 1567 980 1632 anni,
1002 1576 1059 1623 et
1081 1567 1293 1624 desinet
1324 1568 1582 1640 Ephraim
1605 1585 1728 1627 esse
1748 1586 1843 1642 po-

247 1663 430 1733 pulus.
459 1683 477 1715 »
508 1663 653 1718 Duas
682 1672 862 1719 autem
886 1664 1086 1720 caudas
1120 1665 1396 1732 titionem,
1425 1667 1478 1722 id
1504 1675 1588 1722 est
1612 1669 1838 1724 torrium

242 1755 655 1827 fumigantium,
681 1766 841 1813 vocat
875 1757 1044 1812 Rasin
1073 1773 1256 1830 regem
1297 1758 1503 1831 Syriae,
1534 1771 1589 1816 et
1629 1760 1840 1818 Pbacee

1956 560 2188 616 audierit
2233 561 2425 615 domus
2472 558 2662 624 David,
2690 557 2779 613 cui
2829 556 2885 612 in
2937 557 3219 614 Ezechiele
3263 566 3539 624 pastorem

1953 652 2155 708 bonum
2175 652 2404 724 legimus
2424 651 2739 707 suscitatum
2765 649 2981 721 (Each.
3008 649 3221 721 xxxiv),
3241 658 3296 706 et
3311 651 3541 721 populus

1952 742 2068 812 ejus
2113 744 2428 814 simpliciter
2457 743 2686 799 credens
2715 742 2770 796 in
2815 741 3124 809 Dominum,
3150 743 3538 812 pertremiscit.

1953 835 2018 889 Et
2061 835 2181 890 ideo
2213 835 2598 904 pertremiscit,
2632 833 2759 906 quia
2787 849 2896 889 non
2934 832 3220 890 arboribus
3243 832 3539 906 frugiferis,

1951 926 2045 980 sed
2093 925 2427 983 infructuosa
2473 927 2632 983 saltui
2683 935 3048 997 comparatur.
3079 927 3313 983 Eosdem
3355 934 3538 984 autem

1950 1017 2235 1072 haereticos
2263 1025 2425 1087 atque
2453 1019 2681 1089 gentiles
2705 1027 2894 1074 contra
2928 1019 3146 1074 domum
3176 1017 3348 1075 David
3377 1035 3537 1089 argu-

1948 1118 2255 1165 mentorum
2297 1118 2351 1165 et
2385 1111 2678 1166 dialecticae
2721 1112 2853 1165 artis
2887 1109 3076 1182 gladiis
3105 1111 3363 1168 dimicare
3407 1111 3540 1167 nulli

1949 1203 2172 1259 dubium
2217 1213 2333 1271 est,
2359 1213 2422 1259 ut
2456 1205 2546 1273 qui
2585 1205 2726 1259 inter
2749 1220 2808 1260 se
2836 1204 3170 1274 discrepant,
3203 1205 3256 1260 in
3282 1204 3538 1262 Ecclesiae

1947 1297 2349 1366 oppugnatione
2373 1297 2717 1352 consentiant
2742 1316 2756 1350 :
2775 1295 2929 1366 juxta
2954 1298 3084 1353 illud
3112 1300 3257 1370 quod
3297 1298 3538 1355 Herodes

1947 1396 2004 1441 et
2032 1384 2239 1443 Pilatus
2282 1388 2428 1445 inter
2456 1404 2514 1444 se
2539 1389 2930 1456 discordantes,
2961 1391 3016 1445 in
3043 1392 3258 1446 Domini
3284 1391 3536 1461 passione

1947 1477 2190 1533 amicitia
2213 1479 2548 1535 foederantur
2585 1479 2768 1551 (Joan.
2797 1482 2935 1554 xxx).
2972 1481 3141 1553 Impio
3173 1483 3286 1552 regi
3311 1483 3364 1537 in
3387 1483 3536 1540 Isaac

1939 1566 2162 1636 jubetur
2185 1584 2495 1638 occurrere,
2525 1571 2715 1627 exiens
2745 1571 2812 1628 de
2843 1571 2962 1628 loco
3002 1588 3119 1640 suo,
3150 1588 3257 1628 non
3286 1573 3356 1631 in
3387 1573 3536 1642 prin-

1944 1661 2087 1732 cipio
2131 1665 2503 1733 aquaeductus,
2531 1649 2626 1720 sed
2665 1665 2722 1720 in
2768 1665 3030 1721 extremis
3070 1665 3270 1722 ﬁnibus
3310 1666 3536 1735 piscina:

1944 1755 2239 1824 superioris
2285 1771 2406 1827 quae
2432 1765 2553 1812 erat
2579 1758 2637 1835 in
2661 1772 2795 1827 agro
2823 1757 3196 1824 fullonis,‘ubi
3226 1770 3416 1815 sordes
3439 1773 3535 1813 ex.-

243 1847 422 1902 ﬁlium
451 1847 708 1904 Romeliae
729 1865 908 1922 regem
929 1849 1213 1918 Samariae,
1244 1866 1309 1906 eo
1333 1853 1477 1922 quod
1501 1853 1554 1908 in
1588 1853 1695 1910 illis
1725 1855 1843 1910 ﬁm-
1872 1839 1921 1900 Β
1946 1851 2334 1922 purgabantur.
2388 1848 2646 1919 Quamvis
2674 1849 3030 1906 enim‘Achaz
3073 1859 3328 1921 regnaret
3373 1865 3536 1920 super

244 1948 369 1995 tum
398 1941 468 1995 sit
513 1956 738 2012 regnum
779 1940 979 2013 Syriae,
1013 1943 1067 1998 id
1092 1952 1177 1998 est
1200 1943 1487 2011 Damasci,
1527 1959 1582 2000 et
1616 1961 1843 2017 regnum

223 2030 536 2098 Samaria,
571 2034 626 2088 id
659 2043 744 2089 est
778 2035 965 2090 decem
1005 2035 1277 2102 tribuum,
1323 2037 1415 2107 qui
1466 2037 1572 2093 alio
1626 2039 1844 2095 nomine

244 2122 664 2194 appellabantur
685 2125 962 2194 Ephraim.
989 2125 1283 2197 Sexaginta
1311 2136 1492 2183 autem
1517 2137 1574 2184 et
1601 2130 1843 2200 quinque

245 2219 402 2284 anni,
443 2233 548 2273 non
579 2234 609 2272 a
642 2219 977 2291 temporibus
1005 2219 1188 2276 Achaz
1207 2262 1220 2285 ,
1248 2220 1339 2276 sed
1365 2223 1434 2277 ab
1466 2221 1611 2277 Ozim
1651 2238 1844 2278 nume-

245 2320 459 2366 rantur.
512 2311 681 2382 Igitur
723 2311 934 2368 Hebrzei
985 2313 1127 2368 hunc
1175 2313 1352 2368 locum
1397 2313 1470 2368 ita
1507 2315 1839 2382 edisserunt,

249 2411 309 2456 ut
342 2403 511 2458 Amos
545 2404 638 2474 qui
678 2405 779 2459 sub
820 2403 952 2460 Ozia
993 2404 1160 2476 cmpit
1216 2405 1542 2476 prophetare
1569 2447 1585 2474 ,
1629 2406 1844 2476 quando

246 2505 303 2551 et
341 2495 510 2552 Isaias
545 2497 846 2569 prophetia:
884 2514 996 2554 suae
1033 2497 1227 2553 habuit
1265 2499 1591 2567 exordium,
1631 2501 1843 2571 primus

245 2591 599 2662 prophetavit
655 2600 845 2648 contra
911 2591 1116 2658 Israel,
1176 2593 1410 2648 dicens:
1459 2611 1476 2643 ι
1521 2593 1688 2648 Israel
1749 2610 1844 2648 au-

252 2693 365 2739 tem
404 2684 650 2753 captivus
689 2684 918 2738 ducetur
952 2684 1021 2738 de
1059 2693 1205 2737 terra
1242 2699 1358 2738 sua.
1407 2704 1424 2736 ι
1467 2682 1676 2739 Titulus
1711 2699 1845 2754 quo-

247 2790 358 2844 que
394 2774 690 2845 prophetiae
730 2772 848 2844 ejus
882 2781 1071 2829 contra
1125 2772 1433 2828 Samariam
1477 2773 1580 2840 ﬁt,
1633 2783 1687 2829 et
1720 2791 1847 2846 pro-

245 2866 478 2937 phetare
526 2867 690 2937 coepit
730 2867 787 2921 in
833 2866 1024 2922 diebus
1075 2865 1223 2922 Oziae
1281 2867 1427 2938 regis
1487 2866 1662 2934 Juda,
1719 2878 1844 2926 ante

246 2959 388 3015 duos
432 2975 604 3014 annos
659 2968 1038 3025 terraemotus;
1079 2974 1241 3028 quem
1281 2957 1467 3013 volunt
1508 2973 1572 3014 eo
1603 2968 1846 3030 tempore

247 3053 548 3120 accidisse,
584 3068 691 3123 quo
720 3053 996 3124 ingressus
1027 3051 1186 3108 Ozias
1219 3054 1272 3107 in
1315 3052 1571 3123 templum
1612 3055 1740 3119 Dei,
1770 3055 1843 3109 ibi

247 3144 612 3199 sacerdotium
639 3144 966 3209 vindicabat,
994 3151 1048 3198 et
1068 3152 1212 3198 terra
1236 3160 1492 3215 percussa
1519 3155 1676 3200 estet
1701 3145 1842 3200 cine-
1881 3178 1886 3215 ς

244 3251 340 3291 res
358 3236 543 3291 altaris
564 3235 718 3292 effusi
737 3244 885 3301 sunt,
909 3244 965 3290 et
985 3237 1099 3306 ipse
1125 3250 1220 3289 rex
1245 3253 1536 3306 percussus
1557 3237 1726 3307 lepra.
1745 3237 1844 3293 Vo-
1870 3209 1916 3272 Ο

246 3331 371 3386 lunt
403 3340 586 3386 autem
607 3347 809 3386 annum
850 3330 1018 3386 fuisse
1057 3331 1378 3388 vicesimum
1406 3332 1654 3402 quintum
1675 3331 1838 3396 Ozias,

246 3422 473 3492 quando
486 3422 596 3476 haec
616 3422 948 3486 acciderunt,
964 3422 1118 3492 cujus
1132 3422 1324 3492 reliqui
1349 3424 1478 3477 anni
1506 3431 1632 3478 sunt
1653 3423 1843 3495 viginti

248 3521 480 3584 septem.
528 3512 727 3568 Omnes
771 3514 917 3568 enim
958 3516 1202 3586 regnavit
1246 3530 1417 3570 annos
1447 3515 1844 3586 quinquaginta

249 3608 378 3662 duo.
414 3607 603 3662 Postea
636 3609 878 3679 regnavit
917 3607 1170 3663 Joatham
1213 3607 1356 3663 ﬁlius
1385 3608 1503 3679 ejus
1547 3609 1705 3663 annis
1753 3624 1843 3664 se-

249 3701 451 3766 decim,
468 3711 520 3755 et
545 3699 702 3768 hujus
724 3701 866 3756 ﬁlius
893 3701 1095 3767 Achaz,
1113 3701 1234 3757 aliis
1249 3701 1502 3757 sedecim.
1530 3701 1660 3757 Post
1683 3718 1844 3772 quem

250 3794 495 3865 regnavit
530 3793 811 3860 Ezechias,
841 3793 992 3862 cujus
1034 3801 1188 3848 sexto
1229 3793 1443 3862 imperii
1488 3809 1651 3858 anno,
1685 3803 1844 3862 capta

249 3885 502 3939 Samaria
537 3894 642 3950 est,
668 3893 830 3954 atque
876 3885 950 3938 ita
986 3883 1124 3939 elIici
1171 3884 1329 3938 simul
1360 3899 1531 3939 annos
1561 3883 1844 3954 sexaginta

247 3977 508 4048 quinque.
541 3974 812 4046 Scriptum
859 3985 943 4030 est
969 3974 1113 4028 enim
1143 3974 1285 4044 quod
1329 3972 1848 4044 Theglathphalasar

247 4083 350 4124 rex
393 4069 741 4140 Assyriorum
785 4069 885 4124 sub
916 4083 1041 4139 rege
1081 4068 1260 4122 Acliaz
1291 4067 1599 4122 ascenderit
1639 4068 1693 4122 in
1739 4067 1844 4121 Da-

247 4178 520 4227 mascum,
553 4171 608 4217 et
633 4163 926 4217 vastaverit
958 4177 1101 4227 eam,
1130 4169 1184 4216 et
1219 4160 1556 4216 transtulerit
1579 4161 1848 4216 habitato-

251 4271 349 4310 res
373 4255 492 4325 ejus
521 4253 790 4325 Cyrenen,
821 4263 875 4309 et
903 4253 1070 4308 Rasin
1100 4251 1453 4307 interfecerit.
1484 4252 1553 4307 Et
1593 4252 1739 4322 quod
1769 4261 1848 4308 te-

249 4348 491 4403 tenderit
537 4347 760 4403 insidias
803 4345 1014 4402 Phacee
1059 4345 1168 4400 ﬁlio
1210 4344 1470 4400 Romeliae
1514 4344 1656 4400 Osee
1704 4344 1847 4401 ﬁlius

247 4447 369 4511 Ela,
399 4456 456 4501 et
486 4445 814 4515 percusserit
843 4459 965 4498 eum
995 4452 1050 4497 et
1077 4440 1432 4507 interfecerit,
1459 4449 1515 4496 et
1542 4441 1850 4511 regnaverit

1943 1940 2161 2010 Judam,
2188 1951 2369 1999 tamen
2390 1942 2518 2014 quia
2541 1941 2740 2012 impius
2761 1949 2900 2008 erat,
2921 1941 2978 1995 in
3000 1941 3298 2010 superioris
3315 1941 3536 2012 piscina:

1943 2040 2203 2095 extremis
2232 2039 2431 2096 ﬁnibus
2457 2038 2790 2094 morabatur.
2835 2037 2977 2109 Ergo
3005 2037 3150 2093 Deus
3175 2051 3283 2091 non
3313 2045 3425 2090 tam
3453 2052 3536 2091 re-

1943 2133 2027 2202 gis
2075 2133 2397 2198 miseretur,
2445 2147 2606 2204 quem
2652 2130 2931 2202 indignum
2979 2129 3287 2202 aestimabat
3329 2128 3531 2193 salute,

1943 2241 2106 2295 quam
2131 2225 2314 2296 populi
2339 2224 2444 2303 sui.
2493 2224 2640 2280 Duas
2666 2233 2848 2279 autem
2874 2223 3077 2280 caudas
3100 2223 3332 2279 torrium
3372 2221 3536 2277 fumi-

1943 2317 2210 2387 gantium,
2238 2325 2298 2372 ut
2319 2317 2474 2390 prius
2495 2317 2753 2383 diximus,
2774 2315 2936 2373 vocat
2962 2317 3284 2386 sapientiam
3314 2314 3537 2372 saecula-

1944 2423 2086 2474 rem,
2113 2408 2538 2479 hmreticumque
2565 2422 2899 2476 sermonem,
2919 2423 3152 2478 quorum
3181 2409 3304 2464 ﬁnis
3326 2409 3539 2464 exustio

1943 2508 2050 2564 est,
2083 2501 2174 2572 qui
2209 2499 2412 2555 frustra
2453 2500 2692 2556 lnierunt
2735 2499 3042 2568 consilium,
3078 2513 3138 2556 ut
3182 2501 3538 2557 ascenderem

1945 2602 2133 2648 contra
2164 2590 2380 2658 Judam,
2407 2604 2462 2650 et
2496 2593 2652 2664 quasi
2693 2593 3054 2665 negligentem
3089 2601 3144 2649 et
3178 2593 3536 2649 dormientem

1945 2694 2222 2755 caperent,
2251 2695 2305 2741 et
2331 2687 2443 2740 suis
2483 2686 2766 2742 erroribus
2805 2687 3142 2756 copularent,
3165 2693 3539 2756 ponerentque

1946 2791 2109 2846 super
2128 2791 2252 2830 eum
2277 2790 2456 2846 regem
2473 2775 2641 2830 ﬁlium
2665 2776 2884 2841 Tabeel,
2901 2776 3006 2831 hoc
3019 2784 3103 2830 est
3121 2777 3322 2831 bonum
3344 2775 3534 2830 Deum.

1946 2866 2189 2938 Uterque
2213 2868 2358 2922 enim
2391 2867 2736 2922 adversarius
2760 2869 2901 2937 apud
2923 2883 2982 2923 se
3007 2868 3370 2932 severitatem,
3395 2869 3536 2938 apud

1948 2973 2006 3014 se
2041 2959 2276 3014 aestimat
2306 2951 2565 3029 optimam
2595 2971 2716 3013 esse
2744 2957 3072 3013 doctrinam.
3125 2957 3366 3027 Denique
3391 2955 3536 3012 Mar-

1948 3053 2070 3108 cion
2097 3053 2386 3108 hazreticus
2414 3051 2541 3107 boni
2585 3051 2681 3106 Dei
2710 3051 2904 3117 ﬁlium,
2937 3052 3040 3106 hoc
3074 3059 3160 3105 est
3189 3050 3414 3104 alterius
3441 3064 3538 3119 pu-

1950 3155 2026 3200 tat
2061 3161 2182 3200 essc
2217 3145 2514 3209 Christum,
2543 3153 2598 3198 ct
2621 3159 2729 3198 non
2753 3142 2886 3213 justi
2914 3141 3069 3211 cujus
3091 3141 3370 3212 prophetae
3391 3151 3536 3206 sunt,

1945 3255 2109 3308 quem
2135 3238 2542 3308 sanguinarium
2565 3245 2620 3293 et
2648 3236 2922 3293 crudelem
2941 3235 3180 3305 judieem
3207 3244 3382 3292 vocat.
3412 3235 3540 3292 Haec

1947 3331 2052 3386 illis
2099 3333 2403 3387 dicentibus
2432 3331 2693 3387 Dominus
2723 3329 3029 3386 dominator
3049 3371 3064 3396 ,
3097 3330 3242 3400 quod
3283 3344 3392 3384 non
3433 3335 3542 3384 stet

1948 3424 2236 3478 consilium
2277 3424 2541 3493 ipsorum,
2569 3422 2664 3478 sed
2703 3421 2924 3476 interim
2964 3421 3209 3491 quandiu
3248 3435 3393 3474 nunc
3435 3419 3541 3474 iste

1947 3513 2178 3569 mundus
2214 3521 2344 3578 stat,
2372 3521 2425 3568 et
2451 3529 2513 3568 ea
2542 3529 2662 3584 quae
2689 3512 2872 3567 mundi
2919 3521 3064 3586 sunt,
3089 3512 3142 3565 in
3185 3511 3298 3567 suis
3340 3510 3540 3566 ﬁnibus

1946 3616 2002 3661 et
2032 3606 2084 3660 in
2112 3605 2226 3662 suis
2251 3605 2477 3662 urbibus
2505 3605 2870 3661 dominentur.
2911 3604 3046 3659 Cum
3075 3610 3257 3658 autem
3282 3617 3538 3658 consum-

1947 3697 2200 3753 mationis
2233 3706 2447 3768 tempus
2488 3697 2789 3761 advenerit,
2820 3696 2924 3752 hoc
2960 3705 3044 3752 est
3071 3693 3352 3766 sexaginta
3378 3693 3539 3764 quin-

1948 3806 2052 3860 que
2082 3790 2230 3856 anni,
2260 3798 2314 3845 et
2339 3797 2449 3844 tam
2486 3789 2672 3844 mundi
2698 3804 2786 3843 res
2807 3803 2927 3859 quae
2950 3788 3006 3842 in
3034 3802 3130 3843 sex
3159 3786 3350 3842 diebus
3379 3783 3540 3840 factae

1948 3890 2093 3948 sunt,
2123 3897 2287 3951 quam
2313 3882 2494 3936 omnia
2517 3895 2637 3951 quae
2672 3881 2740 3933 ad
2770 3876 3012 3950 quinque
3037 3893 3228 3934 sensus
3269 3877 3543 3946 pertinent

1950 3973 2111 4028 ﬁnem
2158 3974 2488 4044 acceperint,
2517 3982 2644 4027 tunc
2674 3972 2931 4027 universa
2957 3986 3078 4027 esse
3117 3971 3392 4036 solvenda,
3419 3983 3541 4040 qua:

1950 4065 2177 4136 gentiles
2224 4074 2278 4118 et
2321 4064 2560 4120 haeretici
2591 4063 2772 4118 futura
2804 4078 2911 4118 non
2941 4062 3192 4128 credunt;
3216 4069 3271 4117 et
3317 4067 3541 4132 propter

1952 4155 2324 4211 inﬁdelitatem
2352 4170 2461 4211 non
2484 4154 2793 4226 intelligunt
2812 4169 2934 4224 quae
2961 4154 3218 4208 dicuntur

2530 4307 2758 4365 CAPUT
2793 4266 2955 4363 xvn.
3042 4287 3044 4289 ’

2030 4467 2046 4497 ‹
2081 4447 2366 4516 [ratusque
2410 4454 2494 4500 est
2535 4444 2798 4500 Dominus
2839 4444 3190 4501 vehementer
3235 4444 3442 4512 Israel,
3485 4453 3543 4502 et

245 4553 353 4610 pro
387 4539 479 4592 illo
513 4539 568 4592 in
609 4539 774 4593 Israel
801 4539 957 4592 annis
985 4553 1200 4601 novem,
1231 4544 1284 4590 et
1309 4536 1453 4606 quod
1498 4536 1705 4591 venerit
1733 4536 1849 4590 Sal-
1876 4571 1930 4632 Β
1961 4559 1978 4589 ‹
2026 4539 2247 4594 abstulit
2297 4553 2392 4594 eos
2441 4538 2508 4593 de
2557 4543 2852 4607 conspectu
2885 4553 3005 4604 suo,
3027 4547 3083 4593 et
3122 4552 3231 4593 non
3283 4540 3544 4594 remansit

248 4645 513 4685 manasar
534 4645 625 4684 rex
647 4631 818 4685 Assur
839 4638 893 4684 et
919 4629 1192 4684 obsederit
1217 4628 1540 4696 Samariam,
1564 4644 1685 4698 quae
1708 4644 1852 4684 nunc

247 4723 520 4778 Sebasten
569 4732 792 4779 vocatur
836 4724 1010 4777 tribus
1058 4723 1234 4786 annis,
1269 4731 1322 4777 et
1353 4737 1496 4778 nono
1524 4738 1667 4777 anno
1697 4723 1850 4794 regni

246 4818 395 4874 Osee
417 4819 620 4887 ceperit
643 4833 784 4881 eam,
813 4818 1162 4887 vinctumque
1191 4816 1328 4872 Osee
1357 4817 1410 4870 in
1439 4832 1712 4872 carcerem
1742 4817 1847 4871 mi—

247 4909 410 4972 serit,
436 4917 490 4962 et
521 4910 863 4964 transtulerit
890 4909 1056 4964 Israel
1101 4911 1154 4964 in
1197 4909 1469 4980 Assyrios,
1500 4910 1846 4982 posueritque

247 5017 352 5056 eos
393 5003 447 5055 in
486 5001 701 5060 llalanet
732 5003 785 5056 in
809 5002 992 5058 Habor
1019 5002 1173 5070 juxta
1199 5003 1419 5059 ﬁuvium
1446 5004 1652 5071 Gozan,
1682 5004 1734 5059 in
1771 5007 1846 5060 ci-

245 5093 539 5160 vitatibus,
584 5096 699 5149 sive
749 5095 850 5166 (ut
900 5095 1254 5166 Septuaginta
1306 5097 1739 5166 transtulerunt)
1792 5098 1847 5151 in

248 5186 532 5241 montibus
559 5185 856 5241 Medorum.
880 5187 1042 5242 Juxta
1073 5204 1346 5259 anagogen
1379 5189 1554 5244 facilis
1581 5189 1848 5260 interpre-

249 5285 306 5329 ta
317 5276 392 5330 tio
415 5285 519 5342 est,
550 5278 692 5346 quod
720 5286 979 5345 regnante
996 5277 1178 5332 Aebaz
1211 5292 1337 5349 rege
1360 5278 1546 5348 impio,
1569 5293 1665 5335 rex
1684 5279 1850 5333 Aram

248 5367 352 5438 qui
381 5367 767 5438 interpretatur
794 5369 1026 5424 excelsus
1049 5378 1210 5439 atque
1248 5368 1516 5434 sublimis,
1550 5380 1608 5425 ut
1648 5371 1851 5426 indicet

245 5462 626 5530 arrogantiam
665 5460 944 5531 sapientiae
982 5461 1197 5526 saeculi;
1229 5471 1284 5517 et
1322 5462 1531 5518 Phacee
1567 5463 1708 5518 ﬁlius
1743 5463 1849 5518 Ro-

249 5550 434 5606 melia:
464 5552 557 5622 qui
591 5560 646 5606 et
684 5551 797 5622 ipse
826 5553 982 5622 juxta
1011 5552 1146 5608 Osee
1184 5554 1502 5624 prophetam
1549 5563 1604 5610 et
1650 5557 1848 5610 tribum

247 5642 541 5715 Ephraim,
572 5644 639 5700 de
662 5659 770 5714 qua
793 5643 1080 5700 Jeroboam
1111 5644 1253 5700 ﬁlius
1294 5645 1502 5702 Nabath
1531 5647 1726 5703 vitulos
1757 5665 1852 5702 au-

251 5751 384 5792 reos
417 5735 471 5790 in
500 5735 687 5792 Bethel
714 5745 769 5793 et
789 5738 905 5792 Dan
934 5739 1314 5804 constituerat,
1344 5747 1400 5793 et
1425 5755 1456 5793 a
1492 5739 1653 5793 domo
1679 5740 1846 5795 David

249 5829 352 5884 Dei
397 5831 648 5900 populum
701 5843 1012 5901 separaret,
1053 5831 1285 5888 refertur
1324 5833 1389 5886 ad
1431 5833 1731 5899 haereticos,
1759 5834 1846 5903 qui

667 5926 945 5988 ΡΑτιιοι..
993 5925 1192 5986 CXV.

1913 4689 1920 4694 ,
1960 4651 1978 4683 ‹
2022 4631 2124 4686 nisi
2171 4630 2344 4685 tribus
2370 4628 2505 4685 Juda
2535 4629 2948 4696 tantummodo;
2980 4631 3075 4684 sed
3107 4645 3210 4685 nec
3235 4630 3350 4700 ipse
3373 4629 3540 4684 Judas

1959 4742 1976 4772 ‹
2025 4722 2315 4780 custodivit
2350 4722 2604 4776 mandata
2633 4721 2845 4775 Domini
2894 4721 2987 4776 Dei
3029 4721 3135 4786 sui,
3163 4730 3536 4774 verumtamen

1957 4836 1976 4868 ι
2023 4815 2320 4872 ambulavit
2343 4815 2396 4868 in
2422 4814 2699 4870 erroribus
2720 4814 2881 4870 Israel
2905 4830 3040 4884 quos
3062 4823 3315 4885 operatus
3342 4813 3539 4866 fuerat.

1955 4929 1973 4960 ι
2023 4906 2364 4978 Projecitque
2385 4908 2642 4963 Dominus
2662 4924 2824 4964 omne
2853 4924 3035 4963 semen
3058 4907 3242 4972 Israel,
3272 4915 3327 4960 et
3353 4902 3542 4959 afﬂixit

1957 5022 1976 5052 ‹
2022 5017 2115 5058 eos
2132 5010 2188 5055 et
2207 5000 2504 5071 tradiditﬁn
2529 5015 2692 5054 manu
2709 5001 3098 5070 diripientium,
3121 5000 3292 5054 donec
3316 4994 3544 5067 projice-

1959 5115 1976 5146 ‹
2021 5102 2106 5149 ret
2127 5109 2220 5148 eos
2251 5109 2280 5147 a
2299 5092 2436 5148 facie
2461 5109 2576 5148 sua.
2591 5113 2608 5144 ι
2631 5093 2924 5149 Subversio
2946 5102 3123 5147 autem
3148 5089 3538 5152 Israelitarum,

1955 5203 2074 5258 quae
2088 5189 2156 5243 ab
2175 5187 2413 5258 Assyria:
2433 5188 2648 5258 regibus
2663 5195 2970 5258 perpetrata
2989 5195 3072 5242 est
3090 5183 3219 5254 quid
3247 5181 3542 5254 signiﬁcat,

1956 5283 2058 5337 nisi
2085 5281 2444 5337 miserabilem
2460 5292 2514 5336 et
2527 5281 2688 5336 nimis
2705 5281 3004 5336 deﬂendam
3021 5279 3232 5333 ruinam
3249 5275 3428 5346 populi
3451 5291 3543 5331 ec—

1956 5373 2458 5443 clesiastici?quam
2487 5388 2583 5427 rex
2601 5372 2876 5442 Assyrius,
2891 5371 2996 5425 ltoc
3021 5377 3108 5424 est
3130 5366 3398 5428 diabolus,
3417 5381 3540 5420 cum

1958 5480 2054 5520 suo
2075 5465 2315 5520 exercitu
2332 5463 2663 5519 devastando
2677 5472 2839 5532 atque
2859 5459 3156 5516 obsidendo
3169 5459 3409 5529 quotidie
3429 5458 3542 5512 eili-

1956 5559 2051 5623 cit,
2079 5573 2202 5612 cum
2247 5573 2339 5612 eos
2385 5566 2604 5628 propter
2631 5563 2851 5625 peccata
2883 5553 3194 5618 commissa,
3225 5549 3540 5607 de'sedibus

1958 5650 2192 5720 propriis
2212 5645 2472 5714 'evcllens,
2497 5648 2671 5703 defert
2700 5645 2751 5701 in
2780 5655 2980 5700 terram
3005 5643 3261 5709 alienam,
3289 5657 3397 5713 quo
3422 5655 3540 5695 ma-

1958 5742 2040 5810 gis
2073 5741 2259 5812 lugere
2291 5740 2738 5814 delectat,_quam
2776 5736 2989 5792 cantica
3038 5735 3239 5791 laetitiae
3274 5732 3540 5806 proferre.

1963 5832 2112 5887 Unde
2159 5840 2213 5886 et
2241 5831 2524 5886 Psalmista
2573 5830 2800 5900 mystico
2837 5829 3050 5899 eloquio
3080 5829 3185 5884 hoc
3219 5827 3362 5884 idem
3395 5840 3545 5881 COtIl-

3033 5921 3104 5980 17
