4044 6336
1548 384 1905 445 ANGELOMI
1942 382 2402 443 LUXOVIENSIS
2440 384 2748 444 MONACHI

3689 382 3795 441 525

514 514 801 572 memorat,
849 506 1083 562 dicens:
1116 524 1135 559 ι
1174 504 1350 576 Super
1388 504 1609 563 ﬁumina
1646 504 1937 576 Babylonis
1988 502 2100 561 illic
2122 508 2177 570 Α
2203 511 2257 559 et
2297 518 2404 559 non
2443 502 2618 559 solum
2665 504 2976 561 inventores
3018 502 3184 575 primi
3218 517 3488 570 errorum,
3513 516 3657 576 quos
3694 519 3795 575 pa-

512 600 771 665 sedimns,
796 607 854 654 et
884 597 1149 663 deﬁnias,
1176 596 1306 653 dum
1354 597 1771 655 recordamur
1812 597 1914 664 tui,
1942 596 2097 655 Sion.

511 695 570 750 In
596 691 860 750 salicibus
884 691 942 747 ia
970 690 1150 747 medio
1186 690 1325 759 ejus,
1356 690 1737 761 suspendimus
1777 705 1983 765 organa
2006 706 2102 746 no-

510 796 645 847 stra.
701 786 841 856 Quia
898 785 1011 841 illis
1058 785 1536 854 interrogaverunt
1580 799 1704 850 nos,
1734 784 1827 855 qui
1858 785 2101 854 captivos

511 883 784 940 duxerunt
830 894 971 944 nos,
1008 877 1172 933 verba
1220 877 1554 936 cantionum.
1607 877 1676 934 Et
1723 877 1817 947 qui
1860 876 2102 935 abduxe-

509 981 641 1029 runt
684 988 806 1038 nos,
833 970 1103 1045 Hymnum
1150 979 1368 1026 cantate
1408 968 1904 1026 nobisdeeanticis
1943 968 2094 1025 Sion.

508 1065 793 1134 Quomodo
844 1062 1186 1120 cantabimus
1234 1061 1509 1118 canticum
1567 1060 1780 1117 Domini
1830 1060 1887 1117 in
1950 1068 2097 1117 terra

508 1157 684 1214 aliena
722 1154 896 1228 (Ρωι.
936 1153 1227 1226 curn)?»
1258 1153 1413 1222 Quod
1435 1151 1725 1211 dicitur‘de
1766 1152 1853 1209 his
1876 1168 1999 1223 qua:
2042 1153 2097 1209 in

509 1247 811 1305 Samariam
860 1246 1107 1305 adducta!
1150 1254 1275 1303 sunt
1314 1260 1345 1301 a
1375 1259 1502 1315 rege
1528 1240 1876 1314 Assyriorum
1919 1242 2097 1299 natio-

506 1339 692 1400 nibus.

580 1454 602 1488 ι
639 1435 706 1491 Et
751 1446 1092 1506 unaquaque
1129 1445 1262 1502 gens
1295 1428 1681 1489 fabricata.est
1719 1426 1884 1487 deum
1912 1440 2092 1483 suum.

508 1548 529 1582 ι
569 1529 984 1597 Posueruntqne
1008 1538 1105 1580 eos
1126 1524 1181 1578 in
1204 1521 1403 1593 phanis
1425 1518 1678 1584 excelsis,
1710 1533 1830 1587 quat
1850 1518 2099 1575 fecerant

507 1642 527 1676 ι
563 1621 852 1679 Βιιιιδιυίιω
877 1633 1012 1694 gens
1034 1625 1089 1675 ct
1118 1630 1252 1689 gens
1290 1615 1345 1670 in
1387 1613 1613 1673 urbibus
1640 1612 1774 1677 suis,
1806 1610 1860 1669 in
1899 1609 2096 1680 quibus

507 1735 526 1768 ι
558 1714 898 1772 habitabant.
931 1711 1047 1769 Viri
1075 1709 1220 1766 enim
1262 1706 1543 1780 Babylonii
1575 1705 1821 1761 fecerunt
1853 1703 2094 1761 Sochoth

509 1827 529 1860 ε
569 1807 806 1873 Benotb,
835 1803 941 1863 viri
982 1813 1165 1859 autem
1209 1799 1443 1857 Cutheni
1491 1797 1741 1859 fecerunt
1784 1795 2000 1867 Nergel,
2039 1803 2097 1851 et

2204 604 2318 651 tres
2375 593 2841 652 Samaritanorum
2886 594 3213 667 signiﬁcant,
3273 596 3377 655 hoc
3428 595 3665 664 faciunt,
3702 598 3799 654 sed

2201 696 2256 745 et
2283 702 2545 757 sequaces
2571 702 2784 755 eorum,
2822 703 2960 761 quos
3004 687 3237 747 ﬁliorum
3262 687 3483 745 nomine
3519 694 3579 747 et
3622 702 3796 760 new-

2204 791 2319 837 tum
2343 795 2631 853 expressos
2656 789 2803 839 recte
2847 796 3137 853 possumus
3171 780 3507 859 intelligere.
3534 781 3801 841 similiter

2203 880 2387 944 agunt
2759 942 2988 1002 CAPUT
3032 942 3219 1001 XVIII.

2278 1073 2296 1107 ι
2332 1055 2490 1115 Anno
2515 1058 2677 1115 tertio
2701 1056 2881 1125 Oscae,
2906 1059 3001 1115 ﬁlii
3025 1059 3123 1117 Eia
3156 1059 3301 1134 regis
3325 1059 3517 1127 Israel,
3546 1060 3800 1132 regnavit

2206 1166 2225 1199 ι
2259 1147 2544 1217 Ezechias,
2567 1149 2712 1209 ﬁlius
2735 1150 2919 1208 Achaz
2963 1152 3105 1225 regis
3135 1150 3293 1209 Juda.
3320 1150 3525 1225 Viginti
3550 1153 3799 1225 quinque

2206 1261 2225 1294 ι
2258 1258 2521 1301 annorum
2541 1254 2662 1303 erat
2680 1261 2804 1305 cum
2834 1261 3066 1319 regnare
3089 1255 3367 1321 cmptsset,
3391 1256 3447 1307 et
3474 1248 3676 1321 viginti
3700 1262 3797 1305 no-

2205 1358 2223 1391 ι
2259 1355 2380 1397 vem
2412 1340 2572 1398 annis
2602 1341 2849 1413 regnavit
2870 1342 2926 1399 in
2952 1341 3310 1401 Hierusalem.
3351 1340 3565 1401 Nomen
3602 1342 3798 1401 matris

2204 1450 2223 1483 ι
2258 1427 2377 1498 ejus
2403 1430 2563 1498 Abia,
2594 1431 2705 1487 ﬁlia
2737 1432 3031 1489 Zachariae.
3064 1432 3326 1504 Fecitque
3353 1434 3504 1507 quod
3537 1442 3663 1491 erat
3694 1434 3795 1491 bo-

2204 1540 2223 1573 (
2262 1536 2391 1577 ιιιιιιι
2421 1537 2605 1581 coram
2634 1522 2886 1592 Domino,
2909 1522 3069 1595 juxta
3091 1526 3274 1583 omnia
3300 1541 3421 1598 qua:
3446 1524 3661 1585 fecerat
3684 1526 3792 1585 Da-

2204 1632 2223 1665 ι
2250 1614 2350 1669 .vid
2379 1617 2537 1686 pater
2578 1630 2731 1675 suus.
2765 1616 2883 1688 Ipse
2910 1617 3194 1689 dissipavit
3224 1618 3460 1683 excelsa,
3490 1627 3546 1677 et
3583 1620 3795 1676 contri-

2204 1724 2223 1756 ι
2258 1705 2338 1760 vit
2365 1714 2592 1773 statuas,
2622 1714 2678 1765 et
2702 1708 2935 1766 succidit
2957 1706 3128 1776 lucos,
3159 1709 3532 1785 conl‘regitque
3568 1727 3793 1787 serpen.

2203 1816 2223 1849 ι
2262 1807 2368 1855 tem
2395 1813 2620 1865 aereum,
2641 1814 2802 1871 quem
2825 1800 3030 1857 fecerat
3050 1800 3281 1875 Moyses.
3305 1801 3593 1875 Siquidem
3622 1817 3795 1875 usque

508 1920 526 1953 ι
560 1900 667 1956 viri
690 1899 759 1957 de
785 1896 1021 1955 Hemath
1053 1894 1298 1951 fecerunt
1336 1892 1541 1957 Anima.
1582 1892 1754 1951 Porro
1778 1889 1922 1947 Evazi
1950 1887 2096 1947 fece-
2123 1878 2172 1939 B
2204 1908 2224 1941 σ
2263 1889 2332 1945 ad
2360 1888 2490 1945 illud
2521 1899 2734 1963 tempus
2767 1890 2863 1947 ﬁlii
2887 1891 3053 1949 Israel
3078 1891 3363 1951 adolebant
3399 1893 3450 1949 ei
3481 1894 3792 1951 incensum.

505 2013 525 2044 ι
564 2000 696 2046 runt
714 1988 932 2045 Nebaaz
959 1995 1017 2042 et
1040 1984 1335 2042 'I‘harthae.
1373 2002 1394 2039 ι
1420 1982 1479 2039 In
1504 1981 1644 2039 libro
1669 1980 1889 2052 quidem
1916 1978 2091 2035 Loco-
2146 1999 2153 2008 -

498 2103 622 2143 rum
662 2084 863 2155 legitur
903 2081 1051 2153 quod
1092 2078 1303 2141 Beloth
1336 2086 1393 2135 et
1426 2074 1623 2148 Nergcl
1663 2074 1867 2133 fuerint
1899 2074 2092 2130 civita-

496 2186 582 2235 tes
623 2191 760 2248 quas
797 2178 1219 2231 construxerunt
1255 2171 1310 2227 in
1352 2169 1571 2241 regione
1614 2167 1813 2225 indm
1852 2165 2095 2223 Samari-

499 2269 644 2336 tani,
689 2269 783 2338 qni
827 2266 896 2322 de
939 2262 1233 2334 Babylonia
1274 2261 1622 2321 transierant.
1650 2258 1837 2321 Asima
1878 2273 2095 2329 quoque

495 2363 755 2435 oppidum
790 2358 1227 2422 adiﬁcaverunt,
1274 2355 1369 2427 qui
1425 2353 1495 2413 ad
1539 2368 1661 2411 eam
1710 2359 1979 2409 venerunt
2026 2348 2095 2405 de

494 2454 750 2512 ﬂemath.
794 2452 1010 2509 Nebaaz
1056 2459 1114 2506 et
1162 2448 1438 2505 'I‘harthac
1478 2445 1729 2503 civitates
1777 2450 1924 2509 sunt,
1954 2456 2093 2512 quas

491 2548 639 2606 Evai
677 2550 732 2604 in
771 2545 963 2603 eadem
1008 2542 1211 2600 ludam
1262 2550 1409 2601 terra
1448 2539 1830 2599 condiderunt.
1866 2534 2092 2591 Videtur

496 2650 704 2707 autem,
725 2641 883 2713 juxta
912 2635 1357 2707 consequentiam
1388 2632 1676 2698 sermonis,
1704 2638 1762 2686 et
1795 2628 2086 2695 idolorum,

493 2733 692 2805 quibus
719 2731 803 2787 lue
832 2738 1021 2803 gentes
1047 2728 1200 2800 prius
1230 2726 1286 2781 in
1317 2733 1464 2781 terra
1506 2738 1605 2779 sua
1652 2719 1962 2778 servierint.
1996 2718 2088 2775 hic

490 2840 653 2898 posse
700 2823 966 2881 vocabula
1010 2819 1260 2893 intelligi.
1303 2817 1440 2887 Quia
1488 2832 1611 2873 cum
1659 2814 1863 2872 dictum
1897 2819 2083 2869 esset:

498 2938 519 2974 ι
563 2928 620 2976 et
650 2931 991 2990 unaquaque
1038 2928 1172 2988 gens
1214 2911 1481 2969 fabricata
1517 2918 1603 2967 est
1641 2909 1803 2965 deum
1834 2922 2014 2972 suum,
2060 2924 2081 2957 ι

490 3010 646 3082 quasi
699 3009 769 3065 ad
818 3006 1179 3078 expletionem
1237 3002 1518 3060 sententia:
1572 2999 1918 3070 sulijunctum
1969 2998 2080 3053 sit:

497 3119 516 3152 ι
554 3099 661 3155 viri
695 3098 843 3154 enim
886 3095 1166 3167 Babylonii
1216 3092 1465 3150 iecerunt
1509 3090 1752 3147 Sochom
1792 3088 2019 3145 Benoth.
2059 3106 2079 3140 ι

488 3189 558 3244 Ει
603 3187 819 3252 melius,
861 3186 917 3241 ni
964 3183 1142 3250 fallor,
1174 3182 1382 3239 faceret
1423 3181 1714 3252 interpres,
1755 3179 1800 3237 si
1843 3177 2084 3235 Sochoth

2207 2001 2225 2034 ι
2262 1981 2595 2054 Vocavitque
2645 2000 2769 2041 eum
2821 2001 3019 2043 nomen
3068 1984 3188 2057 ejus
3228 1985 3572 2045 Nahasthan.
3616 1987 3689 2044 Et
3740 1988 3797 2047 in

2204 2092 2222 2124 ι
2258 2073 2489 2130 Domino
2510 2073 2623 2135 Deo
2644 2075 2811 2133 Israel
2830 2077 3089 2149 speravit.
3119 2096 3140 2130 ι
3168 2075 3450 2151 Siquidem
3470 2077 3795 2139 Nabasthan

2198 2164 2593 2236 interpretatur
2637 2184 2711 2223 ws
2759 2183 2961 2236 eorum,
2994 2179 3055 2225 ut
3095 2182 3257 2240 quem
3304 2168 3384 2227 illi
3425 2184 3528 2241 pro
3568 2169 3798 2229 numine

2196 2255 2450 2313 colebant
2478 2256 2532 2313 in
2559 2257 2719 2314 dictis
2737 2258 2857 2333 ejus
2880 2260 3158 2317 metallum
3181 2275 3307 2318 eum
3339 2275 3461 2317 esse
3485 2276 3597 2321 non
3630 2261 3799 2319 deum

2196 2357 2574 2419 agnoscerent.
2602 2349 2670 2405 Et
2697 2351 2826 2425 quia
2853 2351 3115 2411 Ezechias
3155 2353 3213 2409 in
3258 2354 3363 2411 hoc
3392 2354 3537 2424 quod
3570 2354 3799 2413 excelsa

2196 2441 2497 2512 dissipavit,
2522 2452 2576 2499 et
2613 2453 2824 2502 statuas
2853 2447 3130 2517 contrivit,
3156 2457 3325 2521 atque
3350 2449 3585 2507 succidit
3615 2450 3796 2519 lucos,

2197 2548 2409 2591 necnon
2454 2542 2511 2592 et
2546 2537 2730 2593 omnia
2777 2539 3068 2597 simulacra
3110 2542 3452 2609 comminuit,
3486 2541 3800 2603 Salvatoris

2195 2635 2381 2697 typum
2413 2634 2579 2685 tenet.
2615 2629 3007 2701 Interpretatur
3030 2633 3176 2689 enim
3210 2633 3476 2695 Ezechias
3501 2634 3800 2707 apprehen-

2190 2718 2319 2773 deus
2354 2719 2640 2777 Dominum
2670 2721 2755 2779 vel
2782 2722 3039 2795 fortitudo
3076 2723 3313 2785 Domini.
3343 2725 3402 2783 In
3428 2736 3495 2782 e0
3528 2727 3649 2803 ipso
3674 2727 3797 2784 uti-

2189 2825 2297 2880 que
2337 2812 2482 2881 quod
2528 2813 2706 2885 ipsum
2758 2823 3065 2886 serpentem
3114 2832 3328 2875 aeneum
3369 2832 3530 2889 quem
3572 2816 3801 2893 Moyses

2190 2901 2341 2971 fecit,
2370 2907 2716 2975 comminuit,
2738 2907 3119 2980 Redemptoris
3141 2908 3372 2982 ﬁguram
3395 2910 3803 2969 convenienter

2190 3002 2362 3052 tenet.
2392 2995 2512 3054 Non
2543 2998 2719 3057 solum
2750 3000 2894 3057 enim
2939 2999 3198 3059 Dominus
3242 3012 3429 3061 noster
3455 3018 3521 3061 ac
3551 3002 3800 3061 Redem-

2186 3098 2334 3160 ptor,
2361 3090 2431 3147 de
2456 3106 2564 3163 quo
2590 3108 2687 3162 per
2712 3093 3039 3165 Prophetam
3068 3095 3299 3153 dicitur:
3328 3115 3347 3149 ι
3384 3095 3648 3154 Dominus
3672 3096 3803 3155 for-

2188 3180 2259 3237 tis
2300 3179 2565 3239 Dominus
2602 3193 2796 3255 potens
2835 3185 2889 3241 in
2930 3185 3117 3257 praelio
3158 3187 3333 3259 (Psal.
3361 3188 3539 3259 xuii),
3572 3208 3591 3242 ι
3640 3189 3805 3251 idola

488 3280 684 3337 Latine
720 3279 775 3334 ia
821 3274 1166 3333 tabernacula
1191 3279 1449 3336 verteret,
1486 3280 1543 3327 et
1585 3285 1782 3326 nomen
1814 3268 1942 3325 idoli
1980 3268 2086 3324 Be-
2111 3240 2157 3304 θ
2190 3273 2433 3344 gentium
2480 3240 2759 3343 cont-rivit,
2785 3286 2840 3333 et
2880 3240 3061 3334 omnia
3094 3240 3385 3339 simulacra
3410 3240 3599 3341 eorum
3628 3282 3805 3341 dissi-

492 3372 627 3429 noth
656 3369 903 3427 absolute
929 3376 1176 3441 poneret,
1208 3375 1266 3425 et
1290 3366 1431 3423 sicut
1455 3365 1511 3421 in
1532 3362 1883 3435 sequentibus
1910 3361 2084 3417 mani-

488 3462 629 3522 feste
660 3462 879 3519 dicitur.

565 3575 588 3611 ι
625 3556 692 3613 lli
731 3564 917 3613 autem
957 3553 1053 3625 qui
1088 3561 1247 3609 erant
1282 3550 1351 3607 de
1389 3549 1769 3622 Sepharvaim,
1799 3547 2086 3605 combure-

498 3670 520 3704 α
555 3651 688 3709 baut
712 3650 854 3709 ﬁlios
878 3663 1007 3707 suos
1031 3646 1143 3719 igni
1166 3643 1525 3701 Adramelech
1548 3650 1605 3698 et
1624 3640 1954 3701 Anamelech
1977 3636 2084 3694 diis

493 3762 513 3795 ι
550 3738 927 3813 Sepharvaim.
966 3758 987 3793 ι
1016 3735 1120 3794 Ubi
1146 3734 1452 3791 ostenditur
1475 3730 1833 3791 Adramelech
1860 3738 1916 3785 et
1937 3729 2084 3782 Ana-

489 3829 704 3889 melech
744 3830 889 3887 idola
935 3829 1104 3884 fuisse
1148 3826 1298 3882 urbis
1338 3824 1712 3896 Sepharvaim.
1752 3823 1830 3879 Ita
1868 3820 2085 3875 videtur

489 3935 850 3993 consequens,
876 3927 937 3976 ut
966 3926 1024 3975 et
1045 3916 1243 3990 Nergel
1274 3916 1643 3981 Cuthaeorum,
1668 3914 1857 3971 Asima
1885 3910 2083 3965 Hema-

488 4016 781 4080 thzeorum,
800 4011 1015 4070 Nehaaz
1028 4021 1086 4067 et
1099 4009 1373 4067 Tbarthac
1394 4007 1538 4065 idola
1559 4004 2078 4063 fuerintEvzeorum.

490 4105 743 4162 Posthaac
784 4103 1065 4175 Scriptura
1091 4110 1279 4158 narrat
1302 4101 1369 4156 de
1396 4100 1532 4171 ipsis
1550 4096 1910 4155 Samaritauis
1938 4093 2083 4166 quod

490 4211 617 4252 cum
656 4194 943 4252 Dominum
988 4194 1252 4259 colerent,
1289 4192 1394 4248 diis
1422 4204 1637 4263 quoque
1668 4187 1783 4244 suis
1813 4187 2083 4243 servirent

483 4284 638 4356 juxta
678 4284 1125 4341 consuetudinem
1177 4283 1442 4355 gentium,
1478 4280 1546 4336 de
1586 4278 1784 4349 quibus
1829 4277 2080 4334 translati

486 4378 705 4437 fuerant
753 4377 1076 4445 Samariam.
1111 4388 1169 4439 et
1210 4391 1321 4435 oon
1360 4373 1527 4431 multo
1553 4384 1677 4444 post
1705 4373 2078 4444 subsequitur,

487 4469 677 4529 dicens
700 4486 715 4524 :

2188 3371 2359 3439 pavit,
2384 3381 2656 3444 quatenus
2693 3373 2793 3430 Dei
2830 3375 3219 3447 omnipotentis
3257 3377 3503 3437 notitiam
3535 3377 3801 3447 haberet,

2187 3462 2413 3537 ejusque
2438 3465 2610 3523 cultui
2641 3467 2803 3539 digne
2832 3468 3295 3541 manciparemur,
3321 3471 3449 3543 quin
3482 3471 3657 3542 ipsam
3692 3471 3801 3527 lit-

2189 3562 2363 3613 teram
2401 3554 2538 3629 legts
2564 3555 2838 3625 Mosaicae,
2874 3574 3036 3630 quam
3062 3559 3151 3617 ille
3179 3560 3408 3634 populus
3437 3560 3627 3635 legalis
3646 3562 3801 3618 assi-

2189 3645 2293 3702 dua
2305 3644 2541 3704 lectione
2563 3649 2874 3715 resonabat,
2890 3664 2953 3705 ac
2972 3666 3071 3721 pro
3085 3667 3285 3723 magno
3309 3651 3563 3719 habebat,
3577 3653 3800 3708 contri—

2186 3737 2285 3805 vit,
2304 3754 2370 3796 ac
2389 3754 2609 3797 sensum
2629 3740 2969 3812 spiritualem
2989 3742 3046 3798 in
3066 3757 3133 3798 ea
3148 3741 3448 3819 intelligere
3462 3742 3796 3801 eosdocuit.

2263 3847 2282 3881 ι
2336 3829 2494 3888 Anno
2543 3832 2994 3904 quatuordecimo
3046 3835 3193 3908 regis
3239 3834 3487 3893 Ezechiae
3533 3836 3803 3897 ascendit

2192 3940 2211 3972 c
2249 3919 2620 3981 Sennacherib
2642 3940 2739 3981 rex
2766 3925 3117 3999 Assyriorum
3133 3926 3201 3984 ad
3227 3926 3508 3983 universas
3530 3927 3801 3987 civitates

2193 4033 2211 4066 ι
2238 4013 2377 4073 Juda
2395 4017 2656 4085 munitas,
2672 4019 2892 4090 etcepit
2912 4033 3026 4076 eas.
3051 4019 3204 4077 Tune
3226 4020 3377 4079 misit
3394 4018 3663 4079 Ezechias
3682 4036 3801 4079 rex

2191 4126 2210 4161 ι
2241 4106 2380 4165 Juda
2402 4110 2623 4165 nuntios
2649 4110 2718 4165 ad
2748 4124 2934 4182 regem
2963 4110 3314 4185 Assyriorum
3337 4110 3395 4169 in
3428 4109 3667 4178 Lachis,
3700 4112 3800 4169 di-

2191 4219 2210 4253 ι
2249 4213 2414 4257 cens:
2441 4199 2695 4269 Peccavi,
2720 4201 2917 4259 recede
2957 4217 2989 4257 a
3027 4217 3116 4259 me
3135 4242 3152 4270 ,
3180 4210 3236 4259 et
3257 4218 3419 4265 omne
3438 4203 3580 4279 (ιιιοά
3604 4203 3796 4277 impo-

2191 4310 2210 4345 ι
2249 4291 2429 4371 sueris
2458 4293 2613 4361 mihi,
2646 4292 2839 4350 feram.
2874 4293 3074 4351 Indixit
3098 4295 3280 4365 itaque
3304 4309 3400 4353 rex
3426 4292 3795 4366 Assyriorum

2189 4402 2209 4441 t
2241 4383 2491 4443 Ezechiae
2518 4385 2635 4457 regi
2656 4383 2809 4443 Iudae
2841 4396 3082 4445 trecenta
3114 4387 3313 4447 talenta
3342 4390 3569 4461 argenti,
3591 4400 3654 4446 et
3682 4391 3791 4447 tri-

2188 4495 2209 4529 ‹
2244 4478 2396 4551 ginta
2417 4478 2620 4537 talenta
2645 4479 2786 4535 auri.
2817 4480 3084 4555 Deditqne
3113 4482 3373 4543 Ezechias
3396 4497 3557 4541 omne
3578 4497 3794 4553 argen-

563 4582 594 4666 1
622 4561 866 4666 Fuerunt
1130 4566 1323 4665 gentes
1546 4554 1802 4661 timentes
1857 4554 2076 4666 .qui‘dem
2100 4603 2156 4666 Β
2188 4589 2208 4623 ι
2249 4580 2363 4628 tum
2390 4571 2535 4643 quod
2561 4581 2837 4643 repertum
2869 4573 3050 4635 fuerat
3074 4576 3127 4631 in
3155 4577 3315 4633 domo
3336 4575 3583 4642 Domini,
3624 4585 3687 4633 et
3730 4579 3791 4635 in

488 4675 509 4710 ι
555 4654 748 4723 Deum,
775 4653 871 4713 sed
910 4653 1264 4711 nihilominus
1297 4662 1354 4709 et
1394 4648 1553 4706 idolis
1575 4649 1688 4706 suis
1728 4648 2074 4719 servientes;

489 4770 511 4806 ι
549 4766 674 4806 nam
698 4758 757 4807 et
776 4748 875 4807 ﬁlii
901 4763 1090 4807 eorum
1111 4755 1170 4804 et
1189 4753 1434 4817 nepotes,
1461 4744 1602 4802 sicut
1624 4742 1869 4803 fecerunt
1894 4753 2076 4819 patres

486 4861 507 4897 ι
542 4842 652 4908 sui,
684 4842 761 4901 ita
794 4839 1005 4901 faciunt
1056 4852 1227 4909 usque
1277 4837 1333 4893 in
1382 4844 1705 4908 prasentem
1752 4836 1917 4895 diem.
1955 4860 1973 4891 ι
2009 4835 2078 4892 Ει

481 4935 610 5005 quia
641 4934 698 4991 in
725 4930 1194 4991 Samaritanorum
1241 4942 1473 5000 persona
1516 4927 1759 4985 heretici
1797 4928 2076 5000 accipiun-

482 5034 592 5092 tur,
620 5026 676 5083 in
718 5024 980 5097 pmdicta
1021 5021 1292 5079 sententia
1343 5021 1559 5078 illorum
1599 5021 1839 5094 nequitia
1868 5037 2072 5079 conve-

480 5120 697 5177 nienter
722 5116 1067 5189 exprimitur.
1101 5116 1315 5177 Habent
1350 5118 1497 5177 enim
1540 5117 1783 5175 haeretici
1822 5116 2071 5189 quaedam

392 5243 407 5248 —
481 5217 826 5267 sacramenta
848 5209 1156 5267 communia
1178 5224 1303 5264 cum
1327 5216 1513 5265 sancta
1536 5208 1801 5274 Ecclesia,
1825 5217 1882 5265 et
1910 5223 2073 5279 quas-

483 5306 609 5361 dam
639 5302 941 5361 sententias
968 5312 1279 5363 sanetarum
1308 5301 1714 5372 Scripturarum
1743 5303 1845 5361 rite
1871 5301 2071 5358 intelli-

479 5404 633 5467 gunt,
684 5393 781 5451 sed
830 5402 1011 5453 tamen
1070 5395 1423 5451 nihilominus
1463 5393 1621 5451 idolis
1667 5394 2067 5453 immundorum

479 5484 769 5557 spirituum
793 5487 1000 5547 servire
1026 5501 1137 5547 non
1169 5492 1405 5545 cessant.
1440 5483 1666 5540 Videtur
1701 5486 1847 5541 enim
1884 5484 1966 5541 eis
2004 5486 2069 5541 ti-

481 5595 690 5639 morem
718 5582 814 5641 Dei
842 5583 946 5643 rite
968 5596 1028 5639 se
1050 5581 1347 5648 custodire,
1371 5597 1495 5638 cum
1521 5580 1818 5636 secundum
1851 5596 2070 5638 sensum

481 5688 639 5730 suum
652 5674 869 5733 veritati
891 5688 952 5733 se
969 5672 1380 5744 putantfavere.
1407 5672 1515 5729 Sed
1540 5673 1667 5744 quia
1697 5673 1977 5731 catholico
2010 5674 2072 5728 ll-

483 5764 572 5821 dei
584 5765 847 5821 unitatem
868 5772 1132 5834 spernunt
1152 5765 1374 5830 habere,
1392 5764 1754 5837 malignorum
1776 5765 2068 5834 spirituum
2104 5756 2113 5761 ’

485 5859 854 5921 voluntatibus
886 5874 945 5917 se
983 5858 1247 5915 veraciter
1279 5858 1629 5918 manifestam
1667 5860 2067 5926 obtemperare,

2188 4679 2209 4715 ι
2246 4661 2517 4721 thesauris
2538 4663 2706 4737 regis,
2719 4672 2859 4720 etc.»
2877 4664 3039 4721 Clara
3058 4674 3143 4722 est
3154 4665 3381 4723 historia
3403 4681 3522 4739 qua:
3543 4666 3597 4721 in
3624 4666 3792 4729 libris

2183 4751 2389 4824 Regum
2440 4768 2650 4813 necnon
2688 4754 2744 4809 in
2781 4752 3232 4827 Paralipomenon
3284 4768 3340 4813 et
3387 4755 3444 4811 in
3482 4753 3789 4826 Prophetia

2180 4843 2332 4903 lsaim
2360 4846 2479 4918 pari
2508 4845 2670 4902 modo
2698 4845 3048 4903 describitur.
3095 4847 3354 4905 Ezechias
3386 4846 3573 4920 viginti
3618 4849 3790 4919 quin-

2179 4949 2287 5007 que
2309 4924 2580 4992 annornm
2603 4944 2725 4993 erat
2760 4953 2884 4993 cum
2924 4952 3153 5011 regnare
3193 4938 3487 5011 coepisset:
3522 4941 3785 5010 regnavit

2179 5034 2360 5083 autem
2383 5025 2577 5098 viginti
2607 5042 2804 5084 novem
2845 4998 3015 5085 annis
3041 5031 3095 5085 in
3133 4998 3489 5097 Hierusaﬁm,
3514 4998 3788 5089 etrebel-

2182 5116 2313 5171 Iavit
2354 5126 2541 5172 contra
2589 5133 2770 5191 regem
2811 5120 3184 5192 Assyriorum,
3213 5131 3399 5177 etnon
3444 5122 3676 5178 servivit
3701 5123 3779 5179 ei.

2178 5206 2321 5264 Hinc
2350 5207 2726 5267 Seunacherib
2754 5211 3031 5282 ingressus
3068 5212 3309 5269 Judzeam
3327 5255 3343 5279 ,
3368 5213 3578 5271 obsedit
3609 5216 3787 5273 urbes

2178 5298 2295 5370 ejus
2321 5301 2578 5358 munitas.
2605 5302 2674 5357 Et
2694 5320 2817 5359 cum
2841 5304 3118 5361 obsideret
3142 5304 3360 5371 Lachis,
3390 5306 3537 5361 misit
3554 5306 3625 5365 ad
3648 5323 3785 5363 eum

2177 5393 2443 5453 Ezechias
2473 5401 2718 5451 trecenta
2743 5396 2943 5453 talenta
2971 5398 3201 5467 argenti,
3235 5406 3292 5453 et
3323 5396 3541 5469 triginta
3567 5396 3784 5456 talenta

2180 5486 2323 5554 auri,
2356 5485 2546 5544 fractis
2574 5488 2759 5559 januis
2790 5487 3008 5557 templi,
3041 5496 3099 5545 et
3123 5488 3341 5545 laminis
3366 5484 3483 5559 ejus
3509 5487 3784 5547 detractis

2181 5576 2336 5648 quasi
2361 5578 2478 5649 ipse
2503 5577 2783 5635 aﬁixisset.

2257 5688 2275 5717 ‹
2311 5667 2455 5723 Misit
2480 5678 2660 5725 autem
2684 5686 2779 5727 rex
2800 5670 3144 5743 Assyriorum
3170 5670 3415 5728 Tarthan
3435 5678 3493 5728 et
3510 5669 3786 5727 Rabsaris

2186 5781 2206 5813 ι
2240 5770 2295 5816 et
2342 5759 2623 5819 Rabsacen
2669 5779 2793 5819 cum
2842 5780 3003 5820 manu
3053 5764 3231 5821 valida
3285 5766 3354 5820 ad
3410 5763 3780 5820 Hierusalem.

2187 5874 2206 5908 ί
2240 5854 2506 5926 Egressus
2543 5864 2624 5912 est
2667 5865 2846 5913 autem
2886 5858 2954 5919 ad
2991 5873 3085 5916 eos
3125 5856 3353 5916 Eliacim
3394 5857 3534 5914 ﬁlius
3571 5854 3783 5914 ﬂelcir
