4044 6336
257 472 368 530 525

1157 475 1408 530 ENARR.
1445 475 1515 532 IN
1555 477 2100 555 LIBROSREGUM.
2141 514 2211 525 —-
2246 483 2312 539 IN
2352 484 2481 540 LIB.
2522 487 2612 542 Ν.

3426 499 3536 554 526

261 609 282 644 ι
320 587 648 659 [impositus
669 587 882 654 domus,
915 601 969 644 et
1009 589 1188 648 Sobna
1229 595 1406 652 scriba
1432 605 1486 652 et
1509 595 1678 653 Joahe
1705 597 1848 654 ﬁlius
1873 603 1926 663 Α
1949 599 2230 668 Ezechias,
2249 611 2304 657 et
2330 618 2436 658 non
2456 603 2608 658 vobis
2630 603 2832 658 tribuat
2853 606 3101 661 ﬁduciam
3127 621 3288 676 super
3307 610 3534 670 Domin

261 699 281 734 ς
301 679 522 752 Asapha
542 681 967 746 commentariis,
999 693 1102 739 etc.
1127 684 1264 742 ilste
1288 696 1369 742 est
1397 687 1619 744 Eliacim
1651 690 1718 746 de
1743 705 1852 759 quo
1953 692 2083 749 Deo.
2117 693 2270 762 Quod
2299 705 2480 752 autem
2510 696 2734 753 Eliacim
2755 705 2810 752 et
2841 697 3020 753 Sobna
3049 708 3104 754 et
3121 699 3290 756 Joahe
3317 703 3538 762 humili-

253 774 429 830 lsaias
451 775 504 828 in
533 774 738 832 visione
762 775 917 831 vallis
944 776 1076 832 Si‘on
1105 779 1242 834 dixit
1271 799 1282 834 :
1321 798 1341 834 ι
1379 781 1596 838 Vocabo
1631 799 1848 840 servum

257 881 440 926 meum
465 865 690 920 Eliacim
716 865 886 922 ﬁlium
909 866 1106 922 Helcia:
1129 869 1266 940 (Ira.
1295 871 1454 941 xxii),
1488 891 1508 923 ι
1533 880 1588 928 et
1618 873 1844 942 reliqua.

254 958 364 1027 Qui
408 959 508 1014 fuit
539 956 777 1028 pontifex
815 968 940 1028 post
981 959 1219 1022 Sobnam
1267 963 1616 1032 prmpositum
1661 966 1846 1035 templi

251 1065 419 1122 quem
449 1049 669 1108 tradunt
705 1048 914 1104 Hebraei
957 1050 1230 1108 Rabsaces
1271 1055 1694 1116 comminatione
1719 1072 1844 1125 per-

254 1141 543 1206 territum,
582 1142 867 1202 tradidisse
906 1159 1098 1204 manus
1134 1144 1402 1217 Assyriis,
1449 1157 1502 1202 et
1544 1148 1850 1216 prodidisse

250 1235 614 1302 Hierusalem,
645 1243 700 1290 et
720 1244 950 1305 excepta
967 1251 1094 1294 arce
1117 1236 1246 1294 Sion
1271 1248 1325 1294 et
1349 1241 1566 1310 templo,
1590 1243 1846 1313 Assyrios

249 1334 426 1384 totum
453 1327 640 1380 urbem
667 1327 892 1395 cepisse.
931 1327 1104 1394 Quem
1130 1329 1294 1384 etiam
1325 1329 1525 1384 Soham
1549 1348 1673 1386 cum
1703 1332 1846 1388 Elia-

247 1420 362 1475 cim
394 1423 464 1474 ad
491 1419 770 1476 Rabsacen
806 1420 986 1476 exisse
1027 1423 1246 1490 quidam
1290 1433 1502 1492 putant.
1558 1424 1840 1482 liabsacen

247 1522 432 1568 autem
463 1512 585 1584 (qui
629 1513 893 1568 Hebraice
928 1514 1140 1569 locutus
1183 1517 1298 1586 est)
1339 1515 1508 1571 ﬁlium
1538 1517 1691 1572 Isaiae
1718 1533 1843 1586 pro-

244 1603 429 1672 phetae
457 1611 774 1668 autumant,
812 1605 904 1672 qui
934 1613 988 1658 et
1015 1605 1130 1673 ipse
1165 1606 1408 1675 proditor
1452 1605 1650 1664 fuerat.
1696 1607 1843 1664 Reli-

246 1702 508 1762 ctumque
549 1692 718 1748 ﬁlium
759 1692 913 1754 lsaire
942 1694 1170 1750 alterum
1209 1704 1464 1750 vocatum
1499 1693 1700 1760 Jasub,
1749 1697 1841 1764 qui

243 1787 463 1854 Latine,
500 1789 750 1844 relictum
781 1799 961 1844 sonat.
1003 1791 1105 1844 Alit
1144 1800 1328 1848 autem
1357 1799 1549 1860 putant
1578 1805 1702 1846 eum
1736 1791 1838 1848 ὃᾶν

243 1880 502 1934 maritem
532 1878 700 1935 fuisse
741 1889 798 1936 et
843 1881 968 1936 ideo
998 1880 1322 1938 Hebraicam
1369 1881 1534 1944 scisse
1575 1881 1835 1950 linguam,

1953 793 2034 840 ter
2062 786 2422 855 deprecantur
2460 788 2773 856 Rabsacen,
2821 798 2880 845 ut
2921 792 3143 864 Syriaco
3182 794 3533 867 loqueretur,

1951 875 2093 932 hunc
2123 891 2340 934 sensum
2367 879 2558 936 habet:
2593 881 2729 949 Quia
2751 898 2972 940 necesse
3000 893 3083 940 est
3107 888 3362 957 populum
3383 889 3533 948 falsis

1950 967 2248 1022 terroribus
2293 972 2654 1037 commoveri,
2698 981 2753 1027 et
2792 989 2988 1030 vanam
3010 973 3223 1044 jactare
3249 979 3528 1036 virtutem.

1954 1076 1972 1108 (
2009 1056 2259 1126 Loquere
2291 1058 2530 1130 linguam
2559 1077 2722 1130 quam
2761 1065 2990 1133 populus
3029 1081 3137 1122 non
3178 1069 3348 1124 novit.
3396 1069 3532 1126 Nam
3605 1055 3614 1058 ’

1947 1156 2132 1204 et-nos
2160 1148 2356 1218 lingua:
2395 1161 2500 1207 tuae
2528 1153 2792 1210 habemus
2825 1157 3128 1212 scientiam.
3165 1158 3250 1216 Ad
3273 1163 3415 1231 quod
3446 1163 3534 1219 ille

1946 1250 2265 1312 arroganter
2284 1261 2296 1296 :
2322 1242 2595 1314 Nunquid,
2612 1246 2712 1311 ait,
2727 1247 2795 1301 ad
2818 1248 3106 1304 Dominum
3123 1258 3296 1316 tuum,
3312 1263 3366 1306 et
3390 1254 3458 1307 ad
3481 1263 3536 1309 te

1947 1334 2095 1387 misit
2121 1349 2208 1390 me
2233 1335 2708 1392 dominusmeus?
2743 1357 2762 1389 ι
2794 1347 2848 1392 et
2874 1339 3082 1410 reliqua
3115 1356 3396 1411 usquequo
3423 1345 3527 1407 ait,

1951 1443 1970 1476 ι
2001 1433 2058 1480 et
2077 1425 2268 1482 bibant
2295 1428 2508 1483 urinam
2540 1445 2696 1484 suam
2724 1433 3004 1487 vobiscum
3029 1434 3052 1487 ?
3083 1454 3104 1487 ι
3141 1435 3246 1490 Per
3273 1439 3416 1506 quod
3444 1453 3534 1492 os-

1945 1515 2116 1570 tendit
2142 1514 2284 1572 fame
2313 1532 2406 1573 eos
2435 1528 2490 1573 et
2516 1519 2606 1574 siti
2627 1535 2748 1577 esse
2770 1523 3080 1591 capiemlos.
3113 1523 3391 1596 Simulque
3418 1528 3534 1583 ille-

1945 1607 2104 1663 cebra
2135 1608 2345 1680 mitigat
2387 1610 2671 1678 timorem,
2722 1623 2783 1670 ut
2823 1630 2959 1684 quos
2997 1625 3206 1673 terrore
3234 1634 3342 1674 non
3371 1621 3532 1688 vicit,

1943 1701 2294 1769 persuasione
2318 1702 2567 1772 decipiat.
2600 1705 2669 1760 Et
2693 1707 2826 1761 dicit
2853 1724 2922 1762 ex
2951 1724 3182 1778 persona
3209 1713 3390 1783 regis:
3429 1712 3535 1768 Fa-

1943 1792 2050 1848 cite
2090 1809 2302 1849 mecum
2345 1795 2798 1863 benedictionem,
2841 1801 2944 1855 hoc
2969 1799 3254 1858 est.facite
3293 1807 3440 1874 quod
3477 1807 3534 1862 in

1943 1893 2181 1940 vestram
2241 1887 2672 1945 benedictionem
2722 1891 3008 1961 proﬁciat,
3063 1895 3372 1952 benedicite
3418 1900 3536 1970 regi

242 1982 300 2026 et
334 1981 445 2026 tam
468 1972 728 2030 audacter
760 1984 816 2028 et
843 1973 1006 2043 impie
1045 1975 1213 2029 Deum
1245 1975 1667 2042 hlaspliemasse.
1702 1973 1840 2040 Quia
1868 1971 1914 2029 Β
1940 1976 2196 2048 Assyrio,
2245 1990 2299 2034 et
2337 1995 2460 2036 eum
2505 1983 2783 2038 dominum
2833 1985 3188 2052 conﬁtemini,
3222 1998 3280 2044 ut
3309 1992 3534 2060 praemia

243 2066 406 2135 quasi
435 2066 668 2136 quadam
699 2068 972 2123 contraria
995 2066 1254 2122 fortitudo
1276 2083 1372 2122 sua
1393 2067 1702 2136 arrogantia
1726 2067 1844 2122 imi-

245 2161 468 2215 tabatur
481 2162 772 2230 prophetas
787 2161 880 2231 qui
895 2161 1147 2216 dicebant
1167 2179 1179 2213 :
1203 2180 1221 2211 ι
1233 2161 1360 2215 Huic
1375 2161 1504 2215 dicit
1523 2160 1800 2214 Dominus.
1814 2179 1832 2211 ι

241 2251 356 2310 Iste
377 2253 540 2308 dixit:
577 2273 594 2303 ε
624 2253 748 2308 Haec
775 2254 908 2308 dicit
935 2270 1030 2308 res
1059 2269 1286 2325 magnus
1309 2269 1402 2308 rex
1423 2253 1789 2324 Assyriorum.
1815 2273 1832 2305 ι

241 2347 325 2402 Ac
354 2347 749 2416 primum,quia
766 2346 902 2400 dixit
927 2362 943 2400 :
981 2363 1001 2398 ε
1034 2346 1272 2401 Conﬁdis
1294 2361 1457 2415 super
1483 2345 1798 2415 ngyptum,
1815 2365 1834 2396 ›

241 2438 448 2494 falsum
473 2449 573 2494 est.
599 2439 755 2492 Nulla
781 2439 926 2493 enim
951 2449 1137 2493 narrat
1159 2439 1386 2494 historia
1409 2440 1552 2509 quod
1578 2439 1840 2493 Ezechias

241 2531 549 2589 Pharaonis
576 2531 832 2586 auxilium
861 2531 1164 2601 postularit.
1207 2532 1468 2600 Quodque
1495 2530 1684 2585 infert:
1719 2549 1737 2582 t
1779 2531 1837 2585 Si

242 2617 594 2696 responderis
617 2625 750 2680 mihi
769 2666 783 2690 ,
820 2626 874 2678 in
905 2625 1136 2680 Domino
1160 2625 1269 2678 Deo
1301 2624 1650 2684 conﬁdimus,
1692 2642 1712 2674 ι
1746 2638 1838 2676 ve-

243 2736 372 2775 rum
399 2729 500 2775 est.
531 2718 638 2774 Sed
674 2717 951 2788 subjungit
981 2731 1193 2771 rursum
1227 2716 1572 2774 mendacium
1597 2714 1835 2778 veritati,

249 2833 270 2866 ε
305 2815 454 2884 quod
498 2812 719 2872 abstulit
747 2813 1011 2870 Ezechias
1047 2810 1260 2866 excelsa
1302 2807 1418 2878 ejus
1462 2818 1518 2863 et
1565 2809 1775 2861 altaria.
1812 2827 1831 2858 ι

244 2909 378 2966 Hmc
407 2911 550 2965 enim
582 2925 690 2963 non
713 2917 903 2962 contra
937 2907 1138 2972 Deum,
1182 2906 1274 2960 sed
1313 2921 1414 2975 pro
1451 2903 1560 2958 Deo
1586 2903 1744 2966 fecit,
1778 2911 1838 2958 ut

243 3005 524 3059 destructa
552 3001 853 3057 idololatria
879 3011 934 3054 et
960 3008 1156 3054 cancro
1185 3013 1390 3062 errore,
1417 2997 1636 3064 jubcret
1664 2995 1833 3048 Deum

239 3097 467 3152 adorari
492 3097 550 3150 in
574 3093 928 3158 Hierusalem,
948 3093 1036 3146 ubi
1061 3091 1160 3145 fuit
1185 3091 1440 3159 templum
1462 3089 1597 3157 ejus.
1625 3087 1837 3156 Quique

241 3199 306 3244 ut
352 3190 678 3259 paucitatem
721 3188 1068 3241 obsessorum
1112 3182 1468 3244 ostenderet,
1519 3181 1624 3235 duo
1671 3179 1838 3233 millia

242 3293 516 3348 equorum
564 3277 880 3347 pollicetur,
927 3289 1155 3344 quorum
1207 3269 1836 3350 ascensores'Ezechias

1941 2072 2379 2140 consequamini;
2413 2071 2586 2128 donec
2613 2083 2858 2129 revertar
2881 2078 2948 2132 de
2990 2075 3229 2149 Egypto
3262 2080 3348 2133 vel
3375 2090 3532 2151 capta

1942 2158 2184 2216 Lobnam
2215 2163 2436 2218 redeam
2465 2180 2478 2216 :
2517 2163 2758 2219 habitate
2800 2166 2856 2222 in
2889 2167 3032 2222 urbe.
3053 2177 3267 2235 vestra,
3293 2179 3350 2225 et
3375 2172 3537 2227 rebus

1941 2253 2137 2308 vestris
2185 2253 2460 2320 fruiuaini,
2504 2263 2558 2310 et
2599 2265 2788 2326 postea
2830 2258 3023 2312 ducam
3070 2274 3166 2314 vos
3204 2261 3258 2314 in
3300 2261 3536 2318 similem

1943 2351 2102 2398 terrae
2144 2354 2340 2400 vestrae
2381 2354 2616 2413 terram,
2645 2363 2806 2416 quam
2853 2359 3033 2404 tamen
3062 2366 3172 2405 non
3199 2353 3534 2420 nominavit,

1940 2436 2068 2505 quia
2102 2437 2332 2493 similem
2367 2439 2417 2493 ei
2447 2440 2692 2495 invenire
2721 2456 2830 2496 non
2871 2443 3068 2512 potuit,
3101 2445 3198 2498 sed
3221 2446 3534 2502 similitudi-

1940 2541 2064 2581 nem
2092 2528 2261 2596 ponit.
2295 2527 2408 2584 Hoc
2441 2530 2586 2585 enim
2612 2533 2986 2601 unusquisque
3011 2535 3127 2588 vult
3156 2535 3214 2588 in
3238 2549 3348 2604 quo
3375 2547 3536 2593 natus

1941 2628 2043 2674 est.
2086 2619 2192 2676 Alit
2235 2632 2427 2690 putant
2474 2631 2674 2678 terram
2723 2623 2909 2682 Mediae
2945 2626 3028 2680 eis
3067 2629 3376 2696 repromitti
3416 2645 3536 2698 quae

1942 2719 2102 2766 terrm
2127 2711 2326 2770 Iudaeae
2355 2713 2764 2771 similitudinem
2784 2715 3002 2782 habeat,
3029 2727 3137 2772 tam
3165 2719 3219 2772 in
3243 2719 3352 2773 situ
3371 2733 3534 2788 quam

1940 2804 1996 2858 in
2042 2802 2326 2862 fructibus.
2379 2804 2531 2872 Quod
2580 2807 2658 2860 ait
2702 2805 2977 2876 Rapsaces
3023 2809 3166 2863 inter
3202 2809 3310 2864 alia
3337 2812 3537 2881 quibus

1942 2896 2110 2948 Deum
2147 2894 2592 2964 blasphcmabat,
2638 2895 2880 2951 clamans
2921 2906 3108 2954 contra
3154 2898 3532 2956 Hierusalem:

1947 3005 1964 3037 ‹
2003 2986 2105 3042 Ubi
2135 2996 2220 3042 est
2247 2987 2390 3042 Deus
2403 2986 2636 3048 Hemath
2667 2996 2724 3044 et
2748 2989 3006 3057 Arphad?
3033 2991 3132 3046 Ubi
3163 3004 3246 3046 est
3269 2993 3414 3048 Deus
3439 2992 3532 3047 Se-

1948 3101 1965 3132 (
1999 3082 2300 3152 pharvaim,
2331 3081 2449 3138 Ana
2475 3091 2531 3136 et
2557 3082 2710 3136 Ava?
2735 3081 2994 3153 Nunquid
3030 3083 3401 3142 liberaveth
3429 3086 3530 3140 Sa-

1947 3193 1965 3224 (
2002 3173 2230 3228 muriam
2253 3173 2319 3228 de
2344 3188 2506 3230 manu
2531 3173 2696 3228 mea?
2733 3193 2754 3228 ι
2786 3172 3035 3230 Ostendit
3064 3176 3264 3230 harum
3287 3177 3534 3232 clinium

1941 3267 2224 3322 civitatum
2263 3269 2376 3324 sive
2423 3271 2666 3340 gentium
2694 3271 2798 3326 diis
2831 3271 3064 3326 servisse
3103 3269 3437 3338 Samarites,
3479 3281 3534 3327 et

240 3337 358 3425 non
389 3337 627 3426 mret.
658 3368 774 3423 Non
803 3337 875 3422 de
896 3337 1264 3422 imbecillitate
1286 3364 1466 3434 populi
1491 3346 1658 3426 venit,
1680 3360 1834 3430 quasi
1865 3337 1910 3401 Ο
1941 3359 2064 3429 quia
2094 3375 2201 3414 non
2229 3369 2385 3414 erant
2411 3337 2506 3424 dii,
2537 3362 2629 3416 sed
2667 3362 2808 3418 idola
2829 3403 2844 3427 ,
2887 3362 3084 3418 merito
3113 3363 3350 3418 cultores
3375 3363 3526 3418 vani-

240 3464 532 3534 equitandi
567 3463 736 3534 ignari
757 3504 770 3529 ,
813 3462 907 3517 sed
941 3462 1008 3516 de
1035 3460 1412 3516 observatione
1443 3465 1835 3527 praeceptorum

239 3556 388 3619 Dei,
429 3556 554 3626 quia
599 3555 768 3627 Moysi
799 3555 1085 3624 prmcepit,
1124 3569 1193 3607 ne
1237 3568 1328 3606 rex
1374 3551 1536 3604 Israel
1570 3563 1741 3618 equos
1783 3556 1837 3604 et

243 3661 450 3702 uxores
474 3647 576 3701 sibi
607 3645 1010 3715 multiplicaret.
1047 3641 1105 3698 Si
1139 3651 1320 3696 autem
1353 3639 1572 3710 (inquit)
1607 3653 1691 3691 me
1729 3636 1836 3691 mi-

238 3738 456 3792 nimum
497 3749 780 3791 servorum
823 3735 968 3804 regis
1015 3729 1384 3788 Sennacberib
1418 3729 1686 3790 sustinere
1727 3740 1836 3781 non

125 3855 138 3866 ι
240 3829 412 3892 vales,
447 3827 716 3898 quomodo
747 3834 954 3881 tantum
986 3824 1128 3882 illius
1161 3822 1456 3893 potentiam
1496 3816 1835 3873 sustinebis?

241 3923 328 3977 Ad
367 3921 423 3979 id
461 3931 650 3990 autem
679 3919 826 3989 quod
851 3917 1024 3972 dixit:
1062 3936 1080 3967 ι
1125 3916 1183 3970 Si
1213 3913 1556 3984 responderis
1591 3911 1745 3975 mihi,
1779 3909 1834 3962 in

238 4014 476 4069 Domino
515 4013 626 4068 Deo
649 4011 1002 4074 conﬁdimus,
1040 4029 1058 4060 ι
1092 4008 1286 4064 callide
1327 4005 1601 4074 respondit
1642 4018 1700 4057 se
1730 4017 1834 4055 non

237 4122 340 4163 sua
365 4106 661 4171 voluntate,
693 4105 786 4159 sed
812 4103 1023 4159 Domini
1049 4103 1260 4156 venisse
1297 4098 1599 4170 praeceptis.
1639 4116 1656 4146 ε
1691 4095 1838 4150 Dixit

238 4202 508 4258 Dominus
535 4202 603 4255 ad
635 4215 722 4254 me
755 4217 768 4253 :
816 4197 1060 4252 Ascende
1091 4209 1256 4264 super
1283 4205 1482 4247 terram
1509 4199 1563 4244 et
1586 4189 1836 4259 disperde

235 4309 387 4358 eam,
429 4312 449 4345 ι
481 4301 536 4348 et
566 4300 650 4347 est
679 4296 1076 4361 argumentum.
1110 4285 1270 4340 Certa
1295 4284 1440 4338 enim
1477 4282 1592 4335 sine
1622 4279 1838 4334 Domini

235 4385 523 4441 voluntate
560 4385 665 4437 huc
705 4381 892 4435 venire
921 4394 1026 4434 non
1056 4387 1320 4447 poteram.
1366 4374 1501 4428 Cum
1532 4380 1716 4427 autem
1739 4386 1834 4425 ve-

235 4478 442 4542 nerim,
472 4487 530 4532 et
557 4475 754 4530 multas
780 4472 943 4527 urbes
971 4469 1226 4541 ceperim,
1257 4476 1314 4521 et
1341 4479 1470 4536 pars
1500 4462 1836 4518 Hierusalem

236 4578 468 4626 maneat
503 4570 736 4635 intacta,
773 4563 1120 4622 manifestum
1160 4568 1245 4616 est
1279 4573 1366 4614 me
1405 4557 1522 4626 eius
1561 4556 1838 4611 voluntate

235 4667 484 4723 venisse.

316 4776 341 4809 ε
379 4757 642 4812 Dixerunt
667 4761 848 4808 autem
873 4751 1102 4807 Eliacim
1145 4748 1286 4803 ﬁlius
1327 4746 1526 4802 Helene
1565 4753 1618 4798 et
1653 4743 1836 4799 Sobria

241 4876 260 4907 ι
295 4862 356 4909 et
378 4851 548 4908 Joahe
575 4849 806 4904 Rabsaci
831 4867 843 4902 :
873 4847 1169 4902 Precamur
1197 4854 1254 4896 ut
1278 4840 1517 4911 loquaris
1546 4839 1702 4894 nobis
1724 4853 1838 4893 ser-

242 4966 262 4999 ι
300 4946 388 4998 vis
424 4945 532 4998 tuis
561 4941 820 5013 Syrisce,
847 4937 1115 5008 siquidem
1163 4934 1510 5003 intelligimus
1548 4932 1689 4988 hanc
1727 4930 1836 4984 lin-

245 5061 260 5090 ε
295 5053 484 5109 gnam,
513 5044 572 5089 et
597 5005 704 5090 ne,
732 5005 970 5103 loquaris
1009 5029 1162 5085 nobis
1189 5027 1434 5092 Judaice,
1466 5027 1726 5080 audiente
1743 5040 1840 5093 po-

243 5151 260 5180 (
302 5128 470 5198 pulo,
526 5125 619 5196 qui
673 5133 760 5180 est
807 5138 970 5192 super
1015 5136 1248 5174 murum.
1303 5118 1708 5188 Hespenditque
1758 5116 1840 5170 eis

243 5239 262 5270 ι
301 5218 602 5278 Ba-bsaces,
634 5215 862 5269 dicens:
900 5210 1152 5281 Nunquid
1181 5209 1248 5264 ad
1289 5209 1574 5264 Dominum
1607 5218 1755 5262 tuum
1785 5214 1838 5263 et

245 5330 264 5359 ι
305 5309 377 5362 ad
407 5315 463 5362 te
496 5305 646 5361 misit
674 5317 764 5360 me
785 5304 1034 5359 dominus
1061 5317 1232 5366 mens,
1264 5309 1324 5354 ut
1349 5300 1601 5369 loquerer
1627 5313 1834 5354 sermo-

246 5420 265 5452 ι
303 5415 406 5454 nes
430 5399 556 5464 bos,
580 5406 637 5454 et
667 5413 774 5454 non
801 5398 980 5467 potius
1022 5395 1089 5450 ad
1134 5395 1280 5449 viros
1320 5395 1412 5464 qui
1453 5395 1641 5448 sedent
1675 5408 1837 5463 super

243 5512 264 5544 ι
303 5508 549 5556 murum,
563 5500 622 5546 ut
641 5491 928 5548 comedent
947 5498 1186 5544 stercora
1209 5503 1327 5553 sua,
1343 5496 1398 5542 et
1416 5487 1604 5541 bibant
1623 5485 1834 5540 urinam

245 5603 267 5636 σ
305 5600 464 5640 suam
501 5584 816 5650 vobiscum,
854 5602 872 5634 ι
905 5590 1010 5636 etc.
1051 5581 1314 5650 Hapsacis
1353 5579 1659 5644 accusatio,
1703 5578 1836 5632 Eze-

238 5677 386 5732 chiae
409 5675 776 5730 testimonium
803 5682 909 5740 est,
937 5672 1066 5743 quia
1091 5673 1263 5740 captis
1280 5671 1477 5726 litibus:
1515 5671 1754 5733 urbibus,
1781 5669 1833 5723 in

241 5768 482 5824 Domino
521 5767 757 5822 conﬁsus
799 5767 897 5833 sit,
941 5776 998 5820 et
1024 5763 1346 5819 confortavit
1389 5764 1641 5833 populum
1685 5773 1739 5815 ut
1781 5764 1834 5817 in

243 5857 482 5915 Domino
504 5863 763 5928 speraret.
799 5855 953 5912 Unde
981 5854 1252 5925 Rapsaces
1274 5854 1553 5910 destruere
1579 5855 1692 5907 vult
1718 5869 1836 5923 qua:

240 5951 339 6008 ille
365 5952 689 6017 construxit,
708 5961 763 6006 et
791 5950 920 6006 dicit
945 5951 1009 6006 ad
1033 5949 1324 6020 populum:
1359 5947 1474 6003 Non
1502 5949 1721 6002 seducat
1742 5962 1839 6002 vos

1943 3455 2086 3517 tatis,
2116 3463 2173 3508 ut
2198 3454 2448 3520 decebat,
2476 3469 2595 3511 esse
2618 3457 2930 3512 subvorsos.
2963 3457 3059 3510 Est
3085 3467 3270 3512 autem
3299 3457 3528 3512 Hemath

1937 3547 2072 3600 urbs
2089 3546 2404 3618 Celesyrim,
2430 3562 2551 3617 qua:
2590 3563 2733 3602 nunc
2765 3547 3064 3618 Epiphania
3107 3548 3338 3614 dicitur,
3370 3546 3528 3616 juxta

1937 3639 2192 3704 Emesan,
2220 3649 2278 3694 ut
2311 3657 2474 3709 supra
2498 3641 2826 3696 monuimus.
2852 3641 3072 3712 Arphad
3103 3641 3232 3696 urbs
3251 3641 3522 3706 Damasci,

1938 3749 2100 3804 quam
2155 3743 2516 3804 expugnatam
2563 3752 2593 3788 a
2629 3750 2757 3806 rege
2803 3735 3150 3807 Assyriorum
3199 3743 3256 3789 et
3291 3733 3526 3790 Jeremia

1937 3829 2146 3883 scribit.
2176 3828 2555 3898 Sepharvaim,
2582 3830 2724 3898 quod
2765 3844 2994 3883 numero
3015 3827 3210 3898 plurali
3247 3828 3414 3884 libros
3447 3828 3529 3882 vel

1936 3918 2146 3972 litteras
2170 3928 2346 3982 sonat,
2380 3934 2575 3973 nomen
2599 3927 2686 3974 est
2708 3919 2952 3974 locorum
2999 3919 3074 3974 de
3101 3919 3298 3987 quibus
3321 3918 3530 3985 Assyrii

1939 4013 2386 4082 transmigrautcs
2405 4012 2788 4066 habitaverunt
2816 4012 2870 4064 in
2900 4010 3171 4077 Samaria,
3188 4019 3248 4066 ut
3278 4011 3334 4064 in
3359 4008 3530 4064 Loco-

1939 4120 2058 4160 rum
2107 4105 2262 4159 libris
2303 4104 2624 4158 invenimus.
2675 4102 2878 4158 Verum
2908 4103 2961 4156 in
2989 4102 3129 4156 Isaia
3167 4102 3270 4156 hoc
3307 4115 3526 4170 quoque

1937 4198 2254 4254 vocabulum
2287 4213 2406 4252 esse
2431 4197 2665 4251 civitatis
2692 4203 2939 4266 apparet,
2963 4195 3054 4249 ubi
3082 4202 3269 4264 aperte
3294 4192 3523 4248 dicitur:

1948 4311 1966 4343 ‹
2009 4293 2106 4348 Ubi
2135 4302 2216 4348 est
2254 4292 2398 4346 Deus
2435 4291 2589 4346 urbis
2631 4290 2998 4361 Sepharvaim»
3021 4288 3166 4360 (Ira.
3207 4303 3392 4342 xxxvii
3409 4289 3471 4357 )1?
3503 4308 3521 4340 ι

1940 4387 2154 4441 tametsi
2187 4385 2470 4456 pluraliter
2495 4385 2698 4440 dictum
2723 4395 2785 4439 ut
2810 4384 3137 4447 Thebarum,
3166 4381 3522 4438 Athenarum.

1941 4480 2048 4534 Pro
2071 4480 2190 4532 Ana
2214 4488 2270 4533 et
2296 4481 2426 4544 Ava,
2456 4488 2612 4533 vetus
2635 4478 2830 4543 editio,
2869 4477 3021 4548 quasi
3053 4477 3216 4533 unius
3241 4480 3394 4534 urbis
3423 4493 3524 4534 Ito-

1940 4587 2063 4627 men
2101 4572 2440 4642 Anetigavam
2481 4571 2691 4641 posuit;
2725 4581 2780 4625 et
2817 4571 3036 4639 quidem
3081 4570 3134 4624 in
3178 4569 3406 4625 Hebraeo
3453 4572 3524 4626 ita

1943 4663 2202 4732 scriptum
2244 4671 2344 4717 est.
2393 4661 2589 4716 Verum
2631 4661 2759 4731 quia
2799 4661 2985 4731 quinta
3027 4659 3230 4732 syllaba
3257 4662 3298 4715 ti
3327 4663 3523 4731 qumiu

1944 4755 2121 4810 medio
2152 4753 2385 4808 nominis
2433 4751 2607 4822 posita
2655 4760 2774 4818 est,
2810 4751 3246 4821 coniunctionem
3289 4759 3348 4806 et
3385 4753 3525 4820 apud

1943 4863 2037 4902 eos
2056 4845 2342 4916 signiﬁcat,
2367 4851 2547 4914 potest
2573 4851 2629 4898 et
2657 4844 2730 4898 ita
2759 4843 3038 4914 distingui,
3065 4852 3123 4897 ut
3147 4843 3356 4898 dicatur
3375 4881 3391 4904 ,
3428 4856 3526 4893 anc

1941 4947 1998 4995 et
2020 4955 2168 5008 gave,
2200 4947 2259 4992 ut
2279 4935 2472 5006 Aquila
2497 4935 2794 5002 transtulit,
2824 4936 2940 4991 sive
2967 4937 3081 4990 Ana
3109 4944 3164 4989 et
3189 4935 3318 4997 Ava,
3349 4941 3408 4986 ut
3435 4946 3526 4985 no-

1943 5041 2057 5088 ster
2080 5030 2244 5085 vertit
2266 5029 2556 5098 interpres.
2585 5026 2684 5082 Sin
2706 5035 2886 5082 autem
2907 5067 2922 5092 ,
2963 5027 3036 5080 ait
3069 5025 3232 5079 tantis
3259 5023 3364 5076 diis
3387 5036 3524 5090 prte-

1943 5123 2186 5182 sentibus
2211 5122 2449 5192 quinque
2471 5120 2643 5175 tribus
2669 5119 2894 5174 vicimus
2922 5116 3096 5181 facile,
3127 5128 3330 5186 quanto
3356 5115 3528 5182 magis

1939 5215 2109 5271 solam
2154 5213 2490 5269 Hierusalem
2521 5229 2629 5267 uno
2654 5211 2764 5270 Deo
2792 5211 3020 5282 praesule
3049 5207 3360 5263 vincemus?
3391 5207 3528 5262 Vere

1934 5307 2113 5378 justus
2135 5305 2398 5360 Ezechias
2425 5303 2612 5359 omnia
2637 5318 2832 5373 regens
2858 5317 2979 5356 cum
3002 5298 3228 5354 consilio
3251 5297 3528 5366 prohibuit

1941 5400 1996 5454 ei
2019 5397 2365 5467 respondere,
2395 5411 2461 5450 ne
2485 5411 2606 5450 eum
2638 5395 2706 5448 ad
2741 5394 2972 5462 majores
2997 5389 3364 5459 blasphemiae
3403 5405 3526 5459 pro-

1940 5505 2074 5546 voca
2083 5500 2182 5544 ret.

2020 5600 2038 5633 l
2060 5581 2328 5650 Venitque
2348 5579 2571 5634 Eliacim
2596 5576 2738 5630 ﬁlius
2755 5574 2952 5629 Helciee
2971 5574 3292 5642 praepositus
3315 5575 3524 5633 domus.

1951 5691 1967 5722 ι
2004 5679 2059 5726 et
2087 5670 2268 5726 Sobna
2296 5669 2472 5724 scriba
2499 5675 2556 5721 et
2578 5663 2728 5720 John:
2753 5663 2894 5716 ﬁlius
2921 5663 3100 5732 Asaph
3126 5678 3157 5716 a
3187 5671 3522 5718 commenta-

1951 5765 1969 5813 ἃ
2006 5762 2100 5817 riis
2126 5761 2192 5814 ad
2217 5759 2525 5820 Ezechiam,
2557 5755 2738 5811 scissis
2766 5756 3022 5820 vestibus,
3054 5763 3110 5810 et
3139 5755 3526 5812 nuntiaverunt

1952 5873 1969 5905 ‹
2007 5855 2054 5910 ei
2087 5853 2247 5908 verba
2271 5849 2552 5920 Rapsacis.
2593 5868 2608 5898 ι
