4044 6336
531 380 635 436 527

1120 495 1347 551 CAPUT
1375 493 1511 550 XIX.

611 605 634 640 ι
662 597 794 657 uua;
821 603 944 643 cum
987 588 1229 644 audisset
1276 589 1573 654 Ezechias,
1612 588 1768 644 scidit
1795 589 2116 644 vestimenta

537 699 557 734 ι
593 695 712 746 sua,
737 688 795 735 et
819 688 1042 750 opertus
1063 689 1149 735 est
1175 695 1354 745 sacco,
1379 680 1762 750 ingressusque
1789 689 1872 734 est
1898 680 2114 733 domum

536 792 564 826 ς’
596 771 841 838 Domini,
883 779 940 826 et
975 771 1124 826 misit
1160 769 1386 826 Eliacim
1424 770 1774 840 praepositum
1815 769 2036 835 domus,
2062 777 2120 823 et

537 881 556 914 ι
598 862 837 919 Sobnam
863 862 1120 927 scribam,
1142 871 1199 916 et
1219 876 1377 917 senes
1399 861 1465 917 de
1491 861 1883 926 sacerdotibus,
1899 867 2116 930 opertos

536 973 556 1006 ι
595 953 792 1021 saccis,
822 955 891 1010 ad
909 954 1102 1008 Isaiam
1125 953 1445 1024 prophetam
1482 953 1651 1009 filium
1675 953 1863 1009 Amos.
1903 952 2004 1021 Qui
2035 953 2116 1008 di-

537 1064 557 1098 c
597 1054 796 1103 xerunt
821 1046 872 1101 ei
899 1060 914 1099 :
941 1044 1068 1100 Haec
1088 1045 1222 1102 dicit
1244 1046 1508 1102 Ezechias
1533 1065 1545 1101 :
1577 1045 1705 1101 Dies
1733 1045 2112 1113 tribulationis,

535 1156 551 1188 ε
588 1145 644 1190 et
673 1136 1080 1206 increpationis,
1109 1145 1164 1192 et
1181 1137 1530 1208 blasphemiae
1556 1137 1672 1193 dies
1694 1137 1814 1192 iste.
1839 1135 2117 1192 Venerunt

535 1247 553 1279 ι
591 1227 686 1282 lilii
723 1241 896 1296 usque
935 1227 1003 1282 ad
1029 1237 1281 1296 partum,
1324 1237 1380 1283 et
1409 1227 1550 1282 vires
1575 1243 1680 1282 non
1723 1226 1883 1281 habet
1920 1234 2113 1295 partu-

530 1338 550 1370 (
584 1318 751 1384 riens,
788 1337 808 1370 ι
841 1326 938 1374 etc,
974 1317 1240 1374 Scindunt
1261 1319 1586 1374 vestimenta
1612 1334 1730 1383 sua,
1760 1319 1886 1388 quia
1913 1319 2114 1388 Rapsa-

523 1423 623 1464 cen
661 1408 890 1466 audiunt
931 1409 1418 1481 blasphemantem.
1465 1411 1638 1467 Scidit
1679 1420 1734 1466 et
1778 1426 1874 1466 rex
1907 1419 2113 1466 vestem

525 1517 700 1569 suam,
734 1504 861 1574 quia
887 1519 988 1576 pro
1012 1505 1193 1574 populi
1222 1515 1279 1559 et
1298 1506 1412 1561 suis
1434 1520 1552 1561 esse
1579 1505 1815 1576 peccatis
1833 1507 2108 1572 credebat,

526 1595 670 1666 quod
697 1593 973 1666 Rapsaces
995 1611 1170 1666 usque
1196 1597 1265 1651 ad
1297 1606 1512 1667 portam
1549 1598 1698 1653 venit
1739 1596 2075 1654 HieruSalem
2093 1639 2108 1665 ,

522 1696 578 1741 et
604 1695 798 1743 contra
829 1687 1119 1742 Dominum
1147 1687 1278 1742 talia
1305 1688 1380 1743 sit
1406 1688 1636 1744 locutus.
1681 1687 1816 1744 Mira
1841 1691 1986 1762 regis
2012 1692 2110 1745 hu—

504 1779 726 1837 militas
749 1788 806 1836 et
829 1780 1153 1850 prudentia!
1180 1781 1415 1838 Dimisso
1444 1782 1597 1852 regio
1617 1781 1764 1838 cultu
1784 1823 1799 1850 ,
1823 1783 2110 1839 obvolutus

1562 379 1918 437 ANGELOMI
1953 375 2415 436 LUXOVIENSIS
2457 375 2761 435 MONACHI

2134 497 2189 559 Α
2290 515 2308 546 ‹
2369 496 2554 565 Itaque
2619 509 2742 549 cum
2805 494 3096 562 accepisset
3167 492 3432 552 Ezechias
3477 494 3692 556 litteras
3743 503 3814 560 de

3709 376 3817 433 528

2227 605 2248 639 ι
2291 603 2453 642 manu
2479 587 2814 651 nuntiorum,
2854 593 2910 639 et
2948 584 3170 655 legisset
3192 601 3306 653 eas,
3332 589 3579 646 ascendit
3618 590 3679 648 in
3711 594 3813 650 do-

2225 699 2244 733 ‹
2290 695 2437 736 mum
2469 678 2704 744 Domini,
2736 687 2794 733 et
2819 678 3077 748 expandit
3110 693 3206 734 eas
3237 693 3422 734 coram
3467 681 3724 750 Domino,
3755 693 3814 742 et

2225 791 2244 824 ‹
2290 772 2467 827 oravit
2509 771 2564 826 in
2613 778 2908 840 conspectu
2955 770 3092 840 ejus,
3122 770 3310 826 dicens
3347 787 3360 824 :
3393 771 3625 828 Domine
3667 773 3812 830 Deus

2227 883 2246 915 ε
2289 863 2478 929 Israel,
2503 863 2596 934 qui
2628 862 2783 918 sedes
2811 875 2976 932 super
3002 862 3305 927 cherubim,
3339 869 3469 918 tues
3489 863 3634 918 Deus
3663 863 3812 920 solus

2224 975 2242 1007 ‹
2287 955 2527 1011 omnium
2553 969 2746 1026 regum
2781 963 2959 1020 terrae,
2989 963 3048 1009 tu
3075 953 3254 1010 fecisti
3274 954 3472 1011 caelum
3497 963 3554 1010 et
3578 964 3809 1012 terram.

2223 1064 2242 1097 ‹
2287 1045 2514 1110 Inclina,
2544 1044 2792 1111 Domine,
2833 1059 3020 1100 aurem
3049 1052 3202 1100 tuam
3228 1053 3286 1100 et
3313 1046 3458 1112 audi,
3491 1048 3644 1118 aperi
3683 1064 3813 1104 ocu-

2223 1153 2242 1190 ς
2285 1136 2368 1190 los
2415 1144 2559 1200 tuos,
2593 1135 2840 1202 Domine,
2876 1144 2932 1189 et
2978 1135 3122 1202 vide,
3159 1143 3215 1191 et
3247 1136 3372 1192 audi
3416 1138 3600 1193 omnia
3645 1140 3814 1195 verba

2223 1246 2240 1280 ‹
2291 1225 2693 1294 Sennacherib,
2754 1242 2875 1298 qua:
2927 1228 3078 1283 misit
3121 1236 3184 1282 ut
3231 1228 3593 1301 exprobraret
3654 1233 3814 1288 nobis

2221 1337 2241 1370 c
2283 1318 2455 1375 Deum
2510 1320 2800 1383 viventem,
2839 1340 2856 1372 ι
2909 1330 2964 1376 et
3017 1320 3244 1392 reliqua.
3309 1321 3466 1378 Prius
3545 1324 3814 1381 Ezechias

2216 1411 2432 1468 Domini
2460 1412 2656 1468 timore
2679 1413 3024 1484 perterritus,
3047 1428 3208 1469 orare
3250 1413 3306 1469 in
3345 1415 3550 1486 templo
3578 1431 3691 1472 non
3719 1432 3814 1472 an-

2215 1505 2398 1572 debat,
2421 1505 2508 1562 vel
2533 1505 2734 1561 liberas
2763 1505 2991 1562 fundere
3017 1521 3209 1577 preces
3239 1521 3255 1561 :
3282 1523 3426 1564 nunc
3445 1519 3653 1575 autem,
3685 1512 3812 1581 quia

2215 1596 2366 1653 audit
2392 1595 2592 1653 Isaiam
2626 1597 2896 1652 dicentem
2925 1616 2936 1650 :
2975 1615 2994 1648 ί
3025 1597 3104 1653 Ne
3150 1597 3347 1655 timeas
3379 1616 3410 1653 a
3445 1599 3590 1656 facie
3620 1602 3816 1658 verbo-

2214 1701 2337 1741 rum
2362 1701 2484 1757 qua:
2511 1685 2711 1742 audisti
2733 1686 2869 1759 (Ita.
2898 1689 3128 1759 xxxvii),
3161 1705 3181 1739 ι
3207 1695 3264 1743 et
3291 1687 3524 1758 reliqua,
3550 1692 3814 1747 audacter

2220 1777 2514 1834 Dominum
2545 1778 2890 1849 deprecatur.

523 1887 716 1937 sacco,
746 1872 818 1927 ad
845 1871 1105 1943 templum
1132 1874 1310 1943 pergit
1342 1873 1410 1929 de
1436 1874 1673 1944 palatio;
1717 1877 1986 1948 principes
2026 1892 2099 1932 sa-

2290 1887 2309 1921 ε
2357 1868 2503 1925 Misit
2543 1878 2726 1926 autem
2772 1871 2941 1926 Isaias
2987 1870 3130 1928 filius
3171 1873 3339 1930 Amos
3387 1875 3456 1930 ad
3494 1875 3808 1943 Ezechiam,

521 1960 836 2028 Cerdotum,
873 1977 984 2017 non
1012 1962 1200 2031 stolis,
1241 1966 1336 2020 sed
1374 1965 1567 2022 ciliciis
1598 1967 1766 2022 mittit
1808 1969 1875 2022 ad
1915 1967 2109 2023 Isaiam

519 2060 832 2123 coopertos,
858 2063 915 2108 et
941 2053 1117 2109 dixit:
1152 2072 1172 2105 ‹
1202 2055 1326 2118 Dies
1348 2055 1464 2111 haec
1492 2056 1858 2114 tribulationis
1887 2068 2106 2124 nostrae,

520 2143 884 2213 correptionis
923 2144 1054 2211 Dei,
1101 2143 1448 2216 blasphemiae
1490 2148 1748 2203 hostium.
1799 2167 1818 2200 ι
1845 2147 2110 2220 Ponitque

520 2236 928 2293 similitudinem
951 2238 1306 2308 parturientis
1348 2237 1563 2296 femina:
1605 2251 1661 2296 et
1700 2241 1960 2308 dolentis,
1991 2259 2108 2312 quae

519 2325 588 2381 ad
615 2334 832 2395 partum
853 2341 1026 2397 usque
1050 2329 1318 2397 pervenit,
1331 2337 1388 2384 et
1421 2344 1680 2400 generare
1707 2347 1815 2386 non
1841 2331 2034 2402 possit.

598 2434 617 2468 ι
663 2415 722 2473 Si
762 2418 1033 2489 quomodo
1071 2420 1256 2474 audiat
1293 2419 1554 2477 Dominus
1581 2422 1723 2478 Deus
1759 2432 1904 2479 tuus.
1938 2443 1956 2475 ι
1989 2424 2108 2480 Non

516 2509 666 2566 enim
713 2511 972 2579 audemus
1013 2511 1197 2566 dicere
1233 2514 1476 2567 omnium
1519 2522 1762 2570 nostrum
1797 2516 2105 2583 Dominum,

517 2619 625 2673 quo
669 2603 941 2671 irascente
985 2605 1520 2675 tantaaperpetimur,
1548 2609 1644 2663 sed
1684 2617 1832 2664 tuum
1879 2609 2109 2666 dicimus

519 2693 838 2761 Dominum;
858 2703 914 2751 et
940 2695 1082 2751 hanc
1117 2697 1380 2754 habemus
1419 2699 1641 2755 ultionis
1669 2700 1944 2768 fiduciam,
1974 2718 2108 2772 quo-

516 2785 664 2839 niam
694 2786 881 2842 vivens
909 2786 1053 2844 Deus
1091 2788 1518 2859 blasphematur,
1551 2806 1582 2846 a
1606 2790 1814 2846 cultura
1839 2793 2105 2850 idolorum

514 2891 876 2939 mortuorum.

591 2995 610 3026 ι
649 2973 792 3030 Leva
817 2990 949 3047 ergo
978 2986 1283 3034 orationem
1315 2987 1560 3036 nostram
1586 2981 1855 3052 jacentem
1887 2997 1987 3053 pro
2021 2998 2107 3039 re-

519 3084 537 3116 ι
574 3063 758 3134 liquiis
810 3067 996 3137 populi
1057 3083 1178 3139 quae
1232 3071 1568 3126 obsidentur.
1614 3090 1636 3125 ι
1682 3072 1952 3129 Praevenit
2012 3091 2106 3130 eos

511 3154 682 3210 Isaias
729 3152 868 3226 (Isa.
931 3157 1164 3230 xxxvu),
1223 3160 1352 3228 quia
1404 3175 1470 3215 eo
1521 3161 1714 3232 spiritu
1767 3178 1874 3232 quo
1925 3162 2104 3219 futura

2223 1982 2242 2015 ι
2289 1961 2476 2018 dicens
2501 1977 2516 2016 :
2546 1961 2674 2018 Haec
2709 1962 2838 2018 dicit
2866 1963 3124 2020 Dominus
3142 1963 3286 2022 Deus
3313 1964 3478 2022 Israel
3506 1980 3522 2020 :
3549 1967 3686 2035 Quae
3716 1969 3812 2024 de-

2219 2073 2239 2106 ‹
2283 2062 2537 2125 precatus
2565 2060 2650 2108 est
2676 2069 2765 2109 me
2798 2069 2966 2124 super
2991 2054 3364 2113 Sennacherib
3394 2071 3525 2129 rege
3551 2059 3812 2130 Assyrio-

2217 2165 2234 2196 ι
2281 2161 2424 2210 rum,
2455 2145 2658 2200 audivi.
2691 2144 2797 2200 Iste
2826 2153 2910 2200 est
2947 2161 3128 2201 sermo
3149 2161 3312 2217 quem
3340 2147 3556 2204 locutus
3588 2157 3675 2204 est
3707 2149 3815 2204 Do.

2219 2255 2238 2286 ε
2282 2237 2463 2292 minus
2507 2236 2576 2292 de
2604 2252 2672 2292 eo
2701 2255 2715 2290 :
2745 2236 2964 2307 Sprevit
2997 2247 3050 2293 te
3089 2246 3147 2292 et
3180 2237 3534 2294 subsannavit
3573 2250 3628 2295 te
3657 2241 3815 2310 virgo

2217 2350 2235 2381 ‹
2280 2330 2391 2384 filia
2437 2329 2590 2384 Sion.
2637 2329 2768 2385 Post
2815 2338 3026 2400 tergum
3067 2333 3421 2403 tuumcaput
3474 2335 3652 2390 movit
3697 2335 3812 2391 ﬁlia

2217 2440 2236 2472 «
2282 2419 2636 2476 Hierusalem.
2689 2420 2786 2476 Cui
2834 2422 3178 2491 exprobrasti
3227 2430 3284 2476 et
3342 2437 3507 2492 quem
3552 2424 3814 2496 blasphe-

2219 2531 2238 2562 ι
2283 2513 2481 2567 masti?
2507 2511 2709 2568 Contra
2754 2528 2914 2582 quem
2954 2513 3206 2570 exaltasti
3251 2529 3460 2581 vocem,
3490 2523 3549 2570 et
3579 2517 3812 2573 elevasti

2217 2623 2234 2654 ι
2283 2603 2338 2658 in
2361 2603 2638 2659 excelsum
2661 2603 2847 2660 oculos
2875 2605 3034 2660 tuos?
3059 2605 3260 2661 Contra
3289 2616 3543 2663 sanctum
3561 2607 3757 2675 Israel,
3787 2630 3805 2663 ι

2210 2703 2267 2750 et
2322 2694 2550 2766 reliqua.
2599 2695 2842 2766 Denique
2892 2696 3153 2752 Ezechias
3207 2698 3466 2754 audacter
3512 2700 3809 2757 Dominum

2211 2788 2553 2857 deprecatur,
2583 2801 2686 2843 nec
2713 2787 2863 2843 misit
2892 2791 2961 2845 ad
2990 2789 3188 2844 Isaiam
3234 2798 3296 2845 ut
3327 2791 3482 2862 prius
3511 2792 3664 2858 fecit,
3699 2811 3812 2848 non

2210 2878 2327 2948 ipse
2363 2879 2624 2949 propheta
2651 2879 2830 2949 pergit
2862 2879 2932 2934 ad
2963 2895 3107 2947 eum,
3134 2881 3230 2936 sed
3260 2883 3481 2939 nuntios
3520 2885 3676 2940 misit
3715 2889 3810 2956 qui

2211 2968 2308 3024 Dei
2332 2984 2650 3039 responsum
2693 2969 2943 3026 deferant
2985 2971 3054 3026 ad
3094 2987 3258 3026 eum:
3295 2991 3315 3024 ι
3353 2973 3520 3046 Virgo
3559 2976 3722 3044 Sion,
3757 2991 3811 3033 et

2211 3062 2321 3116 lilia
2363 3062 2722 3118 Hierusalem.
2753 3083 2772 3114 ι
2818 3063 2950 3132 Quae
2995 3065 3114 3121 ideo
3144 3067 3298 3138 virgo
3341 3067 3547 3126 dicitur
3572 3079 3634 3124 et
3671 3071 3807 3138 ﬁlia,

2212 3155 2337 3224 quia
2367 3154 2576 3210 cunctis
2601 3156 2853 3226 gentibus
2879 3156 3173 3213 simulacra
3202 3167 3544 3215 mortuorum
3571 3163 3810 3217 adoran-

515 3248 792 3314 noseebat,
845 3249 1008 3305 etiam
1062 3248 1342 3306 absentem
1393 3252 1658 3308 audierat.
1712 3252 1858 3320 Haec,
1904 3255 2100 3326 inquit,
2131 3237 2177 3301 C
2209 3245 2371 3312 tibus,
2403 3247 2520 3302 haec
2549 3247 2664 3303 sola
2692 3258 2984 3305 conservat
3029 3251 3362 3318 castitatem,
3395 3252 3682 3324 religionis
3708 3256 3809 3312 Dei

512 3339 678 3396 dicite
719 3340 937 3397 domino
984 3350 1169 3398 vestro
1196 3361 1209 3398 :

582 3431 724 3492 Haec.
744 3432 876 3488 dicit
926 3433 1176 3490 dominus
1218 3452 1231 3488 :
1266 3454 1286 3486 ι
1331 3434 1452 3491 Noli
1481 3435 1671 3492 timere
1713 3439 1877 3494 verba
1909 3439 2103 3509 quibus

521 3542 541 3577 ί
585 3540 697 3580 non
751 3534 830 3589 tu,
879 3527 972 3582 sed
1019 3542 1121 3599 ego
1170 3543 1289 3583 sum
1344 3528 1778 3600 blasphematus,
1827 3548 1928 3588 nec
1977 3533 2100 3589 dico

518 3633 540 3668 ι
581 3616 772 3671 omnia
809 3633 931 3688 quae
983 3619 1098 3690 regi
1135 3617 1361 3690 Assyrio
1412 3618 1609 3688 faciam
1630 3662 1645 3687 ,
1689 3639 1758 3678 ne
1804 3640 1982 3679 meam
2019 3625 2098 3678 vi-

515 3729 537 3764 ι
583 3713 716 3768 dear
754 3711 966 3782 jactare
1011 3715 1328 3783 potentiam.
1385 3713 1493 3770 Sed
1537 3716 1664 3786 quia
1696 3717 1904 3773 dandus
1946 3719 2016 3772 sit
2045 3719 2096 3774 ei

518 3821 540 3853 σ
589 3803 950 3874 spiritus,non
975 3803 1094 3868 Dei,
1124 3803 1217 3858 sed
1245 3805 1560 3860 adversarii.
1609 3806 1678 3860 Et
1729 3809 1913 3862 audito
1961 3824 2097 3863 nun-

524 3909 543 3942 ι
590 3892 696 3958 tio,
739 3899 1018 3947 revertens
1072 3893 1140 3947 ad
1193 3901 1395 3948 terram
1439 3910 1592 3950 suam
1625 3907 1846 3952 corruat
1884 3897 2094 3967 gladio,

516 4004 536 4037 ι
585 3994 648 4041 ut
694 3986 802 4041 duo
860 3986 1066 4056 pariter
1118 4003 1240 4058 quae
1277 3989 1502 4060 optabat
1549 3989 1811 4044 Ezechias
1871 3992 2094 4057 audire,

516 4097 537 4130 ι
583 4093 643 4134 se
704 4077 775 4132 ab
826 4078 1105 4135 obsidione
1166 4080 1541 4147 liberandum,
1592 4091 1646 4136 et
1699 4082 1978 4138 inimicum
2039 4085 2093 4138 in

513 4189 534 4223 ι
579 4182 677 4226 sua
725 4177 872 4226 terra
913 4174 1238 4228 moriturum
1281 4189 1421 4228 esse.
1473 4173 1747 4229 Reversus
1794 4185 1878 4230 est
1931 4176 2098 4247 igitur

511 4281 531 4315 ι
571 4262 866 4334 Rapsaces,
897 4272 952 4318 et
973 4265 1178 4320 invenit
1207 4280 1391 4337 regem
1413 4267 1760 4338 Assyriorum
1783 4282 2096 4340 expugnan-

511 4372 532 4406 ε
578 4364 688 4411 tem
713 4355 978 4412 Lobnam.
1008 4356 1272 4412 Audierat
1298 4357 1445 4412 enim
1489 4358 1633 4426 quod
1678 4362 1995 4416 recessisset
2029 4363 2096 4419 de

510 4466 531 4499 ι
576 4447 1066 4519 Lachis.,Cumque
1094 4450 1339 4505 audisset
1356 4451 1422 4505 de
1439 4450 1685 4506 Tharaca
1721 4467 1848 4523 rege
1873 4453 2090 4512 IEtbio-

507 4556 527 4589 ‹
563 4538 668 4608 pia:
710 4525 950 4598 dicentes
981 4560 994 4596 :
1025 4542 1166 4597 Ecce
1204 4543 1481 4612 ingressus
1529 4554 1635 4608 est,
1666 4552 1726 4597 ut
1755 4556 1956 4617 pugnet
1991 4549 2090 4604 ad-

2207 3347 2264 3394 et
2301 3339 2460 3395 unius
2495 3340 2794 3396 divinitatis
2821 3342 3058 3410 cultum;
3097 3352 3156 3400 et
3183 3359 3303 3414 qua:
3323 3361 3400 3401 ne
3429 3347 3500 3402 ad
3533 3348 3806 3418 majorem

2205 3431 2598 3501 blasphemiam
2647 3435 2976 3502 concitaret,
3030 3438 3284 3507 praesenti
3330 3454 3440 3494 non
3494 3443 3802 3511 respondit,

2211 3543 2230 3576 ι
2264 3533 2388 3593 post
2430 3525 2720 3579 abeuntem
2765 3527 2934 3582 movit
2963 3537 3128 3598 caput
3167 3545 3345 3595 suum,
3378 3549 3398 3582 ι
3427 3539 3578 3586 certa
3616 3533 3686 3588 de
3723 3533 3806 3586 ul-

2205 3615 2374 3681 tione,
2404 3629 2596 3670 secura
2623 3615 2690 3671 de
2728 3632 2910 3688 poena.
2943 3618 3004 3673 In
3042 3635 3203 3674 manu
3241 3637 3525 3678 servorum
3555 3632 3798 3689 tuorum,

2205 3720 2306 3761 nec
2338 3706 2453 3775 ipse
2495 3720 2594 3777 per
2619 3714 2694 3773 te,
2725 3709 2820 3764 sed
2857 3725 2957 3780 per
3001 3725 3190 3768 servos
3229 3721 3372 3780 tuos,
3403 3723 3462 3768 ut
3507 3717 3686 3786 major
3719 3725 3804 3772 est

2203 3796 2538 3867 arrogantia,
2580 3795 2868 3853 Dominum
2912 3799 3292 3870 hlaphemasti.
3341 3802 3586 3859 Altitudo
3638 3820 3799 3860 mon-

2205 3889 2337 3942 tium
2367 3897 2421 3943 et
2446 3889 2576 3960 juga
2605 3889 2798 3945 Libani
2826 3891 3042 3947 excelsa
3069 3893 3217 3948 cedri
3245 3902 3300 3950 et
3325 3894 3554 3962 abietes,
3582 3897 3674 3953 vel
3700 3912 3800 3968 per

2203 3979 2575 4049 metaphoram
2621 3981 2688 4036 de
2733 3983 2947 4037 cunctis
2991 3983 3244 4054 gentibus
3281 3986 3661 4056 accipiendum
3689 3998 3796 4054 est,

2201 4080 2256 4124 et
2285 4071 2618 4143 principibus
2642 4087 2856 4142 earum,
2882 4075 2968 4130 vel
2991 4075 3059 4131 de
3083 4075 3422 4134 Hierusalem
3444 4094 3566 4150 quae
3586 4091 3675 4136 est
3709 4097 3800 4138 oe-

2202 4159 2332 4215 drus
2368 4160 2582 4229 Libani,
2630 4171 2686 4219 et
2733 4165 2942 4221 abietes
2991 4174 3350 4238 potentesque
3381 4179 3437 4224 et
3475 4171 3792 4240 optimates.

2198 4248 2441 4306 Altitudo
2493 4253 2824 4311 summitatis
2875 4265 2933 4311 et
2979 4257 3153 4314 saltus
3205 4258 3470 4328 Carmeli,
3528 4266 3795 4336 templum

2198 4352 2302 4398 est.
2349 4343 2608 4416 Quodque
2655 4345 2819 4402 infert
2849 4368 2862 4402 :
2902 4367 2921 4402 ‹
2956 4349 3071 4422 Ego
3099 4350 3208 4408 fodi
3240 4362 3296 4408 et
3320 4355 3434 4410 bibi
3461 4371 3696 4427 aquam;
3737 4369 3794 4414 et

2198 4437 2400 4493 siccavi
2442 4439 2671 4510 vestigio
2706 4441 2858 4510 pedis
2901 4442 3009 4497 mei
3053 4458 3242 4499 omnes
3269 4445 3416 4502 rivos
3447 4463 3730 4519 aggerum,
3766 4472 3785 4504 ι

2196 4528 2283 4583 vel
2313 4528 2383 4584 ob
2418 4529 2470 4584 id
2499 4529 2656 4597 dixit,
2679 4531 2808 4602 quia
2831 4547 2931 4602 pro
2956 4533 3301 4592 multitudine
3341 4539 3622 4596 exercitus
3674 4557 3789 4596 om-

509 4647 530 4682 .
576 4646 793 4688 versum
835 4641 910 4704 te,
935 4643 991 4688 et
1037 4634 1141 4688 ire;
1178 4609 1369 4690 con—tm
1413 4649 1560 4701 eum,
1592 4609 1992 4696 ιηίείιήιξηιίοε
2023 4643 2092 4696 ad
2119 4609 2172 4668 D
2198 4621 2288 4675 nia
2319 4618 2522 4676 fluenta
2548 4623 2854 4690 siccaverit,
2883 4634 2944 4680 ut
2966 4635 3158 4697 puteos
3186 4629 3288 4684 sibi
3323 4630 3510 4687 fodere
3545 4633 3790 4705 compul-

507 4744 529 4778 ‹
571 4726 893 4792 Ezechiam,
925 4729 1153 4783 dicens:
1185 4727 1312 4783 Haec
1354 4729 1515 4784 dicite
1553 4730 1802 4788 Ezechiae
1840 4736 1954 4806 regi
1999 4735 2093 4792 Ju-

506 4834 527 4868 ι
571 4815 657 4872 die
686 4835 698 4870 :
729 4815 848 4873 Non
879 4827 931 4871 te
956 4818 1181 4872 seducat
1206 4819 1350 4875 Deus
1376 4827 1518 4887 tuus,
1549 4822 1604 4876 in
1632 4838 1740 4892 quo
1769 4824 1936 4882 habes
1963 4827 2094 4882 fidu-

506 4925 527 4962 ε
571 4910 735 4978 ciam,
766 4925 945 4980 neque
993 4911 1143 4967 dicas
1173 4930 1186 4966 :
1221 4911 1337 4969 Non
1387 4915 1628 4970 tradetur
1661 4916 2000 4974 Hierusalem
2035 4922 2088 4976 in

506 5018 527 5051 ε
572 5015 766 5056 manus
802 5001 946 5072 regis
974 5000 1339 5074 Assyriorum.
1380 5026 1399 5058 ι
1440 5004 1601 5062 Juxta
1631 5009 1965 5065 voluntatem
1995 5011 2089 5068 Dei

499 5090 774 5162 Rapsaces
819 5095 1056 5150 deseruit
1098 5096 1431 5152 obsidionem
1464 5100 1820 5166 Hierusalem,
1860 5111 1914 5158 ct
1957 5119 2083 5173 per-

500 5186 645 5240 rexit
667 5187 737 5242 ad
766 5185 1043 5242 dominum
1072 5204 1250 5255 suum,
1281 5205 1441 5260 quem
1468 5191 1554 5246 vel
1575 5203 1731 5262 capta
1759 5194 1843 5248 vel
1871 5196 2085 5252 deserta

497 5275 698 5332 Lachis
740 5277 945 5334 invenit
978 5291 1379 5352 oppugnantem
1423 5281 1684 5338 Lobnam.
1715 5284 2084 5345 Sennacherib

499 5377 681 5424 autem
703 5384 998 5426 occurrens
1021 5372 1133 5444 regi
1159 5371 1496 5442 Ethiopum,
1531 5375 1677 5429 misit
1708 5377 1774 5432 ad
1793 5377 2082 5436 Ezechiam

499 5458 717 5515 nuntios
745 5469 800 5516 et
827 5461 1102 5531 epistolas,
1134 5471 1193 5516 ut
1218 5477 1312 5518 eos
1347 5478 1483 5526 quos
1513 5464 1570 5518 in
1600 5465 1808 5522 viribus
1847 5485 1954 5524 non
1988 5486 2082 5527 ce-

498 5543 597 5612 pit,
628 5559 877 5601 sermone
908 5554 1156 5601 terreret.
1188 5547 1466 5619 Pugnasse
1505 5559 1685 5606 autem
1715 5551 2086 5613 Sennacherib

497 5643 689 5690 contra
709 5635 1016 5708 Egyptios,
1047 5647 1102 5694 et
1128 5640 1404 5696 obsedisse
1429 5641 1721 5710 Pelusium,
1740 5644 1962 5716 jamque
1989 5665 2082 5703 ex-

497 5729 721 5784 structis
751 5731 1037 5800 aggeribus
1068 5733 1200 5787 urbe
1229 5734 1513 5803 eapienda,
1540 5737 1754 5792 venisse
1778 5739 2077 5796 Tharacam

494 5833 679 5888 regem
722 5818 1035 5890 [Ethiopum
1087 5822 1142 5876 in
1189 5824 1480 5889 auxilium,
1529 5837 1716 5882 narrat
1755 5827 2074 5887 Herodotus.

2195 4729 2288 4769 sus
2314 4713 2388 4769 sit
2421 4732 2434 4768 :
2475 4715 2556 4770 vel
2583 4717 2710 4785 quia
2753 4733 2940 4772 omnes
2968 4719 3194 4790 populos
3221 4737 3360 4791 quos
3389 4737 3548 4794 aqua:
3578 4726 3786 4797 signiﬁ—

2195 4816 2338 4872 cant,
2368 4821 2467 4862 suo
2490 4809 2724 4862 vastavit
2749 4809 3013 4865 exercitu.

2272 4929 2292 4962 ι
2329 4910 2581 4982 Nunquid
2615 4927 2722 4968 non
2760 4915 2958 4969 audisti
3001 4931 3122 4986 quae
3167 4915 3296 4971 olim
3321 4915 3547 4973 fecerim
3576 4919 3627 4973 ei
3653 4921 3678 4974 ?
3704 4920 3781 4975 Ex

2200 5021 2219 5053 ι
2267 5000 2460 5058 diebus
2497 5003 2736 5073 antiquis
2776 5005 3035 5074 plasmavi
3078 5005 3232 5074 illud,
3264 5017 3321 5062 et
3363 4991 3510 5064 ﬁmo
3557 5011 3780 5070 adduxi.

2200 5115 2223 5156 ι
2267 5104 2321 5150 et
2347 5094 2552 5151 factum
2599 5105 2686 5152 est
2729 5099 2782 5152 in
2823 5100 3243 5156 eradicationem
3286 5100 3504 5157 collium
3553 5118 3777 5175 compu—

2200 5205 2219 5237 ι
2266 5187 2551 5258 gnantium
2596 5196 2653 5245 et
2698 5189 2979 5246 civitatum
3030 5193 3384 5251 munitarum.
3433 5193 3780 5251 Habitatores

2199 5298 2218 5332 ‹
2263 5296 2451 5336 earum
2488 5283 2732 5337 breviata
2779 5300 2939 5339 manu
2977 5295 3443 5352 contremuerunt,
3475 5296 3532 5343 et
3567 5293 3777 5346 contusi

2198 5393 2217 5426 ι
2263 5385 2406 5439 sunt,
2460 5376 2600 5430 sicut
2645 5376 2826 5432 fenum
2878 5378 3014 5449 agri,
3066 5388 3121 5434 et
3168 5395 3392 5450 gramen
3439 5396 3678 5451 pascuae,
3723 5394 3777 5436 et

2197 5484 2215 5516 ‹
2260 5467 2426 5522 herba
2479 5475 2770 5535 tectorum,
2822 5485 2943 5540 quae
2985 5473 3203 5526 exaruit
3252 5480 3546 5544 antequam
3594 5484 3772 5528 matu-

2194 5575 2213 5608 ι
2257 5567 2447 5613 rescet.
2489 5556 2886 5615 Habitationem
2933 5568 3099 5624 tuam,
3122 5571 3179 5615 et
3201 5576 3480 5631 egressum
3506 5573 3682 5630 tuum,
3719 5575 3775 5618 et

2197 5666 2215 5699 ‹
2259 5650 2544 5706 introitum
2573 5660 2725 5706 tuum
2755 5654 3001 5724 cognovi,
3036 5664 3089 5709 et
3117 5655 3382 5709 insaniam
3413 5664 3558 5710 tuam
3585 5666 3770 5711 contra

2195 5760 2212 5791 ι
2257 5758 2363 5797 me.
2428 5742 2563 5798 Cum
2621 5741 2832 5800 fureres
2872 5745 3159 5800 adversum
3191 5761 3298 5811 me,
3359 5747 3612 5818 superbia
3681 5755 3768 5800 tua

2193 5851 2212 5884 ι
2255 5836 2498 5891 ascendit
2530 5837 2583 5891 in
2608 5853 2766 5892 aures
2802 5854 2971 5894 meas.
3003 5838 3208 5896 Ponam
3237 5855 3369 5912 ergo
3409 5841 3674 5896 circulum
3714 5841 3767 5892 in
