4044 6336
333 361 470 456 .529

1250 404 1506 458 I'ZNARR.
1550 404 1616 458 IN
1655 404 1903 462 LIBROS
1947 404 2214 461 REGUM.
2258 438 2325 446 —
2367 408 2432 462 IN
2473 407 2601 462 LIB.
2644 408 2728 465 IV.

3505 377 3636 472 .550

362 544 382 575 ι
427 523 650 578 naribus
680 523 806 589 tuis,
833 531 888 579 et
917 523 1131 579 frenum
1163 527 1216 579 in
1242 525 1398 581 labiis
1444 527 1572 592 tuis,
1601 536 1656 580 et
1685 528 1938 582 reducam
1965 531 2020 588 Α
2041 527 2308 598 pleantur.
2337 529 2410 584 De
2430 529 2766 586 Hierusalem
2785 533 2932 588 enim
2956 543 3012 589 et
3041 536 3108 589 de
3125 541 3310 589 monte
3337 533 3634 606 Sionegre-

363 633 384 666 ι
433 614 570 669 tein
597 612 741 668 viam
773 629 872 686 per
905 630 1071 685 quam
1117 617 1335 672 venisti.
1378 637 1396 668 ι
1429 617 1554 698 Haec
1602 633 1671 673 ex
1716 633 1946 688 persona

357 709 459 764 Dei
489 718 678 764 contra
723 709 889 765 verba
929 709 1140 782 Assyrii
1185 711 1486 784 sentienda
1513 719 1659 778 sunt,
1702 712 1845 782 quod
1879 711 1948 765 ad

353 801 756 872 blasphemiam
779 803 898 875 ejus
927 804 1004 858 sic
1043 803 1383 874 responderit
1413 804 1712 860 Dominus:
1749 822 1769 854 ι
1807 801 1948 859 Num

355 894 578 965 ignoras
618 893 766 962 quod
811 891 930 948 haac
955 908 1075 964 quae
1099 892 1296 957 fecisti,
1349 909 1472 949 mea
1520 892 1718 950 feceris
1756 893 1948 949 volun-

355 994 492 1051 tate,
518 994 574 1040 et
595 986 712 1040 haec
740 999 842 1056 ego
877 984 1055 1040 futura
1082 984 1451 1055 praedixerim,
1484 994 1670 1056 aperte
1695 984 1947 1042 facienda

352 1075 729 1131 mandaverim
752 1076 816 1129 τι
839 1075 1026 1146 Itaque
1049 1075 1192 1146 quod
1221 1075 1350 1140 olim
1371 1076 1606 1143 decrevi,
1632 1077 1736 1133 hoc
1756 1077 1944 1148 exple-

351 1177 473 1223 tum
523 1177 606 1224 est
659 1177 941 1240 tempore:
976 1177 1037 1223 ut
1075 1168 1260 1235 colles,
1301 1169 1354 1224 id
1400 1177 1485 1225 est
1531 1169 1804 1241 principes
1851 1169 1944 1239 qui

352 1261 502 1316 inter
539 1243 767 1316 se'ante
803 1259 1134 1330 pugnabant,
1166 1269 1220 1315 et
1263 1260 1511 1316 civitates
1544 1261 1940 1325 munitissimae,

349 1368 442 1407 me
467 1351 822 1407 contrahente
846 1343 1067 1405 manum
1093 1366 1271 1406 meam
1303 1367 1405 1406 nec
1433 1349 1647 1406 solitum
1669 1352 1945 1424 praebente

347 1443 614 1498 auxilium
642 1442 1073 1507 eradicarentur,
1119 1451 1175 1498 et
1210 1431 1705 1498 ‘contremiscerent
1741 1456 1806 1495 ac
1848 1455 1943 1511 pe-

348 1536 566 1599 rirent;
602 1542 659 1590 et
702 1541 1087 1604 comparentur
1133 1549 1240 1588 non
1276 1533 1432 1588 olivae
1460 1543 1514 1588 et
1558 1533 1750 1597 vineae,
1781 1531 1939 1586 fruc-

347 1626 632 1696 tuosisque
664 1625 968 1690 arboribus,
1001 1625 1096 1681 sed
1136 1625 1260 1680 feno
1299 1634 1355 1680 et
1383 1625 1613 1696 gramini
1646 1623 1942 1693 herbisque

344 1719 684 1787 dogmatum,
719 1732 840 1788 quae
865 1716 1110 1788 frugibus
1145 1717 1529 1787 impedimenta
1551 1725 1694 1782 sunt,
1727 1724 1783 1771 et
1808 1727 1939 1771 ante

343 1817 694 1865 marcescunt
741 1823 904 1880 quam
934 1808 1002 1863 ad
1028 1808 1400 1864 maturitatem
1442 1807 1783 1878 perveniant.
1828 1806 1937 1862 Ita-

2049 618 2264 673 dientur
2288 619 2547 690 reliquiae,
2579 631 2634 676 et
2661 621 2958 693 implebunt
2984 633 3187 680 terram
3231 624 3484 694 Judeam,
3521 643 3632 684 non

2048 723 2146 762 suo
2177 710 2390 776 merito,
2429 712 2523 766 sed
2553 711 2650 766 Dei
2677 712 3072 781 misericordia,
3101 715 3211 773 imo
3241 715 3358 772 zelo
3395 732 3505 787 quo
3537 719 3632 776 ad-

2050 813 2236 855 versus
2265 801 2488 871 impium
2513 801 2718 857 zelatus
2746 812 2829 859 est
2855 804 3110 875 populum
3151 820 3329 861 suum.

2128 911 2146 942 ι
2184 891 2310 947 IIaac
2349 893 2479 948 dicit
2517 893 2777 950 Dominus
2812 896 2878 950 de
2917 911 3044 966 rege
3090 895 3436 969 Assyriorum
3469 917 3482 952 :
3515 897 3633 955 Non

2053 1004 2072 1037 ι
2110 985 2331 1040 intrabit
2358 986 2633 1042 civitatem
2654 988 2817 1053 hanc,
2848 997 2904 1044 et
2931 1005 3037 1044 non
3059 990 3312 1060 jacietibi
3339 991 3628 1062 sagittam:

2053 1097 2072 1130 ‹
2113 1092 2213 1134 nec
2243 1079 2530 1149 occupabit
2559 1096 2680 1135 eam
2724 1081 2963 1154 clypeus,
2995 1091 3052 1138 et
3079 1098 3185 1138 non
3219 1085 3398 1140 mittet
3429 1085 3484 1140 in
3521 1087 3632 1142 cir-

2053 1187 2072 1220 ‹
2106 1169 2252 1223 cuitu
2282 1165 2399 1236 ejus
2428 1184 2698 1241 aggerem.
2733 1171 2790 1226 In
2815 1172 2902 1226 via
2937 1175 3044 1242 qua
3071 1174 3240 1240 venit,
3271 1189 3368 1244 per
3388 1188 3510 1230 eam
3549 1192 3635 1231 re-

2051 1278 2071 1310 ι
2108 1269 2366 1324 vertetur,
2417 1269 2473 1315 et
2520 1262 2712 1317 urbem
2743 1264 2886 1318 hanc
2939 1279 3047 1318 non
3098 1265 3454 1337 ingredietur,
3504 1267 3637 1323 dicit

2051 1373 2068 1404 ι
2109 1354 2383 1409 Dominus.
2444 1354 2510 1408 Et
2540 1363 2822 1426 protegam
2875 1356 3153 1413 civitatem
3194 1358 3354 1413 istam
3396 1377 3409 1412 :
3447 1368 3506 1415 et
3529 1360 3636 1415 sal-

2051 1465 2070 1498 ‹
2117 1448 2254 1502 vabo
2278 1463 2399 1502 eam
2435 1455 2658 1518 propter
2709 1465 2796 1504 me
2843 1457 2897 1503 et
2929 1458 3150 1520 propter
3202 1451 3371 1505 David
3417 1467 3634 1506 servum

2049 1555 2068 1588 ι
2101 1553 2305 1592 meum.
2347 1559 2364 1588 ι
2402 1537 2634 1607 Propter
2660 1537 2966 1595 futurorum
2989 1554 3160 1612 spem,
3194 1550 3518 1610 praesentem
3545 1557 3636 1596 ex-

2043 1629 2178 1682 cutit
2213 1636 2433 1684 metum.
2465 1629 2828 1696 Dicitautem,
2855 1633 2982 1701 quia
3013 1646 3120 1688 non
3159 1648 3258 1687 suo
3289 1635 3483 1690 merito
3534 1634 3630 1688 sed

2041 1717 2142 1772 Dei
2165 1717 2449 1773 clementia
2480 1729 2888 1783 conserventur,
2925 1721 3036 1776 imo
3081 1724 3250 1792 patris
3292 1739 3480 1780 eorum
3523 1723 3633 1778 Da-

2041 1809 2132 1866 vid
2163 1812 2422 1866 memoria
2448 1830 2460 1866 :
2488 1812 2542 1866 in
2581 1828 2688 1882 quo
2717 1822 3007 1869 monentur
3037 1825 3092 1870 et
3131 1831 3241 1871 suae
3271 1817 3630 1888 negligentiae,

342 1915 458 1970 que
491 1909 544 1955 et
573 1899 894 1967 sessionem,
921 1907 976 1954 et
1002 1914 1302 1971 egressum,
1341 1907 1397 1954 et
1447 1898 1730 1953 introitum
1779 1905 1934 1952 tuum
1962 1892 2011 1952 B
2038 1912 2096 1958 et
2129 1904 2272 1960 illius
2301 1906 2425 1960 ﬁdei
2453 1914 2507 1962 et
2527 1907 2783 1978 iustitiae;
2807 1909 2934 1978 quia
2966 1909 3020 1962 in
3049 1918 3258 1964 tantum
3290 1911 3463 1979 diligit
3489 1911 3634 1966 Deus

342 2009 448 2064 ego
479 1993 625 2057 novi,
659 2001 715 2048 et
739 1992 1010 2047 insaniam
1037 2007 1145 2063 qua
1168 1999 1361 2048 contra
1389 2005 1478 2047 me
1504 1991 1938 2047 debacchaturus

340 2099 494 2151 eras,
538 2084 822 2156 prophetis
875 2084 1342 2150 vaticinantibus,‘
1375 2099 1495 2139 sum
1544 2082 1776 2138 locutus.
1833 2082 1939 2138 Per

312 2193 487 2248 quos
527 2176 658 2233 olim
706 2176 978 2232 dicturum
1022 2191 1143 2233 esse
1193 2186 1247 2232 te
1293 2191 1551 2233 noveram
1590 2195 1602 2230 :
1638 2177 1692 2230 in
1739 2175 1938 2232 celum

342 2269 657 2335 ascendam,
683 2285 848 2340 super
872 2269 1048 2324 sidera
1073 2268 1196 2325 caeli
1225 2283 1424 2339 ponam
1451 2269 1707 2324 thronum
1734 2283 1935 2334 meum,

342 2377 444 2417 ero
478 2360 669 2416 similis
701 2359 998 2416 Altissimo.
1037 2361 1226 2431 Itaque
1252 2360 1406 2416 furor
1436 2368 1563 2415 tuus
1591 2367 1647 2416 et
1676 2359 1934 2430 superbia

341 2452 595 2524 pervenit
614 2453 670 2507 in
695 2467 855 2508 aures
893 2468 1060 2518 meas,
1091 2461 1146 2509 et
1176 2468 1520 2524 nequaquam
1549 2461 1606 2509 te
1635 2453 1779 2508 ultra
1807 2467 1934 2524 por-

347 2546 496 2610 tabo,
540 2553 602 2599 ut
639 2544 912 2617 intelligas
958 2545 1101 2614 quod
1143 2545 1364 2615 potuisti
1415 2561 1523 2600 non
1561 2544 1670 2600 tuis
1695 2545 1938 2616 potuisse

349 2648 402 2692 te
438 2637 668 2700 viribus,
707 2637 801 2693 sed
831 2651 953 2692 meo
980 2637 1225 2693 arbitrio.
1269 2637 1615 2692 Merebantur
1645 2637 1791 2692 enim
1837 2639 1937 2692 im—

345 2728 452 2798 pia:
484 2733 674 2797 gentes
700 2735 757 2781 et
785 2725 1134 2782 infructuosae
1182 2727 1428 2793 arbores,
1466 2735 1524 2780 ut
1551 2742 1650 2796 per
1697 2735 1751 2782 te
1779 2729 1934 2797 quasi

345 2819 583 2874 securim
604 2827 660 2874 et
683 2834 890 2874 serram
918 2811 1093 2873 meam
1127 2819 1538 2874 succiderentur
1566 2826 1621 2875 et
1655 2820 1932 2875 caderent.

345 2911 534 2982 Itaque
567 2927 764 2982 ponam
789 2911 1052 2967 circulum
1079 2913 1196 2968 sive
1230 2927 1445 2967 camum
1467 2913 1522 2967 in
1562 2913 1785 2968 naribus
1807 2913 1930 2978 tuis,

345 3014 408 3058 ut
450 3004 884 3075 blaspbemantia
931 3018 1028 3058 ora
1071 3003 1462 3076 constringam,
1493 3012 1550 3059 et
1593 3017 1934 3074 nequaquam

345 3096 489 3151 ultra
513 3095 638 3150 talia
660 3095 807 3164 loqui
835 3095 1056 3159 audeas,
1074 3094 1395 3165 frenumque
1423 3094 1637 3149 mittam
1688 3095 1744 3149 in
1778 3093 1934 3149 labiis

346 3191 476 3256 tuis,
504 3190 651 3260 quod
695 3199 841 3244 tuam
890 3185 1151 3245 ferociam
1189 3188 1371 3244 domet
1418 3197 1474 3243 et
1521 3196 1578 3243 te
1611 3187 1836 3244 reducat
1878 3188 1935 3243 in

341 3283 617 3356 Assyrios.

423 3393 445 3427 ι
492 3373 610 3429 Tibi
640 3382 822 3429 autem
863 3373 1110 3429 Ezechiae
1149 3373 1252 3428 hoc
1283 3372 1389 3428 erit
1426 3372 1640 3444 signum
1669 3390 1682 3426 :
1707 3373 1930 3428 comede

350 3483 373 3519 ‹
414 3467 520 3521 hoc
543 3481 681 3521 anno
708 3481 828 3536 quae
861 3466 1152 3535 repereris,
1199 3466 1252 3520 in
1291 3465 1530 3521 secundo
1569 3473 1750 3521 autem
1789 3481 1932 3521 anno

350 3578 370 3610 ‹
418 3575 540 3630 qua:
579 3566 770 3628 sponte
811 3567 1149 3614 nascuntur:
1186 3573 1353 3628 porro
1378 3559 1433 3612 in
1473 3573 1615 3612 anno
1642 3558 1804 3618 tertio
1846 3573 1932 3613 se-

347 3672 367 3704 c
410 3652 613 3706 minate
652 3660 705 3706 et
741 3650 948 3716 metite,
997 3671 1016 3704 ι
1058 3661 1114 3706 et
1139 3649 1368 3721 reliqua.
1412 3648 1719 3707 Notandum
1749 3658 1930 3705 autem

339 3741 485 3812 quod
515 3741 572 3795 in
611 3740 746 3795 libro
796 3740 948 3795 Isaiae
993 3739 1083 3794 ubi
1129 3740 1293 3795 verba
1345 3739 1515 3810 ipsius
1557 3739 1836 3811 prophetae
1862 3737 1930 3792 ad

343 3849 524 3906 regem
578 3832 862 3889 Ezechiam
915 3833 1188 3902 descripta
1241 3841 1387 3898 sunt,
1449 3833 1521 3886 ita
1570 3839 1863 3886 narrantur
1912 3846 1926 3884 :

347 3943 364 3975 ι
407 3922 643 3978 Comede
673 3924 777 3978 hoc
811 3936 957 3978 anno
983 3937 1103 3992 quae
1129 3930 1320 3993 sponte
1348 3933 1668 3987 nascuntur,
1700 3931 1756 3976 et
1785 3937 1927 3976 anno

345 4034 364 4066 ι
408 4013 646 4071 secundo
683 4015 857 4084 pomis
893 4029 1134 4072 vescere.
1179 4014 1238 4068 In
1267 4029 1409 4070 anno
1433 4022 1614 4070 autem
1647 4015 1804 4069 tertio
1842 4030 1928 4070 se-

345 4128 363 4158 ι
410 4107 613 4162 minate
650 4115 706 4161 et
744 4107 956 4173 metite,
992 4116 1048 4162 et
1073 4106 1312 4176 plantate
1336 4108 1541 4173 vineas,
1572 4115 1626 4161 et
1663 4107 1930 4162 comedite

344 4218 363 4251 ι
413 4199 645 4254 fructum
685 4214 893 4265 earum,
921 4208 977 4255 et
1018 4200 1197 4255 mittet
1224 4201 1277 4255 id
1305 4201 1448 4270 quod
1487 4200 1755 4254 salvatum
1805 4198 1918 4254 fue-

343 4310 362 4343 σ
407 4292 481 4346 rit
523 4291 588 4346 de
630 4291 790 4346 domo
830 4291 989 4359 Juda,
1041 4299 1096 4346 et
1133 4292 1278 4362 quod
1318 4291 1583 4360 reliquum
1632 4300 1715 4346 est
1752 4291 1930 4346 mittet

343 4399 363 4434 ι
408 4381 645 4437 radicem
675 4382 948 4445 deorsum,
985 4391 1038 4435 et
1073 4379 1238 4436 faciet
1268 4380 1505 4436 fructum
1533 4396 1769 4445 sursum,
1799 4379 1926 4450 quia

343 4489 364 4522 ι
411 4471 479 4526 de
521 4469 859 4526 Hierusalem
903 4471 1128 4526 exibunt
1175 4470 1439 4540 reliquiae,
1485 4479 1542 4525 et
1587 4469 1818 4526 salvatio
1863 4470 1929 4524 de

344 4580 363 4615 ι
408 4572 593 4618 monte
632 4561 783 4628 Sion,
823 4561 971 4618 zelus
1015 4562 1228 4618 Domini
1263 4563 1599 4618 exercituum
1647 4561 1811 4616 faciet
1850 4560 1925 4614 is-

2032 1995 2321 2066 justitiam,
2350 2006 2411 2051 ut
2435 2007 2682 2067 posteros
2709 1997 2978 2066 majorum
3005 2001 3205 2056 virtute
3232 2009 3467 2056 tueatur.

2117 2105 2136 2138 ι
2173 2087 2398 2144 Factum
2416 2097 2501 2144 est
2537 2089 2703 2160 igitur
2747 2091 2802 2145 in
2849 2100 3008 2147 nocte
3039 2092 3152 2158 illa,
3201 2095 3350 2149 venit
3392 2095 3632 2165 Angelus

2045 2197 2065 2230 ‹
2098 2179 2312 2234 Domini
2335 2188 2391 2235 et
2407 2183 2678 2251 percussit
2702 2183 2758 2237 in
2783 2185 2980 2240 castris
3011 2185 3359 2258 Assyriorum
3411 2196 3628 2243 centum

2045 2287 2066 2321 ι
2096 2271 2372 2340 octoginta
2414 2272 2656 2343 quinque
2686 2273 2878 2328 millia.
2936 2274 3179 2346 Cumque
3219 2277 3455 2333 diluculo
3506 2293 3630 2332 sur-

2046 2378 2064 2410 ι
2094 2360 2347 2425 rexisset,
2381 2361 2515 2417 vidit
2539 2363 2724 2417 omnia
2754 2379 2984 2434 corpora
3011 2375 3372 2433 mortuorum,
3402 2376 3459 2423 et
3479 2381 3632 2422 rece-

2045 2470 2063 2501 ι
2102 2452 2235 2507 dens
2257 2453 2410 2508 abiit.
2448 2473 2466 2506 ι
2499 2451 2729 2510 Centum
2749 2456 3021 2525 octoginta
3049 2459 3288 2529 quinque
3325 2459 3493 2514 millia
3522 2458 3634 2514 for-

2041 2543 2375 2599 tissimorum
2403 2546 2646 2602 virorum
2695 2547 2764 2602 ab
2786 2563 2894 2602 uno
2929 2549 3120 2618 angelo
3151 2566 3258 2603 una
3314 2560 3475 2606 nocte
3521 2565 3632 2606 ca:-

2040 2635 2258 2701 duntur,
2290 2645 2346 2690 et
2371 2636 2575 2707 absque
2608 2636 2922 2693 vulneribus
2973 2640 3278 2694 occisorum
3309 2655 3458 2696 mors
3487 2656 3632 2696 smva

2039 2724 2316 2792 discurrit,
2372 2727 2670 2783 excludens
2699 2745 2731 2782 a
2760 2731 3080 2800 corporibus
3127 2732 3359 2797 animas,
3413 2733 3628 2788 Domini

2038 2814 2332 2871 voluntate.
2380 2816 2556 2886 Super
2601 2834 2710 2888 quo
2765 2819 2820 2873 in
2879 2819 3328 2890 Paralipomenon
3381 2821 3626 2894 legitur:

2045 2927 2062 2958 ε
2097 2908 2165 2962 Ει
2210 2910 2359 2965 misit
2411 2911 2675 2966 Dominus
2717 2911 2983 2982 Angelum
3033 2928 3193 2968 suum
3226 2913 3320 2984 qui
3361 2917 3632 2984 percussit

2039 3015 2256 3056 omnem
2283 3003 2461 3057 virum
2489 3003 2798 3068 robustum,
2834 3013 2890 3060 et
2915 3004 3228 3060 bellatorem
3249 3015 3306 3062 et
3331 3008 3632 3078 principem

2038 3095 2311 3149 exercitus
2342 3095 2487 3166 regis
2521 3096 2890 3167 Assyriorum.
2950 3096 3328 3168 Reversusque
3377 3110 3462 3153 est
3505 3115 3628 3153 cum

2039 3185 2332 3256 ignominia
2356 3186 2413 3240 in
2445 3195 2646 3240 terram
2675 3201 2828 3241 suam
2861 3187 2946 3258 (II
2978 3186 3109 3242 Par.
3143 3190 3225 3259 ιι).
3253 3209 3271 3240 ι
3295 3189 3396 3256 Qui
3427 3189 3632 3246 idcirco

1959 3269 2005 3334 C
2037 3262 2284 3333 servatus
2305 3283 2408 3342 cst,
2440 3286 2501 3332 ut
2521 3278 2684 3333 sciret
2710 3279 3010 3348 potentiam
3032 3279 3149 3344 Dei,
3172 3288 3228 3335 et
3248 3279 3629 3351 blaspheman-

2038 3369 2112 3422 tia
2142 3383 2238 3423 ora
2266 3370 2669 3440 comprimeret,
2708 3369 2969 3440 fieretque
3013 3373 3168 3428 testis
3201 3373 3346 3429 illius
3371 3375 3628 3445 majesta-

2035 3460 2124 3526 tis,
2146 3475 2307 3530 quem
2329 3461 2492 3530 paulo
2515 3470 2640 3516 ante
2662 3471 3078 3533 contempserat.

2114 3570 2132 3602 ι
2169 3552 2236 3606 Ει
2260 3567 2512 3608 reversus
2540 3561 2626 3608 est
2652 3551 3024 3610 Sennacherib
3046 3570 3142 3610 rex
3174 3555 3547 3627 Assyriorum,
3569 3567 3628 3614 et

2041 3663 2058 3695 ι
2096 3645 2295 3700 mansit
2350 3645 2404 3699 in
2453 3644 2662 3700 Ninive.
2721 3645 2967 3716 Cumque
3025 3647 3278 3704 adoraret
3318 3651 3375 3704 in
3426 3651 3628 3722 templo

2041 3753 2060 3787 ι
2102 3733 2341 3790 Nesrach
2373 3734 2544 3789 Deum
2574 3751 2755 3801 suum,
2784 3736 3140 3793 Adramelech
3167 3747 3222 3792 et
3249 3737 3481 3795 Sarasar
3527 3740 3629 3796 filii

2042 3843 2060 3876 ι
2092 3825 2210 3894 ejus
2236 3836 2626 3896 percusserunt
2647 3842 2772 3882 eum
2796 3827 2972 3898 gladio
2992 3870 3007 3895 ,
3039 3828 3403 3900 fugeruntque
3433 3831 3488 3886 in
3510 3840 3624 3887 ter-

2039 3936 2060 3969 ι
2099 3933 2218 3972 ram
2265 3917 2665 3983 Armeniorum,
2719 3929 2776 3973 et
2812 3921 3059 3990 regnavit
3086 3920 3443 3977 Asarhaddon
3474 3921 3622 3980 ﬁlius

2039 4031 2057 4061 ‹
2094 4010 2210 4081 ejus
2251 4026 2351 4081 pro
2379 4026 2464 4066 eo.
2501 4029 2520 4061 ι
2551 4009 2764 4066 Pharao
2811 4026 3028 4082 quoque
3067 4013 3123 4068 in
3169 4015 3354 4069 decem
3403 4013 3626 4086 Egypti

2033 4111 2280 4157 servatur
2299 4102 2490 4173 plagis,
2523 4110 2584 4156 ut
2613 4103 2939 4159 novissimus
2965 4113 3170 4175 pereat,
3223 4106 3368 4176 quod
3417 4114 3472 4161 et
3514 4106 3620 4163 iste

2033 4209 2224 4264 passus
2241 4202 2342 4249 est.
2377 4194 2513 4248 Cum
2539 4195 2686 4250 enim
2715 4210 2969 4251 reversus
2996 4206 3140 4252 esset
3169 4197 3222 4251 in
3255 4196 3486 4254 Niniven
3529 4213 3624 4254 ur-

2032 4287 2156 4340 bem
2180 4285 2412 4355 primam
2441 4286 2592 4356 regni
2620 4286 2722 4350 sui,
2741 4296 2795 4342 et
2817 4287 3068 4344 adoraret
3089 4288 3144 4342 in
3162 4289 3362 4361 templo
3379 4288 3625 4348 Nesrach

2032 4377 2203 4433 Deum
2227 4393 2403 4443 suum,
2434 4379 2590 4448 quasi
2621 4379 2904 4434 victoriam
2925 4379 2992 4434 de
3013 4380 3259 4437 hostibus
3291 4391 3618 4452 reportaret,

2031 4479 2087 4524 et
2111 4470 2165 4524 in
2195 4469 2478 4525 delubrum
2503 4470 2632 4525 idoli
2654 4471 2736 4525 sui
2761 4471 3122 4543 triumphans,
3151 4481 3206 4528 et
3263 4473 3617 4543 gratulabun-

2033 4561 2133 4616 dus
2162 4561 2435 4616 incederet
2457 4571 2798 4632 contemptor
2822 4562 2924 4617 viri
2955 4563 3048 4619 Dei
3083 4582 3095 4618 :
3128 4564 3182 4618 in
3209 4563 3336 4620 fano
3371 4565 3494 4622 falsi
3518 4579 3619 4620 no-

342 4673 362 4706 ¢
409 4655 502 4710 tud
533 4654 669 4727 (Isa.
697 4625 926 4728 nim).
962 4675 981 4708 ι
1011 4654 1163 4711 Nunc
1195 4657 1261 4710 ad
1286 4657 1462 4726 ipsum
1508 4655 1797 4710 Ezechiam
1843 4654 1925 4707 lo—
1950 4625 2009 4687 Ῑ)
2035 4651 2196 4706 minis
2218 4651 2303 4706 dei
2329 4625 2787 4716 trucidatum-nec
2811 4653 3051 4725 angelico
3077 4655 3218 4724 perit
3242 4655 3445 4727 gladio,
3470 4655 3616 4725 quod

337 4745 525 4813 quitur
549 4763 564 4798 :
588 4743 702 4802 Hoc
731 4746 858 4812 erit,
888 4747 1083 4817 inquit,
1116 4747 1329 4819 signum
1360 4762 1572 4813 eorum,
1602 4761 1724 4817 quae
1748 4745 1928 4800 futura

334 4836 658 4907 praenuntia,
685 4839 828 4908 quod
853 4839 956 4894 hoc
984 4853 1127 4893 anno
1152 4854 1215 4894 ea
1239 4839 1510 4905 comedas,
1547 4856 1566 4890 ε
1588 4853 1710 4908 quae
1739 4845 1931 4908 sponte

339 4939 667 4997 nascuntur,
703 4949 723 4982 ι
759 4929 895 4997 sive,
941 4929 1096 5000 juxta
1127 4930 1504 5003 Septuaginta,
1548 4949 1568 4982 ‹
1601 4946 1721 5000 qua}
1770 4930 1924 5001 prius

332 5035 579 5077 severas.
610 5042 629 5075 ι
655 5022 815 5078 Anno
839 5031 1020 5079 autem
1045 5025 1303 5091 secundo,
1326 5025 1481 5096 juxta
1512 5023 1920 5096 Symmachum,

333 5115 514 5187 pomis
538 5130 780 5184 vescere,
811 5117 929 5172 sive
977 5117 1132 5188 juxta
1188 5118 1433 5184 eosdem,
1462 5133 1582 5187 quae
1613 5118 1678 5172 de
1721 5125 1918 5187 praete-

333 5208 460 5263 ritis
489 5209 763 5280 segetibus
796 5215 852 5264 et
878 5209 1107 5264 cadente
1133 5209 1188 5263 in
1219 5217 1426 5264 terram
1454 5207 1662 5264 semine
1689 5206 1922 5277 pullula-

330 5300 533 5355 verint.
569 5301 628 5355 In
657 5316 800 5356 anno
822 5309 1002 5356 autem
1029 5302 1208 5368 tertio,
1241 5300 1425 5372 fugato
1452 5301 1566 5372 jam
1595 5300 1840 5370 Assyrio,
1869 5307 1924 5355 et

330 5397 618 5454 obsidione
642 5397 845 5466 laxata,
866 5398 1131 5455 seminate
1149 5409 1205 5456 et
1223 5400 1431 5466 metite,
1446 5399 1688 5471 plantate
1713 5400 1920 5465 vineas,

331 5499 388 5544 et
419 5490 652 5546 fructum
695 5506 880 5546 earum
924 5492 1208 5547 comedite.
1238 5491 1516 5562 Siquidem
1561 5505 1744 5560 parvae
1773 5489 1924 5545 urbis

333 5581 499 5652 hujus
523 5581 785 5652 reliquiae,
811 5597 932 5652 quae
967 5597 1111 5637 nunc
1137 5582 1323 5637 hostili
1347 5581 1620 5637 vallantur
1651 5581 1918 5648 exercitu,

331 5681 389 5727 et
426 5687 682 5728 evasuras
727 5688 787 5730 se
815 5690 936 5730 esse
987 5690 1093 5730 non
1125 5674 1371 5740 credunt,
1418 5683 1623 5728 tantam
1665 5673 1925 5743 recipient

332 5779 517 5818 rerum
537 5765 779 5820 omnium
805 5766 1189 5822 abundantiam
1211 5780 1276 5820 ac
1297 5765 1634 5830 felicitatem,
1661 5774 1718 5818 ut
1754 5765 1925 5819 instar

333 5861 550 5917 arboris
579 5861 688 5918 alta
718 5863 902 5921 radice
934 5861 1193 5930 fundatae,
1224 5865 1402 5936 pomis
1444 5859 1781 5918 densissimis
1818 5859 1921 5914 im-

2032 4750 2152 4796 erat
2185 4757 2472 4798 commune
2499 4742 2886 4812 compluribus,
2917 4746 3012 4799 sed
3033 4746 3325 4816 parricidio
3345 4744 3614 4800 ﬁliorum:

2033 4837 2123 4906 qui
2151 4852 2275 4891 cum
2297 4835 2561 4906 fugissent
2588 4836 2643 4890 in
2675 4844 2878 4891 terram
2897 4837 3154 4905 Araratb,
3184 4839 3327 4910 quod
3357 4836 3609 4908 intelligi-

2033 4936 2120 4981 tur
2147 4926 2437 4991 Armeniae,
2467 4928 2730 4982 successit
2760 4927 2813 4982 in
2841 4929 3011 4999 patris
3036 4929 3214 4985 locum
3238 4929 3616 4995 Asarhaddon,

2032 5035 2191 5089 quem
2216 5018 2498 5089 Scriptura
2528 5027 2759 5073 testatur
2780 5021 2994 5075 misisse
3037 5021 3370 5076 habitatores
3422 5018 3615 5074 Sama-

2027 5110 2145 5175 riae,
2163 5124 2228 5165 ne
2253 5120 2397 5164 terra
2420 5119 2729 5166 remaneret
2754 5111 2974 5166 inculta.
3003 5111 3239 5165 Araratli
3264 5120 3444 5164 autem
3467 5111 3618 5180 regio

2026 5206 2082 5260 in
2111 5204 2369 5260 Armenia
2418 5205 2472 5259 in
2530 5204 2662 5260 locis
2720 5205 3114 5275 campestribus
3157 5213 3261 5270 est,
3311 5218 3410 5274 per
3454 5218 3616 5272 quam

2025 5297 2225 5354 Araxis
2254 5295 2394 5363 fluit,
2421 5296 2756 5352 incredibilis
2782 5295 3066 5358 ubertatis,
3095 5295 3160 5349 ad
3190 5294 3400 5350 radices
3453 5292 3617 5349 Tauri

2028 5389 2251 5455 montis,
2289 5389 2382 5458 qui
2402 5401 2575 5457 usque
2602 5386 2729 5442 illuc
2749 5385 3079 5442 extenditur.
3111 5385 3254 5456 Ergo
3283 5394 3339 5440 et
3382 5401 3507 5441 arca
3557 5386 3610 5440 in

2028 5498 2135 5553 qua
2166 5481 2425 5538 liberatus
2455 5489 2540 5535 est
2561 5478 2672 5534 Noe
2696 5494 2818 5534 cum
2848 5475 3035 5531 liberis
3065 5477 3197 5543 suis,
3226 5487 3476 5532 cessante
3527 5477 3612 5552 die

2027 5575 2194 5641 Iuvio,
2248 5589 2356 5630 non
2389 5573 2458 5626 ad
2501 5580 2714 5626 montes
2748 5568 3074 5640 generaliter
3115 5568 3388 5623 Armeniae
3438 5567 3615 5623 delata

2028 5676 2130 5733 est,
2170 5667 2265 5722 sed
2291 5663 2358 5718 ad
2408 5671 2619 5718 montes
2664 5659 2829 5715 Tauri
2882 5659 3194 5728 altissimos,
3244 5659 3337 5729 qui
3380 5659 3614 5714 Ararath

2027 5759 2277 5814 imminet
2305 5754 2530 5824 campis.
