4044 6336
480 342 580 401 581

1071 457 1298 515 CAPUT
1354 455 1471 513 XX.

556 571 574 604 ι
610 546 668 605 ln
728 549 917 614 diebus
962 546 1069 603 illis
1118 546 1398 621 mgrotavit
1458 543 1716 602 Ezechias
1773 556 1943 614 usque
1996 539 2064 595 ad

486 665 506 698 ι
545 653 802 711 mortem,
825 653 880 700 et
908 643 1058 699 venit
1079 638 1145 699 ad
1166 659 1288 698 eum
1328 640 1500 698 lsaias
1551 638 1692 695 ﬁlius
1737 637 1903 693 Amos
1939 651 2065 707 pro-

484 756 504 792 ι
546 740 732 811 pheta,
782 739 1027 809 dixitque
1090 737 1139 792 ei
1172 755 1184 792 :
1215 735 1342 791 Haec
1388 735 1521 790 dicit
1570 731 1832 789 Dominus
1876 728 2060 785 Deus:

487 850 506 883 ι
540 831 783 903 Praecipe
799 830 982 887 domui
1005 838 1128 894 tuae,
1142 828 1394 883 morieris
1405 827 1549 882 enim
1569 834 1648 893 tu,
1661 834 1717 881 et
1730 839 1841 878 non
1856 818 2023 877 vives.
2040 838 2059 872 ι

478 922 558 980 Ne
578 924 886 979 elevaretur
915 937 1011 978 cor
1034 920 1301 985 Ezechiae,
1332 926 1454 989 post
1483 915 1830 972 incredibiles
1877 913 2066 968 trium-

477 1016 638 1088 phos,
667 1024 721 1070 et
756 1014 821 1069 de
847 1012 1025 1068 media
1049 1011 1363 1083 captivitate
1404 1006 1707 1071 victoriam,
1748 1004 2065 1060 inﬁrmitate

478 1108 727 1180 corporis
750 1107 1025 1171 visitatur,
1066 1112 1122 1160 et
1149 1102 1301 1159 audit
1339 1117 1398 1158 se
1450 1115 1568 1156 esse
1606 1098 1947 1154 moriturum.
1995 1094 2067 1151 Ut

477 1218 773 1258 conversus
795 1200 865 1255 ad
892 1198 1180 1255 Dominum
1202 1195 1386 1253 flectat
1411 1194 1733 1251 sententiam
1751 1193 1888 1264 ejus.
1909 1188 2062 1257 Quod

476 1275 693 1363 quidem
715 1301 772 1347 et
800 1292 853 1347 in
879 1288 1018 1348 Jona
1043 1290 1308 1361 propheta
1345 1287 1597 1360 legimus,
1645 1294 1700 1340 et
1740 1285 1794 1339 in
1838 1279 2062 1338 commi-

476 1380 790 1438 nationibus
811 1390 1002 1438 eontra
1024 1379 1216 1446 David,
1239 1395 1358 1450 quae
1402 1374 1659 1433 dicuntur
1706 1374 1907 1440 futura,
1959 1387 2061 1428 nec

474 1468 616 1530 facta
648 1481 793 1537 sunt,
822 1488 929 1530 non
960 1471 1073 1528 Deo
1114 1478 1359 1527 mutante
1398 1467 1746 1533 sententiam,
1789 1465 1884 1523 sed
1934 1479 2059 1536 pro-

472 1574 702 1623 vocante
728 1566 1024 1621 hnmanum
1052 1579 1223 1635 genus
1244 1562 1313 1618 ad
1336 1561 1581 1617 notitiam
1629 1560 1732 1615 sui.
1798 1555 2058 1611 Dominus

472 1658 745 1731 paenitens
767 1664 852 1712 est
871 1670 1035 1726 super
1054 1654 1306 1721 malitiis;
1331 1652 1476 1709 nulla
1503 1668 1622 1724 quce
1647 1650 1699 1706 in
1728 1650 1834 1705 hoc
1856 1648 2056 1703 mundo

474 1750 786 1806 hominibus
815 1750 969 1815 ﬁunt,
1022 1748 1228 1819 absque
1262 1745 1649 1817 omnipotentis
1695 1743 1791 1798 Dei
1839 1737 2054 1798 occulto

1524 334 1877 392 ANGELOMI
1916 330 2381 391 LUXOVIENSIS
2407 329 2713 390 nomen!
2746 298 2761 317 ’

2091 449 2145 511 Α
2172 446 2329 501 dibus
2351 447 2513 502 verba
2531 446 2801 517 iustorum
2822 450 3075 517 pensant,
3100 450 3156 499 et
3175 442 3282 500 dici
3303 443 3586 499 humiliter
3602 460 3774 518 posse

2162 554 2290 594 vera
2317 539 2456 594 bona
2483 551 2590 593 non
2620 536 2909 592 aestimant.
2940 530 3093 591 Sicut
3129 536 3311 608 gravis
3347 535 3503 607 culpa
3550 544 3638 592 est
3662 536 3773 595 sibi

2166 631 2268 687 hoc
2294 628 2571 686 hominem
2598 638 2857 700 arrogare
2877 628 3021 698 quod
3046 642 3157 684 non
3193 634 3297 695 est,
3329 624 3406 684 sic
3438 622 3775 701 plerumque

2163 720 2319 795 culpa
2345 719 2492 776 nulla
2520 728 2605 777 est
2659 716 2704 775 si
2730 712 3012 775 humiliter
3035 716 3238 775 bonum
3284 716 3431 776 dicat
3473 721 3617 791 quod
3659 730 3769 778 est.

2166 810 2321 872 Unde
2349 828 2490 884 sazpe
2513 812 2780 886 contingit
2806 819 2868 868 ut
2890 808 3023 881 justi
3044 820 3100 868 et
3118 806 3305 882 injusti
3334 804 3577 868 habeant
3597 814 3774 871 verba

2165 904 2381 973 similia,
2406 908 2499 964 sed
2522 914 2703 963 tamen
2732 920 2830 961 cor
2856 920 3072 977 semper
3096 904 3363 962 dissimile
3389 904 3576 980 longe,
3623 916 3681 964 et
3710 908 3773 964 in

2166 997 2360 1071 quibus
2384 999 2544 1057 dictis
2568 996 2830 1056 Dominus
2881 1000 2949 1054 ab
2977 998 3191 1071 injustis
3225 996 3519 1056 attenditur
3564 1001 3621 1057 in
3661 1000 3775 1058 eis-

2165 1089 2287 1145 dem
2318 1104 2532 1162 quoque
2560 1106 2591 1147 a
2616 1090 2778 1163 justis
2824 1090 3091 1161 placatur.
3120 1088 3255 1146 Nam
3301 1086 3638 1159 Pharisazus,
3686 1093 3775 1148 in.

2165 1196 2385 1254 gressus
2417 1183 2697 1253 templum,
2728 1182 2942 1239 dicebat
2970 1201 2983 1237 :
3021 1203 3040 1234 ι
3070 1180 3265 1254 Jejuno
3292 1178 3377 1238 his
3412 1182 3468 1239 in
3512 1184 3770 1249 sabbato,
3870 1243 3879 1253 ,

2163 1280 2402 1336 decimas
2432 1280 2500 1335 do
2527 1278 2769 1336 omnium
2794 1296 2914 1352 qua:
2960 1280 3236 1351 possideo,
3296 1278 3391 1336 sed
3427 1280 3775 1350 justiﬁcatus

2160 1376 2332 1448 magis
2355 1375 2674 1447 publicanus
2711 1389 2870 1444 quam
2902 1370 2993 1429 ille
3017 1368 3325 1446 exiit(Luc.
3350 1374 3531 1441 xvm).
3571 1393 3592 1427 ι
3626 1373 3774 1429 Eze-

2158 1469 2312 1523 chias
2339 1483 2552 1539 quoque
2574 1482 2671 1523 rex
2703 1482 2823 1521 eum
2856 1462 3102 1521 molestia
3141 1466 3386 1537 corporis
3432 1464 3670 1520 amictus
3700 1463 3775 1520 ad

2159 1559 2562 1615 extremitatem
2592 1557 2955 1629 pervenisset,
3005 1554 3059 1611 in
3116 1554 3361 1611 oratione
3406 1565 3777 1627 compunctus

2156 1650 2329 1706 dixit:
2363 1671 2381 1703 ‹
2414 1651 2672 1716 Obsecro,
2704 1649 2953 1715 Domine,
2995 1658 3269 1705 memento
3319 1646 3597 1720 quomodo
3645 1664 3777 1704 am-

2154 1740 2454 1797 bnlaverim
2483 1757 2668 1797 coram
2698 1750 2751 1795 te
2780 1738 2834 1795 in
2864 1739 3095 1796 veritate
3118 1737 3251 1796 etin
3272 1739 3436 1794 corde
3459 1736 3773 1809 perfectoa

470 1845 699 1903 consilio
726 1845 971 1900 veniunt.
1031 1815 1164 1898 Nam
1213 1815 1586 1899 cuncta—Deus
1625 1847 1877 1894 secutura
1920 1849 2059 1905 prte-
2086 1815 2134 1877 B
2164 1831 2273 1888 Nec
2312 1833 2575 1888 Dominus
2619 1828 2763 1888 hanc
2797 1828 3193 1888 confessionem
3240 1830 3597 1901 perfectionis
3645 1828 3779 1898 ejus

470 1955 596 1996 sens
623 1949 751 1995 ante
781 1937 979 1995 smcula
1007 1937 1270 2002 decrevit,
1311 1932 1542 2005 qualiter
1578 1946 1674 2003 per
1707 1929 1900 1986 saecula
1954 1926 2057 1983 dis-

467 2040 761 2102 ponantur.
795 2027 1067 2085 Statutum
1099 2026 1295 2098 quippe
1324 2022 1439 2094 jam
1476 2021 1786 2079 hominibus
1841 2028 1947 2083 est,
1970 2017 2055 2071 vel

466 2128 733 2190 quantum
747 2116 906 2187 hujus
920 2116 1105 2173 mundi
1120 2115 1457 2199 prosperitas
1468 2112 1711 2184 sequitur
1724 2117 2055 2182 quantumve

466 2213 814 2279 adversitatis
843 2212 1033 2268 feritas
1054 2211 1233 2273 feriat,
1260 2225 1364 2265 nec
1383 2207 1586 2264 electos
1629 2204 1768 2275 ejus,
1812 2212 1906 2259 aut
1956 2202 2055 2258 im-

465 2306 746 2361 moderata
790 2305 1127 2376 prosperitas
1173 2302 1367 2366 elevet,
1419 2310 1510 2355 aut
1544 2299 1711 2354 nimia
1754 2296 2054 2353 adversitas

464 2404 673 2468 gravet.
704 2394 980 2451 Statutum
1006 2409 1223 2464 quoque
1248 2400 1352 2459 est,
1387 2400 1650 2463 quantum
1677 2391 1731 2445 in
1774 2391 1892 2460 ipsa
1941 2389 2050 2443 vita

460 2487 682 2544 mortali
732 2486 1103 2557 temporaliter
1128 2486 1364 2552 vivatur,
1392 2501 1519 2540 nam
1551 2485 1653 2539 etsi
1693 2499 1866 2539 annos
1896 2483 2054 2553 quin-

464 2580 640 2637 decim
675 2580 927 2636 Ezechiae
957 2580 1071 2651 regi
1117 2579 1187 2634 ad
1238 2578 1407 2633 vitam
1461 2576 1667 2632 addidit
1711 2574 2053 2644 omnipotens

462 2670 637 2736 Deus;
672 2685 797 2725 cum
826 2684 949 2725 eum
972 2670 1112 2725 mori
1136 2669 1404 2740 permisit,
1458 2675 1585 2722 tunc
1601 2665 1883 2737 praescivit
1928 2678 2050 2719 esse

459 2762 784 2818 moriturum
816 2780 828 2816 :
852 2777 959 2834 qua
988 2761 1045 2816 in
1073 2776 1131 2816 re
1158 2760 1385 2831 quaestio
1403 2759 1600 2824 oritur,
1630 2755 1904 2829 quomodo
1946 2753 1996 2809 ei
2018 2769 2050 2809 a

457 2853 728 2926 Propheta
762 2855 962 2911 dicitur
990 2870 1004 2908 :
1043 2872 1063 2905 ‹
1091 2854 1327 2924 Dispone
1354 2852 1535 2907 domui
1569 2860 1672 2905 tua!
1702 2850 1827 2920 quia
1853 2848 2051 2905 morie-

458 2949 537 3004 ris
558 2959 638 3016 tu,
661 2958 716 3005 et
738 2964 844 3005 non
871 2949 1042 3005 vives.
1074 2967 1093 2999 ι
1120 2945 1218 3002 Cui
1253 2961 1377 3001 cum
1406 2944 1600 3000 mortis
1619 2941 1889 2999 sententia
1909 2941 2049 2996 dicta

459 3048 566 3106 est,
596 3039 845 3110 protinus
873 3040 937 3095 ad
964 3039 1082 3110 ejus
1101 3038 1373 3110 lacrymas
1399 3045 1483 3092 est
1529 3036 1637 3090 vita
1683 3033 1889 3090 addita.
1942 3030 2049 3088 Sed

456 3149 557 3207 per
578 3133 898 3205 prophetam
938 3132 1198 3188 Dominus
1251 3131 1410 3197 dixit,
1458 3145 1566 3201 quo
1622 3139 1867 3200 tempore
1910 3126 2046 3181 mori

456 3224 571 3295 ipse
627 3225 958 3289 merebatur,
1020 3238 1122 3280 nec
1166 3222 1434 3279 dominica
1492 3221 1736 3276 instituta
1789 3216 2045 3274 convulsa

455 3326 605 3385 sunt,
628 3318 720 3390 qui
743 3325 926 3374 autem
948 3331 1017 3373 ex
1050 3317 1299 3389 largitate
1337 3315 1432 3371 Dei
1486 3313 1612 3367 anni
1666 3312 1788 3367 vita:
1838 3325 2046 3366 cresce-

456 3420 601 3477 rent,
632 3412 734 3467 hoc
771 3426 986 3483 quoque
1010 3420 1134 3466 ante
1167 3407 1361 3465 szecula
1408 3403 1691 3474 praeﬁxum
1724 3400 1844 3466 fuit,
1888 3409 2047 3469 atque

454 3505 692 3577 spatium
730 3504 856 3559 vita
882 3503 1027 3574 quod
1056 3498 1322 3571 inopinati
1348 3495 1481 3551 foris
1502 3504 1586 3551 est
1607 3493 1871 3559 additum,
1930 3493 2048 3547 sine

456 3607 746 3673 augmento
769 3597 1022 3669 praesenti
1050 3594 1153 3648 fuit
1181 3593 1327 3648 intus
1349 3597 1632 3645 statutum.

530 3710 550 3742 ι
584 3690 686 3761 Qui
717 3688 987 3745 convertit
1018 3684 1215 3740 faciem
1242 3698 1395 3739 suam
1423 3682 1490 3737 ad
1519 3681 1785 3751 parietem
1828 3686 1883 3735 et
1925 3692 2048 3734 ora-

461 3803 479 3835 t
510 3782 899 3839 vitDominum
926 3779 1134 3834 dicens.
1168 3797 1186 3829 ›
1221 3775 1611 3845 Convertitque
1639 3774 1906 3829 Ezechias
1961 3770 2044 3825 fa-

456 3873 595 3929 ciem
629 3888 783 3929 suam
818 3871 887 3925 ad
916 3869 1200 3940 parietem,
1231 3868 1357 3939 quia
1381 3867 1447 3922 ad
1496 3865 1754 3938 templum
1801 3866 1881 3921 ire
1939 3878 2047 3919 non

452 3973 686 4041 poterat.
724 3963 808 4019 Ad
833 3964 1100 4033 parietem
1130 3970 1311 4017 autem
1336 3960 1521 4033 templi
1546 3959 1700 4029 juxta
1723 3957 1867 4029 quod
1896 3955 2048 4012 Salo-

458 4075 584 4115 mon
624 4057 887 4129 palatium
914 4064 1294 4112 exstruxerat:
1326 4055 1410 4109 vel
1449 4052 1695 4109 absolute
1741 4050 1809 4105 ad
1863 4049 2044 4121 parie-

459 4149 970 4221 tem,nelacrymas
992 4164 1121 4205 snas
1160 4147 1526 4205 assidentibus
1574 4152 1847 4201 ostentare
1891 4142 2043 4199 vide-

458 4250 629 4297 retur.
660 4240 769 4296 Aut
793 4249 942 4297 certe
956 4238 1116 4311 juxta
1138 4238 1433 4295 Jeremiam
1476 4239 1544 4293 ad
1589 4253 1686 4293 cor
1728 4252 1907 4303 suum,
1954 4236 2046 4307 qui

460 4331 663 4387 idcirco
689 4331 953 4403 parietem
996 4347 1092 4387 cor
1127 4329 1383 4403 appellat,
1424 4337 1485 4384 ut
1506 4336 1618 4383 tota
1647 4337 1828 4384 mente
1868 4326 2043 4383 Domio

459 4441 586 4479 num
618 4425 1020 4499 deprecaretur.

2159 1924 2402 1995 despexit
2428 1932 2521 1979 aut
2545 1922 2741 1988 renuit,
2769 1936 2930 1994 quem
2955 1936 3081 1977 mox
3103 1921 3157 1976 in
3181 1922 3296 1976 auis
3315 1920 3573 1991 precibus
3596 1934 3782 1976 exau-

2158 2016 2310 2071 divit.
2344 2016 2485 2072 Ecce
2512 2016 2812 2088 pharisaeus
2850 2031 2909 2071 se
2933 2012 3257 2086 justiﬁeavit
3297 2013 3352 2069 in
3395 2028 3562 2085 opere
3587 2020 3603 2068 ξ
3628 2010 3780 2070 Eze-

2156 2104 2308 2163 chias
2326 2106 2530 2176 justum
2559 2121 2620 2162 se
2648 2105 2881 2162 asseruit
2899 2106 3067 2159 etiam
3089 2103 3146 2159 in
3177 2102 3529 2175 cogitatione.
3581 2103 3781 2174 Atque

2158 2201 2296 2254 unde
2317 2199 2407 2255 ille
2426 2198 2675 2267 oﬁ‘endit,
2707 2199 2834 2254 inde
2872 2194 2975 2254 iste
3017 2197 3306 2254 Dominum
3352 2190 3607 2270 placavit.
3648 2196 3782 2254 Cur

2157 2290 2337 2361 itaque
2366 2288 2506 2345 hoc?
2530 2286 2633 2345 nisi
2661 2288 2790 2361 quia
2818 2280 3172 2360 omnipotens
3222 2288 3365 2345 Deus
3417 2287 3778 2360 singulorum

2156 2384 2318 2436 verba
2354 2397 2417 2437 ac
2448 2380 2805 2451 cogitationes
2835 2391 3045 2452 pensat,
3089 2388 3144 2435 et
3171 2379 3225 2435 in
3257 2379 3372 2452 ejus
3400 2381 3624 2435 auribus
3664 2394 3780 2435 su-

2152 2472 2317 2543 perba
2342 2489 2449 2528 non
2483 2481 2610 2529 sunt
2635 2488 2755 2544 quae
2793 2472 2985 2528 humili
3011 2471 3176 2527 corde
3202 2468 3523 2541 proferunt?

2229 2604 2247 2633 ι
2285 2582 2570 2653 Flevitque
2616 2582 2881 2638 Ezechias
2921 2580 3051 2637 ﬁetu
3089 2596 3304 2653 magno.
3348 2580 3417 2636 Et
3461 2588 3777 2652 antequam

2157 2698 2176 2729 ‹
2213 2679 2566 2751 egrederetur
2590 2676 2760 2733 Isaias
2788 2676 3023 2732 mediam
3055 2682 3265 2745 partem
3290 2675 3414 2729 atrii
3451 2670 3627 2730 factus
3671 2683 3777 2733 est

2158 2787 2178 2821 ι
2217 2785 2398 2826 sermo
2420 2756 2634 2825 Domini
2683 2769 2751 2823 ad
2799 2782 2949 2834 eum,
2987 2767 3214 2822 dicens:
3244 2765 3535 2821 Revertere
3568 2774 3627 2821 et
3667 2765 3775 2823 die

2158 2880 2177 2913 ι
2211 2861 2459 2917 Ezechiae
2481 2861 2603 2916 duci
2630 2858 2811 2931 populi
2838 2858 2943 2914 mei
2974 2872 2989 2912 :
3018 2858 3144 2914 Haec
3170 2858 3301 2913 dicit
3322 2856 3580 2911 Dominus
3606 2854 3772 2913 Deus

2156 2974 2175 3006 ι
2210 2955 2383 3025 patris
2408 2954 2485 3008 tui
2512 2951 2683 3007 David
2714 2970 2727 3006 :
2756 2951 2947 3006 Audivi
2980 2951 3282 3005 orationem
3312 2958 3478 3015 luam,
3508 2949 3622 3003 vidi
3670 2948 3771 3003 la-

2157 3065 2174 3097 c
2207 3059 2447 3117 crymam
2476 3053 2625 3098 tuam
2646 3051 2699 3099 et
2720 3057 2847 3099 ecce
2871 3042 3059 3098 sanavi
3094 3052 3165 3096 te.
3206 3041 3304 3096 Die
3334 3042 3495 3096 tertio
3548 3056 3767 3097 ascen-

2160 3157 2178 3189 ‹
2219 3139 2313 3193 des
2346 3136 2600 3207 templum
2630 3135 2865 3202 Domini,
2890 3143 2947 3191 et
2972 3134 3166 3190 addam
3195 3132 3386 3190 diebus
3417 3133 3524 3188 tuis
3569 3135 3715 3204 quin
3734 3162 3770 3180 ο

2159 3245 2179 3278 ‹
2212 3228 2384 3282 decim
2414 3241 2606 3281 annos.
2641 3224 2749 3281 Sed
2785 3232 2840 3280 et
2886 3225 2953 3280 de
2988 3239 3151 3279 manu
3208 3224 3351 3295 regis
3396 3224 3765 3297 Assyriorum

2155 3337 2172 3367 ι
2211 3316 2451 3372 liberabo
2481 3324 2551 3383 te,
2575 3322 2631 3369 et
2658 3314 2935 3370 civitatem
2966 3313 3129 3375 hanc,
3155 3320 3212 3367 et
3234 3323 3514 3384 protegam
3552 3313 3761 3368 urbem

2154 3426 2175 3461 ι
2208 3409 2366 3464 istam
2393 3417 2613 3478 propter
2640 3422 2728 3461 me
2748 3415 2802 3461 et
2824 3414 3047 3477 propter
3068 3404 3236 3460 David
3259 3420 3473 3460 servum
3502 3420 3754 3460 meum»

2148 3504 2319 3560 Flevit
2341 3511 2523 3558 autem
2559 3502 2689 3557 fletu
2718 3517 2918 3573 magno
2953 3510 3174 3573 propter
3199 3501 3613 3572 promissionem
3641 3482 3761 3558 Do.

2147 3589 2292 3651 mini'
2310 3597 2375 3649 ad
2403 3594 2596 3660 David,
2626 3592 3116 3665 quamvidebatin
3165 3607 3260 3647 sua
3304 3601 3480 3646 morte
3530 3593 3757 3662 peritu-

2148 3705 2285 3744 ram.
2326 3688 2403 3743 Eo
2429 3688 2573 3741 enim
2608 3696 2851 3757 tempore
2882 3680 3144 3743 Ezechias
3174 3686 3313 3743 ﬁlios
3339 3702 3445 3742 non
3484 3687 3755 3755 habebat,

2148 3796 2273 3836 nam
2292 3788 2417 3851 post
2446 3787 2673 3833 mortem
2694 3777 2813 3849 ejus
2844 3776 3122 3833 Manasses
3145 3792 3267 3832 eum
3310 3775 3592 3832 duodecim
3646 3792 3756 3833 an-

2149 3891 2343 3930 norum
2371 3881 2539 3941 esset,
2572 3886 2802 3944 regnare
2827 3871 2992 3942 coepit
3023 3870 3076 3925 in
3100 3869 3259 3926 Juda.
3290 3869 3369 3925 Ex
3388 3885 3499 3940 quo
3536 3869 3761 3941 perspi-

2147 3982 2308 4020 cuum
2332 3975 2417 4020 est
2447 3972 2568 4035 post
2595 3963 2812 4019 tertium
2836 3978 3036 4017 annum
3060 3977 3333 4017 concessae
3353 3961 3495 4026 vitm,
3525 3960 3757 4017 Manas-

2148 4073 2242 4115 sen
2267 4073 2387 4113 esse
2413 4064 2751 4128 generatum.
2776 4054 2917 4127 Ergo
2945 4055 3046 4110 iste
3075 4054 3254 4109 dumis
3277 4062 3361 4109 est
3385 4051 3565 4119 fletus,
3594 4053 3759 4124 quod

2148 4150 2471 4225 desperabat
2531 4148 2808 4206 Christum
2862 4147 2928 4202 de
2974 4162 3074 4202 suo
3122 4147 3328 4203 semine
3383 4147 3753 4201 nasciturum.

2147 4240 2406 4309 Quamvis
2463 4239 2554 4295 alii
2600 4245 2851 4293 asserunt
2895 4246 3114 4292 sanctos
3162 4237 3332 4300 viros,
3393 4251 3498 4290 non
3548 4236 3755 4292 terreri

2144 4342 2370 4407 propter
2402 4332 2671 4387 incertum
2701 4328 2915 4399 judieii,
2943 4337 2999 4383 et
3026 4328 3416 4400 ignorationem
3461 4328 3757 4382 sententia:

2148 4424 2267 4489 Dei,
2297 4438 2461 4494 quam
2492 4422 2677 4479 sedem
2708 4419 2947 4475 habituri
2978 4420 3104 4481 sint,
3143 4419 3411 4490 simulque
3438 4418 3563 4473 facti
3598 4434 3755 4487 qua:-

537 4535 556 4567 ι
585 4514 846 4578 Obsecro,
874 4516 1123 4581 Domine,
1175 4524 1452 4571 memento
1489 4514 1759 4584 quomodo
1806 4512 2047 4569 ambula-
2072 4537 2126 4599 Ι)
2154 4515 2257 4570 stio
2288 4514 2537 4579 solvitur,
2589 4526 2652 4567 ac
2677 4510 3018 4567 necessitatis
3063 4510 3279 4567 vincula
3331 4520 3494 4580 atque
3549 4524 3757 4565 causa-

463 4626 483 4659 ι
528 4607 699 4663 verim
734 4623 918 4665 coram
947 4615 997 4664 te
1031 4608 1083 4662 in
1108 4607 1357 4672 veritate,
1398 4606 1530 4661 etin
1580 4605 1742 4661 corde
1785 4605 2046 4676 perfecto,

464 4716 482 4749 ι
512 4706 568 4754 et
612 4700 756 4770 quod
789 4699 1047 4770 placitum
1093 4708 1178 4755 est
1220 4713 1407 4755 coram
1450 4706 1502 4754 te
1547 4697 1789 4754 fecerim.
1833 4718 1851 4751 ι
1898 4697 2048 4755 Felix

459 4790 794 4846 conscientia
818 4805 940 4861 qua:
975 4786 1285 4845 aﬁlictionis
1320 4797 1562 4861 tempore
1598 4788 1863 4844 honorum
1915 4803 2047 4859 ope-

462 4897 580 4949 rum
612 4880 950 4938 recordatur.
986 4900 1005 4933 ι
1033 4881 1182 4936 Beati
1210 4880 1356 4935 enim
1383 4881 1584 4936 mundo
1606 4884 1770 4935 corde
1795 4880 2047 4950 quoniam

459 4972 561 5045 ipsi
596 4974 766 5029 Deum
800 4973 1060 5029 videbunt
1096 4971 1316 5044 (Matth.
1340 4974 1415 5044 v).
1450 4992 1470 5024 ι
1512 4972 1581 5027 Ει
1622 4973 1892 5042 quotttudo
1922 4970 2050 5025 alibi

458 5064 723 5136 scriptum
744 5072 866 5121 est:
903 5084 921 5116 ‹
953 5064 1085 5133 Quis
1134 5063 1453 5136 gloriabitur
1504 5079 1698 5135 purum
1746 5079 1805 5119 se
1848 5063 2049 5119 habere

458 5173 557 5215 cor
613 5156 796 5230 (Prov.
846 5158 940 5232 x)?
999 5180 1017 5211 ι
1073 5159 1219 5231 quod
1240 5159 1314 5213 ita
1359 5157 1586 5214 solvitur
1618 5173 1630 5211 :
1661 5156 2048 5226 perfectionem

460 5250 642 5306 cordis
667 5251 722 5307 in
750 5266 817 5307 eo
844 5267 985 5307 nunc
1015 5252 1148 5317 diei,
1179 5251 1324 5321 quod
1346 5250 1489 5306 idola
1525 5249 1875 5315 destruxerit,
1914 5256 2049 5304 tem-

460 5341 535 5413 pli
556 5358 771 5414 quoque
798 5344 983 5400 valvas
1003 5345 1298 5415 aperuerit,
1336 5351 1642 5414 serpentem
1675 5356 1883 5399 aaneum
1907 5358 2051 5398 eom-

464 5431 740 5497 minuerit,
766 5440 822 5488 et
840 5442 1039 5489 caetera
1084 5434 1274 5489 iecerit
1313 5447 1436 5503 quae
1482 5431 1759 5502 Scriptura
1809 5447 2047 5489 commc-

462 5532 660 5577 morat.
736 5522 1058 5594 Plerumque
1124 5526 1396 5597 aliquibus
1437 5523 1570 5595 justi
1635 5527 2049 5583 necessitatibus

464 5611 648 5668 amicti
668 5628 765 5667 sua
802 5629 966 5683 opera
994 5626 1261 5688 coguntur
1287 5612 1462 5681 fateri,
1486 5617 1581 5673 sed
1604 5633 1727 5672 cum
1755 5634 1944 5674 eorum
1978 5618 2053 5673 di-

466 5715 549 5761 cta
580 5705 1007 5776 injustiandiunt
1035 5710 1152 5765 haec
1193 5726 1291 5781 per
1320 5709 1613 5766 elationem
1656 5711 1837 5782 potius
1886 5726 2048 5783 quam

468 5814 567 5877 per
593 5797 876 5857 veritatem
899 5800 1215 5858 existimant
1236 5802 1463 5877 prolata.
1496 5801 1577 5859 Ex
1602 5804 1715 5859 suis
1743 5803 1888 5860 enim
1932 5819 2050 5860 cor-

2154 4620 2297 4671 rum,
2325 4604 2467 4675 quod
2490 4619 2833 4674 nequaquam
2865 4603 2980 4657 dies
3002 4603 3198 4687 mortis
3250 4602 3475 4675 singulis
3519 4612 3753 4672 praesta-

2154 4711 2266 4758 tuta
2292 4702 2385 4767 sit,
2415 4701 2507 4758 sed
2538 4700 2819 4757 voluntate
2847 4699 2939 4754 Dei
2965 4709 3019 4753 et
3050 4699 3249 4769 ignotis
3274 4697 3596 4753 mortalibus
3618 4712 3759 4751 can-

2156 4793 2248 4857 sis,
2274 4791 2357 4847 vel
2382 4792 2531 4847 vivat
2560 4791 2756 4862 aliquis
2790 4790 2874 4846 vel
2903 4790 3184 4845 moriatur.
3254 4787 3568 4842 Pra'sertim
3620 4801 3754 4841 cum

2154 4892 2209 4939 et
2238 4892 2442 4938 statuta
2468 4898 2611 4937 nunc
2638 4882 2829 4936 mortis
2852 4880 3152 4936 necessitas
3180 4879 3485 4941 differatur,
3532 4886 3589 4933 et
3626 4886 3756 4948 post

2156 4982 2386 5029 mortem
2416 4972 2770 5028 resuscitatus
2813 4968 3078 5043 plurimos
3122 4956 3383 5043 legamus.
3430 4967 3755 5025 Rcvertitur

2154 5075 2334 5122 autem
2358 5067 2423 5120 ad
2465 5082 2646 5138 regem
2677 5066 2940 5138 propheta
2978 5064 3477 5134 Dominijussionc,
3522 5074 3581 5119 ut
3638 5067 3753 5136 ipse

2153 5168 2373 5215 sanaret
2397 5161 2486 5230 qui
2517 5169 2886 5235 percusserat,
2910 5169 2962 5215 et
2988 5169 3212 5215 vocatur
3236 5160 3499 5215 Ezechias
3523 5159 3632 5214 dux
3654 5176 3753 5230 po—

2152 5250 2263 5322 puli
2294 5250 2417 5313 ntei,
2448 5259 2504 5305 et
2529 5250 2671 5306 ﬁlius
2692 5249 2887 5317 David,
2908 5249 3063 5320 cujus
3096 5265 3260 5318 opera
3286 5250 3605 5306 sectabatur
3630 5270 3641 5305 :
3676 5251 3753 5306 fec

2150 5351 2302 5398 cerat
2329 5342 2471 5397 enim
2508 5354 2713 5399 rectum
2733 5343 2890 5415 juxta
2918 5343 3100 5398 omnia
3152 5360 3271 5413 quae
3328 5344 3536 5400 fecerat
3582 5344 3753 5399 David

2158 5444 2309 5511 pater
2337 5435 2472 5506 ejus,
2507 5444 2561 5491 et
2592 5437 2811 5491 auditur
2850 5434 2968 5506 ejus
3013 5436 3212 5503 oratio,
3270 5438 3630 5507 videnturque
3674 5436 3753 5490 la—

2157 5543 2374 5599 crymze,
2405 5529 2659 5598 quoniam
2691 5528 3067 5585 ambulaverat
3111 5545 3294 5585 coram
3320 5530 3550 5584 Domino
3578 5530 3629 5584 in
3658 5546 3749 5583 ve-

2160 5620 2339 5685 ritate,
2371 5629 2425 5675 et
2457 5621 2511 5675 in
2539 5622 2704 5677 corde
2728 5617 2994 5691 perfecto.
3036 5620 3102 5677 Et
3129 5618 3498 5675 ﬁeveratﬁctn
3529 5636 3749 5691 magno,

2157 5722 2211 5768 et
2236 5714 2379 5784 quod
2406 5713 2659 5785 placitum
2681 5716 2869 5770 eratin
2893 5714 3066 5771 oculis
3084 5714 3200 5785 ejus
3222 5714 3447 5771 fecerat.
3472 5713 3749 5785 Adjiciun-

2160 5814 2353 5881 turque
2383 5808 2694 5883 quindecim
2724 5810 2855 5867 anni
2881 5810 2951 5867 ad
2980 5809 3174 5879 vitam,
3221 5823 3358 5887 quos
3386 5807 3475 5867 ille
3498 5823 3614 5866 non
3651 5822 3748 5887 po.

3654 332 3769 393 π’
3860 326 3871 333 ο
