4044 6336
287 359 398 420 513

1199 359 1452 418 ENARR.
1488 361 1556 418 IN
1591 363 1840 422 LIBROS
1878 363 2142 422 REGUM.
2185 397 2252 408 -—
2290 365 2360 422 IN
2395 367 2526 424 LIB.
2569 367 2658 426 Π.

3453 373 3556 434 εει

287 487 604 550 stulavcrat,
637 493 690 540 et
721 484 774 540 in
803 485 1180 554 supervivente
1201 483 1295 540 illo
1324 485 1476 556 regni
1501 486 1764 538 securitas
1787 499 1874 538 re-
1897 487 1950 546 Α
1973 493 2166 540 exortu
2201 485 2460 540 reddatur
2491 503 2504 540 :
2529 486 2670 542 sicut
2693 495 2750 542 et
2777 497 3020 544 veterum
3047 491 3312 556 historiae,
3341 503 3396 548 et
3431 509 3558 552 nos-

283 577 644 650 promittitur.
675 575 772 632 Sin
793 587 972 632 autem
998 577 1082 648 (ut
1105 578 1324 646 quidam
1371 579 1582 648 putant)
1635 578 1690 632 in
1743 591 1866 632 cor-

281 687 422 748 pore
445 685 632 730 vivere
652 671 1034 728 condemnatio
1057 679 1156 738 est,
1185 679 1238 728 et
1261 671 1414 742 juxta
1445 669 1574 726 illud
1601 669 1746 740 quod
1785 671 1870 726 di-

281 767 434 822 citur
463 783 476 820 :
513 783 532 816 σ
563 765 878 830 Revertere,
905 763 1086 819 anima
1119 777 1258 830 mea,
1287 765 1342 818 in
1375 763 1616 834 requiem
1643 771 1810 818 tuam.
1845 781 1864 815 ι

279 857 354 912 Et
383 855 436 912 in
459 855 564 912 alio
593 853 752 912 loco:
781 875 800 908 ς
837 855 984 912 Educ
1009 857 1076 912 de
1095 869 1318 912 carcere
1345 857 1580 910 animam
1617 869 1814 919 meam,
1843 871 1866 906 ι

277 947 520 1020 optanda
543 959 626 1004 est
655 963 790 1012 mos,
823 957 884 1004 ut
905 947 974 1004 de
1003 963 1224 1004 carcere
1273 949 1566 1002 liberemur
1597 947 1870 1018 quomodo

277 1055 432 1098 nunc
459 1041 620 1098 donat
645 1057 746 1112 pro
771 1041 1054 1108 beneﬁcio,
1087 1051 1146 1098 ut
1175 1043 1266 1114 qui
1297 1043 1608 1100 liberandus
1635 1051 1756 1098 erat
1775 1043 1870 1096 ad-

275 1133 392 1191 huc
419 1133 726 1206 quindecim
763 1135 918 1190 annis
947 1133 1094 1190 vivat
1115 1135 1170 1189 in
1203 1137 1460 1192 carcere?

352 1245 376 1282 ι
409 1225 662 1300 Dixitque
687 1227 882 1284 lsaias:
911 1227 1112 1284 Aﬁ'erte
1141 1245 1376 1286 massam
1403 1231 1630 1286 ﬁcorum
1661 1243 1866 1300 :quam

279 1343 300 1376 ι
334 1337 464 1380 cum
489 1323 798 1378 attulissent
827 1331 883 1380 et
909 1325 1218 1394 posuissent
1240 1341 1402 1396 super
1425 1325 1578 1380 ulcus
1607 1325 1740 1398 ejus,
1767 1339 1866 1382 cu-

279 1435 298 1468 σ
335 1425 490 1472 natus
515 1425 616 1472 est.
655 1435 673 1470 ι
707 1415 874 1472 Aiunt
923 1417 1136 1474 Hebraei
1189 1419 1412 1474 verbum
1465 1419 1676 1474 schehiu
1701 1419 1864 1492 (quod

271 1509 674 1580 prmtermisere
697 1507 1072 1582 Septuaginta)
1090 1509 1240 1566 ulcus
1271 1525 1488 1574 sonare,
1515 1527 1622 1566 non
1649 1511 1864 1568 vulnus.

271 1603 412 1658 Nam
471 1603 694 1672 Aquila,
753 1603 1218 1676 Symmachusqne
1257 1611 1312 1658 et
1359 1603 1696 1658 Theodotion
1723 1605 1864 1666 ἕλκος

265 1697 614 1768 interpretati
644 1705 792 1764 sunt,
825 1713 920 1768 per
951 1697 1092 1768 quod
1119 1699 1366 1752 morbum
1401 1697 1606 1768 regium
1637 1697 1863 1768 intelligi

265 1789 480 1844 volunt.
513 1789 608 1844 Cui
637 1789 914 1844 contraria
967 1798 1228 1860 putantur
1257 1791 1342 1844 vel
1381 1797 1594 1861 sumpta
1623 1791 1678 1846 in
1713 1791 1860 1856 cibo,

1973 579 2042 634 tri
2081 579 2326 634 homines
2371 579 2504 646 aevi,
2553 581 2646 650 qui
2693 581 2802 636 illis
2829 581 2896 638 de
2945 583 3190 654 partibus
3239 587 3556 656 adveniunt,

1971 673 2432 730 abundantissime
2461 675 2716 746 produnt,
2749 690 3028 746 nunquam
3061 685 3242 734 autem
3271 679 3328 734 hi
3353 679 3444 750 qui
3467 681 3552 736 iu-

1971 765 2170 820 teriora
2195 767 2368 820 austri
2401 767 2664 834 incolunt,
2691 767 2878 824 videre
2905 769 3076 826 solem
3107 785 3204 842 per
3225 773 3556 834 meridianas

1969 859 2154 930 plagas
2181 859 2250 914 ad
2287 861 2552 918 orientem
2583 863 2652 918 ab
2679 877 2876 918 occasu
2909 865 3108 922 redire.
3151 863 3306 934 Quod
3341 867 3552 940 signum

1969 959 2028 1006 et
2057 953 2342 1024 praesentis
2383 955 2640 1024 temporis
2665 963 2722 1012 et
2747 955 2912 1012 futuri
2945 967 3104 1030 typus
3143 969 3282 1028 erat,
3325 971 3386 1018 ut
3421 977 3556 1032 quo-

1971 1045 2130 1100 modo
2171 1047 2250 1102 sol
2303 1055 2670 1104 reverteretur
2719 1051 2788 1106 ad
2845 1051 3130 1108 exordium
3199 1053 3306 1122 sui,
3369 1057 3444 1110 ita
3493 1065 3550 1112 et

1969 1139 2215 1194 Ezechiae
2241 1139 2374 1204 vita,
2415 1141 2482 1196 ad
2517 1141 2764 1198 detextos
2793 1159 2966 1200 annos
3011 1145 3254 1200 rediret:
3291 1147 3558 1218 nobisque

1969 1233 2024 1288 in
2079 1233 2414 1290 hebdomade
2437 1243 2494 1290 et
2519 1235 2762 1308 ogdoade
2809 1237 3116 1296 viventibus
3161 1255 3258 1310 per
3303 1255 3554 1304 resurre-

1969 1325 2202 1380 ctionem
2231 1325 2452 1390 Christi,
2475 1327 2598 1382 vita:
2630 1329 2800 1398 spatia
2835 1329 3184 1398 protelentur.
3219 1331 3406 1388 Solent
3431 1349 3558 1390 san-

1969 1429 2178 1474 ctorum
2205 1419 2444 1474 locorum
2469 1419 2522 1476 in
2539 1421 2642 1478 hac
2667 1423 2946 1492 provincia
2969 1433 3384 1490 monstratores,
3409 1425 3556 1482 intra

1969 1521 2226 1582 consepta
2269 1513 2454 1582 templi
2501 1515 2786 1570 ostendere
2819 1519 3022 1586 gradus
3065 1517 3314 1574 Ezechias
3365 1517 3556 1574 domus

1967 1603 2054 1658 vel
2083 1603 2288 1670 Achaz,
2321 1605 2462 1674 quod
2493 1605 2574 1662 sol
2605 1617 2704 1678 per
2747 1621 2842 1664 eos
2885 1608 3248 1664 descenderit.
3285 1609 3390 1664 Sed
3423 1625 3550 1664 nuu-

1967 1711 2130 1764 quam
2165 1709 2266 1766 ego
2309 1697 2498 1762 credo,
2541 1713 2648 1752 non
2697 1699 2820 1754 dico
2855 1699 3040 1756 Achaz
3085 1701 3176 1770 qui
3227 1715 3316 1756 rex
3361 1701 3556 1770 impius

1967 1785 2090 1852 fuit,
2123 1787 2216 1840 sed
2241 1787 2528 1858 enjuslibet
2551 1789 2696 1856 regis
2715 1787 2850 1858 justi
2895 1788 3116 1846 domum
3145 1789 3312 1846 fuisse
3343 1791 3396 1846 in
3421 1801 3558 1846 tem-

269 1881 354 1938 vcl
387 1883 632 1952 apposita
667 1881 880 1952 corpori
919 1897 1258 1954 quaecunque
1291 1893 1418 1939 sunt
1477 1883 1674 1940 dulcia.
1717 1883 1858 1956 Ergo
1887 1863 1934 1924 Β
1959 1877 2050 1949 p10
2079 1877 2172 1932 Dei
2199 1895 2212 1932 :
2237 1893 2362 1934 cum
2407 1877 2666 1936 Salomon
2717 1879 2926 1936 idcirco
2953 1881 3124 1936 Deum
3173 1881 3314 1936 inter
3359 1891 3557 1938 caatera

267 1983 328 2028 ut
361 1971 456 2028 Dei
491 1975 728 2044 potentia
759 1983 1172 2042 monstraretur,
1205 1991 1303 2046 per
1331 1985 1444 2032 tres
1469 1977 1664 2032 noxias
1687 1985 1742 2032 et
1763 1978 1860 2032 ad-

263 2079 458 2120 versas
487 2067 690 2122 sanitas
717 2067 966 2122 restituta
996 2077 1099 2122 est.
1131 2067 1238 2122 Alii
1266 2069 1510 2134 schehin,
1543 2083 1648 2124 non
1681 2067 1858 2136 ulcus,

263 2157 364 2212 sed
398 2167 676 2227 apostema
725 2159 1094 2230 suspicantur,
1137 2161 1357 2230 quando
1407 2169 1622 2216 tumens
1663 2175 1861 2231 corpus

263 2267 436 2307 cocco
483 2259 536 2306 et
588 2261 1056 2324 compntreseentc
1107 2271 1243 2326 pure
1293 2255 1572 2326 impletur,
1616 2263 1671 2310 et
1705 2253 1860 2326 juxta

263 2353 444 2398 artem
477 2345 806 2402 medicorum
855 2349 1032 2402 omnis
1061 2349 1242 2404 sanies
1269 2347 1588 2404 siccioribus
1635 2347 1750 2406 ﬁcis
1775 2359 1862 2408 at-

261 2453 374 2506 que
407 2437 670 2502 contusis,
716 2437 766 2492 in
823 2439 963 2494 cutis
1012 2439 1356 2510 superﬁciem
1388 2451 1734 2512 provocatur.
1781 2443 1860 2498 Ac

261 2543 366 2599 per
395 2529 496 2584 hoc
529 2547 634 2584 non
673 2533 1032 2600 spernendam
1059 2549 1182 2590 esse
1237 2531 1582 2600 medicinam,
1609 2553 1728 2608 quae
1755 2553 1858 2592 usu

263 2627 480 2674 constet
515 2627 570 2674 et
607 2621 974 2694 experimento
1041 2625 1166 2694 quia
1191 2633 1246 2680 et
1277 2623 1416 2680 hanc
1463 2625 1656 2682 fecerit
1693 2627 1856 2684 Deus.

343 2733 364 2764 ι
413 2711 638 2768 Dixerat
667 2721 848 2770 autem
879 2713 1144 2772 Ezechias
1174 2717 1242 2772 ad
1271 2717 1462 2774 Isaiam
1497 2739 1508 2772 :
1541 2719 1694 2786 Quod
1739 2731 1858 2776 erat

267 2821 288 2854 ι
323 2803 562 2876 signum,
593 2805 718 2876 quia
747 2803 1010 2860 Dominus
1047 2823 1132 2862 me
1171 2809 1406 2874 sanabit,
1433 2817 1488 2862 et
1517 2809 1642 2878 quia
1669 2823 1858 2864 ascen-

269 2915 286 2948 ι
327 2911 490 2952 surus
521 2911 642 2952 sum
675 2897 762 2954 die
813 2897 976 2952 tertio
1021 2899 1282 2970 templum
1327 2899 1588 2956 Domini?
1637 2899 1734 2956 Cui
1781 2901 1858 2956 ait

267 3009 286 3040 ι
321 2989 528 3045 Isaias:
561 2989 676 3046 Hoc
715 2989 820 3046 erit
853 2991 1066 3064 signum
1095 3009 1126 3046 a
1155 2991 1406 3060 Domino,
1439 2993 1582 3064 quod
1613 2991 1856 3050 facturus

265 3101 284 3132 ‹
327 3081 400 3136 sit
429 3079 691 3136 Dominus
733 3095 1040 3136 sermonem
1085 3099 1248 3152 quem
1281 3083 1492 3140 locutus
1519 3093 1622 3138 est.
1671 3083 1768 3140 Vis
1797 3093 1858 3140 ut

265 3193 284 3224 ι
331 3171 590 3226 ascendat
617 3163 808 3226 umbra
837 3173 1020 3228 decem
1057 3171 1232 3240 lineis,
1269 3189 1338 3230 an
1363 3181 1424 3230 ut
1449 3183 1756 3230 revertatur
1779 3185 1856 3230 to-

265 3285 284 3316 ι
332 3265 499 3320 tidem
532 3265 840 3338 gradibus,»
872 3275 928 3322 et
951 3267 1176 3338 reliqua.
1227 3267 1396 3323 Datur
1425 3277 1606 3324 autem
1634 3271 1852 3342 signum

257 3367 320 3412 ut
369 3357 450 3412 sol
503 3359 689 3414 decem
740 3357 996 3430 gradibus
1045 3367 1352 3416 revertatur
1393 3375 1530 3432 quos
1565 3377 1666 3418 nos
1699 3361 1854 3431 juxta

257 3447 650 3524 Symmachum
679 3449 732 3506 in
765 3451 936 3508 lineas
965 3459 1020 3507 et
1049 3453 1390 3524 horologium
1415 3453 1698 3522 vertimus,
1714 3471 1854 3526 quos

255 3541 460 3614 gradus
489 3541 754 3598 intellexit
781 3543 836 3598 in
879 3543 1058 3610 lineis,
1087 3553 1148 3600 ut
1177 3543 1606 3600 manifestiorem
1631 3561 1852 3604 sensum

255 3633 566 3703 legentibus
607 3633 810 3690 faceret
839 3655 852 3690 :
887 3635 1002 3692 sive
1027 3636 1100 3692 ita
1127 3647 1288 3694 erant
1335 3641 1598 3694 exstructi
1629 3641 1852 3710 gradus,

259 3735 378 3780 arte
401 3725 740 3792 mechanica,
767 3735 826 3782 ut
847 3727 1040 3782 uinbra
1075 3727 1412 3788 descendens
1437 3731 1694 3788 horarum
1725 3747 1852 3802 spa-

259 3817 336 3870 tia
361 3817 700 3872 terminaret.
727 3817 856 3874 Erat
885 3829 1065 3874 autem
1099 3821 1234 3876 hora
1265 3821 1372 3878 diei
1401 3821 1610 3878 decima
1635 3823 1853 3892 quando

259 3911 366 3964 hoc
401 3911 514 3982 regi
545 3913 808 3984 propheta
845 3911 1192 3982 loquebatur.
1229 3913 1324 3970 Vis
1352 3933 1502 3990 ergo,
1553 3917 1748 3988 inquit,
1795 3927 1854 3972 ut

257 4001 526 4056 ascendat
555 4003 746 4058 umbra
779 4005 964 4060 decem
997 4005 1154 4062 lineis
1185 4009 1514 4077 procedente
1539 4011 1652 4066 sole
1687 4025 1854 4081 supra

259 4083 464 4148 terram
489 4109 588 4164 per
607 4093 852 4152 boreales
879 4095 1064 4168 plagas
1089 4115 1260 4170 usque
1289 4101 1356 4154 ad
1377 4101 1640 4156 orientem
1663 4105 1686 4156 ‘?
1709 4103 1854 4172 quod

255 4183 454 4240 subtus
483 4191 686 4240 terram
709 4183 864 4256 juxta
890 4187 1258 4257 quotidianam
1295 4191 1738 4246 consuetudinem
1767 4193 1852 4248 sui

259 4291 457 4330 cursus
491 4283 610 4331 erat
638 4275 882 4334 facturus
911 4297 924 4334 :
955 4295 1020 4334 an
1051 4289 1110 4335 ut
1153 4289 1460 4338 revertatur
1489 4285 1680 4338 umbra
1719 4283 1852 4340 toti-

257 4367 384 4422 dem
415 4367 692 4438 gradibus,
717 4385 980 4426 conversa
1017 4381 1316 4430 retrorsum
1342 4371 1484 4430 facie
1513 4375 1662 4442 solis,
1705 4377 1854 4448 ipso-

257 4473 368 4528 que
401 4473 502 4529 per
523 4463 810 4518 australem
841 4463 1054 4534 plagam
1088 4465 1154 4520 ad
1177 4465 1442 4522 orientem
1471 4481 1740 4536 regresso.

335 4569 358 4604 ι
397 4551 468 4605 At
507 4567 604 4608 rex
643 4571 654 4606 :
687 4553 870 4610 Facile
913 4563 1016 4622 est,
1065 4557 1260 4628 inquit,
1307 4559 1554 4614 umbram
1603 4575 1852 4618 crescere

261 4659 282 4692 ι
329 4639 522 4696 decem
559 4639 734 4710 lineis,
767 4661 868 4701 nec
891 4647 998 4702 hoc
1039 4647 1162 4702 volo
1193 4649 1304 4714 ﬁat,
1339 4651 1432 4704 sed
1461 4657 1520 4704 ut
1547 4661 1852 4708 revertatur

259 4751 280 4784 ‹
327 4739 628 4788 retrorsum
661 4735 846 4790 decem
893 4739 1174 4809 gradibus.
1213 4759 1234 4792 ι
1269 4737 1418 4795 Vidit
1449 4755 1682 4812 namque
1725 4745 1850 4812 quia

257 4821 488 4891 majoris
527 4825 772 4882 miraculi
799 4843 920 4884 esse
943 4839 1172 4898 poterat,
1199 4829 1242 4885 si
1279 4831 1358 4886 sol
1382 4833 1712 4886 contrarium
1755 4849 1854 4890 suo

257 4915 404 4970 mori
441 4931 658 4972 cursum
711 4929 914 4992 ageret,
975 4935 1136 4990 quam
1189 4923 1234 4976 si
1285 4933 1543 4978 consueto
1595 4939 1853 4994 processu

255 5005 542 5076 incedens,
576 5011 792 5066 tametsi
831 5011 996 5068 multo
1044 5015 1224 5080 altius,
1269 5017 1320 5070 id
1349 5025 1434 5072 est
1473 5033 1632 5088 supra
1683 5025 1856 5072 terras

259 5101 444 5158 elatus
469 5101 536 5156 ad
565 5103 852 5170 orientem,
905 5107 1060 5174 quasi
1107 5107 1328 5162 secundi
1370 5109 1474 5162 diei
1507 5123 1666 5162 mane
1707 5107 1854 5162 nulla

257 5195 658 5252 interveniente
689 5205 867 5268 nocte,
897 5195 1142 5254 facturus
1173 5199 1470 5256 advolaret.
1505 5201 1640 5256 Nam
1669 5211 1722 5256 et
1755 5203 1858 5258 hoc

259 5289 356 5354 qui
387 5289 442 5344 iu
481 5289 656 5344 insula
695 5289 885 5362 Thyle,
933 5307 1054 5362 quae
1089 5293 1238 5348 ultra
1273 5293 1608 5348 Britanniam
1639 5303 1741 5362 est,
1773 5293 1856 5350 vel

259 5381 314 5436 in
350 5381 556 5438 ultimis
607 5381 934 5454 Scytharum
969 5385 1166 5442 ﬁnibus
1214 5385 1438 5458 degunt,
1469 5387 1618 5442 omni
1671 5397 1858 5442 aestate

257 5475 456 5531 diebus
493 5475 700 5546 aliquot
729 5477 844 5532 ﬁeri
881 5477 1066 5532 vident
1096 5497 1108 5532 :
1149 5477 1276 5550 quia
1303 5477 1380 5534 sol
1417 5489 1616 5534 caetero
1656 5481 1772 5534 orbi
1803 5481 1856 5534 in

259 5585 462 5626 occasu
495 5579 550 5626 et
595 5571 694 5626 sub
733 5565 874 5626 terra
917 5573 1150 5644 positus,
1201 5571 1332 5644 ipsis
1363 5573 1720 5630 nihilominus
1745 5581 1858 5628 tota

259 5673 424 5720 nocte
465 5681 632 5736 supra
671 5675 874 5722 terram
903 5677 1180 5738 appareat,
1219 5677 1276 5724 et
1311 5669 1582 5738 quomodo
1627 5687 1656 5724 a
1699 5677 1856 5740 parte

259 5759 562 5816 occidentis
591 5759 658 5814 ad
686 5761 950 5816 orientem
979 5763 1202 5818 humilis
1231 5761 1418 5818 redeat
1443 5763 1730 5818 manifeste
1771 5765 1846 5820 vi-

259 5853 458 5908 deatur
485 5851 658 5908 donec
693 5861 938 5926 tempore
971 5863 1274 5928 opportuno
1299 5863 1414 5912 toto
1437 5855 1554 5912 orbi
1579 5857 1852 5912 communi

1965 1971 2259 2030 oil'emlisse
2315 1975 2548 2042 dicatur,
2605 1975 2752 2048 quod
2809 1975 2866 2032 in
2921 1977 3154 2034 sublime
3203 1977 3558 2036 aediﬁcaverit

1963 2063 2140 2132 Mello,
2189 2067 2334 2122 unde
2381 2068 2580 2124 atrium
2639 2069 2846 2142 templi,
2895 2071 3248 2128 deambulans
3299 2073 3352 2128 in
3409 2081 3558 2130 turre

1961 2159 2172 2228 palatii,
2231 2161 2504 2230 respicere
2563 2163 2754 2222 solitus
2805 2163 2898 2220 sit.
2951 2165 3142 2222 Solent
3183 2165 3404 2238 quidam
3455 2167 3556 2224 hos

1964 2247 2150 2304 decem
2171 2251 2372 2320 gradus
2399 2251 2664 2308 linearum
2699 2253 2768 2310 ad
2801 2257 3118 2328 mysterium
3149 2255 3356 2314 Christi
3375 2265 3556 2314 trans-

1961 2336 2128 2406 ferre,
2159 2349 2220 2394 ut
2251 2341 2472 2396 umbras
2519 2343 2816 2414 ﬁgurarum
2847 2345 2902 2400 in
2933 2347 3348 2404 descensionem
3395 2347 3556 2404 Chri-
3639 2345 3648 2354 ’

1963 2429 2030 2484 sti
2093 2429 2546 2502 interpretentur,
2613 2449 2710 2504 per
2765 2451 2904 2506 quos
2953 2438 3148 2494 iterum
3205 2439 3286 2496 sol
3331 2438 3556 2508 iustitia:

1963 2521 2232 2590 Christus,
2265 2537 2388 2594 post
2417 2528 2868 2584 resurrectionem
2899 2531 3146 2586 ascendit
3171 2549 3184 2586 :
3213 2529 3432 2586 Primus
3457 2531 3560 2586 ita-

1959 2629 2068 2684 que
2089 2615 2290 2686 gradus
2315 2617 2684 2674 dcscensionis
2717 2617 2788 2672 de
2825 2619 3010 2676 Deoin
3043 2621 3238 2692 angelo
3269 2621 3392 2684 fuit,
3425 2623 3554 2690 quia

1967 2724 1986 2758 ι
2009 2707 2190 2778 magni
2211 2709 2420 2764 consilii
2445 2711 2666 2764 nuntius
2689 2721 2810 2766 erat
2825 2710 2958 2783 (Isa.
2979 2711 3076 2784 1x),
3099 2731 3118 2764 ι
3147 2713 3378 2784 denique
3393 2723 3450 2768 et
3469 2713 3558 2770 Ja-

1961 2799 2066 2854 cob
2087 2799 2166 2856 sic
2186 2799 2508 2870 alloquitur:
2533 2821 2550 2852 ‹
2577 2801 2644 2856 Ει
2665 2803 2820 2868 dixit,
2843 2804 3038 2874 inquit,
3053 2803 3278 2876 angelus
3299 2803 3514 2862 Domini
3535 2823 3550 2860 :

1961 2891 2074 2962 Ego
2101 2909 2220 2948 sum
2253 2893 2416 2958 Deus,
2463 2895 2550 2950 cui
2601 2893 2828 2964 junxisti
2881 2897 3096 2952 titulum
3131 2907 3190 2954 et
3227 2899 3420 2954 vovisti
3459 2915 3556 2954 vo-

1965 2991 2078 3038 tum
2111 2981 2264 3054 (Gen.
2299 2985 2486 3058 xxxx):
2529 3005 2548 3040 ι
2583 2995 2642 3042 ut
2675 2995 2732 3044 et
2757 2987 3008 3060 angelum
3043 2997 3100 3044 et
3151 2989 3322 3044 Deum
3369 2997 3554 3046 osten-

1963 3076 2136 3130 deret.
2169 3073 2454 3132 Secundus
2497 3077 2698 3148 gradus
2747 3079 3118 3136 descensionis
3155 3081 3223 3136 de
3263 3079 3456 3152 angelo
3499 3081 3556 3136 in

1961 3167 2294 3238 patriarchis
2321 3165 2442 3234 fuit,
2471 3170 2600 3240 quia
2627 3189 2648 3222 ε
2679 3171 2734 3224 in
2759 3171 3034 3236 omnibus,
3061 3179 3120 3226 ut
3139 3171 3552 3244 aitApostolus,

1882 3235 1926 3300 C
1961 3235 2076 3330 ipse
2105 3267 2190 3316 est
2215 3235 2560 3334 Operatus_(l
2585 3259 2708 3316 Cor.
2743 3265 2862 3332 xu).
2895 3283 2916 3316 ι
2959 3235 3174 3320 Tertius
3203 3263 3254 3318 in
3283 3235 3432 3338 legis
3461 3235 3556 3320 da;

1961 3355 2188 3418 tionem,
2237 3355 2364 3424 quia
2413 3363 2468 3418 et
2503 3355 2558 3408 in
2599 3353 2716 3426 lege
2763 3354 2880 3426 ipse
2919 3365 3004 3410 est
3051 3355 3282 3412 locutus.
3317 3355 3556 3424 Quartus

1955 3447 2156 3518 gradus
2185 3447 2238 3500 in
2265 3445 2392 3502 Jesu
2423 3445 2592 3512 Nave,
2629 3457 2688 3502 ut
2727 3447 2986 3518 populum
3013 3447 3070 3504 in
3117 3457 3318 3504 terram
3365 3465 3555 3520 repro-

1957 3537 2232 3592 missionis
2277 3537 2582 3592 induceret.
2637 3535 2870 3604 Quintus
2935 3539 2988 3592 in
3043 3535 3370 3606 Judicibus,
3421 3541 3550 3612 quia

1953 3629 2204 3684 euindem
2229 3629 2484 3700 poliulum
2527 3645 2626 3698 per
2663 3645 2758 3684 eos
2801 3629 2916 3700 ipse
2965 3631 3205 3702 regebat.
3239 3629 3456 3696 Sextus,
3491 3633 3548 3686 in

1957 3719 2174 3790 regibus
2199 3717 2532 3786 Judieorutn,
2575 3721 2698 3790 quia
2733 3721 2786 3776 in
2809 3721 2890 3778 eis
2921 3721 3038 3794 ipse
3061 3723 3342 3794 regnabat.
3371 3721 3552 3794 Septi-

1955 3829 2076 3868 mus
2103 3815 2156 3868 in
2185 3817 2484 3886 prophetis,
2509 3817 2636 3886 quia
2667 3831 2764 3886 per
2787 3831 2880 3872 eos
2911 3817 3284 3872 annuutiatur.
3315 3815 3552 3874 Octavus

1955 3906 2010 3960 in
2035 3905 2404 3976 pontiﬁcibus,
2421 3907 2546 3978 quia
2565 3909 2680 3978 ipse
2699 3917 2784 3964 est
2805 3925 3048 3966 summus
3069 3911 3326 3966 sacerdos
3345 3909 3546 3968 Patris.

1955 3999 2143 4056 Nonus
2185 4001 2236 4054 in
2279 4001 2518 4058 homine.
2571 3987 2821 4059 Decimus
2869 4005 2924 4060 in
2959 4005 3231 4076 passione.
3289 4005 3394 4062 Per
3449 4008 3550 4062 hos

1955 4093 2100 4146 etaim
2125 4094 2314 4150 decem
2339 4095 2566 4166 gradus,
2599 4097 2754 4166 quasi
2789 4113 2886 4166 per
2912 4099 3160 4154 umbram
3193 4097 3328 4170 legis
3357 4099 3552 4168 prisca“.

1955 4183 2204 4240 Christus
2241 4185 2560 4250 descendit,
2599 4203 2666 4242 ac
2711 4203 2900 4242 rursus
2945 4197 3068 4256 post
3093 4189 3550 4244 resurrectionem

1955 4289 2108 4330 suam
2147 4277 2228 4332 sol
2253 4277 2482 4347 justitia:
2511 4277 2786 4344 Christus,
2821 4293 2918 4348 per
2946 4279 3164 4334 eosdem
3193 4281 3396 4352 gradus
3425 4295 3550 4336 sur-

1953 4385 2074 4428 sum
2121 4369 2176 4426 in
2233 4371 2432 4426 corium
2481 4371 2728 4428 ascendit
2759 4391 2772 4426 :
2799 4381 2854 4428 et
2903 4385 3120 4426 omnem
3141 4373 3390 4428 umbram
3415 4373 3552 4446 legis

1957 4465 2206 4520 veritatis
2233 4465 2406 4520 radiis
2431 4465 2758 4530 illustravit,
2789 4465 3022 4520 obscura
3061 4465 3324 4530 revelans,
3367 4465 3552 4522 clausa

1959 4569 2228 4618 reserans,
2263 4563 2318 4610 et
2341 4557 2524 4610 omnia
2559 4563 2702 4612 tecta
2745 4555 3048 4612 denudans.

2039 4666 2058 4698 ι
2103 4649 2160 4702 lu
2201 4655 2446 4718 tempore
2489 4649 2580 4704 illo
2633 4649 2780 4704 misit
2819 4649 3096 4704 Berodach
3129 4649 3368 4704 Baladan
3397 4649 3542 4704 ﬁlius

1961 4759 1980 4792 ‹
2029 4739 2264 4794 Baladan
2289 4779 2304 4804 ,
2345 4753 2436 4794 rex
2469 4739 2930 4810 Babyloniorum,
2983 4741 3194 4798 litteras
3237 4749 3294 4798 et
3327 4757 3556 4798 munera

1963 4849 1982 4882 ι
2029 4831 2096 4884 ad
2149 4829 2460 4884 Ezeelnam.
2517 4831 2776 4886 Audierat
2837 4832 2980 4886 enim
3037 4833 3184 4902 quod
3235 4839 3554 4904 aegrotasset

1961 4941 1980 4972 ι
2029 4921 2310 4976 Ezechias.
2343 4919 2584 4976 Lanatus
2633 4927 2718 4976 est
2768 4931 2946 4976 autem
2995 4921 3048 4976 in
3079 4923 3315 4976 adventu
3359 4937 3552 4978 eorum

1963 5033 1982 5066 ι
2029 5015 2318 5078 Ezechias,
2349 5023 2404 5068 et
2427 5015 2662 5068 ostendit
2705 5015 2784 5070 eis
2835 5015 3058 5070 domum
3103 5021 3408 5068 aromatum
3441 5053 3456 5080 ,
3493 5021 3554 5072 et

1965 5131 1984 5164 ε
2033 5125 2224 5166 aurum
2253 5119 2308 5164 et
2331 5119 2614 5180 argentum
2643 5119 2698 5166 et
2727 5111 3002 5182 pigmenta
3049 5111 3199 5166 varia
3223 5149 3238 5176 ,
3283 5117 3556 5180 unguenta

1969 5221 1986 5252 ε
2031 5217 2246 5272 quoque
2277 5211 2330 5256 et
2357 5203 2574 5256 domum
2599 5217 2854 5258 vasorum
2881 5217 3130 5266 suorum,
3149 5209 3206 5256 et
3225 5201 3408 5256 omnia
3435 5213 3558 5270 qua

1969 5313 1986 5344 ι
2033 5294 2232 5350 habere
2265 5301 2476 5364 poterat
2503 5293 2556 5346 in
2585 5293 2856 5350 thesauris
2881 5294 3012 5350 suis.
3051 5291 3168 5348 Non
3197 5291 3300 5346 fuit
3329 5293 3554 5348 verbum

1969 5407 1986 5438 ι
2035 5387 2178 5456 quod
2209 5401 2318 5440 non
2351 5395 2682 5442 monstraret
2727 5387 2808 5442 eis
2841 5385 3102 5440 Ezechias
3155 5385 3210 5440 in
3241 5385 3402 5440 domo
3431 5399 3550 5450 sua,

1917 5493 1922 5496 ’
1971 5505 1988 5532 ε
2031 5493 2086 5539 et
2111 5485 2162 5538 in
2185 5483 2330 5538 omni
2351 5493 2622 5552 potestate
2637 5499 2756 5538 sua.
2791 5501 2808 5532 ι
2839 5479 3012 5550 Supra
3041 5479 3270 5550 legimus
3297 5477 3344 5550 (I
3365 5477 3554 5550 VReg.

1965 5575 2118 5646 xvm)
2143 5575 2356 5630 decimo
2389 5585 2582 5644 quarto
2613 5589 2754 5628 anno
2779 5571 2920 5642 regis
2949 5571 3198 5626 Ezechiae
3239 5571 3554 5628 ascendisse

1963 5667 2340 5724 Sennacherib
2371 5683 2550 5738 regem
2579 5665 2924 5736 Assyriorum
2951 5679 3116 5736 super
3145 5681 3336 5720 omnes
3365 5663 3560 5720 civita-

1961 5773 2043 5818 tes
2067 5763 2204 5818 Juda
2241 5763 2500 5824 munitas,
2527 5769 2582 5814 et
2611 5757 2822 5826 cepisse
2845 5771 2960 5824 eas,
2986 5767 3042 5812 et
3067 5767 3252 5830 postea
3279 5757 3561 5814 obsedisso

1961 5855 2174 5918 Lachis,
2209 5853 2474 5908 transisse
2507 5851 2768 5916 Lobnam,
2799 5849 3018 5904 misisse
3049 5849 3386 5906 Hierusalem
3429 5863 3560 5920 par-
