4078 6340
584 449 685 506 555

1616 453 1967 510 ANGEI.0MI
2005 455 2465 514 LUXOVIENSIS
2515 454 2822 511 MONACIII

3750 468 3854 522 556

578 581 689 628 tem
728 569 1002 624 exercitus
1041 571 1163 635 sui,
1212 584 1461 640 caesaque
1506 584 1603 640 per
1647 571 1894 642 angelum
1951 579 2167 626 centum
2195 577 2244 636 Α
2273 570 2506 641 argenti,
2561 579 2614 624 et
2670 571 3144 626 adoramentorum
3198 583 3255 628 et
3291 577 3549 647 unguenti
3615 580 3854 649 optimi,

576 661 854 734 octoginta
901 663 1141 732 quinque
1188 663 1352 718 millia
1395 665 1667 719 exercitus
1709 665 1846 735 ejus,
1891 675 1946 721 et
1991 667 2166 738 ipsum

578 752 786 825 fugisse
859 751 1124 817 Niniven,
1169 752 1626 825 interfectumque
1679 772 1708 810 a
1763 756 1888 811 ﬁliis
1938 757 1990 812 in
2042 757 2168 814 fano

578 846 663 901 dei
690 845 800 911 sui,
827 852 882 900 et
919 860 1173 914 regnasse
1199 861 1299 915 pro
1327 861 1392 901 eo
1419 846 1777 902 Asarhaddon
1807 847 1978 902 ﬁlium
2028 847 2163 916 ejus.

576 939 894 1008 IEgrotasse
919 938 1233 1004 Ezechiam,
1266 948 1320 994 et
1362 941 1634 1010 recepisse
1674 941 1949 1010 prophetae
1973 942 2166 996 nuntio

578 1032 896 1101 sospitatem
921 1072 937 1097 ,
970 1030 1172 1086 factum
1225 1032 1435 1102 signum
1481 1033 1818 1097 incredibile,
1863 1043 1922 1088 ut
1953 1034 2035 1090 sol
2069 1033 2166 1090 ho-

574 1139 762 1179 rarum
794 1124 984 1193 spatiis
1013 1133 1380 1181 reverteretur
1414 1127 1480 1181 ad
1511 1135 1690 1182 ortum
1724 1144 1881 1183 suum
1903 1170 1917 1193 ,
1947 1137 2002 1184 et
2028 1144 2164 1198 pene

573 1215 768 1285 duplex
807 1215 921 1270 dies
951 1215 1126 1270 ﬁeret.
1167 1214 1320 1272 Nunc
1366 1216 1595 1286 legimus
1635 1219 1777 1287 quod
1824 1219 1875 1272 in
1923 1227 2165 1288 tempore

572 1306 688 1372 illo,
731 1307 835 1363 hoc
880 1315 985 1372 est,
1018 1308 1074 1362 in
1105 1309 1297 1363 eodem
1349 1325 1493 1364 anno
1547 1324 1654 1378 quo
1703 1309 1818 1364 haec
1847 1317 2164 1380 gesta-sunt

569 1399 752 1453 omnia
787 1441 802 1465 ,
844 1400 1054 1455 miserit
1096 1399 1379 1457 Berodach
1412 1400 1676 1466 Baladan,
1731 1402 1875 1458 ﬁlius
1922 1402 2160 1458 Baladan

568 1509 666 1548 rex
697 1493 1012 1565 Babylonis,
1045 1495 1214 1552 libros
1260 1506 1316 1553 et
1341 1514 1566 1553 munera
1599 1501 1666 1553 ad
1709 1500 2018 1565 Ezechiam,
2054 1517 2158 1556 non

565 1587 950 1655 Asarhaddon,
987 1591 1080 1660 qui
1112 1589 1486 1648 Sennacherib
1531 1593 1673 1662 patri
1702 1595 1841 1663 apud
1870 1593 2059 1665 Syrios
2105 1596 2156 1649 in

565 1695 792 1750 regnum
847 1692 1190 1738 successerat
1218 1725 1232 1748 ,
1283 1685 1348 1739 de
1393 1686 1546 1755 cujus
1582 1700 1674 1740 seu
1705 1694 1880 1741 morte
1919 1703 2010 1742 seu
2047 1688 2157 1742 vita

565 1770 852 1842 Scriptura
895 1774 1176 1829 conticuit.
1207 1775 1286 1830 Ex
1316 1791 1423 1845 quo
1451 1776 1796 1846 perspicuum
1829 1787 1914 1833 est
1941 1820 1955 1842 ,
2013 1779 2155 1834 aliud

563 1861 732 1918 fuisse
762 1873 889 1920 tunc
916 1881 1145 1934 regnum
1173 1865 1542 1937 Assyriorum,
1578 1877 1632 1922 et
1666 1868 1808 1923 aliud
1835 1867 2156 1940 Babylonio-

2267 661 2411 732 quod
2445 661 2500 715 in
2531 661 2799 718 Hebraico
2829 663 3088 718 scribitur
3113 665 3219 720 olei
3252 665 3410 730 boni,
3437 676 3492 722 et
3518 683 3718 724 omnes
3741 673 3862 728 the-

2267 766 2458 806 sauros
2481 767 2735 807 vasorum
2766 751 2948 820 Gazae,
2980 754 3120 821 sive,
3151 763 3213 809 ut
3237 755 3314 810 ibi
3342 755 3562 827 legitur,
3595 775 3862 817 vasorum

2267 859 2511 899 suorum.
2545 843 2690 900 Gaza
2737 855 2921 901 autem
2950 845 3132 918 lingua
3161 847 3452 904 Persarum
3478 851 3687 908 divitia:
3717 873 3860 911 nun-

2267 943 2556 1003 cupantur,
2606 951 2706 991 nec
2736 946 2820 992 est
2866 936 3125 992 Hebraeus
3167 953 3377 1005 sermo,
3419 941 3514 995 sed
3565 945 3860 1002 barbarus.

2273 1045 2292 1076 ι
2327 1025 2442 1080 Νοη
2467 1026 2592 1092 fuit,
2625 1028 2819 1097 inquit,
2851 1029 3130 1082 verbum.»
3165 1029 3319 1096 Quod
3344 1029 3498 1099 juxta
3531 1032 3862 1092 Hebraicatn

2265 1118 2713 1174 consuetudinem
2737 1161 2752 1186 ,
2801 1136 2900 1191 pro
2929 1135 2988 1174 re
3013 1120 3326 1192 frequenter
3355 1125 3625 1194 accipitur
3649 1167 3664 1192 ,
3717 1130 3864 1198 quod

2265 1223 2374 1264 non
2396 1211 2709 1265 ostenderet
2738 1211 2819 1266 eis
2843 1212 2898 1266 in
2929 1213 3089 1267 domo
3116 1229 3231 1280 sua,
3257 1221 3312 1269 et
3338 1215 3393 1268 in
3417 1217 3563 1271 omni
3587 1228 3864 1287 potestate

2265 1315 2384 1354 sua.
2423 1299 2574 1355 Unde
2603 1301 2700 1356 Dei
2741 1301 2820 1356 ira
2841 1301 3183 1371 justissima,
3217 1305 3474 1374 quoniam
3530 1322 3644 1361 non
3683 1307 3863 1364 solum

2265 1400 2552 1457 thesauros
2583 1417 2710 1456 suos
2739 1410 2902 1471 atque
2942 1401 3145 1471 palatii,
3171 1403 3264 1457 sed
3295 1411 3351 1458 et
3379 1404 3564 1473 templi
3606 1407 3863 1462 ostende-

2262 1497 2354 1559 rit,
2388 1496 2531 1565 quod
2561 1503 2711 1550 certe
2755 1495 2858 1550 fuit
2882 1497 3167 1566 potestatis
3196 1493 3328 1564 ejus,
3383 1497 3450 1551 de
3499 1496 3659 1566 cujus
3689 1499 3862 1556 valris

2261 1587 2388 1642 atrii
2421 1587 2654 1642 laminas
2685 1597 2812 1642 ante
2836 1586 2948 1656 jam
2981 1587 3194 1642 tulerat.

2338 1697 2356 1728 ι
2393 1677 2618 1732 Intravit
2667 1687 2847 1732 autem
2897 1678 3064 1733 Isaias
3095 1681 3354 1749 propheta
3389 1683 3456 1736 ad
3495 1697 3682 1753 regem
3721 1683 3860 1737 Eze-

2265 1786 2282 1816 ι
2331 1767 2533 1832 chiam,
2562 1777 2618 1822 et
2639 1766 2779 1821 dixit
2801 1768 2850 1822 ei
2883 1785 2894 1820 :
2921 1767 3059 1834 Quid
3089 1769 3344 1824 dixerunt
3363 1771 3464 1825 viri
3489 1771 3605 1837 isti,
3632 1781 3689 1827 et
3715 1773 3861 1826 unde

2266 1879 2284 1910 ι
2330 1869 2600 1916 venerunt
2625 1861 2693 1915 ad
2721 1861 2819 1914 te?
2845 1861 2909 1914 Et
2953 1860 3092 1914 dixit
3130 1862 3392 1918 Ezechias
3430 1883 3444 1918 :
3467 1862 3547 1918 De
3570 1873 3717 1919 terra
3743 1864 3861 1920 Ion-

563 1969 704 2008 rum.
741 1954 984 2025 Denique
1015 1956 1341 2024 Samariam,
1398 1960 1451 2014 id
1482 1969 1582 2024 est,
1615 1975 1706 2015 sex
1740 1962 1914 2017 tribus
1957 1979 2137 2033 cepert

2263 1972 2282 2004 ε
2329 1954 2530 2025 ginqua
2565 1962 2832 2009 venerunt
2867 1956 2934 2009 ad
2982 1970 3069 2009 me
3117 1957 3182 2009 de
3219 1955 3511 2026 Babylone.
3560 1957 3630 2011 Et
3669 1957 3856 2012 dixit:

561 2043 796 2115 Assyrii,
823 2043 1020 2100 Iudam
1047 2055 1226 2102 autem
1259 2058 1314 2102 et
1346 2048 1681 2106 Hierusalem
1710 2061 1896 2121 postea
1924 2053 2152 2124 legimus

562 2138 775 2208 cepisse
828 2137 1110 2195 Chaldaeos
1136 2182 1151 2206 ,
1216 2157 1445 2211 quorum
1505 2159 1600 2199 rex
1627 2143 2151 2201 Nabuchodonosor

559 2229 684 2284 fuit.
736 2230 803 2284 Et
833 2231 961 2300 quia
999 2233 1140 2302 apud
1187 2248 1281 2289 eos
1331 2243 1600 2290 astrorum
1649 2237 1991 2292 observantia
2024 2249 2146 2302 est,

558 2319 951 2390 stellarumque
1006 2337 1233 2388 cursus,
1285 2322 1446 2395 longo
1503 2340 1602 2380 usu
1651 2334 1705 2380 et
1755 2327 2150 2384 exercitatione

557 2412 828 2479 cognitus,
859 2414 1002 2483 quod
1029 2423 1085 2468 et
1116 2415 1172 2468 in
1202 2415 1417 2469 Domini
1447 2415 1736 2470 nativitate
1763 2425 2100 2472 monstratur
2130 2459 2145 2484 ,

554 2500 941 2558 intellexerunt
964 2503 1130 2559 solem
1161 2520 1440 2560 reversum
1468 2545 1483 2570 ,
1512 2505 1620 2560 diei
1652 2505 1825 2576 spatia
1851 2507 2145 2577 duplicata,

556 2597 793 2652 serviere
821 2599 871 2653 ei
921 2614 1081 2668 quem
1133 2599 1308 2654 solum
1338 2600 1498 2656 deum
1519 2642 1533 2666 ,
1575 2600 1627 2655 id
1653 2610 1758 2668 est,
1788 2601 1958 2658 solem
1995 2613 2148 2674 puta-

554 2687 706 2742 bant.
731 2689 974 2759 Cumque
1001 2705 1198 2746 causas
1253 2689 1412 2760 hujus
1463 2691 1712 2746 miraculi
1772 2693 2145 2766 rationemque

554 2781 936 2852 perquirerent
962 2825 976 2848 ,
1010 2783 1154 2838 fama
1192 2800 1289 2854 per
1317 2799 1507 2840 omnes
1533 2794 1720 2857 gentes
1745 2786 2024 2853 volitante,
2057 2788 2142 2844 di-

554 2873 808 2928 dicerunt
828 2883 1055 2946 propter
1082 2877 1488 2947 aegrotationem
1516 2879 1661 2949 regis
1681 2878 1948 2947 Ezechiaa,
1977 2884 2140 2936 etiam

549 2979 769 3019 cursum
803 2967 942 3037 signi
967 2968 1258 3024 clarissimi
1290 2978 1878 3040 connuutatum,quam
1893 2987 2000 3026 non
2021 2988 2142 3028 esse

554 3056 924 3125 opinationem
951 3075 1149 3124 meam,
1170 3062 1263 3115 sed
1291 3060 1585 3131 Scriptura:
1611 3071 1810 3118 sancta:
1833 3062 1994 3118 ﬁdem
2015 3063 2138 3120 Die-

552 3164 674 3201 rum
723 3150 889 3230 verba
932 3160 1205 3206 testantur
1243 3151 1328 3222 (II
1359 3152 1490 3206 Par.
1543 3154 1741 3224 xxxn),
1789 3171 1907 3225 qua:
1953 3155 2138 3210 dixere

546 3250 671 3310 post
716 3241 820 3295 alia
853 3259 866 3294 :
905 3260 922 3292 α
957 3242 1072 3312 Ipse
1112 3252 1198 3299 est
1224 3243 1491 3299 Ezechias
1529 3245 1621 3314 qui
1671 3247 1946 3301 obturavit
1978 3263 2136 3317 supe-

2259 2063 2278 2095 ‹
2321 2043 2461 2109 Quid
2497 2044 2751 2099 viderunt
2794 2045 2850 2100 in
2891 2045 3048 2100 domo
3086 2046 3222 2098 tua?
3251 2045 3318 2100 Et
3348 2046 3482 2100 dixit
3535 2046 3855 2102 Ezechias:

2257 2151 2276 2184 ε
2318 2134 2514 2190 Omnia
2547 2150 2886 2206 quaecunque
2934 2136 2987 2190 in
3033 2136 3195 2192 domo
3224 2151 3345 2192 mea
3372 2145 3522 2202 sunt,
3571 2140 3858 2194 viderunt.

2258 2249 2277 2280 ι
2324 2228 2441 2285 Νοη
2469 2229 2571 2284 fuit
2619 2230 2843 2285 verbum
2875 2230 2988 2283 sive
3026 2244 3112 2284 res
3157 2245 3319 2298 quam
3356 2245 3464 2285 non
3511 2233 3858 2286 ostenderim

2257 2340 2276 2372 ι
2320 2321 2476 2376 eisin
2499 2321 2774 2376 thesauris
2793 2321 2950 2374 meis.
2969 2320 3033 2373 Et
3057 2320 3193 2374 dixit
3223 2321 3390 2376 Isaias
3413 2321 3477 2376 ad
3503 2322 3808 2376 Ezechiam
3843 2343 3854 2374 :

2255 2432 2274 2466 ι
2321 2413 2459 2468 Audi
2493 2414 2715 2467 verbum
2768 2411 2982 2467 Domini
3033 2413 3370 2467 exercituum
3406 2431 3418 2466 :
3453 2412 3594 2469 Ecce
3627 2416 3861 2468 venient

2255 2527 2274 2558 ι
2322 2507 2438 2561 dies
2467 2515 2521 2561 et
2549 2503 2868 2560 auferantur
2896 2505 3078 2560 omnia
3115 2508 3236 2574 quae
3264 2505 3317 2558 in
3348 2506 3509 2560 domo
3538 2514 3629 2558 tua
3677 2516 3816 2560 sunt
3841 2547 3856 2570 ,

2254 2621 2272 2654 ι
2321 2609 2376 2658 et
2397 2616 2518 2670 qua:
2546 2599 3059 2655 thesaurizaverunt
3079 2606 3262 2668 patres
3285 2599 3389 2664 tui,
3414 2614 3582 2668 usque
3606 2599 3674 2653 ad
3699 2599 3857 2654 diem

2253 2711 2274 2744 ι
2316 2693 2461 2748 hanc
2502 2692 2556 2746 in
2603 2690 2954 2762 Babylonem.
2995 2688 3110 2743 Non
3143 2689 3482 2759 relinquetur
3521 2689 3856 2758 quidquam,

2252 2805 2272 2837 ι
2321 2786 2453 2842 dicit
2479 2784 2760 2839 Dominus.
2796 2782 2904 2838 Sed
2926 2792 2980 2836 et
3004 2783 3069 2836 de
3095 2781 3221 2836 ﬁliis
3243 2782 3351 2837 tuis
3371 2781 3462 2852 qui
3489 2781 3860 2852 egredientur

2252 2898 2270 2930 r
2315 2894 2382 2934 ex
2415 2886 2491 2942 te,
2513 2892 2653 2947 quos
2674 2875 2950 2947 genueris,
2999 2875 3208 2938 tollent,
3244 2882 3298 2931 et
3323 2884 3482 2929 erunt
3514 2873 3763 2928 eunuchi
3803 2875 3854 2927 in

2250 2993 2268 3024 ε
2308 2971 2510 3043 palatio
2560 2971 2705 3038 regis
2756 2969 3068 3040 Babylonis.
3125 2968 3193 3023 Et
3261 2968 3401 3023 dixit
3451 2967 3720 3023 Ezechias
3785 2969 3854 3022 ad

2250 3082 2268 3115 ι
2315 3063 2509 3118 Isaiam
2543 3077 2557 3115 :
2585 3061 2794 3116 Bonum
2821 3060 3049 3115 verbum
3078 3059 3294 3115 Domini
3323 3058 3465 3130 quod
3491 3059 3705 3113 locutus
3738 3069 3852 3114 est.

2248 3175 2266 3208 ‹
2312 3155 2380 3210 Et
2402 3155 2480 3209 ait
2513 3171 2526 3207 :
2559 3153 2682 3208 Fiat
2707 3159 2918 3207 tantum
2947 3167 3050 3221 pax
3077 3158 3132 3207 et
3161 3151 3365 3206 veritas
3387 3151 3439 3205 in
3467 3149 3658 3204 diebus
3678 3152 3850 3205 meis.

2247 3269 2266 3300 ‹
2314 3249 2543 3316 Reliqua
2575 3254 2756 3302 autem
2799 3259 3109 3299 sermonum
3140 3243 3406 3309 Ezechiae,
3433 3249 3486 3296 et
3508 3241 3689 3296 omnis
3733 3240 3855 3295 for-

548 3338 750 3391 riorem
786 3335 989 3392 fontem
1016 3355 1278 3408 aquarum
1300 3339 1496 3406 Gihon,
1525 3348 1579 3395 et
1606 3343 1802 3395 avertit
1825 3357 1918 3398 eas
1947 3343 2135 3398 subter

2245 3360 2264 3390 ‹
2310 3307 2485 3394 titudo
2516 3337 2656 3407 ejus,
2684 3343 2739 3392 et
2770 3334 3045 3404 quomodo
3067 3333 3258 3388 fecerit
3286 3307 3547 3402 piscinam
3568 3339 3628 3385 et
3653 3345 3852 3401 aquae.

546 3429 616 3483 ad
642 3429 984 3484 occidentem
1010 3431 1160 3486 urbis
1182 3432 1370 3486 David.
1398 3433 1454 3486 In
1475 3433 1723 3488 omnibus
1745 3434 2000 3504 operibus
2023 3435 2135 3489 suis

545 3523 676 3580 fecit
700 3539 958 3594 prospere
1001 3541 1122 3595 quae
1174 3525 1365 3582 voluit.
1397 3519 1423 3576 ἰ
1476 3527 1730 3582 Attamen
1765 3527 1817 3582 in
1871 3527 2136 3597 legatione

541 3620 852 3692 principum
887 3621 1210 3692 Babylonis,
1258 3624 1351 3694 qui
1381 3623 1530 3678 missi
1561 3622 1776 3678 fuerant
1801 3624 1866 3678 ad
1897 3639 2040 3687 eum,
2075 3634 2134 3678 ut

544 3714 946 3785 interrogarent
975 3715 1040 3770 de
1068 3707 1321 3785 portento
1355 3717 1498 3786 quod
1529 3717 1799 3772 acciderat
1829 3730 1994 3784 super
2021 3725 2124 3770 ter-

2245 3452 2262 3480 ι
2310 3429 2552 3494 ductum,
2580 3436 2636 3481 et
2666 3424 3031 3480 introduxerit
3051 3438 3222 3492 aquas
3245 3423 3298 3476 in
3327 3421 3624 3486 civitatem,
3653 3436 3848 3475 nonne

2243 3541 2259 3571 ‹
2308 3520 2422 3575 haec
2444 3518 2647 3588 scripta
2669 3525 2796 3571 sunt
2817 3517 2872 3569 in
2900 3514 3040 3570 libro
3065 3528 3375 3569 sermonum
3395 3511 3602 3566 dierum
3621 3510 3848 3581 Regum

2244 3633 2258 3663 ς
2304 3611 2478 3666 Iuda?
2505 3619 2612 3665 etc.
2649 3629 2667 3659 ι
2702 3607 2949 3662 Tradunt
2976 3605 3188 3660 Hebraei
3222 3603 3344 3659 ideo
3378 3611 3672 3674 aegrotasse
3699 3601 3844 3658 Eze-

2237 3707 2440 3770 chiam,
2469 3703 2726 3774 quoniam
2763 3709 2990 3772 propter
3046 3699 3344 3754 inauditam
3396 3697 3685 3752 victoriam
3721 3739 3740 3763 ,
3792 3710 3846 3753 et

2234 3795 2442 3867 Assyrii
2486 3793 2630 3865 regis
2663 3791 2962 3857 interitum,
2992 3806 3097 3846 non
3127 3789 3388 3846 cecinerit
3417 3788 3602 3843 laudes
3643 3789 3842 3845 Domi-

2236 3907 2322 3952 no,
2355 3905 2491 3961 quas
2519 3889 2720 3944 cecinit
2747 3886 2961 3958 Moyses
2983 3886 3271 3942 Pharaone
3301 3887 3604 3950 submerso,
3641 3896 3696 3940 et
3733 3887 3839 3940 De-

2231 3985 2364 4038 bora
2407 3979 2696 4036 interfecto
2739 3978 2925 4034 Sisara
2963 3987 3061 4034 :et
3107 3978 3261 4032 Anna
3307 3977 3486 4049 genito
3542 3975 3834 4033 Samucle.

2233 4072 2390 4129 Unde
2414 4070 2805 4128 commonitum
2836 4084 2957 4124 esse
2995 4067 3305 4139 fragilitatis
3333 4081 3464 4131 sure,
3494 4082 3839 4138 rursumque

2229 4175 2352 4234 post
2377 4163 2625 4234 corporis
2649 4161 2936 4217 sanitatem
2968 4168 3025 4215 et
3054 4159 3193 4229 signi
3242 4157 3695 4229 magnitudinem,
3734 4175 3834 4212 au-

2230 4259 2361 4314 ferri
2393 4259 2632 4328 aliquam
2662 4257 3010 4312 occasionem
3057 4254 3325 4324 superbiae
3354 4294 3368 4319 ,
3405 4268 3563 4321 quam
3595 4262 3668 4306 ut
3695 4270 3831 4323 prn-

2230 4353 2363 4407 dens
2394 4360 2450 4405 et
2481 4350 2577 4405 Dei
2607 4349 2787 4404 cultor
2837 4349 3010 4402 vitare
3037 4345 3322 4412 debuerat,
3373 4359 3470 4400 nec
3511 4354 3834 4400 monstrare

2229 4444 2548 4515 alienigenis
2576 4442 2798 4497 divitias
2824 4456 2953 4495 suas
2983 4454 3140 4510 quas,
3165 4439 3278 4493 Deo
3310 4437 3600 4499 tribuente,
3637 4454 3831 4508 posse-

531 4540 800 4610 gentibus.
825 4543 884 4597 In
915 4543 1108 4598 diebus
1129 4543 1237 4598 illis
1261 4543 1548 4614 tegrotavit
1573 4543 1838 4598 Ezechias
1863 4559 2036 4614 usque
2057 4545 2126 4599 ad
2228 4537 2402 4592 derat.
2451 4535 2532 4588 Ex
2577 4549 2686 4603 quo
2710 4531 2866 4601 juxta
2895 4531 3042 4602 leges
3066 4545 3284 4599 quoque
3317 4528 3629 4599 tropologia:
3663 4530 3830 4583 disci-

530 4642 786 4699 mortem,
815 4643 868 4688 et
890 4636 1071 4690 oravit
1098 4635 1166 4689 ad
1197 4634 1506 4688 Dominum.
1547 4635 1614 4690 Et
1643 4636 1921 4692 exaudivit
1949 4652 2073 4692 eum
2100 4677 2116 4702 ,
2146 4684 2196 4702 ἢ
2229 4641 2370 4692 mus.
2396 4640 2503 4679 11οη
2535 4642 2555 4674 ί
2579 4623 2872 4678 ηιίιιεηάθε
2915 4621 3242 4691 ηιπεπίιαε
3287 4628 3416 4673 ante
3464 4634 3668 4689 P011503
3725 4637 3825 4674 ne"

529 4732 584 4777 et
609 4684 833 4778 dedit'ei
861 4725 1098 4794 signum,
1132 4724 1228 4779 sed
1256 4739 1364 4777 non
1385 4721 1544 4791 juxta
1571 4724 1830 4780 beneﬁcia
1862 4742 1982 4796 quae
2021 4684 2117 4781 ac:
2143 4684 2198 4745 Β
2224 4718 2461 4772 dandum
2489 4724 2736 4772 Sanctum
2765 4713 2992 4769 canibus
3019 4711 3236 4784 (Μαηήο
3264 4712 3394 4784 Vl)”
3431 4711 3532 4779 Qui
3557 4713 3713 4767 enim
3760 4713 3824 4766 ίῖ·

2223 4811 2360 4866 delis
2393 4817 2478 4865 est
2519 4809 2742 4880 spiritu,
2785 4806 3068 4860 abscondit
3115 4805 3330 4875 negotia
3367 4823 3378 4858 ε
3413 4813 3467 4858 et
3505 4803 3826 4874 quicunque

2223 4905 2327 4959 hoc
2354 4918 2460 4958 non
2515 4900 2710 4956 fecerit
2739 4941 2754 4964 ,
2804 4898 2980 4953 omnis
3009 4898 3181 4951 virtus
3210 4897 3355 4951 illius
3380 4904 3698 4961 enervatur,
3729 4911 3824 4966 pe-

2222 4997 2403 5067 ritque
2429 4993 2745 5064 posteritas,
2782 4998 2838 5044 et
2868 4989 3069 5043 amisso
3104 4987 3247 5042 virili
3287 4987 3502 5050 robore,
3538 4987 3590 5040 in
3623 4986 3824 5042 mulie—

2221 5087 2377 5140 brem
2411 5083 2675 5153 redigitur
2717 5078 3130 5135 mollitudinem.
3157 5076 3459 5148 Ingreditur
3484 5091 3616 5147 ergo
3647 5076 3824 5132 Isaias

2221 5181 2288 5235 ad
2334 5193 2540 5250 regem,
2585 5187 2641 5231 et
2680 5174 2836 5245 quasi
2865 5172 3082 5228 nescius
3107 5170 3417 5225 sciscitatur
3443 5184 3458 5223 :
3487 5168 3631 5234 Quid
3659 5169 3816 5224 dixe—

2221 5284 2347 5330 runt
2395 5274 2499 5328 viri
2555 5271 2643 5326 isti
2694 5279 2751 5324 et
2799 5265 3427 5336 unde,veneruut?Duo
3463 5265 3766 5336 interrogat
3803 5281 3816 5316 :

2218 5366 2347 5438 quid
2379 5365 2546 5422 locuti
2578 5365 2688 5418 sint
2713 5402 2728 5427 ,
2761 5373 2817 5416 et
2843 5361 2987 5414 unde
3007 5357 3302 5413 venerint?
3329 5355 3422 5410 Ille
3447 5356 3514 5411 ad
3537 5372 3707 5410 unum
3731 5372 3820 5410 re-

2215 5459 2474 5532 spondit,
2503 5457 2677 5513 altero
2707 5452 3097 5525 praetermisso,
3145 5449 3290 5518 quod
3322 5463 3446 5502 cum
3477 5448 3728 5517 emphasi
3762 5459 3816 5501 et

2217 5554 2510 5626 supercilio
2543 5549 2829 5622 legendum
2855 5554 2969 5602 est:
2995 5563 3014 5597 ι
3053 5545 3130 5599 De
3151 5549 3300 5597 terra
3325 5541 3622 5612 longinqua
3653 5556 3816 5594 vene-

2217 5655 2342 5701 runt
2383 5645 2452 5700 ad
2487 5658 2574 5698 me
2603 5642 2670 5697 de
2697 5638 2992 5710 Babylone.
3031 5656 3051 5690 ι
3081 5635 3260 5703 Quod,
3284 5640 3488 5702 quanto
3519 5643 3670 5686 terra
3699 5631 3816 5685 lon-

2215 5741 2333 5810 gior
2373 5737 2444 5792 sit
2477 5735 2618 5790 unde
2643 5742 2945 5796 venerunt,
2970 5739 3122 5784 tanto
3146 5728 3249 5782 iste
3274 5725 3565 5796 gloriosior
3589 5733 3818 5795 propter

2215 5849 2374 5904 quem
2407 5829 2676 5885 venerint.
2709 5845 2728 5878 ‹
2763 5826 2828 5880 Et
2859 5831 3158 5886 venerunt,
3189 5819 3396 5888 inquit,
3431 5818 3496 5870 ad
3527 5834 3636 5882 me,
3668 5837 3686 5869 ι
3715 5828 3820 5886 qut

2216 5929 2475 5983 debuerat
2503 5923 2686 5979 dicere
2713 5961 2729 5987 ,
2757 5925 3024 5975 venerunt
3053 5915 3118 5971 ad
3146 5910 3557 5981 gloriﬁcandum
3599 5911 3769 5964 Deum
3795 5948 3810 5972 ,

542 3821 685 3872 ram,
720 3807 1010 3878 dereliquit
1037 3823 1161 3863 eum
1213 3807 1356 3862 Deus
1408 3817 1465 3862 ut
1516 3817 1838 3874 tentaretur,
1891 3817 1945 3862 et
2003 3815 2130 3861 nota

543 3897 738 3951 ﬁerent
762 3897 945 3951 omnia
967 3913 1087 3966 qua
1108 3906 1266 3952 erant
1285 3899 1336 3952 in
1365 3899 1527 3954 corde
1553 3898 1690 3968 ejus.
1717 3897 1924 3952 Idcirco
1947 3906 2129 3952 autem

540 3987 830 4043 tentationi
883 3987 1106 4043 relictus
1149 3997 1254 4054 est,
1302 3991 1426 4059 quia
1459 3999 1582 4060 post
1608 3997 1816 4042 tantam
1843 3988 2129 4043 victoriam

540 4086 596 4132 et
627 4077 758 4134 solis
793 4093 1123 4151 regressum,
1162 4090 1218 4135 et
1245 4081 1771 4153 congratulationem
1824 4081 1975 4150 regni
2027 4095 2126 4150 po-

504 4220 511 4226 .
538 4170 854 4239 teutissimi,
885 4187 981 4227 cor
1004 4173 1146 4229 illius
1167 4173 1437 4230 elevatum
1467 4181 1568 4228 est.
1600 4172 1840 4242 Denique
1861 4173 1914 4226 in
1938 4172 2127 4227 eodem

539 4259 816 4319 volumine
855 4264 1112 4320 scribitur
1156 4281 1169 4318 :
1214 4284 1233 4317 ε
1272 4265 1425 4319 Multi
1465 4263 1781 4319 deferebant
1828 4263 2038 4318 hostias
2074 4272 2130 4316 et

536 4353 805 4410 sacriﬁcia
833 4355 887 4410 in
912 4354 1249 4411 Hierusalem
1277 4355 1529 4418 Domino,
1552 4362 1607 4408 et
1629 4368 1852 4407 munera
1880 4352 2128 4407 Ezechiae

535 4445 650 4516 regi
685 4445 842 4513 Juda,
874 4448 968 4518 qui
1001 4449 1272 4505 exaltatus
1291 4458 1375 4504 est
1407 4459 1526 4520 post
1563 4449 1679 4504 haec
1706 4465 1887 4504 coram
1915 4450 2126 4506 cunctis

529 4827 771 4887 ceperat,
806 4818 1102 4873 retribuit:
1137 4819 1264 4888 quia
1300 4819 1595 4874 exaltatum
1627 4831 1711 4876 est
1756 4837 1852 4878 cor
1881 4824 2016 4893 ejus.
2053 4822 2120 4876 Et

531 4913 672 4965 facta
697 4920 781 4966 est
804 4920 996 4966 contra
1022 4925 1146 4964 eum
1176 4911 1254 4966 ira
1275 4953 1289 4980 ,
1325 4921 1380 4965 et
1425 4921 1616 4967 contra
1648 4911 1860 4978 Iudam,
1889 4922 1945 4968 et
1987 4913 2114 4967 Hie-

529 5005 787 5060 rusalem.
832 5024 850 5056 ›
885 5004 1233 5075 Rursumque
1275 5005 1554 5077 Scriptura
1602 5017 1789 5062 sancta
1829 5008 2115 5062 elationem

526 5099 708 5154 cordis
755 5098 872 5168 ejus
920 5098 1048 5154 dicit
1094 5101 1411 5170 poenitentia
1457 5103 1778 5171 mitigatam,
1832 5101 2110 5158 inferens:

534 5208 552 5240 ι
587 5189 653 5242 Et
681 5188 996 5244 humiliatus
1025 5199 1109 5244 est
1137 5200 1347 5259 postea,
1393 5206 1458 5245 eo
1481 5189 1625 5259 quod
1651 5190 2115 5258 exaltatuntesset

525 5297 622 5336 cor
651 5281 789 5352 ejus,
819 5291 925 5338 tam
957 5283 1072 5354 ipse
1098 5300 1259 5354 quam
1293 5285 1626 5339 habitatores
1666 5283 1996 5338 Hierusalem
2023 5325 2036 5350 ,
2061 5294 2116 5340 et

527 5375 730 5430 idcirco
772 5392 878 5431 non
922 5379 1072 5432 venit
1117 5377 1195 5432 ira
1245 5393 1409 5446 super
1462 5393 1556 5431 eos
1599 5377 1810 5431 Domini
1838 5377 1890 5432 in
1923 5378 2112 5433 diebus

526 5468 791 5523 Ezechiae.
827 5489 846 5520 ι
877 5468 1113 5527 Laetatus
1137 5480 1222 5526 est
1249 5486 1380 5542 ergo
1409 5471 1462 5525 in
1491 5471 1781 5525 adventum
1809 5471 2108 5543 legatorum

527 5559 826 5624 Berodach,
851 5576 1010 5630 quem
1042 5574 1250 5633 patrem
1279 5564 1446 5619 fuisse
1475 5561 1978 5619 Nabuchodonosor
2005 5563 2108 5618 He-

527 5653 660 5707 braei
691 5661 993 5721 autumant,
1027 5666 1082 5710 et
1110 5658 1163 5710 in
1208 5656 1426 5710 datione
1453 5671 1763 5721 munerum,
1795 5665 1851 5710 et
1881 5671 2112 5724 congra-

527 5742 785 5800 tulatione
831 5746 1080 5801 sanitatis
1125 5763 1234 5801 suae
1280 5748 1517 5803 ostendit
1570 5763 1691 5816 quae
1725 5747 1804 5800 eis
1832 5744 1984 5813 juxta
2018 5745 2111 5800 Se-

523 5838 804 5906 ptuaginta
863 5840 1079 5891 domum
1145 5841 1337 5907 νεχοθά
1414 5855 1514 5908 pro
1585 5853 1688 5907 qua
1753 5837 2112 5908 Symmachus

525 5927 818 5995 transtulit
848 5937 1152 5983 aromatum
1181 5943 1423 5991 suorum.
1469 5939 1523 5984 et
1557 5931 1838 5984 thesauros
1894 5928 2007 5982 auri
2059 5938 2112 5983 et
