4078 6340
323 408 435 464 537

1253 404 1509 462 ENARII.
1549 405 1616 460 IN
1656 405 1900 463 LIBROS
1936 406 2197 464 REGUM.
2244 440 2312 449 —
2349 408 2418 465 IN
2453 409 2581 466 LIB.
2622 409 2713 465 IV.

3490 420 3596 477 538

321 540 431 595 pro
473 523 610 595 signi
651 522 1024 596 magnitudine
1060 523 1126 578 de
1173 523 1444 594 Babylone
1474 565 1488 591 ,
1531 539 1650 593 quae
1678 525 1808 578 urbs
1861 524 1914 577 in
1942 529 1991 588 Α
2020 525 2366 580 conscientia".
2394 521 2804 593 commemorat,
2853 529 2980 599 quia
3025 527 3261 586 favorem
3291 532 3452 588 alieni
3485 536 3599 592 oris

324 628 447 674 toto
501 619 632 674 orbe
693 617 1066 687 potentissima
1136 625 1237 671 est.
1299 614 1643 686 Rursumque
1697 615 1908 670 Isaias:

331 728 352 762 α
375 710 538 778 Quid,
557 708 1020 778 inquit,viderunt
1043 708 1098 763 in
1113 708 1274 764 domo
1295 708 1425 763 tua?
1447 727 1464 759 ι
1487 708 1553 762 Et
1577 707 1666 762 ille
1693 723 1916 778 respon-

325 803 415 858 dit
441 818 506 857 ex
531 810 684 872 parte
721 816 910 857 verum
939 841 955 866 ,
1004 799 1146 870 quod
1189 800 1370 855 omnia
1407 799 1642 855 viderint
1670 801 1723 854 in
1754 801 1915 854 domo

324 896 477 952 illius
504 939 520 963 ,
561 911 661 952 nec
696 895 860 951 fuerit
894 910 983 951 res
1010 910 1172 965 quam
1204 909 1311 949 non
1343 893 1643 949 ostenderit
1690 894 1742 947 in
1791 894 1910 948 the-

323 987 510 1042 sauris
534 988 647 1044 suis
670 987 750 1042 eis
781 1005 795 1040 :
827 987 920 1042 sed
950 987 1179 1041 alterum
1206 994 1369 1051 tacet,
1396 988 1462 1040 de
1489 1000 1597 1054 quo
1623 986 1916 1040 verebatur

321 1078 612 1148 otfensam,
640 1078 783 1149 quod
807 1079 1105 1134 ostenderit
1125 1078 1206 1134 eis
1230 1087 1426 1135 cuncta
1455 1093 1576 1148 qua:
1601 1077 1825 1133 haberet
1857 1076 1914 1132 in

319 1181 598 1243 potestate
628 1188 745 1238 sua,
785 1171 930 1228 haud
972 1172 1193 1228 dubium
1220 1172 1350 1243 quin
1399 1179 1454 1228 et
1500 1171 1683 1242 templi
1729 1170 1912 1240 supel-

321 1265 563 1320 lectilem
591 1307 606 1331 ,
660 1274 884 1336 propter
926 1281 1046 1335 quae
1087 1264 1255 1320 Isaias
1283 1263 1380 1319 Dei
1428 1278 1680 1319 sermone
1707 1261 1914 1332 profert

321 1358 698 1414 sententiam:
735 1377 754 1408 ‹
808 1357 949 1412 Audi
995 1355 1221 1412 verbum
1267 1356 1476 1411 Domini
1527 1355 1908 1412 exercituum:

325 1450 525 1505 Veniet
575 1457 787 1520 tempus
845 1449 1060 1520 quando
1106 1449 1288 1504 omnia
1331 1449 1448 1504 haec
1489 1462 1608 1518 quae
1647 1447 1718 1512 in,
1755 1447 1912 1502 domo

323 1553 420 1598 tua
443 1552 604 1607 sunt,
650 1552 838 1600 etnon
889 1551 1004 1607 tuo,
1057 1544 1153 1599 sed
1205 1551 1418 1613 patrum
1467 1551 1682 1597 tuorum
1727 1541 1913 1596 labore

319 1635 554 1706 quaesita
579 1643 724 1700 sunt,
753 1634 806 1688 in
835 1634 1164 1706 Babylonem
1201 1633 1617 1699 transferantur,
1652 1640 1706 1687 et
1734 1633 1800 1688 de
1829 1647 1914 1687 se-

323 1727 476 1782 mine
503 1735 597 1781 tuo
622 1727 754 1780 ﬁant
779 1727 1012 1781 eunuchi
1039 1726 1092 1780 in
1122 1725 1245 1779 aula
1284 1725 1430 1796 regia
1460 1724 1595 1796 (Isa.
1642 1723 1855 1796 xxxrx).
1887 1741 1905 1774 ι

319 1817 403 1871 Ex
443 1832 552 1887 quo
576 1816 788 1872 Hebraei
818 1817 1027 1883 volunt,
1072 1817 1374 1882 Danielem,
1397 1816 1683 1882 Ananiam,
1720 1816 1913 1872 Misae—

2017 633 2121 672 non
2153 619 2380 687 appetit,
2407 617 2532 673 vitae
2557 634 2667 674 suae
2693 620 2890 691 gaudia
2929 631 3084 677 extra
3115 625 3462 694 semetipsum
3497 642 3597 696 po-

2015 723 2146 763 nere
2169 709 2401 779 ignorat.
2429 710 2760 767 Occultanda
2808 723 2936 769 sunt
2967 730 3099 786 ergo
3126 732 3248 788 quae
3272 717 3506 786 agimus,
3530 736 3600 777 ne

2017 799 2132 855 haec
2159 802 2212 854 in
2243 801 2404 871 hujus
2425 805 2552 860 vita:
2591 805 2789 862 itinere
2815 806 3028 863 incaute
3049 817 3352 880 portantes,
3380 811 3598 869 latroci-

2016 892 2258 947 nantium
2287 895 2573 964 spirituum
2603 897 2914 956 incursione
2943 901 3255 971 perdamus.

2488 1047 2682 1106 CAPP.
2716 1051 2838 1108 XXI
2866 1063 2923 1110 et
2942 1053 3107 1111 XXII.

2090 1181 2110 1214 ι
2143 1159 2526 1235 Dormivitque
2569 1166 2836 1224 Ezechias
2876 1185 2998 1226 cum
3055 1173 3300 1243 patribus
3349 1176 3504 1244 suis,
3546 1188 3602 1234 et

2020 1275 2038 1308 ι
2084 1259 2330 1330 regnavit
2377 1257 2658 1315 Manasses
2704 1260 2848 1317 ﬁlius
2896 1263 3014 1333 ejus
3047 1280 3146 1334 pro
3187 1281 3271 1322 eo.
3308 1265 3600 1325 Duodecim

2019 1370 2038 1404 ‹
2086 1367 2348 1407 annorum
2379 1362 2500 1408 erat
2527 1353 2802 1410 Manasses
2828 1372 2951 1412 cum
2978 1373 3209 1429 regnare
3244 1363 3524 1432 coepisset,
3549 1373 3604 1419 et

2019 1467 2038 1500 ‹
2084 1448 2472 1519 quinquaginta
2521 1449 2761 1519 quinque
2790 1451 2948 1507 annis
2977 1455 3227 1525 regnavit
3259 1457 3314 1510 in
3347 1454 3604 1513 Hierusa-

2019 1560 2037 1592 ι
2083 1541 2222 1606 lem,
2275 1551 2379 1598 etc.
2424 1563 2442 1595 ι
2483 1541 2614 1600 Post
2664 1553 2896 1600 mortem
2947 1560 3076 1616 ergo
3115 1546 3382 1614 Ezechia},
3417 1558 3606 1606 narrat

2015 1632 2295 1705 Scriptura
2317 1634 2619 1691 Manassen)
2641 1636 2808 1690 ﬁlium
2832 1636 2951 1706 ejus
2976 1653 3235 1708 regnasse
3261 1641 3316 1694 in
3341 1641 3601 1697 Hierusa-

2013 1725 2150 1793 lem;
2202 1728 2294 1797 qui
2341 1743 2464 1784 cum
2497 1729 2565 1783 ad
2610 1728 2752 1783 idola
2782 1728 3031 1795 colenda,
3075 1740 3129 1786 et
3175 1733 3604 1790 abominationes

2015 1810 2292 1874 faciendas
2322 1835 2381 1875 se
2411 1830 2780 1886 converteret,
2834 1821 3148 1891 relinquens
3190 1822 3358 1878 Deum
3389 1833 3603 1894 patrum

319 1910 456 1975 lem,
489 1909 736 1965 Asariam
761 1910 874 1981 (qui
904 1909 1056 1965 fuere
1100 1911 1166 1965 de
1220 1910 1425 1965 semine
1469 1909 1642 1981 regio)
1669 1924 1790 1965 esse
1815 1925 1910 1964 eu-
1936 1906 1986 1968 B
2013 1927 2237 1968 suorum
2265 1921 2322 1968 et
2345 1913 2488 1968 bona
2519 1913 2788 1984 exempla,
2820 1928 2941 1983 quae
2987 1915 3042 1968 in
3074 1915 3320 1985 genitore
3347 1931 3446 1972 suo
3469 1916 3604 1972 Eze-

318 2004 554 2069 nuchos,
585 2018 721 2074 quos
766 2003 821 2058 in
865 2003 1171 2058 ministerio
1212 2003 1709 2060 Nabuchodonosor
1737 2003 1908 2060 fuisse

319 2113 433 2152 non
463 2096 684 2152 dubium
712 2107 815 2153 est.
851 2116 872 2149 ς
915 2097 1168 2168 Dixitque
1207 2098 1472 2154 Ezechias
1506 2117 1518 2152 :
1548 2097 1756 2153 Bonum
1779 2114 1906 2154 ver-

317 2191 452 2245 bum
494 2190 702 2245 Domini
734 2189 876 2260 quod
904 2191 1116 2247 locutus
1147 2199 1251 2246 est.
1287 2211 1306 2243 ι
1342 2191 1403 2246 In
1443 2207 1550 2260 quo
1572 2193 1638 2245 ab
1667 2191 1907 2248 Hebraeis

318 2283 761 2352 reprehenditur,
779 2300 878 2339 cur
897 2298 1003 2338 non
1026 2284 1096 2339 sit
1120 2285 1360 2339 imitatus
1389 2285 1687 2340 bonitatem
1712 2284 1906 2356 Moysi,

319 2374 417 2444 qui
441 2373 652 2430 locutus
676 2375 746 2429 ad
774 2375 1062 2430 Dominum
1090 2384 1175 2432 est
1209 2395 1264 2430 ε(
1287 2376 1394 2431 Aut
1419 2376 1630 2430 dimitte
1660 2377 1740 2432 eis
1769 2378 1909 2431 hanc

320 2483 546 2533 noxam,
579 2477 671 2523 aut
695 2470 740 2523 si
765 2485 872 2525 non
913 2469 1069 2535 facis,
1099 2470 1217 2525 dele
1248 2470 1424 2525 mede
1459 2471 1598 2525 libro
1623 2480 1714 2526 tuo
1744 2487 1907 2543 quem

321 2561 591 2632 scripsisti
607 2559 802 2628 (Exod.
817 2564 1043 2633 XXXII).)
1067 2561 1220 2618 Unde
1243 2563 1598 2634 etApostolus
1619 2565 1906 2618 anathema

320 2656 441 2710 vult
460 2669 580 2710 esse
616 2671 647 2709 a
673 2653 892 2711 Christo
913 2669 1012 2725 pro
1039 2653 1302 2710 fratribus
1328 2655 1463 2721 suis,
1483 2655 1574 2724 qui
1597 2663 1722 2709 sunt
1742 2655 1911 2710 Israe-

319 2749 434 2803 litae
463 2747 642 2817 (Rom.
675 2749 793 2818 ix).'
822 2747 951 2803 Haec
988 2747 1172 2819 itaque
1213 2749 1479 2804 sententia
1514 2749 1790 2819 prophetae
1843 2749 1910 2804 ad

323 2838 636 2906 Ezechiam,
667 2841 895 2912 mystice
931 2849 1123 2896 contra
1162 2841 1471 2912 hypocritas
1499 2842 1710 2911 prolata
1737 2841 1908 2908 accipi

321 2941 503 3001 potest
532 2951 546 2987 :
580 2932 672 3003 qui
699 2942 822 3003 post
847 2947 1072 3003 magnas
1116 2932 1344 2988 virtutes
1387 2935 1745 2998 decrescunt,
1783 2933 1909 3003 quia

323 3040 519 3080 cavere
551 3025 912 3096 malignorum
937 3011 1222 3094 spirituum
1259 3025 1485 3080 insidias
1512 3025 1786 3096 negligunt
1809 3065 1824 3089 ,
1857 3034 1913 3078 et

323 3115 492 3172 celari
532 3117 586 3171 in
611 3116 814 3172 eisdem
835 3116 1130 3171 virtutibus
1160 3115 1352 3170 nolunt
1371 3156 1386 3182 ,
1435 3116 1576 3170 bona
1605 3131 1703 3170 sua
1729 3123 1912 3170 osten-

323 3209 544 3272 dendo,
590 3209 827 3264 hostium
873 3208 1081 3263 faciunt
1135 3222 1150 3261 :
1198 3217 1254 3263 et
1306 3209 1676 3279 imprudentes
1733 3209 1911 3264 subito

2019 2007 2139 2062 chia
2172 2017 2552 2077 conspexerat.
2579 2007 2927 2078 Locutusque
2959 2018 3042 2063 est
3076 2009 3336 2064 Dominus
3366 2009 3434 2065 ad
3483 2025 3606 2066 eum

2019 2108 2076 2154 et
2105 2099 2173 2153 ad
2201 2099 2456 2168 populum
2489 2099 2628 2169 ejus,
2657 2108 2711 2153 et
2737 2101 3019 2156 attendere
3063 2099 3370 2156 noluerunt.
3403 2099 3608 2157 Idcirco

2018 2192 2398 2263 super-induxit
2434 2193 2514 2248 eis
2541 2193 2815 2264 principes
2845 2195 3118 2250 exercitus
3166 2195 3314 2267 regis
3359 2194 3609 2266 Assyrio-

2018 2300 2139 2340 rum
2170 2326 2185 2350 ,
2239 2293 2608 2356 ceperuntque
2646 2285 2929 2342 Manassen
2957 2328 2970 2355 ,
3012 2295 3067 2344 et
3117 2287 3358 2343 vinctum
3401 2288 3609 2344 catenis

2019 2384 2183 2446 atque
2222 2377 2578 2448 compedibus
2609 2420 2624 2444 ,
2679 2379 2953 2435 duxerunt
3009 2381 3064 2434 in
3107 2380 3460 2452 Babylonem.
3507 2380 3609 2448 Qui

2015 2475 2303 2538 postquam
2330 2477 2719 2540 coangustatus
2756 2469 2862 2536 est,
2913 2470 3090 2525 oravit
3124 2470 3411 2526 Dominum
3439 2471 3609 2526 Deum

2018 2571 2196 2624 suum,
2222 2567 2278 2612 et
2305 2559 2416 2630 egit
2439 2561 2818 2630 pcenitentiam
2843 2560 2999 2616 valde
3029 2576 3212 2616 coram
3240 2563 3469 2618 Domino
3499 2563 3610 2618 Deo

2018 2659 2234 2718 patrum
2287 2666 2528 2706 suorum.
2584 2652 3028 2724 Deprecatusque
3063 2663 3147 2708 est
3175 2669 3323 2721 eum,
3352 2665 3408 2709 et
3455 2655 3610 2710 obse—

2019 2745 2190 2800 cravit
2219 2745 2448 2810 intente,
2479 2755 2535 2801 et
2563 2748 2842 2803 exaudivit
2865 2749 3170 2804 orationem
3192 2749 3335 2820 ejus,
3366 2749 3608 2804 reduxit-

2019 2854 2124 2908 que
2153 2852 2276 2893 eum
2307 2840 2360 2893 in
2379 2838 2721 2896 Hierusalem
2745 2841 2799 2895 in
2823 2855 3049 2912 regnum
3072 2856 3250 2905 suum,
3273 2847 3329 2895 et
3358 2839 3610 2911 cognovit

2020 2928 2294 2985 Manasses
2323 2931 2465 3000 quod
2492 2931 2754 2986 Dominus
2795 2932 2911 3003 ipse
2948 2939 3095 2987 esset
3122 2930 3283 2986 Deus.
3319 2929 3607 3000 Exemplar

2020 3029 2200 3076 autem
2233 3030 2318 3075 est
2357 3021 2473 3076 haec
2498 3022 2819 3091 poenitentia
2858 3022 3109 3078 Manasse
3137 3023 3279 3092 quod
3312 3031 3435 3091 post
3458 3037 3607 3076 corn-

2020 3113 2187 3168 missa
2218 3113 2423 3169 scelera
2451 3114 2630 3168 nullus
2660 3115 2899 3170 debetde
2917 3115 3012 3170 Dei
3030 3114 3402 3170 misericordia
3425 3115 3608 3184 despe-

2022 3223 2168 3274 rare,
2215 3209 2308 3263 sed
2361 3209 2534 3279 magis
2583 3222 2679 3279 per
2721 3210 3095 3280 pmnitentiam
3132 3223 3425 3279 congruam
3457 3222 3607 3279 spem

323 3269 881 3368 amittunt,quidquid
911 3298 1111 3353 diutius
1133 3269 1413 3353 studentes
1441 3297 1911 3368 operantur.IIine
1939 3269 1984 3332 Ο
2017 3269 2220 3355 habere
2247 3269 2515 3366 veniae,si
2539 3269 2660 3356 eam
2687 3269 2794 3356 rite
2819 3298 3133 3371 perfecerit.
3165 3269 3295 3355 Post
3325 3291 3467 3353 hunc
3486 3269 3604 3354 .re-

319 3404 425 3458 per
446 3387 787 3444 Psalmistam
823 3388 1024 3444 dicitur
1056 3409 1067 3444 :
1111 3407 1130 3439 ι
1172 3389 1418 3444 Tradidit
1459 3389 1512 3444 in
1542 3389 1912 3460 captivitatem

321 3482 586 3536 virtutem
610 3497 819 3546 eorum,
843 3489 898 3536 et
917 3481 1370 3550 pulchritudinem
1402 3497 1588 3537 eorum
1627 3483 1681 3536 in
1720 3498 1913 3539 manus

215 3571 222 3577 ’
323 3574 532 3630 inimici
562 3571 733 3640 (Psal.
769 3573 995 3645 Lxxvn).
1032 3573 1244 3629 »Ἧι-ωε
1266 3574 1464 3644 quippe
1491 3582 1546 3628 et
1571 3573 1912 3643 pulchritudo

325 3665 698 3737 arrogantium
734 3666 939 3721 inimici
989 3666 1240 3722 manibus
1281 3666 1515 3720 traditur
1539 3707 1554 3732 ,
1599 3666 1725 3737 quia
1751 3680 1915 3722 omne

324 3759 530 3813 bonum
563 3757 708 3828 quod
731 3772 828 3828 per
857 3757 1356 3828 concupiscentiam
1391 3758 1565 3813 laudis
1586 3759 1909 3824 ostenditur,

324 3849 524 3906 occulti
556 3850 849 3906 adversarii
893 3851 1004 3921 juri
1050 3851 1410 3921 mancipatur.
1438 3850 1634 3907 Hostes
1677 3865 1915 3922 namque

325 3941 394 3995 ad
425 3941 674 4011 rapinam
711 3949 1028 4010 provocant,
1059 3943 1151 4012 qui
1193 3957 1320 3998 suas
1350 3957 1536 3998 eorum
1588 3944 1794 3998 notitia:
1828 3943 1913 3998 di-

325 4034 490 4090 vitias
518 4035 792 4090 denudant
823 4053 836 4088 :
868 4049 1149 4104 quousque
1191 4034 1337 4089 enim
1385 4035 1452 4090 ab
1481 4043 1698 4090 aeternae
1728 4034 1915 4104 patriae

325 4128 622 4184 securitate
673 4129 1066 4200 disjungimur,
1109 4130 1162 4183 in
1216 4129 1485 4186 latronum
1543 4129 1911 4184 insidiantium

326 4224 524 4279 itinere
547 4223 1043 4294 ambulamus?qui
1081 4225 1228 4279 enim
1271 4225 1324 4280 in
1370 4226 1565 4280 itinere
1614 4225 1913 4295 deprtedari

325 4318 610 4386 formidat,
654 4319 951 4375 abscondat
987 4315 1214 4375 neceSse
1257 4327 1342 4375 est
1383 4320 1524 4374 bona
1550 4335 1670 4390 qua:
1711 4328 1910 4389 portat.

325 4411 373 4466 Ο
403 4410 610 4475 miseri,
636 4410 727 4480 qui
756 4410 1071 4466 aﬂ‘ectantes
1111 4411 1301 4466 laudes
1321 4411 1604 4467 hominum
1634 4412 1690 4466 in
1717 4422 1916 4468 semet-

329 4502 464 4571 ipsis
488 4500 756 4572 dissipant
799 4501 1011 4559 fructus
1060 4503 1330 4559 laborum.
1370 4503 1615 4576 Cumque
1644 4521 1702 4560 se
1733 4514 1914 4560 osten-

327 4597 458 4649 dere
499 4594 692 4650 alienis
719 4595 891 4650 oculis
918 4604 1176 4666 appetunt
1197 4636 1213 4661 ,
1243 4597 1500 4650 damnant
1529 4597 1672 4668 quod
1703 4605 1870 4668 agunt
1896 4611 1909 4650 :

325 4703 468 4759 quos
495 4689 751 4743 nimirum
781 4689 1000 4759 maligni
1045 4690 1289 4760 spiritus,
1322 4691 1448 4745 dum
1490 4691 1558 4745 ad
1598 4691 1916 4761 jactantiam

328 4791 652 4852 provocant,
699 4798 886 4838 eorum
935 4781 1098 4853 (sicut
1135 4784 1394 4855 diximus)
1423 4799 1586 4855 opera
1612 4785 1795 4840 hostes
1819 4784 1919 4840 .dc-

330 4875 560 4928 nudant.
591 4873 727 4928 Hinc
755 4883 839 4928 est
867 4875 1011 4928 enim
1039 4874 1182 4943 quod
1207 4891 1304 4944 per
1333 4874 1680 4946 Evangelium
1707 4875 1922 4942 Veritas

328 4967 498 5022 dicit:
539 4985 558 5018 ι
591 4965 809 5022 Nesciat
838 4967 1056 5022 sinistra
1092 4976 1180 5021 tua
1215 4968 1343 5036 quid
1367 4967 1528 5022 faciat
1558 4967 1781 5022 dextera
1807 4976 1919 5033 tua,

329 5068 392 5112 ut
447 5059 517 5113 sit
566 5058 907 5130 eleemosyna
939 5069 1026 5112 tua
1058 5059 1113 5114 in
1145 5059 1464 5115 abscondito
1487 5101 1502 5125 ,
1532 5069 1588 5115 et
1612 5060 1773 5116 Pater
1801 5068 1924 5114 tuus

329 5153 425 5222 qui
476 5152 622 5207 videt
675 5153 730 5208 in
780 5154 1099 5209 abscondito
1151 5155 1338 5209 reddet
1386 5154 1480 5208 tibi
1508 5153 1722 5226 (Matth.
1754 5153 1854 5224 vi).
1895 5172 1916 5205 ι

331 5246 473 5302 Hinc
493 5254 578 5302 est
601 5247 744 5316 quod
771 5248 838 5302 de
864 5247 1161 5302 electorum
1189 5247 1431 5304 Ecclesia
1457 5263 1554 5318 per
1578 5247 1921 5304 Psalmistam

331 5339 538 5393 dicitur
578 5357 592 5394 ε
630 5357 648 5390 ι
687 5338 876 5394 Omnis
919 5339 1088 5410 gloria
1134 5339 1253 5406 ejus
1311 5339 1434 5394 ﬁliae
1484 5341 1625 5411 regis
1673 5341 1740 5395 ab
1776 5340 1924 5395 intus

332 5429 750 5505 (Psalm.xuv).
781 5451 799 5484 ι
826 5431 964 5488 Hinc
988 5432 1187 5487 Paulus
1210 5432 1288 5487 ait
1313 5451 1373 5490 ;,‹
1397 5433 1578 5488 Gloria
1603 5443 1786 5488 nostra
1807 5435 1924 5489 haec

333 5534 440 5587 est,
473 5523 842 5580 testimonium
871 5525 1219 5581 conscientiae
1246 5532 1464 5580 nostrzc.
1502 5544 1520 5577 ι
1553 5525 1706 5600 Filia.
1725 5526 1923 5596 quippe

337 5629 524 5684 regum
562 5615 806 5672 Ecclesia
837 5626 938 5681 est,
995 5632 1114 5686 qua:
1161 5617 1303 5672 bono
1357 5630 1519 5686 opere
1560 5616 1922 5688 spiritualium

337 5707 576 5762 ﬁliorum
613 5710 684 5763 sit
727 5710 1108 5780 praedicatione
1151 5717 1408 5779 generata
1455 5729 1467 5762 :
1512 5693 1740 5780 gloriam
1779 5709 1923 5765 intus

337 5801 524 5866 habet,
549 5804 673 5872 quia
696 5804 796 5859 hoc
822 5804 965 5874 quod
993 5803 1124 5874 agit,
1151 5803 1204 5856 in
1227 5803 1588 5858 ostentatione
1604 5801 1924 5870 jactantiam

340 5910 449 5948 non
494 5895 675 5951 habet.
721 5896 958 5952 Gloriam
999 5911 1153 5953 suam
1218 5894 1508 5968 Apostolus
1559 5896 1926 5952 testimonium

2015 3392 2201 3463 gnavit
2231 3391 2372 3447 ﬁlius
2389 3391 2506 3462 ejus
2527 3392 2758 3448 Ammon
2782 3391 3087 3447 idololatra.
3103 3389 3233 3448 Post
3256 3406 3419 3462 quem
3431 3389 3608 3446 Josias

2015 3484 2157 3539 ﬁlius
2184 3485 2300 3555 ejus
2333 3499 2429 3538 rex
2451 3484 2790 3555 justissimus
2821 3484 3086 3555 regnavit,
3105 3483 3197 3554 qui
3216 3497 3433 3538 omnem
3458 3495 3608 3552 spur-

2015 3577 2198 3632 citiam
2255 3577 2521 3632 idolorum
2567 3592 2731 3647 quam
2792 3583 2976 3646 patres
3024 3576 3107 3631 sui
3163 3573 3605 3639 fabricaverunt,

2015 3669 2347 3730 emundavit.
2380 3678 2436 3725 et
2461 3685 2519 3724 se
2549 3669 2602 3724 in
2646 3669 2742 3724 Dei
2778 3669 2924 3724 cultu
2977 3676 3198 3723 strenue
3229 3665 3490 3722 exercuit.
3541 3664 3632 3718 Et~

2015 3743 2266 3829 merito:
2299 3765 2425 3834 quia
2471 3763 2630 3834 longe
2675 3771 2800 3817 ante
2839 3763 2943 3818 hoc
2969 3762 3036 3817 de
3063 3760 3155 3816 illo
3183 3759 3499 3830 praedictum
3525 3766 3610 3812 est

2015 3875 2114 3930 per
2150 3859 2491 3930 prophetam.
2548 3856 2944 3926 Interpretatur
2996 3865 3177 3911 autem
3225 3851 3400 3910 Josias
3453 3850 3608 3921 cujus

2016 3961 2100 4008 est
2147 3950 2478 4007 sacriﬁcium
2504 3951 2767 4014 Domino,
2799 3950 2886 4006 vel
2913 3949 3058 4004 salus
3089 3948 3302 4003 Domini
3341 3985 3344 3990 -
3387 3945 3470 4003 vel
3503 3945 3608 4000 Do-

2019 4045 2146 4097 mini
2170 4043 2443 4113 fortitudo.
2485 4041 2638 4110 Quod
2662 4051 2843 4098 autem
2874 4042 3122 4112 sequitur
3151 4043 3216 4097 de
3239 4041 3428 4096 eodem
3456 4054 3606 4110 rege,

2018 4135 2160 4204 quod
2191 4135 2377 4190 audito
2412 4134 2552 4189 libro
2581 4133 2718 4202 legis
2745 4132 2982 4198 Domini,
3013 4148 3175 4203 quem
3228 4131 3480 4186 Helchias
3518 4146 3604 4185 sa-

2018 4229 2210 4284 cerdos
2237 4229 2447 4283 invenit
2478 4229 2532 4282 in
2560 4227 2722 4283 domo
2754 4226 2990 4292 Domini,
3009 4226 3260 4282 scidisset
3284 4226 3605 4281 vestimenta

2018 4337 2138 4387 sua,
2173 4329 2230 4376 et
2257 4320 2500 4378 misisset
2523 4320 2807 4377 Helchiam
2831 4319 3169 4376 sacerdotem
3195 4328 3250 4375 et
3269 4327 3496 4375 caeteros
3517 4319 3609 4389 qui

2018 4413 2415 4484 subsequenter
2444 4421 2893 4479 annumerantur,
2955 4412 3023 4469 ad
3062 4411 3252 4469 Oldam
3290 4413 3609 4484 prophetam

2016 4517 2244 4558 uxorem
2268 4501 2495 4568 Selium,
2529 4518 2650 4574 quae
2680 4502 2962 4559 habitabat
2989 4502 3044 4558 in
3065 4501 3403 4558 Hierusalem
3429 4501 3485 4558 in
3519 4517 3608 4559 se-

2021 4595 2215 4650 cunda.
2253 4594 2392 4661 Quid
2428 4595 2697 4666 signiﬁcet
2742 4594 2872 4650 illud
2911 4597 3055 4665 quod
3086 4596 3286 4652 dicitur
3309 4637 3322 4659 ,
3358 4615 3375 4647 ι
3415 4596 3470 4650 in
3522 4612 3608 4652 se-

2024 4685 2200 4740 cunda
2227 4727 2241 4751 ,
2275 4706 2293 4737 »
2329 4686 2381 4740 in
2421 4686 2560 4742 libro
2585 4681 3061 4757 Paralipomenon
3102 4669 3422 4748 declaratur
3451 4727 3466 4753 ,
3517 4688 3610 4743 ubi

2023 4779 2284 4848 scriptum
2306 4786 2391 4834 est
2409 4779 2477 4834 de
2496 4771 2721 4848 praefato
2749 4794 2873 4848 rege
2896 4779 3126 4834 Ezechia
3142 4777 3228 4850 (II
3245 4777 3376 4834 Par.
3393 4777 3604 4850 xxx"):

2032 4891 2050 4922 ι
2084 4870 2398 4927 A'Sdiﬁcavit
2423 4885 2640 4940 quoque
2661 4885 2826 4942 agens
2847 4871 3113 4927 industrie
3133 4885 3349 4926 omnem
3371 4884 3610 4936 murum,

2027 4965 2115 5032 qui
2152 4961 2331 5018 fuerat
2359 4963 2675 5034 dissipatus,
2729 4964 3108 5034 exstruxitque
3138 4971 3317 5018 turres
3357 4961 3608 5031 desuper,

2027 5063 2081 5110 et
2110 5053 2410 5134 forinsecus
2439 5053 2669 5109 alterum
2702 5069 2935 5109 murum.
2967 5075 2986 5108 ι
3018 5053 3260 5110 Meminit
3302 5051 3461 5122 hujus
3508 5052 3610 5107 loci

2025 5155 2080 5204 et
2101 5145 2426 5217 Sophonias,
2451 5147 2670 5202 dicens:
2702 5165 2719 5198 ι
2747 5145 2862 5203 Vox
2885 5147 3140 5204 clamoris
3158 5163 3187 5202 a
3211 5155 3366 5217 porta
3388 5145 3610 5218 piscinae

2027 5249 2081 5297 et
2109 5241 2347 5296 ululatus
2387 5257 2417 5295 a
2463 5241 2700 5296 secunda
2751 5241 2932 5313 (Soph.
2966 5242 3007 5309 ι)
3045 5259 3057 5293 :
3102 5261 3119 5290 ι
3162 5255 3262 5310 pro
3305 5255 3413 5310 quo
3457 5249 3612 5295 vetus

2028 5336 2195 5390 editio
2218 5334 2374 5405 quasi
2401 5335 2681 5404 proprium
2713 5348 2908 5391 nomen
2946 5332 3050 5388 luci
3081 5333 3357 5388 transtulit
3393 5334 3446 5388 in
3493 5332 3609 5389 Ila-

2029 5444 2182 5485 sena.
2231 5428 2447 5484 Masena
2489 5429 2689 5499 quippe
2740 5429 3128 5496 interpretatur
3169 5427 3418 5482 secunda.
3459 5427 3613 5496 Quod

2031 5536 2160 5592 ergo
2179 5520 2378 5575 dicitur
2406 5521 2800 5592 prophetissam
2832 5519 3107 5574 habitasse
3133 5537 3152 5570 ι
3185 5519 3239 5574 in
3269 5520 3502 5575 secunda
3536 5561 3551 5587 ,
3587 5541 3606 5575 ι

2034 5617 2088 5672 in
2126 5614 2348 5671 secundi
2391 5615 2531 5668 muri
2589 5621 2743 5684 parte
2799 5605 3056 5683 intellige.
3109 5611 3262 5680 Quod
3313 5613 3512 5668 dicitur
3549 5615 3616 5670 de

2032 5707 2177 5764 Josia
2219 5722 2344 5777 rege
2379 5723 2391 5758 :
2430 5725 2447 5756 ι
2480 5705 2880 5760 Contaminavit
2928 5720 3143 5775 quoque
3177 5705 3446 5777 Thophet,
3470 5707 3613 5777 quod

2037 5819 2057 5852 ι
2105 5808 2188 5854 est
2223 5799 2277 5852 in
2316 5797 2554 5852 convalle
2581 5796 2673 5850 ﬁlii
2702 5797 2889 5852 Ennon
2919 5837 2934 5864 ,
2964 5806 3023 5852 ut
3059 5812 3218 5854 nemo
3270 5805 3617 5854 consecraret

2040 5911 2061 5948 ς
2106 5893 2278 5950 ﬁlium
2307 5905 2464 5949 suum
2493 5899 2588 5947 aut
2613 5891 2778 5947 ﬁliam
2822 5907 2929 5966 per
2962 5893 3138 5964 ignem
3169 5890 3397 5947 Moloch.
3429 5909 3450 5943 ι
3485 5888 3615 5946 Fre-
