4078 6340
54 4624 57 4685 l

56 4702 59 4771 *

60 4884 61 4935 ι

498 354 602 411 559

1532 322 1882 409 ΑΝρεὶιοω
1918 349 2379 408 LUXOVIENSIS
2418 350 2727 408 nomen:

3678 355 3792 409 ιω

499 483 671 540 quens
722 476 807 523 est
860 467 913 521 in
963 463 1263 537 Scripturis
1318 466 1510 522 horum
1559 465 1763 520 mentio
1797 462 2039 519 locorum
2065 504 2082 530 ,
2111 468 2161 528 Α
2190 472 2248 518 ut
2274 479 2500 536 puerum
2545 464 2845 519 imberbem
2876 463 2933 518 in
2961 477 3125 520 curru
3166 472 3432 536 ponentes
3456 504 3471 533 ,
3506 480 3687 536 equos
3710 467 3795 522 ei-

498 560 737 616 inaxime
766 558 824 615 in
876 552 1019 615 libro
1071 554 1279 630 Regum
1325 566 1380 615 et
1415 554 1648 614 Ieremia
1677 556 1963 629 propheta.
1991 556 2088 612 Est

499 664 677 710 autem
710 650 864 709 vallis
904 648 1119 717 Ennon,
1166 651 1282 707 sive
1330 648 1426 706 lilii
1472 648 1663 707 Ennon
1684 648 1841 719 juxta
1871 664 2088 704 murum

498 744 841 803 Hierusalem
864 750 1053 800 contra
1082 743 1365 809 orientem,
1400 743 1451 798 in
1482 760 1588 815 qua
1612 760 1805 799 nemus
1840 740 2090 813 pulcher-

501 840 701 896 rimum
743 832 892 893 Siioe
928 826 1168 891 lbntibus
1202 832 1480 905 irrigatur.
1501 834 1751 906 Thophet
1773 844 1952 889 autem
1975 831 2089 887 sive

501 931 759 1003 Thophec
806 930 1119 999 (utrumque
1167 926 1311 982 enim
1355 924 1632 995 scribitur)
1668 933 1788 981 erat
1842 924 1993 980 locus
2034 923 2088 978 in

501 1025 693 1081 eadem
724 1021 970 1079 convalle
996 1019 1155 1090 juxta
1201 1020 1466 1091 piscinam
1501 1018 1719 1073 fullonis
1741 1058 1758 1084 ,
1790 1017 1941 1086 cujus
1971 1031 2088 1071 me-

501 1116 665 1171 minit
699 1113 1024 1183 Scriptura,
1078 1121 1133 1168 et
1178 1112 1335 1183 juxta
1389 1127 1578 1184 agrum
1624 1110 1913 1165 Acetdema
1944 1150 1959 1175 ,
1998 1109 2090 1178 qui

498 1218 675 1276 usque
695 1200 859 1260 hodie
881 1208 1217 1260 monstratur
1240 1202 1307 1258 ad
1331 1202 1621 1257 australem
1653 1192 1865 1274 plagam
1892 1200 2090 1256 montis

500 1295 654 1353 Bion.
701 1290 959 1351 Solebant
1008 1303 1187 1350 autem
1233 1294 1286 1349 in
1320 1292 1568 1365 Thophet
1609 1280 1758 1366 (quia
1785 1292 1934 1348 locus
1972 1300 2092 1346 erat

500 1386 927 1455 ammnisslmus,
958 1388 1103 1444 unde
1130 1386 1292 1443 hodie
1312 1402 1431 1457 qua:
1464 1388 1746 1442 hortorum
1777 1384 1981 1455 praebet
2007 1384 2095 1439 de-

499 1480 674 1550 licias)
704 1478 881 1551 posita
903 1492 997 1533 ara
1019 1474 1333 1534 sacriﬁcare
1359 1477 1721 1542 daemonibus,
1749 1474 2092 1544 nefandoque

500 1573 623 1645 igne
650 1586 778 1628 suos
806 1582 1126 1628 consecrare
1157 1571 1378 1636 liberos,
1428 1571 1542 1625 sive
1580 1566 1956 1625 holocaustum
2005 1564 2090 1622 of-

497 1665 643 1722 ferre
675 1683 690 1721 :
720 1666 863 1722 sicut
908 1664 962 1719 in
1014 1660 1153 1720 libro
1180 1660 1481 1719 Verborum
1525 1662 1733 1717 dierum
1788 1660 1855 1717 de
1906 1660 2091 1716 Achaz

498 1766 630 1828 rege
654 1757 920 1828 scriptum
950 1764 1036 1811 est
1071 1752 1157 1827 (II
1201 1752 1332 1808 Par.
1378 1754 1572 1825 χχι-ιιι)
1608 1773 1620 1808 :
1660 1774 1677 1805 ‹
1720 1752 1839 1824 ipse
1862 1760 1966 1818 est,
1999 1752 2092 1823 qui

2190 554 2310 609 dem
2342 555 2494 625 quasi
2540 569 2698 609 cursu
2744 553 2943 609 coelum
2990 563 3237 626 petentes
3287 553 3650 628 subiungant.
3690 555 3793 613 Cui

2190 653 2471 716 propterea
2522 644 2673 716 pueri
2713 652 2900 715 aptant
2952 643 3285 715 imaginem,
3329 645 3458 716 quia
3505 644 3589 701 sol
3644 646 3796 705 velut

2191 735 2431 806 quotidie
2475 748 2614 790 novo
2642 742 2765 789 ortu
2814 743 2997 801 natus,
3044 735 3096 789 in
3150 735 3355 791 nullum
3381 730 3546 807 plane
3573 738 3793 794 senium

2192 827 2397 884 incidit.
2430 824 2503 884 Ut
2530 835 2710 884 autem
2742 828 2883 883 idem
2906 843 3103 885 currus
3129 839 3183 885 et
3211 846 3381 900 equos
3404 831 3676 895 tribuant,
3726 833 3795 889 de

2192 922 2454 978 miraculo
2485 929 2569 977 est
2598 930 2872 993 sumptum
2920 922 3053 979 Elite
3098 925 3375 995 prophetae
3394 966 3410 991 ,
3443 941 3541 997 qut
3566 940 3599 980 a
3623 940 3793 981 curru

2192 1012 2347 1086 igneo
2373 1022 2427 1070 et
2456 1014 2612 1085 equis
2655 1014 2831 1086 igneis
2872 1024 2955 1071 est
2990 1025 3177 1086 raptus
3202 1017 3270 1072 ad
3298 1017 3518 1081 caelum,
3544 1027 3607 1072 ut
3626 1015 3797 1075 Joan-

2192 1120 2289 1161 nes
2315 1104 2837 1177 Constantinopolim
2864 1107 3153 1178 episcopns
3182 1108 3437 1163 aestimat.
3470 1090 3615 1177 Quia
3646 1109 3793 1165 enim

2191 1194 2379 1254 Grmce
2405 1194 2573 1261 Ἥλιος
2608 1198 2806 1254 dicitur
2849 1199 2949 1265 sol,
2980 1199 3123 1254 sicut
3166 1209 3221 1255 et
3266 1199 3518 1257 Sedulius
3570 1218 3701 1259 cum
3728 1202 3796 1257 de

2193 1284 2320 1344 Elia:
2348 1305 2577 1345 ascensu
2601 1298 2912 1356 caneretur,
2937 1291 3147 1359 dicens,
3178 1293 3417 1348 ostendit
3446 1308 3462 1347 :

2317 1422 2470 1490 Quam
2496 1423 2632 1490 bene
2642 1422 2873 1490 Ilumitiei
2897 1421 3179 1484 praelucens
3199 1426 3384 1490 semita
3398 1426 3534 1490 emit,

2318 1486 2557 1549 ginvenit
2578 1483 2699 1549 Elite
2724 1483 3002 1545 meritoque
3025 1494 3078 1535 et
3103 1491 3299 1535 nomine
3322 1483 3536 1549 fulgens}

2318 1542 2422 1609 Hac
2442 1558 2535 1608 ope
2560 1546 2737 1607 dignus
2761 1553 2890 1609 erat,
2913 1542 3140 1609 quoniam
3166 1542 3417 1598 Sermonis?
3431 1548 3608 1599 Achivi

2322 1608 2427 1658 L‘ns
2452 1604 2542 1671 per
2562 1604 2818 1659 noeentum
2843 1604 3062 1658 mutetur
3087 1604 3275 1672 litters,
3297 1611 3371 1661 soi
3394 1618 3493 1661 est.

2193 1736 2489 1794 Audientes
2533 1736 2705 1794 Graeci
2754 1738 2821 1793 ab
2852 1736 3130 1803 Israelitis,
3161 1754 3298 1810 quos
3330 1738 3546 1796 divinas
3584 1741 3798 1798 habere

498 1848 737 1906 adolevit
783 1846 1064 1905 incensum
1096 1846 1151 1903 in
1184 1849 1322 1903 valle
1370 1844 1683 1915 Benennon,
1730 1856 1786 1903 et
1838 1844 2089 1903 lustravit

2204 1834 2404 1890 litteras
2432 1832 2572 1888 fama
2617 1828 2904 1903 prodebat,
2945 1828 3233 1904 praedicari
3271 1832 3415 1904 quod
3451 1833 3606 1889 Elias
3632 1850 3801 1891 curru

494 1942 639 1999 ﬁlios
683 1954 811 2000 suos
863 1943 918 1997 in
962 1943 1107 2015 igne.
1162 1960 1181 1993 ι
1240 1940 1531 1998 Benennon
1587 1941 1856 2013 siquidem
1898 1942 2090 1997 Enuon

500 2032 794 2107 significat,
822 2032 982 2089 vallis
1005 2040 1185 2089 autem
1211 2032 1400 2089 Ennon
1425 2032 1623 2089 dicitur
1651 2030 1918 2090 Hebraice
1949 2030 2091 2087 Ben-

498 2136 685 2182 ennon
714 2166 729 2193 ,
762 2125 919 2197 cujus
974 2126 1193 2187 nomine
1245 2126 1298 2182 in
1354 2126 1505 2183 Novo
1543 2126 1893 2183 Testamento
1932 2141 2092 2197 poena

502 2218 803 2276 inferorum
860 2220 1108 2290 gehenna
1149 2218 1584 2293 cognominatur.
1645 2221 1783 2288 Quia
1834 2220 2091 2276 nimirum

496 2312 645 2367 sicut
657 2313 711 2367 in
729 2310 970 2368 convalle
987 2312 1177 2367 Ennon
1201 2314 1293 2384 qui
1308 2308 1465 2369 idolis
1490 2313 1819 2378 servierunt,
1836 2312 1911 2368 ita
1939 2313 1991 2368 in
2003 2329 2090 2381 ea,

501 2406 784 2477 prophetis
826 2405 1242 2473 attestantibus,
1295 2406 1614 2476 poenitentia
1666 2415 1979 2477 peccatores
2026 2424 2092 2463 ex

502 2494 588 2551 his
614 2510 734 2566 qua:
756 2503 1122 2567 peccaverunt
1163 2505 1367 2551 :eterna
1398 2495 1744 2550 damnatione
1779 2494 2090 2567 punientur.

504 2586 745 2657 Denique
771 2584 1036 2643 Jeremias
1066 2598 1190 2641 cum
1241 2584 1471 2642 referret
1504 2587 1827 2658 praecepiSse
1855 2586 1957 2642 sibi
1989 2586 2093 2641 Do-

502 2678 708 2733 minum
737 2694 802 2735 ac
828 2679 1030 2734 dixisse
1060 2678 1195 2751 (Jer.
1245 2676 1361 2751 six)
1395 2695 1409 2730 :
1445 2697 1462 2729 ι
1500 2674 1771 2749 Egredere
1800 2678 1868 2732 ad
1900 2674 2091 2733 vallem

504 2770 598 2827 filii
631 2770 846 2839 Ennon,
873 2780 995 2842 qua:
1024 2779 1110 2827 est
1130 2770 1288 2840 justa
1314 2770 1595 2826 introitum
1632 2774 1801 2842 portae
1829 2768 2028 2827 iictilis.
2068 2791 2086 2825 ι

502 2864 672 2935 Paulo
695 2872 817 2935 post
838 2862 1002 2921 dicit:
1038 2882 1053 2916 ι
1087 2860 1154 2920 Et
1184 2876 1291 2919 non
1320 2860 1603 2919 vocabitur
1638 2862 1789 2919 locus
1832 2864 1935 2919 iste
1979 2879 2094 2919 am-

502 2955 644 3028 plius
656 2956 974 3028 'I’imphetet
986 2955 1141 3011 vallis
1157 2954 1250 3011 filii
1275 2952 1584 3021 Enuon,sed
1603 2954 1756 3012 vallis
1770 2954 2089 3012 occisionis:

502 3054 560 3101 et
589 3046 862 3116 dissipabo
888 3044 1174 3102 consilium
1222 3042 1373 3102 Iuda:
1422 3056 1477 3101 et
1507 3045 1843 3103 Hierusalem
1892 3049 1945 3102 in
1978 3044 2093 3102 loco
2134 3082 2143 3089 -

504 3134 631 3200 isto,
662 3144 718 3188 et
751 3134 1062 3191 subvertam
1100 3150 1196 3191 eos
1234 3136 1434 3208 gladio.
1470 3157 1486 3190 ι
1521 3137 1688 3193 Isaias
1721 3152 1936 3208 quoque
1980 3155 2093 3193 ma-

2196 1927 2353 1999 igneo
2380 1934 2435 1982 et
2455 1925 2612 1996 equis
2644 1924 2716 1980 sit
2752 1924 2926 1995 igneis
2949 1922 3017 1978 ad
3065 1923 3308 1980 cmlestia
3342 1924 3673 1991 translatus.
3708 1927 3795 1982 vel

2201 2025 2352 2073 certe
2402 2016 2504 2073 hoc
2536 2017 2714 2088 ipsum
2773 2016 2916 2071 inter
2957 2014 3060 2070 alia
3088 2014 3361 2087 depictum
3392 2016 3448 2072 in
3481 2017 3700 2088 pariete
3725 2021 3805 2071 vi-

2197 2106 2411 2175 dentes,
2448 2108 2796 2164 crediderunt
2841 2105 3066 2179 (vicinia
3116 2104 3328 2180 decepti
3362 2110 3607 2165 nominis
3640 2110 3801 2180 solis)

2196 2198 2283 2256 hic
2309 2199 2600 2255 transitum
2635 2212 2736 2271 per
2784 2196 2953 2255 eteius
2993 2212 3115 2255 esse
3143 2198 3488 2273 designatum
3520 2209 3579 2256 et
3628 2203 3803 2256 mira-

2194 2290 2376 2347 culum
2403 2289 2664 2346 divinitus
2700 2290 2904 2346 factum
2936 2284 3054 2357 Dei,
3104 2300 3385 2347 mutarunt
3426 2288 3479 2347 in
3506 2309 3803 2366 argumen-

2197 2392 2309 2439 tum
2335 2383 2562 2450 erroris,
2601 2383 2838 2438 humana
2881 2380 3114 2439 stultitia
3153 2393 3608 2441 commentatum.
3647 2385 3803 2453 Quos

2194 2476 2394 2532 imitati
2440 2470 2543 2547 ipsi
2572 2474 2743 2532 Judaei
2782 2486 3120 2550 sategerunt,
3178 2494 3248 2534 ne
3294 2479 3346 2535 in
3400 2476 3591 2551 aliquo
3625 2479 3806 2553 genti-

2194 2566 2349 2634 lium,
2368 2566 2708 2622 stultissimis
2732 2569 2912 2626 minus
2926 2564 3076 2625 stulti
3094 2579 3441 2642 apparerent.
3459 2568 3620 2641 Quod
3640 2571 3811 2644 paulo

2195 2670 2320 2733 post
2342 2662 2411 2717 de
2435 2660 2625 2716 eodem
2656 2676 2785 2734 rege
2817 2658 3017 2719 dicitur
3050 2680 3065 2719 :

2272 2772 2292 2805 ‹
2336 2750 2567 2809 Excelsa
2613 2768 2832 2826 quoque
2875 2772 2996 2826 quae
3047 2764 3203 2813 erant
3236 2754 3289 2813 in
3339 2756 3705 2821 Hierusalem,
3735 2757 3804 2814 ad

2201 2866 2221 2899 ι
2258 2846 2539 2904 dexteram
2572 2855 2785 2921 partem
2815 2852 3016 2906 montis
3042 2850 3378 2917 oti‘ensionis,
3411 2868 3535 2923 qua:
3561 2851 3809 2907 aediﬁca-

2202 2957 2221 2992 t
2255 2947 2408 2994 verat
2442 2938 2699 2996 Salomon
2730 2956 2827 2996 rex
2855 2940 3017 2996 Israel
3077 2940 3337 2999 Astaroth
3370 2943 3516 3000 idolo
3547 2942 3809 3001 Sidonio-

2203 3048 2221 3081 ι
2261 3046 2403 3097 rum,
2426 3041 2482 3087 et
2510 3030 2750 3089 Chamos
2771 3032 3057 3090 offensioni
3095 3032 3279 3103 Moab,
3309 3046 3364 3093 et
3386 3035 3656 3093 Melchom
3678 3039 3811 3095 abo-

2203 3139 2222 3172 ‹
2260 3121 2542 3180 minationi
2574 3122 2807 3180 illiorum
2847 3125 3077 3183 Ammon
3108 3124 3298 3201 polluit
3322 3146 3441 3197 rex,
3463 3138 3519 3185 et
3542 3131 3811 3186 contrivit

505 3225 859 3303 nlfegtjssime
898 3225 1149 3296 Τδοριιθι
1188 3224 1459 3283 infernum
1513 3228 1768 3300 nmmum.
1817 3228 1919 3297 Qui
1971 3246 2093 3285 cum
2122 3216 2169 3282 α
2205 3233 2225 3267 ι
2262 3223 2491 3272 statuas.
2533 3235 2552 3271 ι
2597 3216 2744 3273 Luce
2787 3218 2987 3274 clarius
3024 3230 3107 3276 est
3150 3218 3295 3293 quod
3346 3220 3560 3277 excelsa
3618 3222 3807 3277 nomi-

504 3324 826 3390 perpetuum
867 3312 1066 3374 diaboli
1106 3320 1407 3385 interitum,
1458 3318 1562 3376 sub
1614 3322 1831 3377 nomine
1879 3322 2050 3378 Assur
2076 3364 2092 3390 ,

504 3407 878 3474 describeret,
904 3408 1091 3465 dicens
1132 3404 1271 3483 (ha.
1300 3407 1432 3481 xxx)
1466 3420 1482 3463 ξ
1519 3426 1537 3462 ‹
1575 3411 1621 3464 Α
1648 3426 1779 3466 voce
1809 3413 1957 3467 enim
1988 3412 2095 3467 Do-

506 3502 640 3557 mini
684 3501 902 3572 pavebit
942 3501 1114 3558 Assur
1144 3500 1293 3575 virga
1320 3514 1611 3574 percussus
1636 3546 1651 3571 ,
1680 3513 1732 3560 et
1761 3504 1867 3560 erit
1898 3506 2097 3561 transi-

509 3601 599 3648 tus
620 3593 783 3665 virgae
811 3592 1088 3661 fundatus,
1105 3608 1269 3667 quam
1292 3588 1634 3666 requiescere
1656 3596 1818 3652 faciet
1840 3598 2098 3654 Dominus

508 3696 675 3758 super
706 3700 830 3742 eum
860 3702 874 3742 ξ
914 3702 934 3741 t
968 3689 1155 3742 statim
1184 3688 1476 3759 quomodo,
1535 3700 1590 3744 et
1648 3688 1737 3744 ubi
1781 3699 1926 3745 esset
1956 3688 2100 3760 peri-

510 3786 686 3844 turus,
714 3778 980 3846 subdidit,
1011 3779 1199 3836 dicens
1234 3794 1248 3835 :
1305 3800 1324 3832 t
1366 3779 1677 3852 Praeparata
1730 3789 1813 3837 est
1858 3780 2004 3837 enim
2033 3778 2101 3835 ab

510 3872 628 3928 heri
660 3872 930 3945 Thophet,
980 3886 1013 3929 a
1059 3888 1186 3946 rege
1210 3886 1531 3946 pratparata,
1557 3872 1826 3947 profunda
1850 3914 1864 3941 ,
1888 3882 1943 3929 et
1967 3872 2104 3929 dila-

510 3972 642 4019 tata.
684 3982 703 4015 ι
747 3965 982 4022 Pulchre
1038 3967 1117 4022 ait
1154 3986 1173 4019 ι
1208 3972 1263 4022 et
1309 3968 1564 4034 dilatata,
1605 3988 1624 4020 ι
1674 3966 1799 4038 quia
1855 3964 2105 4036 Thophet

510 4054 713 4111 dicitur
759 4054 1005 4111 latitudo.
1058 4077 1077 4109 ι
1112 4056 1483 4126 Nutrimenta,
1532 4060 1736 4129 inquit,
1793 4054 1911 4128 ejus
1963 4056 2105 4127 ignis

513 4152 571 4201 et
623 4144 766 4218 ligna
825 4146 1013 4213 multa,
1073 4154 1247 4204 status
1308 4149 1515 4205 Domini
1562 4150 1702 4205 sicut
1748 4158 1961 4204 torrens
1999 4146 2108 4203 sul-

518 4235 728 4305 phuris,
751 4237 1089 4293 succendens
1106 4252 1281 4294 eam.»
1307 4236 1709 4295 Contaminavit
1734 4248 1914 4294 autem
1928 4238 2105 4295 Josias

515 4326 802 4398 'l‘hophet,
840 4328 922 4384 vel
955 4342 1077 4386 ossa
1104 4338 1439 4386 mortuorum
1479 4330 1553 4386 ibi
1596 4333 1760 4400 (sicut
1784 4332 1840 4386 in
1877 4346 2108 4401 sequen-

514 4418 661 4475 tibus
687 4420 758 4477 de
783 4420 906 4477 aliis
934 4418 1200 4477 idolorum
1234 4422 1368 4477 locis
1395 4424 1589 4478 fecisse
1612 4422 1854 4494 legitur),
1887 4424 1969 4476 vel
2001 4421 2103 4476 alia

511 4512 766 4583 qualibet
813 4510 1089 4570 immunda
1132 4514 1450 4586 dispergens
1475 4555 1490 4580 ,
1520 4524 1787 4584 quatenus
1815 4514 2097 4570 abomina-

512 4604 648 4659 tioni
682 4606 864 4677 potius
906 4620 1072 4679 quam
1110 4604 1457 4663 delectationi
1500 4616 1658 4676 aptus
1714 4606 1968 4662 omnibus
2007 4607 2099 4678 qui

515 4696 822 4768 aspicerent
846 4698 996 4754 locus
1021 4704 1328 4769 appareret.
1358 4692 1511 4765 Quod
1540 4695 1789 4767 sequitur
1818 4697 1885 4754 de
1908 4700 2100 4753 eodem

517 4802 646 4862 rege
670 4788 840 4847 losia.

1075 4873 1304 4987 CAl’UT
1344 4926 1530 4988 XXIII.

590 5082 613 5120 ι
633 5063 872 5121 Abstulit
888 5072 1105 5135 quoque
1126 5078 1296 5135 equos
1316 5078 1454 5135 quos
1478 5063 1740 5121 dederant
1768 5078 1926 5137 reges
1943 5062 2103 5132 Iuda,

522 5174 547 5211 ι
588 5158 689 5214 soli
718 5159 775 5215 in
802 5158 1028 5214 introitu
1055 5152 1237 5230 templi
1278 5158 1512 5216 Domini.
1555 5180 1574 5213 ›
1614 5160 1681 5215 Et
1732 5156 1892 5231 paulo
1932 5169 2056 5232 post
2089 5177 2103 5215 :

525 5265 547 5302 ι
586 5247 796 5306 Currus
849 5257 1031 5305 autem
1078 5249 1208 5307 solis
1256 5251 1555 5307 combussit
1608 5251 1740 5321 igni.
1779 5272 1797 5304 ι
1860 5250 2112 5307 Ostendit

520 5342 668 5398 omni
695 5340 936 5413 gentium
963 5342 1369 5400 idololatrarum
1405 5341 1774 5412 superstitioni
1806 5340 2021 5398 Judteos
2046 5358 2110 5398 eo

529 5440 773 5506 tempore
808 5436 974 5493 fuisse
1001 5438 1359 5507 mancipatus,
1400 5436 1472 5490 ita
1500 5440 1559 5490 ut
1601 5436 1653 5490 in
1705 5436 2108 5493 venerationem

526 5523 679 5591 solis,
706 5542 868 5597 quem
898 5542 1052 5583 more
1086 5524 1369 5598 gentilium
1424 5526 1593 5581 Deum
1622 5542 1741 5582 esse
1771 5526 2067 5583 credebant
2094 5568 2109 5593 ,

525 5615 814 5673 simulacro
857 5615 977 5688 ejus
1000 5621 1146 5688 quod
1185 5616 1430 5675 fecerant
1470 5632 1663 5674 currus
1690 5634 1964 5690 equosque
1986 5621 2114 5675 sub-

526 5707 797 5777 diderint;
849 5719 905 5765 et
933 5708 1037 5766 hoc
1076 5711 1130 5765 in
1161 5711 1317 5766 atriis
1347 5712 1530 5783 templi
1581 5712 1813 5767 Domini.
1846 5713 1937 5769 Sic
1967 5712 2111 5768 enim

526 5799 706 5859 solent
730 5801 964 5875 gentiles
984 5803 1226 5878 pingere,
1264 5803 1349 5859 vel
1380 5801 1561 5860 facere
1584 5804 1933 5861 simulacrum
1958 5804 2110 5877 solis,

2200 3321 2331 3363 nare
2377 3308 2511 3365 solet
2564 3308 2866 3380 Scriptura,
2916 3308 3038 3369 loca
3084 3311 3135 3367 in
3176 3313 3402 3370 collibus
3442 3316 3621 3386 posita
3656 3316 3810 3370 fron-

2200 3398 2472 3467 dentibus,
2507 3400 2559 3455 in
2601 3400 2798 3472 quibus
2828 3403 2915 3458 vel
2960 3402 3301 3461 daemonibus
3332 3405 3697 3461 immolabant
3723 3402 3809 3460 vel

2200 3488 2448 3557 Domino,
2501 3493 2740 3549 locorum
2793 3496 3108 3553 amoenitate
3151 3494 3353 3566 allecti,
3392 3508 3582 3554 contra
3624 3499 3808 3554 inter-

2201 3578 2431 3652 dictttm,
2461 3586 2653 3643 relicto
2677 3587 2835 3643 altari
2878 3588 3021 3661 quod
3053 3600 3171 3646 erat
3221 3592 3273 3645 in
3321 3591 3543 3663 templo,
3594 3591 3809 3648 hostias

2200 3676 2517 3736 offerebant.
2560 3682 2715 3739 Unde
2736 3684 2932 3754 saepius
2961 3684 3017 3740 in
3046 3682 3150 3740 hoc
3192 3684 3333 3741 libro
3362 3686 3430 3742 de
3466 3686 3689 3757 regibus
3710 3687 3807 3757 qui

2203 3772 2382 3829 minus
2424 3774 2664 3845 perfecte
2699 3773 2833 3843 justi
2892 3778 3042 3833 fuere
3090 3778 3313 3843 dicitur,
3371 3776 3561 3834 verum
3616 3787 3805 3835 tamen

2201 3863 2415 3920 excelsa
2437 3880 2543 3919 non
2572 3864 2813 3922 abstulit.
2840 3864 3073 3922 Montem
3104 3878 3283 3923 autem
3308 3868 3624 3925 offensionis
3648 3883 3807 3924 mou-

2206 3967 2315 4016 tem
2371 3958 2498 4014 idoli
2551 3959 2712 4025 dicit,
2769 3960 2896 4031 quia
2954 3960 3210 4017 nimirum
3260 3962 3675 4019 consuetudinis
3721 3972 3809 4019 est

2207 4052 2613 4123 Scripturarum
2663 4050 3017 4109 offensionem
3074 4055 3214 4110 idola
3270 4070 3609 4126 nuncupare,
3673 4057 3806 4127 quia

2206 4145 2292 4200 vel
2332 4144 2384 4200 in
2418 4144 2522 4200 illis
2564 4144 2857 4201 offenditur
2886 4146 3049 4211 Deus,
3083 4148 3165 4203 vel
3196 4146 3551 4205 otl'ensionem
3581 4158 3637 4202 et
3686 4149 3803 4204 rui-

2208 4250 2333 4292 nam
2367 4238 2479 4293 suis
2505 4237 2737 4293 aii‘erunt
2765 4239 3083 4296 cultoribus.
3128 4239 3282 4296 Sicut
3316 4242 3369 4296 in
3395 4242 3498 4296 hac
3533 4242 3648 4312 ipsa
3674 4257 3804 4297 sen-

2211 4324 2379 4384 tentia
2410 4326 2802 4401 subsequenter
2832 4330 3138 4399 intimatur,
3175 4334 3303 4387 dum
3335 4328 3536 4386 dicitur
3569 4350 3582 4387 :
3616 4351 3634 4384 ι
3671 4330 3804 4400 Quae

2209 4421 2573 4478 aedificaverat
2601 4420 2855 4479 Salomon
2886 4438 2980 4478 rex
3017 4423 3180 4479 Israel
3230 4420 3489 4478 Astarotlt
3531 4416 3677 4478 idolo
3708 4420 3809 4493 Sy-

2210 4513 2517 4578 doniorum,
2558 4522 2612 4567 et
2641 4512 2878 4570 Chamos
2903 4513 3185 4570 offensioni
3240 4512 3398 4570 Moab
3441 4524 3497 4569 et
3538 4508 3807 4569 Melchom

2204 4603 2591 4660 abominationi
2624 4604 2857 4661 filiorum
2880 4607 3111 4661 Ammon
3132 4606 3326 4677 polluit
3365 4624 3480 4663 rex.
3520 4628 3539 4659 ι
3576 4598 3678 4663 Ubi
3708 4607 3809 4662 hoc

2207 4710 2444 4767 quoque,
2486 4696 2542 4750 ni
2586 4695 2766 4764 fallor,
2808 4696 2987 4769 palam
3031 4698 3358 4765 ostenditur,
3421 4696 3564 4768 quod
3596 4700 3806 4753 utinam

2209 4804 2316 4844 non
2342 4790 2741 4855 ostenderetur,
2770 4790 2898 4861 quia
2918 4790 3172 4863 videlicet
3192 4790 3453 4846 Salomon
3477 4792 3545 4847 de
3569 4788 3811 4845 admisso

2211 4880 2528 4937 idololatria:
2592 4882 2800 4937 scelere
2868 4898 3144 4955 nunquam
3198 4882 3442 4953 perfecte
3501 4885 3805 4955 paenituit:

2215 4986 2338 5026 nam
2360 4971 2407 5026 si
2439 4971 2648 5028 fructus
2678 4972 3015 5043 paenitentia:
3044 4973 3238 5043 dignos
3282 4972 3506 5041 faceret,
3537 4983 3811 5047 satageret

2211 5071 2338 5118 ante
2365 5065 2570 5130 omnia,
2602 5073 2662 5118 ut
2706 5063 2846 5120 idola
2886 5076 3006 5135 qttte
3047 5064 3415 5122 :ediiicaverat
3465 5064 3534 5122 de
3585 5066 3809 5122 civitate

2212 5162 2397 5213 sancta
2430 5142 2774 5223 tollerentur,
2808 5164 2864 5212 et
2892 5172 2998 5212 non
3031 5158 3083 5211 in
3131 5156 3451 5214 scandalum
3491 5158 3806 5225 stultorum,

2212 5266 2331 5321 quae
2358 5252 2471 5322 ipse
2500 5266 2623 5307 cum
2652 5251 2843 5308 ﬁnisset
2869 5252 3302 5324 sapientissimus
3322 5270 3551 5309 erronea
3577 5252 3806 5322 fecerat,

2214 5342 2367 5415 quasi
2393 5346 2667 5415 sapienter
2717 5361 2781 5401 ac
2820 5356 2969 5402 recte
2998 5346 3140 5400 facta
3178 5345 3531 5418 relinqueret.
3563 5347 3809 5403 Meminit

2216 5446 2378 5506 supra
2416 5444 2471 5491 et
2500 5436 2659 5508 hujus
2701 5436 2805 5492 loci
2836 5436 3145 5507 Scriptura,
3174 5437 3398 5494 dicens:
3438 5458 3458 5491 ι
3504 5436 3659 5496 Tunc
3679 5440 3809 5497 aedi-

2216 5526 2397 5582 ﬁcavit
2427 5527 2683 5585 Salomon
2738 5529 2922 5584 fanum
2971 5528 3228 5598 Chamos,
3286 5528 3426 5587 idola
3490 5526 3702 5588 Moloch
3752 5533 3807 5588 in

2218 5630 2421 5686 monte,
2469 5618 2561 5691 qui
2603 5628 2689 5677 est
2726 5631 2915 5678 contra
2947 5620 3313 5687 Hierusalem,
3341 5633 3395 5678 et
3420 5620 3632 5680 Molocb
3664 5621 3806 5678 idolo

2218 5710 2449 5771 ﬁliorum
2479 5710 2711 5770 Ammon
2770 5708 2885 5788 (111
2922 5712 3047 5787 Reg.
3081 5713 3183 5788 ιι).
3248 5735 3266 5767 ι
3322 5714 3433 5771 Nec
3462 5715 3631 5771 videri
3681 5732 3807 5771 con-

2217 5804 2447 5863 trarium
2473 5806 2654 5876 debet,
2690 5806 2834 5887 quod
2858 5807 2933 5864 ibi
2972 5822 3129 5866 mons
3152 5808 3209 5865 in
3234 5825 3340 5883 quo
3368 5806 3514 5865 facta
3542 5818 3674 5865 sunt
3690 5808 3805 5865 haec
