4078 6340
224 324 333 382 541

1153 315 1411 374 ENARR.
1454 314 1518 371 ΙΝ
1558 313 1808 371 LIBROS
1846 313 2113 371 BEGUM.
2156 345 2226 356 —
2259 314 2328 371 IN
2371 314 2499 375 LIB.
2540 315 2617 372 IV.

3316 394 3323 397 _
3397 327 3504 387 5·ιὲ

225 434 399 501 idola,
450 442 637 489 contra
680 429 1038 495 Hierusalem,
1071 431 1159 486 hic
1206 431 1259 485 in
1302 430 1638 486 Hierusalem
1688 445 1808 486 esse
1837 431 1884 491 Α
1912 436 2104 483 octavo
2157 427 2366 485 decimo
2409 446 2551 485 anno
2603 432 2755 504 regni
2795 434 2896 499 sui,
2930 437 3150 509 quando
3204 439 3258 494 in
3310 451 3501 497 octava

221 530 445 603 positus
473 527 736 583 asseritur
763 541 778 581 :
802 527 929 598 quia
959 525 1217 582 nimirum
1244 526 1297 582 in
1337 536 1485 583 tanta
1522 537 1642 583 erat
1666 528 1815 586 urbis

222 623 432 679 vicinia
450 621 677 691 positus,
706 628 766 676 ut
795 620 866 675 ad
887 619 1060 692 ipsam
1084 621 1381 690 pertinere,
1403 628 1459 677 et
1487 621 1660 691 ipsam
1686 638 1818 694 quo-

222 728 339 784 que
362 712 614 769 sordibus
650 726 772 784 quae
802 711 857 766 in
888 725 953 767 eo
991 713 1458 784 congregabantur
1491 713 1817 771 attaminare

225 804 531 861 videretur.
1148 864 1161 869 τ

310 916 329 948 ε
365 896 429 952 Ει
457 910 751 952 conversus
778 886 973 961 Josias,
996 894 1131 951 vidit
1151 895 1221 951 ibi
1253 895 1499 966 sepulcra
1520 912 1642 968 quas
1661 905 1817 953 erant

231 1009 253 1042 ι
292 990 353 1045 in
390 998 618 1057 monte;
660 989 915 1059 misitque
941 996 997 1045 et
1031 987 1150 1044 tulit
1177 1004 1300 1044 ossa
1347 982 1414 1044 de
1443 988 1709 1060 sepulcris
1762 997 1819 1045 et

229 1102 251 1135 ι
293 1081 600 1138 combussit
642 1096 707 1136 ea
734 1096 897 1152 super
920 1079 1114 1147 altare,
1144 1088 1200 1135 et
1227 1079 1420 1152 polluit
1447 1080 1598 1136 illud.
1646 1099 1665 1133 ι
1708 1078 1818 1136 Cur

223 1185 416 1241 autem
444 1173 621 1231 Josias
651 1189 773 1229 ossa
805 1179 1139 1229 mortuorum
1164 1174 1503 1228 concremari
1522 1171 1687 1242 jussit
1720 1188 1817 1228 su-

222 1284 328 1343 per
358 1268 547 1333 altare,
578 1264 682 1323 nisi
706 1275 765 1321 ut
793 1264 1123 1331 ostenderet,
1155 1264 1299 1335 quod
1333 1264 1559 1335 profana
1600 1251 1817 1319 fuerunt

221 1374 421 1414 eorum
452 1356 751 1412 sacriﬁcia?
772 1365 826 1411 et
854 1371 963 1412 non
988 1355 1159 1411 solum
1188 1356 1452 1426 pecudum
1476 1354 1680 1411 hostias
1704 1354 1817 1409 dae-

222 1448 433 1504 moniis
457 1448 780 1514 offerebant,
829 1448 923 1503 sed
961 1448 1124 1504 etiam
1169 1446 1494 1518 semctipsos
1534 1463 1633 1517 per
1658 1462 1816 1502 erro-

224 1558 347 1597 rem
379 1540 698 1597 idololatriae
745 1539 800 1595 in
850 1550 1172 1612 potestatem
1223 1542 1524 1596 daamonum
1577 1540 1818 1595 tradide-

222 1640 359 1686 runt
387 1650 401 1685 :
427 1633 519 1702 qui
545 1628 696 1698 justo
741 1624 835 1686 Dei
860 1630 1069 1703 juciicio
1096 1630 1259 1686 simul
1297 1647 1418 1685 cum
1451 1631 1643 1696 altare,
1671 1628 1816 1700 quod

222 1725 391 1781 idolis
438 1724 859 1790 fabricaveram,
897 1724 1191 1796 dissipandi
1242 1733 1416 1779 erant.
1456 1723 1683 1795 Mysttce
1722 1739 1818 1778 au-

220 1826 335 1873 tem
353 1817 661 1890 signiﬁcant
682 1833 893 1884 omnes,
917 1818 1009 1889 qui
1034 1794 1231 1874 diaboli
1258 1818 1479 1873 servitio
1502 1794 1813 1889 mancipati,
1846 1794 1894 1857 Β

220 1912 398 1966 vitam
446 1911 762 1982 sacrilegam
823 1912 1192 1982 temporaliter
1250 1910 1531 1977 (inierant,
1594 1911 1816 1967 internis

218 2003 563 2058 cruciatibus
598 2005 1019 2069 consumendos,
1072 2002 1186 2058 Deo
1217 2003 1323 2058 illis
1360 2003 1695 2059 retribuenle
1725 2019 1814 2059 se-

216 2094 463 2150 cundum
492 2095 710 2165 propria
743 2094 933 2149 merita
961 2110 1183 2165 onerum
1225 2092 1457 2150 illorum.
1738 2088 1743 2093 ’

295 2196 680 2271 Reversnsque
701 2206 783 2253 est
818 2196 997 2255 Josias
1024 2197 1383 2264 Hierusalem,
1423 2217 1442 2251 ι
1478 2207 1534 2254 et
1560 2200 1820 2270 praecepit

224 2310 245 2343 ι
278 2290 433 2345 omni
486 2289 705 2361 populo,
735 2290 919 2347 dicens
946 2308 962 2344 :
994 2289 1180 2346 Facite
1223 2289 1399 2346 Phase
1442 2291 1671 2348 Domino
1703 2292 1815 2347 Deo

226 2402 249 2435 ι
284 2391 495 2444 vestro.
519 2384 816 2441 secundum
852 2384 995 2454 quod
1024 2385 1285 2456 scriptum
1331 2394 1416 2441 est
1455 2386 1509 2441 in
1541 2386 1680 2441 libro
1710 2386 1815 2441 fm-

223 2495 247 2528 ι
276 2476 429 2531 deris
470 2474 650 2544 hujus,
694 2495 714 2528 ι
768 2485 876 2533 etc.
907 2461 1087 2545 'Qnod
1145 2486 1327 2534 autem
1378 2478 1672 2549 praedictus
1722 2497 1816 2535 rex

219 2567 420 2637 ejectis
474 2567 632 2623 idolis
670 2567 736 2622 de
774 2577 941 2633 terra,
986 2583 1195 2625 necnon
1222 2570 1554 2641 pythonibus
1581 2578 1637 2626 et
1677 2572 1819 2627 ario-

222 2661 315 2724 lis,
363 2669 421 2715 et
448 2661 702 2717 omnibus
730 2661 1089 2718 immunditiis
1128 2672 1291 2733 atque
1319 2665 1816 2721 abominationibus

1919 530 2076 577 mtate
2090 518 2329 592 generali
2357 522 2757 581 resurrectione
2776 537 3110 599 perpetrata,
3138 540 3357 590 sanctos
3376 549 3504 592 suos

1918 630 2040 670 cum
2062 616 2398 687 perfectione
2416 614 2686 675 bonorum
2706 635 2951 691 operum,
2980 624 3229 695 perducit
3254 620 3322 681 ad
3347 636 3505 683 aeter-

1919 722 2003 762 na:
2021 702 2376 767 beatitudinis
2402 706 2686 768 denarium
2716 704 3116 785 accipiendum,
3144 718 3333 790 ejectis
3352 720 3506 790 prius

1917 800 2169 856 omnibus
2197 800 2465 858 scandalis
2491 800 2559 859 de
2606 818 2771 874 regno
2795 806 2912 873 ejus
2943 825 2957 861 :
2984 811 3049 864 de
3078 823 3186 881 quo
3214 808 3506 880 praedictus
3594 848 3601 855 -

1917 888 2187 965 Propheta
2213 898 2320 952 ait:
2344 916 2361 949 ι
2385 898 2524 954 Ecce
2545 903 2691 956 enim
2713 902 2827 957 dies
2856 903 3036 959 veniet
3059 918 3323 960 succensa
3346 902 3504 975 quasi

1921 986 2187 1054 caminus,
2220 997 2275 1043 et
2321 998 2482 1045 erunt
2509 1006 2700 1047 omnes
2733 994 2973 1064 superbi,
3001 1000 3056 1049 et
3083 1011 3273 1052 omnes
3302 995 3508 1051 facien-

1920 1086 2001 1135 tes
2022 1074 2355 1150 impietatem
2402 1083 2618 1154 stipula.
2657 1085 2723 1140 Et
2750 1084 3110 1143 inllammabit
3151 1105 3245 1145 eos
3274 1084 3392 1144 dies
3414 1104 3508 1145 ve—

1920 1171 2095 1239 niens,
2126 1172 2258 1229 dicit
2304 1172 2567 1231 Dominus
2596 1178 2960 1245 exercituum,
2989 1195 3112 1251 quae
3134 1196 3241 1236 non
3276 1181 3510 1237 derelin-

1920 1271 2063 1335 quetﬁ
2078 1264 2159 1319 eis
2193 1262 2429 1321 radicem
2458 1274 2514 1321 et
2538 1279 2781 1338 germen.
2811 1269 2877 1323 Et
2908 1270 3118 1325 orietur
3138 1266 3291 1326 vobis
3319 1273 3512 1325 timeu-

1921 1355 2066 1413 tibus
2094 1372 2290 1413 nomen
2318 1374 2497 1414 meum
2543 1358 2622 1414 sol
2644 1361 2890 1428 jllSlllliB,
2921 1370 2978 1418 et
3004 1362 3212 1418 sanitas
3236 1363 3288 1417 in
3318 1363 3512 1434 pennis

1920 1445 2056 1517 ejus.
2084 1446 2446 1519 Egrediemini
2469 1460 2523 1506 et
2545 1451 2752 1507 salictis
2781 1454 2935 1523 quasi
2965 1454 3119 1509 vituli
3147 1452 3213 1509 de
3239 1463 3507 1523 armento,

1921 1549 1976 1596 et
2018 1540 2295 1598 calcabitis
2345 1544 2540 1615 impios
2579 1561 2702 1601 cum
2756 1527 2957 1601 fuerint
3004 1547 3143 1605 cinis
3188 1549 3288 1603 sub
3324 1548 3508 1620 planta

1919 1632 2115 1705 pedum
2143 1644 2445 1691 vestrorum
2471 1637 2692 1709 (Malae.
2722 1638 2821 1707 1v).
2860 1658 2878 1690 ι
2913 1639 2980 1694 Ει
3014 1647 3160 1695 recte
3192 1639 3395 1695 dictum
3425 1647 3511 1697 est

1921 1729 2064 1799 quod
2082 1748 2100 1780 ι
2114 1744 2222 1784 non
2242 1727 2446 1784 factum
2463 1730 2669 1803 (fuerit)
2682 1728 2856 1787 Pliase
2879 1730 2982 1786 tale
2997 1748 3025 1785 a
3041 1732 3229 1788 diebus
3239 1732 3506 1801 jndicum,

1921 1824 2015 1896 qui
2055 1824 2438 1894 iudicaverunt
2476 1825 2663 1892 lsrael,
2689 1833 2744 1880 et
2784 1825 3028 1880 omnium
3074 1826 3284 1882 dierum
3319 1843 3506 1899 regem

1922 1916 2110 1984 Israel,
2134 1925 2188 1973 et
2204 1931 2393 1986 regum
2405 1915 2565 1983 Juda,
2584 1918 2724 1972 sicut
2748 1917 2801 1971 in
2826 1925 3018 1972 octavo
3035 1917 3247 1973 decimo
3260 1934 3403 1974 anno
3424 1934 3511 1975 re-

1922 2010 2003 2081 gis
2016 2008 2177 2065 Josiae
2190 2009 2244 2063 in
2261 2007 2597 2064 Hierusalem
2615 2026 2628 2062 ι
2651 2026 2670 2060 ι
2692 2008 2843 2078 quia,
2865 2007 3056 2063 ablatis
3072 2006 3279 2081 ﬁguris,
3294 2009 3510 2064 veraci-

1924 2114 2007 2163 ter
2034 2107 2088 2161 in
2119 2106 2208 2161 die
2221 2104 2411 2175 judicii
2438 2106 2745 2159 transibunt
2765 2105 2939 2159 sancti
2961 2104 3027 2158 de
3042 2112 3218 2158 morte
3234 2102 3301 2157 ad
3317 2102 3507 2170 vitam,

1922 2198 1989 2252 de
2004 2198 2351 2268 corruptione
2376 2196 2445 2251 ad
2467 2192 2718 2267 gloriam.
2738 2190 2939 2265 Sicque
2972 2195 3024 2249 in
3042 2202 3332 2265 conspectu
3363 2193 3508 2249 Con-

1922 2288 2115 2347 ditoris
2138 2289 2223 2345 sui
2252 2290 2309 2344 iu
2334 2288 2544 2344 caelesti
2569 2287 2909 2353 Hierusalem
2938 2288 2992 2347 in
3013 2296 3281 2349 aeternum
3302 2287 3501 2359 gaude-

1922 2381 2078 2447 bunt,
2111 2381 2239 2451 quia
2270 2379 2539 2437 videbitur
2560 2381 2703 2436 Deus
2740 2379 2966 2437 deorum
2993 2380 3049 2434 in
3072 2378 3204 2435 Sion
3232 2396 3246 2432 :
3282 2397 3302 2431 ο
3340 2378 3408 2433 Et
3435 2379 3513 2435 ci-

1922 2471 2186 2535 vitasilla
2228 2486 2332 2526 non
2378 2480 2501 2542 eget
2546 2469 2660 2526 sole
2706 2485 2883 2540 neque
2928 2470 3054 2525 luna
3094 2478 3154 2527 ut
3192 2470 3407 2526 luceant
3452 2469 3509 2525 in

1918 2577 2007 2621 ea.
2046 2562 2180 2618 Nam
2222 2563 2445 2619 claritas
2490 2563 2584 2618 Dei
2629 2562 2956 2619 illuminabit
2992 2578 3147 2630 eam,
3188 2569 3246 2617 et
3289 2561 3512 2617 lucerna

1920 2656 2040 2725 eius
2060 2666 2149 2711 est
2172 2654 2381 2726 Agnus,
2402 2663 2461 2710 et
2478 2654 2834 2710 ambulabunt
2852 2662 3040 2726 gentes
3064 2655 3121 2711 in
3138 2653 3347 2713 lumine
3370 2652 3512 2723 ejus,

220 2751 442 2815 ablatis,
466 2752 521 2807 in
536 2761 730 2809 octavo
749 2752 1119 2809 decimoanno
1134 2754 1284 2825 regni
1309 2754 1391 2809 sui
1406 2754 1821 2825 Dominopbase
1923 2758 1979 2807 θι
2011 2760 2166 2818 r0803
2206 2756 2367 2805 terra:
2407 2746 2634 2803 afferent
2686 2746 2915 2817 gloriam
2952 2762 3105 2805 suum
3148 2756 3205 2803 et
3248 2746 3512 2805 honorem

130 2907 149 2915 ,
220 2845 647 2901 celeberrimum
675 2844 868 2901 fecisse
891 2844 1107 2916 legitur,
1137 2846 1418 2902 moraliter
1444 2847 1604 2902 docet
1637 2861 1737 2901 nos
1761 2853 1821 2901 ut
1926 2842 1980 2899 in
2022 2841 2135 2905 illa,
2163 2851 2219 2897 et
2242 2849 2415 2912 portae
2438 2840 2558 2911 ejus
2578 2856 2686 2897 non
2722 2842 3046 2899 claudentur
3076 2857 3176 2912 per
3190 2840 3374 2907 «iisin;
3405 2855 3514 2897 nox

220 2950 519 3007 purgemus
533 2934 768 3006 primum
787 2944 985 2990 terram
1000 2936 1180 2992 cordis
1206 2937 1377 2993 nostri
1404 2937 1823 2993 abomnibusvi-
1926 2933 2072 2991 enim
2097 2946 2205 2991 non
2234 2933 2339 2987 erit
2385 2931 2516 2997 illic.
2556 2941 2614 2988 ei
2641 2930 2867 2989 θίῗθΐθηι
2896 2932 3126 3004 gloriam
3156 2941 3213 2989 ει
3245 2933 3513 2989 “Morem

228 3029 401 3093 tiis,et
418 3029 743 3084 mundemus
758 3036 912 3084 actus
934 3031 1230 3085 nostrosab
1246 3032 1391 3085 omni
1412 3021 1821 3100 inquinémento
1922 3027 2167 3099 gentium
2198 3026 2254 3081 in
2282 3025 2453 3083 illam.
2495 3023 2607 3081 Nec
2636 3025 2863 3081 intrabit
2895 3026 2951 3083 in
2997 3041 3119 3082 eam
3140 3026 3344 3095 aliquid
3365 3026 3516 3081 coin-

224 3128 601 3191 peceatorum,
628 3128 683 3175 et
704 3122 775 3176 ab
791 3121 1049 3191 Operibus
1069 3121 1315 3187 mortuis,
1333 3129 1393 3175 ut
1415 3122 1621 3177 servire
1646 3120 1820 3192 possi-

224 3230 352 3271 mus
383 3213 494 3267 Deo
523 3213 748 3279 viventi,
778 3213 964 3283 sicque
986 3221 1201 3285 gratum
1224 3214 1454 3269 Domino
1478 3213 1815 3271 celebremus

222 3306 585 3371 Psscha,non
599 3304 819 3375 utiquei
848 3304 899 3359 in
927 3305 1195 3360 fermento
1224 3306 1511 3361 malitiaeet
1536 3304 1812 3375 nequitias,

222 3400 325 3455 sed
354 3401 412 3454 in
439 3399 642 3471 azymis
658 3398 993 3455 sinceritatis
1011 3408 1067 3453 et
1084 3398 1328 3453 veritatis
1348 3398 1399 3469 (1
1426 3397 1550 3453 Cor.
1580 3397 1658 3451 vi.
1676 3417 1695 3449 ι
1717 3396 1817 3453 Se-

220 3489 469 3547 cundum
496 3499 677 3545 autem
709 3489 1044 3560 allegoriam,
1078 3486 1256 3547 Josias
1303 3488 1405 3544 iste
1455 3498 1637 3561 typum
1670 3498 1818 3547 tenet

226 3582 443 3638 Domini
492 3580 810 3645 Salvatoris,
862 3583 954 3650 qui
999 3581 1150 3635 salus
1188 3590 1242 3635 et
1290 3579 1552 3636 fortitudo
1601 3579 1815 3635 Domini

224 3673 427 3731 merito
451 3673 669 3739 dicitur,
702 3673 829 3744 quia
860 3674 975 3743 ipse
998 3681 1083 3728 est
1113 3674 1179 3728 de
1206 3688 1314 3743 quo
1346 3672 1625 3743 Scriptura
1648 3673 1811 3729 dicit:

230 3790 251 3822 ι
288 3767 765 3831 Dominus.fortis,
798 3767 1058 3823 Dominus
1082 3775 1275 3836 potens
1315 3766 1369 3825 in
1418 3766 1605 3837 pratlio
1638 3761 1814 3833 (Psal.

228 3861 413 3931 xxiii),
438 3883 458 3913 ι
490 3868 547 3915 et
572 3859 703 3919 alibi
730 3873 746 3913 :
777 3879 795 3910 ι
829 3858 949 3928 ipse
968 3859 1113 3915 enim
1142 3857 1351 3913 salvum
1375 3857 1536 3913 faciet
1558 3856 1815 3928 pupulum

225 3968 389 4009 suum
426 3970 456 4007 a
507 3952 742 4022 peccatis
770 3964 956 4005 eorum
992 3949 1207 4019 (Matth.
1249 3949 1310 4019 ι).
1350 3968 1369 4000 ι
1428 3950 1545 4019 Ipse
1596 3949 1817 4019 quidem

225 4047 348 4102 zelo
378 4046 471 4101 Dei
499 4045 723 4099 mundat
760 4051 974 4097 terram
999 4041 1135 4097 .luda
1158 4050 1214 4097 et
1244 4040 1580 4096 Hierusalem
1608 4042 1678 4097 ab
1700 4055 1818 4095 omo

226 4139 391 4194 nibus
418 4136 777 4192 immunditiis
822 4143 879 4189 et
904 4133 1421 4197 abominationibus,
1449 4132 1541 4201 qui
1564 4146 1661 4201 per
1691 4129 1820 4187 Pro-

222 4232 449 4301 phetarn
493 4229 631 4285 dixit
679 4245 693 4282 :
742 4246 763 4277 σ
809 4225 968 4281 Zelus
1022 4225 1218 4283 donius
1285 4234 1390 4280 tuae
1440 4223 1679 4281 comedit
1730 4238 1820 4279 me

225 4323 350 4395 (Ps.
383 4322 608 4395 vaut);
643 4341 663 4375 ι
692 4322 758 4375 de
778 4336 887 4390 quo
905 4328 961 4375 et
989 4317 1228 4375 Joannes
1261 4318 1338 4371 ait
1369 4338 1381 4372 ι
1421 4336 1440 4369 ι
1476 4316 1645 4385 Cujus
1691 4333 1820 4373 ven-

226 4418 486 4474 tilabrum
522 4416 575 4468 in
629 4428 791 4469 titann
845 4428 974 4475 sua,
1033 4420 1089 4466 et
1144 4409 1398 4480 purgabit
1432 4422 1619 4465 aream
1658 4422 1819 4467 suam

1924 3121 2229 3192 quinatum,
2255 3129 2314 3177 et
2334 3118 2540 3177 faciens
2570 3119 3033 3176 abominationem
3060 3127 3116 3175 et
3144 3120 3512 3188 mendacium,

1922 3213 2029 3269 nisi
2053 3212 2147 3282 qui
2172 3212 2362 3282 scripti
2395 3220 2522 3267 sunt
2566 3212 2621 3269 in
2656 3210 2797 3267 libro
2816 3211 3089 3283 viteAgni
3111 3210 3298 3282 (Apoc.
3323 3212 3460 3281 ut).
3482 3228 3507 3265 ι

1920 3305 1991 3360 Et
2009 3318 2207 3360 nomen
2230 3304 2472 3361 civitatis
2494 3318 2563 3359 ex
2596 3303 2687 3359 illa
2710 3304 2801 3359 die
2821 3302 3084 3361 Dominus
3113 3304 3325 3359 ibidem.
3360 3321 3379 3354 ‹
3411 3304 3511 3359 Bo-

1920 3398 2167 3456 uedictus
2180 3398 2439 3454 Dominus
2459 3391 2716 3468 quoniam
2743 3397 3059 3453 mirificavit
3081 3396 3514 3454 misericordiam

1918 3505 2074 3545 suam
2102 3491 2159 3545 in
2180 3489 2459 3545 civitatem
2483 3490 2913 3545 circumstantia
2936 3486 3055 3561 (Ps.
3080 3489 3158 3561 χ).
3204 3509 3222 3542 ι

1994 3602 2015 3635 ι
2042 3582 2242 3641 Occiso
2268 3583 2452 3652 itaque
2498 3581 2647 3638 Josia
2700 3597 2827 3653 rege
2856 3582 2909 3637 in
2938 3580 3219 3652 Megeddo,
3261 3580 3383 3636 tulit
3414 3596 3514 3652 po-

1923 3696 1944 3731 (
1974 3677 2133 3749 pultis
2155 3685 2315 3731 terra:
2341 3673 2578 3732 Joaehaz
2602 3674 2770 3730 lilium
2786 3672 2968 3739 Josiaa,
2996 3683 3053 3729 et
3071 3680 3344 3728 unxerunt
3363 3687 3511 3742 eum,

1922 3790 1944 3822 ί
1970 3777 2028 3824 et
2050 3768 2451 3825 constituerunt
2484 3782 2609 3822 eum
2657 3781 2839 3837 regem
2886 3781 2986 3836 pro
3014 3773 3169 3835 patre
3196 3780 3316 3821 suo.
3340 3763 3512 3832 Quem

1924 3881 1946 3914 ‹
1980 3861 2195 3917 Pharao
2244 3859 2430 3915 Necbo
2497 3860 2671 3914 vinxit
2740 3860 2797 3915 in
2867 3858 3077 3925 flebis,
3130 3865 3187 3913 et
3241 3858 3393 3912 duxit
3458 3857 3513 3913 in

1925 3974 1945 4008 ‹
1979 3954 2291 4031 Egyptian.
2320 3954 2388 4008 Et
2424 3953 2683 4022 imposuit
2710 3953 2965 4007 mulctam
2992 3962 3150 4008 torris
3177 3961 3393 4007 centum
3420 3959 3510 4006 ta-

1925 4065 1945 4099 (
1974 4045 2137 4100 lentis
2161 4045 2394 4116 argenti,
2416 4051 2472 4097 et
2496 4043 2698 4098 talento
2728 4043 2844 4097 auri
2871 4059 2888 4107 ;
2915 4056 3204 4114 regemque
3228 4043 3513 4098 constituit

1926 4156 1945 4190 ι
1976 4134 2242 4193 Eliaebim
2272 4134 2437 4190 illium
2485 4132 2647 4189 Josiaa
2692 4146 2791 4204 pro
2816 4132 2962 4188 Josia
3000 4144 3156 4203 patre
3204 4135 3341 4205 ejus,
3388 4143 3512 4191 erat

1922 4250 1945 4284 ς
1978 4244 2087 4303 que
2112 4243 2307 4286 ωηιξη
2332 4228 2451 4300 ejus
2488 4227 2718 4284 hacin
2754 4248 2773 4280 ι
2804 4227 2943 4295 Quid
2972 4236 3155 4281 autem
3200 4228 3508 4286 interfectio

1916 4326 2083 4383 lusi:
2108 4322 2400 4396 signiticet,
2425 4323 2519 4393 qui
2545 4336 2579 4377 ι
2600 4322 2886 4377 Pharaone
2906 4319 3123 4377 Neebao
3152 4322 3512 4393 interemptus

1918 4424 2006 4472 est
2034 4416 2088 4471 in
2133 4414 2392 4487 Hageddo
2418 4454 2436 4481 ,
2491 4413 2595 4469 nisi
2627 4413 3062 4484 persecutionem
3098 4413 3306 4484 antiqui
3342 4414 3515 4470 hostis

226 4511 451 4581 (Manli.
482 4510 604 4575 nr);
644 4526 663 4558 ι
696 4506 768 4560 de
814 4519 927 4576 quo
969 4512 1026 4559 et
1076 4498 1370 4558 Malacliias
1404 4503 1538 4558 dicit
1570 4521 1584 4556 :
1622 4521 1657 4591 ri
1678 4502 1819 4559 Ecce
1846 4534 1899 4595 Β
1922 4511 2186 4565 adversus
2224 4517 2447 4563 sanctos
2495 4506 2927 4578 pruedicatores?
2964 4520 3104 4577 quos
3130 4504 3514 4578 per‘invidiam

228 4602 404 4665 venit,
436 4600 569 4655 dicit
606 4597 867 4653 Dominus
892 4595 1229 4651 exercituum
1273 4606 1288 4649 :
1334 4594 1401 4650 Et
1450 4609 1574 4664 qius
1619 4594 1821 4664 poterit

224 4694 379 4749 dicm
407 4690 648 4759 cogitare
670 4688 934 4743 adventus
961 4685 1188 4755 ejus,-et
1207 4685 1332 4755 quis
1358 4685 1525 4740 stabit
1545 4686 1614 4740 ad
1636 4686 1825 4741 viden-

228 4793 362 4846 dum
389 4787 552 4843 eum?
588 4785 707 4857 Ipse
731 4786 876 4841 enim
913 4783 1070 4854 quasi
1114 4782 1257 4854 ignis
1298 4779 1558 4847 conlisus,
1581 4789 1637 4837 et
1666 4781 1823 4853 quasi

230 4884 406 4939 herba
444 4880 705 4936 fullonum
728 4918 745 4943 ,
773 4887 829 4932 ct
872 4876 1081 4933 sedebit
1121 4874 1362 4931 conﬂatis
1385 4915 1399 4939 ,
1426 4882 1483 4930 et
1518 4874 1824 4928 emundaus

231 4980 545 5046 argentum,
587 4979 643 5025 et
676 4967 929 5040 purgabit
978 4967 1121 5022 illius
1159 4965 1308 5023 Levi.
1345 4965 1412 5020 Et
1440 4963 1701 5021 connubii
1727 4980 1824 5020 eos

229 5066 395 5138 quasi
422 5076 614 5119 aurum
634 5070 692 5119 et
712 5061 869 5131 quasi
892 5067 1283 5131 argentum,et
1308 5067 1471 5114 erunt
1492 5056 1718 5112 Domino
1736 5054 1824 5111 of-

232 5160 480 5215 ferentes
528 5156 794 5213 sacriiicia
822 5157 874 5211 in
896 5154 1129 5227 justitia.
1167 5153 1234 5209 Et
1263 5150 1497 5224 placebit
1523 5151 1636 5206 Deo
1663 5149 1831 5205 sacri—

232 5251 423 5306 ﬁcium
452 5249 589 5305 Juda
610 5257 668 5304 et
695 5248 1054 5314 Hierusalem,
1077 5248 1220 5303 sicut
1235 5246 1353 5302 dies
1380 5244 1585 5311 muli,
1606 5253 1663 5299 et
1686 5243 1830 5298 sicut

232 5342 372 5397 anni
392 5338 625 5411 antiqui.
672 5340 738 5395 Et
785 5339 1038 5396 accedam
1068 5342 1134 5395 ad
1163 5354 1260 5396 vos
1286 5339 1340 5395 in
1381 5338 1609 5408 judicio,
1635 5348 1691 5393 et
1734 5351 1830 5393 ero

232 5436 397 5493 testis
419 5434 575 5491 velox
602 5433 884 5500 maleficia,
904 5432 1255 5498 etadolteris,
1279 5441 1333 5486 et
1362 5430 1617 5502 periuris,
1650 5442 1707 5488 et
1732 5435 1826 5504 qui

230 5526 710 5583 calumniabantur
756 5525 1060 5582 mercedem
1109 5524 1432 5580 mercenarii
1476 5534 1529 5581 et
1576 5525 1828 5582 humilia-

232 5620 377 5675 bant
401 5619 591 5674 viduas
621 5625 675 5673 et
720 5616 971 5689 pupillos,
994 5624 1068 5672 'et
1104 5617 1417 5687 opprimunt
1445 5619 1790 5687 peregrinum
1813 5660 1829 5687 ,

234 5724 341 5767 nec
364 5711 663 5767 timuerunt
679 5724 786 5777 me,
807 5710 940 5765 dicit
963 5710 1223 5765 Dominus
1242 5711 1579 5767 exercituum
1604 5711 1827 5783 (Malae.

1928 4604 2046 4658 neci
2102 4601 2318 4657 tradere
2350 4599 2572 4656 molitur
2596 4640 2612 4667 ,
2653 4608 2710 4654 et
2737 4599 2953 4654 auferre
2974 4599 3043 4657 de
3068 4608 3213 4655 terra
3256 4600 3514 4657 Ecclesiae

1926 4702 2179 4759 conatur,
2203 4686 2473 4764 quatenus
2496 4692 2712 4749 facilius
2732 4701 2903 4748 totam
2924 4692 3139 4763 plebem
3166 4693 3435 4765 dissipare
3460 4703 3516 4749 et

1922 4786 2181 4842 iit-radere
2201 4785 2401 4856 possit:
2434 4780 2825 4853 interpretatur
2850 4785 3062 4855 Pharao
3084 4785 3372 4855 dissipans,
3398 4784 3507 4839 Ne-

1925 4884 2029 4937 ctm
2052 4880 2341 4946 permissio,
2371 4878 2631 4948 Hageddo
2652 4879 2869 4933 renisus
2888 4886 2993 4934 est.
3024 4878 3328 4934 Permissus
3353 4879 3509 4949 quip-

1927 4986 1993 5045 pe
2014 4972 2262 5029 diabolus
2289 4984 2617 5044 consurgere
2648 4973 2908 5029 adversus
2926 4984 3148 5029 sanctos
3174 4975 3277 5028 hoc
3304 4972 3506 5027 solum-

1929 5065 2091 5121 modo
2110 5062 2241 5138 agit,
2272 5065 2375 5120 hoc
2424 5064 2556 5119 totis
2577 5062 2784 5119 viribus
2823 5070 3016 5131 certat,
3065 5073 3339 5134 quatenus
3391 5070 3512 5119 ten-

1930 5155 2095 5213 tando
2136 5166 2355 5229 gregem
2408 5156 2621 5212 Domini
2666 5158 2977 5226 percutiens
3018 5157 3264 5227 dissipet,
3316 5170 3517 5226 eosque

1929 5249 2166 5322 primum
2212 5246 2446 5315 eniteret,
2490 5260 2722 5319 quorum
2767 5246 2962 5305 solatio
2993 5245 3163 5315 adjuti
3198 5254 3389 5302 contra
3420 5247 3518 5302 bo-

1930 5348 2072 5396 stent
2095 5339 2359 5393 dimicare
2393 5339 2712 5395 debuerant.

2010 5450 2030 5484 ‹
2056 5430 2311 5501 Tulitque
2337 5431 2566 5502 populus
2607 5436 2767 5487 terra
2792 5430 3027 5487 Joachal
3066 5428 3236 5485 lilium
3258 5429 3440 5497 luela,
3460 5439 3521 5487 et

1941 5544 1961 5575 ε
2002 5529 2272 5579 unxerunt
2302 5537 2425 5578 eum
2456 5540 2473 5587 ;
2501 5532 2555 5577 et
2580 5523 2983 5578 constituerunt
3017 5535 3142 5577 eum
3187 5535 3367 5593 regem
3416 5538 3519 5595 pro

1942 5637 1961 5670 ι
1997 5626 2153 5688 patre
2197 5632 2316 5672 suo.
2356 5636 2375 5669 ι
2425 5615 2661 5671 Joacliaz
2700 5615 2792 5684 qui
2834 5615 3225 5686 interpretatur
3269 5626 3519 5687 retentas,

1938 5711 2119 5783 signat
2146 5709 2318 5766 malos
2338 5709 2611 5771 doctores,
2637 5722 2777 5778 quos
2804 5707 3035 5778 populus
3066 5716 3247 5777 teme,
3276 5708 3523 5767 carnales

232 5806 348 5871 ut).
389 5822 410 5860 ο
436 5803 692 5863 Celebrat
724 5818 855 5883 ergo
888 5802 1072 5862 Jesias
1107 5810 1295 5862 noster
1317 5818 1511 5863 verum
1539 5805 1749 5865 Pascha
1774 5806 1833 5866 in
1939 5806 2215 5877 videlicet,
2240 5817 2469 5865 terrente
2493 5803 2781 5878 cupiditati
2806 5802 2998 5876 dediti,
3018 5806 3315 5865 modum
3338 5816 3519 5869 tuentes
