4078 6340
575 381 679 436 5ιό

1610 365 1961 424 ANGELOMI
1999 363 2462 422 LUXOVIENSIS
2503 363 2806 420 MONACHI

3752 361 3859 416 5M

574 473 704 551 suos
759 489 1161 546 consentientes
1219 486 1366 542 vitiis
1433 485 1545 539 suis
1612 498 1874 552 personas
1928 481 2150 552 eligunt.
2179 485 2235 545 Α
2263 501 2281 532 t
2317 492 2372 535 et
2403 481 2642 536 concidit
2677 481 2928 535 universa
2958 495 3086 534 vasa
3131 495 3318 544 aurea,
3367 495 3487 551 quae
3517 483 3728 535 fecerat
3758 482 3858 533 Sa-

575 586 723 655 Quos
763 581 976 638 Pharao
1001 583 1054 636 in
1089 579 1254 636 Bebla
1282 578 1454 634 vinxit
1482 584 1536 630 et
1566 577 1620 630 in
1653 574 1950 645 AEgyptum
1977 573 2150 638 duxit,
2179 629 2188 636 ,

577 692 701 732 cuin
740 672 986 730 diabolus
1031 685 1129 741 per
1179 667 1579 724 multitudinem
1619 665 1959 720 adulatorum
1994 678 2154 718 ener-

576 781 713 823 vans
759 765 959 834 decipit
1003 762 1167 817 corda
1191 759 1541 830 przelatorum
1567 774 1582 823 ;
1613 755 1782 812 Behla
1809 760 1951 810 enim
1981 752 2158 808 multi-

577 857 706 913 tudo
755 855 1180 924 interpretatur,
1247 850 1434 919 sicque
1479 849 1535 903 in
1596 847 1892 918 spiritualis
1939 847 2158 919 Egypti

576 947 787 1002 vinctos
813 943 1020 1000 catenis
1036 949 1384 1012 peccatorum
1407 940 1754 995 tenebrosam
1783 940 1979 1008 mergit
2003 940 2162 1010 abys-

579 1059 720 1100 sum.
765 1043 936 1098 Porro
973 1039 1185 1094 Pharao
1238 1052 1455 1108 quoque
1499 1035 1684 1091 Neclio
1719 1035 1926 1090 Joacim
1979 1049 2160 1106 regem

579 1134 932 1196 constituens,
965 1129 1222 1200 imposuit
1254 1127 1512 1183 mulctam
1536 1136 1698 1182 terra:
1742 1133 1958 1180 centum
1990 1125 2162 1180 talen-

577 1227 649 1280 tis
675 1223 902 1294 argenti,
935 1229 990 1276 et
1039 1221 1245 1275 talento
1290 1220 1430 1275 auri.
1477 1219 1614 1275 Cum
1645 1217 1916 1288 malignus
1939 1217 2162 1288 spiritus

576 1331 805 1387 pensum
831 1314 1068 1369 servitus
1095 1312 1176 1368 sui
1205 1313 1260 1366 in
1286 1311 1485 1382 populo
1526 1310 1910 1382 praedictorum
1935 1309 2159 1380 expetit,

574 1417 637 1460 It
663 1416 774 1460 tam
819 1421 984 1461 sensu
1025 1419 1187 1474 quam
1234 1403 1448 1472 eloquio
1488 1401 1606 1471 ejus
1643 1417 1741 1473 per
1775 1401 1954 1457 omnia
1985 1400 2162 1472 parati

576 1499 683 1555 sint
725 1497 1006 1567 obsequio.
1049 1494 1202 1550 Unde
1231 1494 1438 1550 Joacim
1471 1494 1626 1564 juxta
1661 1502 1992 1564 praeceptum
2023 1491 2164 1547 Pha-

578 1591 780 1656 raonis,
807 1603 1249 1659 unumquemque
1295 1587 1592 1643 secundum
1620 1587 1766 1643 vires
1799 1602 1928 1641 suas
1957 1586 2160 1656 exegit,

576 1691 639 1736 ut
673 1681 826 1736 daret
856 1689 967 1735 tam
1003 1687 1287 1750 argentum
1327 1694 1489 1749 quam
1535 1694 1747 1745 aurum,
1771 1687 2040 1748 quatenus
2060 1678 2164 1734 hoc

579 1772 833 1828 redderet
867 1771 1160 1835 Pharaoni,
1203 1770 1330 1840 quia
1383 1769 1628 1825 diabolus
1669 1785 1766 1840 per
1810 1769 1914 1825 sibi
1951 1769 2162 1825 deditos

578 1862 747 1924 viros,
801 1862 869 1916 ab
925 1875 1254 1931 unoquoque
1281 1861 1450 1930 exigit
1492 1862 1787 1916 secundum
1844 1861 1988 1917 vires
2037 1842 2241 1916 suasB

579 1953 788 2021 peccati
816 1966 1037 2007 censum
1065 1951 1294 2018 solvere,
1329 1953 1516 2023 sicque
1541 1952 1596 2008 in
1631 1953 1880 2022 nequiter
1899 1952 2162 2024 prielatis.

572 2043 820 2112 quotidie
844 2052 1112 2116 praeparat
1131 2044 1492 2114 perditionem
1520 2043 1802 2114 subjectis.
2150 2052 2157 2062 '

1152 2192 1380 2250 CAPUT
1419 2192 1606 2250 XXIV.

664 2327 682 2360 t
717 2307 774 2362 In
794 2307 986 2383 diebus
1013 2308 1120 2364 illis
1146 2309 1390 2365 ascendit
1414 2308 1912 2366 Nabuchodonosor
1937 2325 2032 2366 rex
2059 2309 2166 2365 Ba-

591 2419 609 2453 t
647 2401 885 2472 bylonis,
907 2409 962 2457 et
987 2400 1163 2458 factus
1199 2411 1284 2457 est
1320 2403 1370 2457 ei
1414 2401 1620 2458 Joacim
1651 2417 1840 2458 servus
1863 2401 2038 2457 tribus
2066 2417 2166 2457 au-

590 2512 608 2544 t
646 2493 752 2558 nis,
781 2500 836 2547 et
865 2508 1082 2549 rursum
1124 2491 1408 2550 rebellavit
1455 2501 1645 2549 contra
1673 2508 1818 2558 eum,
1855 2512 1873 2545 ι
1898 2502 2006 2549 etc.
2031 2492 2167 2549 Cum

586 2591 756 2639 semet
781 2581 906 2652 quis
930 2584 1153 2639 cuilibet
1175 2600 1234 2640 se
1264 2584 1589 2654 manciparit
1617 2583 1753 2639 vitio
1779 2598 1888 2639 non
1918 2584 2035 2650 uni,
2073 2585 2167 2640 sed

585 2673 770 2729 multis
804 2673 1040 2730 dominis
1085 2675 1350 2731 obnoxius
1387 2675 1511 2730 erit.
1561 2673 1716 2730 Unde
1758 2674 1968 2730 Joacim
2005 2689 2168 2744 quem

583 2763 797 2820 Pharao
824 2772 952 2820 ante
985 2779 1209 2821 censum
1245 2766 1348 2821 sibi
1374 2767 1582 2822 solvere
1604 2765 1799 2837 coegit,
1824 2781 1968 2821 nunc
1988 2765 2172 2821 Nabu-

584 2856 925 2912 chodonosor
966 2871 1064 2912 rex
1109 2857 1401 2929 Babylonis
1435 2859 1538 2913 sibi
1571 2859 1778 2914 servire
1807 2859 1980 2914 tribus
2011 2859 2170 2914 annis

585 2947 880 3018 compellit.
914 2946 1020 3002 Sed
1061 2963 1222 3018 quem
1253 2948 1751 3005 Nabuchodonosor
1779 2949 1942 3004 alium
1973 2949 2172 3006 intelli-

586 3038 780 3107 gimus,
805 3039 910 3094 nisi
936 3039 1186 3094 eumdem
1209 3055 1372 3110 quem
1402 3040 1742 3097 Pharaonem
1765 3055 1886 3096 esse
1913 3041 2168 3109 diximus,

585 3131 884 3201 principem
938 3131 1190 3187 videlicet
1224 3132 1581 3199 confusionis,
1632 3141 1688 3187 et
1732 3141 2000 3188 rectorem
2024 3143 2174 3188 tene-

2265 593 2282 624 t
2324 573 2503 627 lomon
2532 588 2626 628 rex
2653 572 2817 627 Israel
2845 573 2896 626 in
2925 571 3128 642 templo
3152 571 3368 628 Domini
3393 612 3409 637 ,
3433 569 3596 640 juxta
3619 571 3858 634 verbum

2264 683 2284 716 t
2315 663 2548 719 Domini.
2595 663 2666 718 Et
2697 663 2972 719 transtulit
3002 678 3220 718 onmem
3266 662 3624 729 Hierusalem,
3654 672 3716 718 et
3737 666 3862 720 uni-

2265 777 2284 810 t
2316 773 2503 815 versos
2531 758 2899 830 principes,et
2922 772 3112 813 omnes
3140 757 3312 813 fortes
3337 759 3634 820 exercitus,
3664 757 3857 813 decem

2265 868 2286 904 t
2323 852 2486 906 millia
2515 852 2569 906 in
2591 852 2982 922 captivitatem,
3006 859 3062 906 et
3094 866 3314 906 omnem
3343 849 3615 905 artificem
3658 858 3720 904 et
3743 850 3862 904 clu-

2267 961 2287 994 t
2323 959 2522 1009 sorem,
2554 943 2792 1012 nihilque
2822 943 3070 999 relictum
3113 953 3220 1008 est,
3253 944 3496 1013 exceptis
3516 942 3862 1012 pauperibus

2267 1054 2286 1086 t
2323 1035 2504 1106 p0puli
2536 1044 2716 1092 terrae.
2749 1034 3049 1090 Transtulit
3081 1050 3296 1105 quoque
3339 1033 3570 1090 Joachin
3603 1034 3659 1088 in
3683 1033 3863 1104 Baby-

2268 1143 2288 1178 ι
2316 1126 2514 1191 Ionem,
2548 1135 2604 1181 et
2630 1135 2860 1182 matrem
2889 1126 3049 1197 regis,
3080 1135 3134 1180 et
3163 1140 3364 1181 uxores
3406 1126 3588 1196 regis,
3617 1133 3675 1179 et
3697 1140 3864 1179 eunu-

2268 1237 2288 1270 t
2317 1219 2447 1274 chos
2467 1217 2604 1286 ejus,
2631 1228 2687 1274 et
2708 1219 2916 1290 judices
2937 1227 3097 1274 terrae
3121 1219 3276 1273 duxit
3303 1218 3354 1272 in
3381 1217 3780 1288 captivitatem
3800 1218 3863 1271 de

2268 1329 2290 1363 ι
2320 1311 2655 1366 Hierusalem
2681 1311 2737 1366 in
2762 1310 3113 1382 Babylonem,
3129 1319 3186 1366 et
3212 1325 3404 1365 omnes
3423 1310 3580 1365 viros
3599 1309 3864 1364 robustos

2269 1422 2289 1455 t
2320 1411 2523 1472 septem
2554 1401 2740 1468 millia,
2768 1410 2824 1457 et
2848 1401 3087 1456 artiﬁces
3112 1409 3169 1457 et
3208 1401 3448 1456 clusores
3473 1399 3654 1464 mille,
3673 1415 3866 1453 omnes

2272 1514 2292 1548 t
2329 1496 2475 1550 viros
2503 1494 2672 1551 fortes
2697 1506 2752 1550 et
2795 1495 3114 1561 bellatores;
3147 1494 3408 1564 duxitque
3435 1508 3532 1548 eos
3555 1508 3656 1548 rex
3683 1493 3863 1563 Baby-

2272 1608 2289 1640 t
2319 1589 2458 1645 Ionis
2494 1589 2734 1658 captivos
2779 1588 2834 1642 in
2871 1587 3225 1660 Babylonem.
3256 1607 3274 1639 ι
3324 1585 3475 1654 Quod
3521 1585 3777 1641 refertur
3797 1584 3862 1639 de

2266 1679 2798 1746 Nabuchodonosor,
2837 1681 2962 1750 quia
3011 1679 3287 1735 transtulit
3331 1693 3550 1733 omnem
3600 1675 3868 1731 Hierusa-

2267 1774 2394 1839 lem,
2427 1783 2482 1828 et
2517 1774 2799 1828 universos
2832 1773 3126 1843 principes,
3168 1781 3224 1828 et
3268 1786 3457 1826 omnes
3488 1769 3666 1825 fortes
3705 1785 3862 1824 exer-

2267 1868 2407 1922 Citus
2428 1865 2615 1920 decem
2639 1864 2806 1920 millia
2827 1864 2884 1919 in
2898 1864 3288 1934 captivitatem,
3306 1861 3512 1917 addidit
3545 1859 3861 1931 Scriptura,

2267 1963 2453 2017 dicens
2484 1974 2498 2013 :
2534 1978 2554 2012 t
2585 1947 2890 2014 et‘omnem
2943 1957 3207 2011 artificem
3262 1965 3318 2010 et
3353 1955 3652 2009 clusorem.
3692 1972 3711 2003 ι
3751 1951 3860 2006 Hoc

2269 2063 2353 2108 est
2397 2051 2542 2122 quod
2596 2063 2758 2118 supra
2810 2047 3008 2118 populo
3060 2045 3229 2102 Israel
3279 2045 3572 2101 Philistiim
3631 2059 3868 2114 regnan-

2267 2155 2352 2202 tes
2399 2145 2590 2201 fecisse
2639 2151 2928 2198 narrautur
2956 2183 2971 2208 ,
3019 2156 3141 2196 cum
3193 2140 3392 2195 dicitur
3447 2138 3504 2210 (Ι
3531 2137 3668 2208 Reg.
3697 2139 3863 2208 xm):

2274 2257 2292 2290 t
2331 2238 2499 2293 Porro
2533 2235 2686 2291 faber
2739 2232 3000 2290 ferrarius
3045 2231 3424 2288 inveniebatur
3455 2230 3512 2285 in
3539 2231 3695 2286 omni
3726 2240 3868 2285 terra

2269 2328 2452 2384 Israel.
2506 2327 2778 2384 Caverant
2808 2326 2952 2382 enim
2997 2324 3285 2380 Philistiim
3307 2364 3322 2389 ,
3354 2338 3422 2377 ne
3447 2321 3593 2378 forte
3623 2322 3869 2376 facerent

2271 2418 2482 2475 Hebraei
2508 2418 2768 2489 gladium,
2782 2416 3151 2470 autlanceam.
3166 2433 3184 2466 ›
3207 2414 3361 2469 Sicut
3375 2414 3521 2468 enim
3540 2423 3678 2467 tunc
3697 2412 3774 2466 illi
3787 2428 3869 2467 ca-

2272 2519 2463 2566 verant
2495 2525 2564 2564 ne
2593 2508 2852 2563 habentes
2881 2506 3064 2562 fabros
3085 2504 3348 2560 ferrarios
3375 2503 3594 2559 Hebraei
3621 2519 3776 2558 arma
3803 2504 3870 2557 ad

2271 2603 2677 2675 repugnandum
2717 2600 2985 2665 facerent,
3017 2599 3092 2653 ita
3123 2612 3267 2653 nunc
3296 2595 3559 2660 Chaldaei,
3586 2587 3868 2650 destructa

2273 2697 2626 2762 Hierusalem,
2657 2702 2712 2750 et
2747 2700 2960 2748 vastata
3000 2691 3148 2746 omni
3191 2699 3340 2746 terra
3387 2687 3862 2758 repromissionis,

2273 2795 2524 2858 satagunt
2564 2794 2624 2840 ut
2664 2783 2843 2838 nullus
2893 2782 2949 2836 in
2978 2796 3040 2837 ea
3087 2787 3370 2836 remaneat
3412 2777 3637 2844 artifex,
3691 2779 3872 2833 nullus

2273 2879 2474 2943 clusor,
2506 2877 2597 2948 qui
2625 2875 2711 2931 vel
2735 2874 2932 2931 fmdata
2953 2874 3106 2930 urbis
3141 2873 3338 2928 moenia
3377 2883 3758 2942 componeret,
3785 2873 3872 2926 vel

2273 2969 2442 3040 possit
2470 2966 2737 3023 resarcire
2765 2966 3028 3034 disrupta,
3058 2964 3187 3034 quin
3215 2963 3396 3033 potius
3421 2962 3689 3032 quidquid
3722 2962 3872 3032 apud

2274 3069 2486 3132 gentem
2513 3057 2927 3114 exterminatatn
2954 3058 3086 3110 artis
3109 3055 3449 3118 invenerant,
3481 3063 3655 3109 totum
3691 3055 3875 3125 Baby-

2273 3151 2475 3206 loniam
2503 3149 2860 3213 transferunt,
2891 3157 2951 3202 ut
2983 3147 3065 3201 vel
3104 3147 3170 3200 ad
3222 3144 3447 3200 nihilum
3477 3145 3658 3200 valeat
3696 3145 3871 3207 ultra.

589 3223 806 3278 ιππυιιι
839 3223 1069 3277 harum?
1112 3224 1255 3296 Erso
1293 3240 1414 3280 cum
1457 3225 1712 3294 antiquus
1742 3225 1914 3280 hostis
1934 3225 2170 3295 aliquem
2196 3215 2242 3279 Ο
2272 3245 2357 3300 vel
2395 3243 2538 3299 illius
2575 3243 2809 3299 civitatis
2850 3241 3176 3296 utilitatibus
3213 3239 3480 3310 proficiat,
3533 3255 3658 3292 cum
3708 3239 3875 3308 juxta

588 3315 692 3371 sibi
723 3331 944 3371 censum
985 3316 1192 3384 peccati
1244 3316 1453 3372 solvere
1495 3315 1806 3387 persuadet,
1840 3331 1966 3371 mox
1995 3325 2171 3372 totum

589 3409 644 3462 in
672 3410 946 3465 dominum
969 3425 1127 3464 suum
1148 3409 1418 3481 redigere,
1440 3417 1495 3466 et
1520 3407 1739 3478 plenum
1767 3408 2049 3467 servitium
2077 3424 2174 3464 ex-

585 3501 820 3571 pendere
863 3501 1133 3556 admonet.
1163 3500 1304 3567 Quid
1349 3508 1434 3555 est
1457 3514 1587 3571 ergo
1625 3499 1772 3554 aliud
1801 3498 1975 3555 tribus
2014 3500 2173 3554 annis

585 3593 697 3662 regi
725 3591 1013 3664 Babylonis
1055 3608 1272 3648 servum
1296 3608 1418 3649 esse
1440 3607 1604 3662 quam
1632 3593 1907 3657 suasione,
1938 3592 2173 3647 delecta-

524 3694 528 3699 '
588 3683 755 3749 tione,
782 3692 944 3754 atque
965 3699 1231 3739 consensu
1278 3685 1500 3755 antiquo
1537 3685 1679 3741 hosti
1729 3684 2002 3740 subditum
2029 3684 2170 3752 fieri,

584 3784 639 3830 et
668 3785 841 3830 totum
871 3775 929 3830 in
959 3775 1108 3832 vitiis
1146 3776 1409 3845 deditum,
1456 3776 1613 3846 quasi
1647 3775 1816 3831 libere
1854 3777 1922 3832 ab
1949 3791 2016 3831 eo
2042 3790 2171 3847 pos-

587 3869 788 3924 sideri?
817 3869 912 3922 sed
934 3884 1076 3937 saepe
1104 3869 1369 3940 contingit
1405 3870 1550 3941 quod
1599 3869 1735 3926 tales
1767 3884 1866 3940 per
1884 3868 1980 3923 Dei
2011 3869 2173 3923 mise-

591 3959 878 4014 ricordiam
919 3959 1199 4025 admoniti,
1241 3961 1506 4017 rebellare
1531 3967 1721 4017 contra
1748 3974 1984 4031 nequam
2013 3960 2172 4030 spiri-

591 4059 703 4106 tum
735 4049 1068 4105 meditenlur
1097 4069 1111 4104 :
1145 4052 1272 4108 hinc
1293 4061 1375 4107 est
1395 4052 1539 4122 quod
1567 4051 1815 4107 subditur
1841 4069 1854 4105 :
1893 4069 1913 4102 ι
1933 4052 2173 4108 Rursum

588 4135 874 4196 rebellavit
895 4149 1083 4196 contra
1106 4156 1250 4196 eum.
1280 4160 1298 4194 i
1329 4141 1441 4198 Nec
1467 4151 1647 4198 tamen
1667 4139 1865 4198 suflicit
1884 4141 2169 4207 rebellare,

591 4231 637 4286 si
667 4247 773 4288 non
803 4235 1230 4303 perseveraverit
1257 4235 1310 4289 in
1343 4235 1662 4290 certamine.
1686 4235 1791 4303 Qui
1813 4234 1961 4291 enim
1986 4235 2055 4290 ab
2081 4249 2175 4289 an-

591 4323 723 4393 tiqui
754 4325 924 4382 hostis
959 4335 1226 4396 potestate
1271 4341 1331 4382 se
1369 4342 1570 4382 exuere
1609 4327 1901 4392 desiderat,
1951 4340 2175 4383 necesse

591 4426 676 4472 est
703 4426 761 4471 ut
798 4416 1011 4474 fortiter
1041 4427 1231 4475 contra
1261 4434 1385 4474 eum
1423 4418 1665 4486 dimicet,
1707 4426 1763 4473 et
1789 4417 2116 4486 adjutorium
2141 4435 2173 4474 a

590 4524 798 4563 summa
814 4511 1053 4580 putentia
1074 4511 1306 4567 assiduis
1325 4511 1576 4581 precibus
1596 4509 1865 4580 imploret,
1881 4518 2170 4578 quatenus,

591 4599 772 4654 divina
806 4601 982 4671 gratia
1005 4601 1238 4672 adjutus,
1269 4602 1481 4656 hostem
1511 4599 1868 4657 fortissimum
1890 4615 2169 4672 superare,

591 4693 851 4762 etjugum
877 4693 1231 4748 durissimum
1253 4693 1486 4748 evadere
1503 4702 1686 4764 queat.

671 4802 689 4833 t
736 4781 867 4836 Post
886 4781 1102 4856 Joacim.
1127 4791 1309 4838 autem
1348 4785 1598 4855 regnavit
1618 4785 1848 4845 Joachin
1891 4789 2034 4846 filius
2058 4787 2178 4858 ejus

601 4895 619 4927 t
662 4889 760 4945 pro
800 4889 882 4928 eo.
914 4874 981 4928 Et
1008 4873 1141 4930 fecit
1166 4875 1366 4931 malum
1393 4891 1578 4932 coram
1611 4877 1862 4947 Domino,
1887 4879 2039 4950 juxta
2061 4895 2179 4934 om-

601 4988 616 5016 t
653 4967 742 5020 nia
767 4981 886 5036 quae
915 4965 1118 5022 fecerat
1145 4975 1299 5038 pater
1325 4968 1461 5038 ejus.
1485 4970 1544 5024 In
1571 4978 1814 5042 tempore
1845 4972 1958 5039 illo,
1990 4987 2181 5028 ascen-

605 5076 624 5109 t
661 5057 860 5112 derunt
902 5059 1045 5114 servi
1084 5057 1581 5117 Nabuchodonosor
1618 5063 1761 5133 regis
1804 5063 2092 5134 Babylonis
2120 5064 2175 5118 in

603 5167 621 5199 t
655 5147 1009 5216 Hierusalem,
1042 5159 1098 5205 et
1137 5151 1472 5208 circumdata
1496 5161 1581 5209 est
1603 5154 1734 5210 urbs
1763 5155 2173 5212 munitionibus.

605 5263 623 5294 t
655 5240 921 5314 Venitque
965 5243 1462 5302 Nabuchodonosor
1509 5261 1603 5302 rex
1633 5248 1924 5320 Babylonis
1959 5250 2026 5304 ad
2049 5249 2172 5305 civi-

604 5356 623 5388 t
655 5343 820 5392 tatem
845 5354 966 5394 cum
995 5341 1165 5396 servis
1185 5341 1318 5409 suis,
1347 5351 1410 5397 ut
1435 5352 1810 5414 oppugnarent
1825 5358 1964 5400 eam.
1989 5344 2181 5416 Egres-

606 5447 625 5480 t
656 5445 854 5501 susque
883 5443 965 5488 est
991 5431 1217 5491 Joachin
1247 5452 1343 5492 rex
1369 5434 1507 5491 Juda
1539 5437 1607 5491 ad
1640 5452 1821 5508 regem
1865 5437 2179 5510 Babylonis,

606 5543 625 5575 t
659 5525 795 5594 ipse,
819 5535 874 5580 et
901 5538 1075 5584 mater
1098 5531 1234 5602 ejus,
1265 5540 1319 5587 et
1345 5532 1486 5588 servi
1511 5532 1648 5604 ejus,
1667 5541 1722 5589 et
1743 5533 2015 5605 principes
2042 5533 2180 5604 ejus,

531 5663 538 5668 .
607 5631 629 5667 ι
670 5624 726 5670 et
763 5620 996 5676 eunuchi
1034 5621 1170 5692 ejus,
1212 5634 1267 5679 et
1307 5625 1544 5695 suscepit
1591 5640 1714 5680 eum
1763 5641 1858 5682 rex
1891 5626 2184 5698 Babylonis

606 5725 630 5762 ι
655 5725 797 5765 anno
816 5721 1006 5768 octavo
1041 5718 1192 5788 regni
1221 5717 1322 5771 sui.
1353 5717 1419 5772 Et
1443 5717 1669 5788 protulit
1699 5718 1822 5773 inde
1842 5733 2033 5773 omnes
2065 5720 2185 5774 the-

608 5819 632 5858 t
664 5817 854 5862 sauros
877 5806 1065 5866 domus
1106 5809 1339 5877 Domini,
1386 5818 1441 5865 et
1473 5809 1754 5866 thesauros
1782 5809 1975 5867 domus
2000 5810 2184 5881 regite,

2275 3335 2534 3392 deﬂenda:
2569 3333 2832 3398 historiae,
2872 3331 2998 3402 quia
3025 3330 3254 3385 multum
3304 3327 3646 3401 negligentiae
3687 3328 3874 3382 nostri

2277 3426 2533 3498 temporis
2557 3425 2825 3494 congruit,
2857 3437 2964 3478 non
3011 3421 3206 3493 opinor
3233 3419 3550 3492 allegoriam
3583 3433 3708 3474 esse
3736 3420 3874 3474 reti-

2274 3517 2521 3573 cendam.
2563 3513 2789 3571 Constat
2817 3527 3050 3582 namque
3076 3511 3204 3581 quia
3255 3508 3596 3564 Hierusalem
3637 3517 3691 3561 et
3720 3515 3874 3562 terra

2274 3609 2457 3672 Israel,
2492 3608 2766 3663 civitatein
2798 3605 3022 3671 Christi,
3057 3605 3111 3659 id
3136 3611 3221 3659 est
3249 3612 3492 3658 sanctam
3516 3601 3830 3657 Ecclesiam
3857 3621 3872 3667 ;

2273 3698 2553 3772 Babylonii
2581 3706 2760 3753 autem
2789 3705 2844 3752 et
2871 3695 3130 3761 Chaldaei,
3163 3696 3278 3750 sive
3321 3693 3641 3759 Philisthzei,
3673 3694 3878 3748 civita-

2277 3799 2385 3844 tem
2409 3787 2632 3854 diaboli,
2659 3787 2711 3841 id
2738 3795 2825 3842 est
2853 3801 3070 3842 omnem
3096 3785 3479 3854 malignorum,
3524 3784 3640 3839 sive
3685 3783 3878 3838 homi-

2276 3895 2426 3940 num,
2464 3893 2560 3934 seu
2583 3877 2894 3948 angelorum
2924 3875 3325 3930 multitudinem
3362 3875 3621 3946 designat.
3660 3871 3884 3929 Servit-

2276 3985 2381 4040 que
2404 3969 2569 4025 Israel
2619 3967 2948 4023 Philisthaais
2993 3967 3109 4022 sive
3161 3966 3447 4032 Chaldaeis,
3501 3981 3624 4020 cum
3649 3964 3880 4020 ‘fideles

2277 4062 2477 4130 quique
2503 4059 2720 4114 nomine
2741 4066 2898 4113 tenus
2928 4057 2981 4112 in
3020 4056 3256 4113 Ecclesia
3288 4057 3668 4118 consistentes,
3707 4066 3882 4111 caete—

2275 4167 2461 4206 rorum
2493 4152 2561 4206 ab
2580 4150 2874 4205 immundis
2902 4147 2986 4204 vel
3015 4150 3294 4220 spiritibus
3325 4150 3408 4204 vel
3442 4150 3762 4204 hominibus
3785 4151 3880 4206 de

2277 4243 2442 4313 cepti,
2473 4249 2568 4296 aut
2597 4240 2859 4306 avaritize,
2889 4249 2983 4294 aut
3027 4240 3276 4306 luxuriae,
3321 4248 3410 4296 aut
3436 4240 3591 4296 alteri
3639 4241 3878 4297 cuilibet

2274 4343 2496 4407 peccato
2542 4331 2740 4387 mentis
2796 4331 2932 4388 colla
2983 4321 3329 4388 submittunt.
3385 4331 3621 4388 Abducit
3683 4341 3878 4387 autem

2277 4425 2771 4481 Nabuchodonosor
2833 4436 3018 4492 regem
3072 4421 3410 4480 Hierusalem
3474 4431 3530 4478 et
3581 4423 3879 4480 universos

2279 4517 2552 4589 principes
2573 4514 2741 4571 fortes
2767 4515 3043 4570 exercitus
3080 4515 3267 4571 decem
3299 4515 3462 4570 millia
3500 4515 3553 4569 iu
3582 4515 3880 4585 captivita-

2281 4622 2409 4674 tem,
2435 4626 2559 4666 cum
2581 4618 2638 4664 et
2667 4609 2957 4680 magistros
2986 4609 3307 4680 populorum
3350 4618 3404 4663 et
3430 4623 3524 4663 eos
3553 4608 3646 4677 qui
3693 4608 3876 4664 invin—

2282 4700 2426 4756 cibili
2450 4699 2632 4753 animo
2658 4697 2888 4754 Domino
2909 4699 3137 4765 servire,
3155 4713 3218 4754 ac
3243 4698 3564 4770 Decalogum
3587 4697 3724 4768 legis
3749 4699 3879 4755 lide-

2280 4790 2404 4845 liter
2429 4789 2751 4844 videbantur
2800 4789 2854 4842 in
2901 4788 2994 4844 Dei
3040 4804 3105 4844 ac
3133 4789 3368 4860 proximi
3406 4803 3590 4842 amore
3642 4803 3877 4844 conser-

2281 4896 2433 4948 vare,
2482 4880 2662 4936 subito
2703 4881 2817 4935 sive
2849 4880 3120 4936 illecebris
3151 4880 3358 4946 mundi,
3392 4895 3488 4935 seu
3524 4878 3876 4935 adversitati-

2283 4974 2385 5028 bus
2419 4972 2651 5037 subacti,
2689 4980 2783 5025 aut
2810 4971 3106 5042 majoribus
3137 4986 3196 5026 se
3226 4971 3559 5026 facinoribus
3597 4970 3877 5040 polluant,

2287 5072 2381 5120 aut
2405 5072 2553 5119 certe
2600 5063 2656 5117 in
2687 5063 2937 5118 haeresim
2971 5061 3311 5125 declinando,
3356 5071 3540 5131 aperte
3585 5064 3880 5132 apostasia

2287 5165 2472 5212 notam
2520 5153 2786 5209 incidunt.
2836 5153 3001 5208 Arma
3039 5167 3170 5208 vero
3215 5153 3413 5222 quibus
3469 5160 3659 5208 contra
3689 5153 3880 5208 diabo-

2290 5251 2400 5305 lum
2439 5255 2805 5319 repugnantes
2843 5245 3151 5300 libertatem
3193 5261 3224 5299 a
3271 5245 3380 5299 Deo
3426 5244 3581 5300 nobis
3616 5245 3879 5299 donatam

2290 5342 2663 5408 defendamus,
2713 5357 2833 5410 qua:
2879 5349 3005 5396 sunt
3028 5339 3132 5394 alia
3164 5338 3266 5394 nisi
3311 5338 3522 5408 eloquia
3557 5333 3880 5408 Scriptura-

2291 5438 2452 5494 rum?
2492 5438 2546 5492 in
2575 5437 2772 5507 quibus
2792 5444 2846 5489 et
2891 5435 3058 5505 ipsius
3087 5432 3299 5488 Domini
3332 5444 3389 5486 et
3417 5441 3738 5487 sanctorum
3757 5432 3882 5502 ejus

2287 5530 2570 5601 exemplis,
2619 5544 2726 5599 quo
2753 5528 2944 5583 ordine
2995 5526 3135 5583 bella
3185 5525 3440 5580 vitiorum
3490 5524 3741 5594 superari
3786 5523 3882 5577 de-

2289 5625 2471 5687 beant,
2518 5622 2634 5676 Iuce
2665 5620 2864 5674 clarius
2893 5618 3174 5675 discimus.
3219 5616 3328 5672 Sed
3379 5614 3683 5671 Pliilisthiei
3741 5615 3882 5670 ﬁlios

2289 5713 2455 5770 Israel
2479 5712 2649 5767 fabris
2669 5727 2940 5766 armorum
2974 5711 3212 5781 privarit,
3243 5723 3364 5762 cum
3406 5705 3627 5777 maligni
3659 5706 3884 5776 spiritus

2292 5808 2502 5864 animos
2548 5805 2784 5864 fidelium
2809 5821 2841 5862 a
2883 5803 3234 5863 meditatione
3273 5815 3444 5858 sacrte
3471 5798 3752 5866 lectionis,
3782 5811 3883 5854 sa:-
