4078 6340
245 437 366 493 545

1188 431 1444 488 ENARR.
1483 430 1553 486 IN
1591 430 1839 489 LIBROS
1881 428 2143 486 REGUM.
2187 461 2257 471 —
2294 428 2362 485 IN
2399 427 2526 484 LIB.
2562 428 2649 484 IV.

3421 434 3530 490 5‘6

245 550 464 607 cularia
509 547 618 604 illis
662 547 878 619 negotia
928 545 1249 614 inserendo,
1295 547 1614 602 retardant:
1661 562 1729 602 ne
1762 545 1846 601 vel
1873 545 1924 607 Α
1951 545 2133 600 divino
2166 547 2484 608 abutuntur,
2514 551 2569 598 et
2590 541 2726 598 falso
2751 542 2854 598 sibi
2877 557 3075 599 nomen
3111 544 3335 614 justitize
3362 562 3524 605 usur-

247 643 358 712 ipsi
386 657 484 712 per
497 637 658 709 hujus
681 639 1005 695 exercitium
1019 638 1304 696 resistendi
1319 639 1573 695 ﬁduciam
1601 646 1838 704 sumant,

245 733 342 789 vel
371 733 506 788 alios
550 730 688 787 forte
727 732 819 802 qui
862 731 1040 803 legere
1085 731 1354 799 nesciunt,
1383 731 1451 786 ad
1480 729 1842 787 resistendum

247 825 405 881 vitiis
430 824 790 890 exhortando,
813 831 908 878 aut
941 823 1284 894 corripiendo
1319 823 1598 880 accedant.
1626 821 1843 878 Tollunt

245 916 445 973 fabros
474 932 772 982 armorum,
802 932 926 972 cum
947 931 1044 973 eos
1068 917 1162 987 qui
1187 931 1343 972 sacra
1374 916 1591 987 eloquia
1619 923 1839 981 norunt,

247 1009 525 1065 intaan
575 1007 872 1065 sceleribus
903 1009 1161 1074 obruunt,
1191 1017 1252 1063 ut
1298 1007 1481 1064 dicere
1529 1007 1670 1063 bona
1721 1022 1837 1077 quar

246 1102 556 1159 didicerant
583 1117 807 1172 prorsus
835 1102 1177 1158 erubescant.
1225 1100 1584 1156 Transierunt
1627 1114 1832 1155 omnen-

249 1193 526 1249 artiﬁcem
551 1200 605 1248 et
633 1193 900 1248 clusorem
927 1193 994 1247 de
1023 1189 1358 1247 Hierusalem
1381 1191 1438 1245 in
1465 1189 1819 1261 Babyloniam

245 1284 393 1340 Cum
417 1299 513 1340 eos
540 1283 633 1354 qui
677 1282 974 1339 multifaria
1005 1284 1272 1338 virtutum
1321 1282 1635 1352 operatione
1675 1280 1842 1352 pluri-

247 1376 358 1431 bus
388 1373 667 1446 prodesse,
694 1383 750 1429 et
791 1373 1069 1430 civitatem
1109 1373 1206 1456 Dei
1235 1381 1427 1429 contra
1466 1373 1842 1443 corruptiones

248 1467 616 1523 tentationum
638 1466 851 1522 munire
872 1466 1136 1529 solebant,
1171 1483 1202 1520 a
1227 1466 1507 1536 proposito
1528 1464 1838 1530 deﬂectunt,

247 1567 420 1628 atque
453 1558 725 1628 ingenium
756 1557 900 1628 quod
950 1557 1165 1612 tuitioni
1211 1567 1413 1613 sancta
1458 1556 1714 1613 Ecclesia:
1741 1556 1843 1610 im-

246 1649 491 1719 pendere
519 1649 840 1714 debuerant,
888 1648 955 1703 ad
992 1649 1322 1702 voluntatem
1361 1653 1540 1717 potius
1590 1646 1735 1717 regis
1759 1645 1841 1699 vi-

249 1740 458 1796 tiorum
509 1739 822 1810 dispensare
875 1739 1222 1810 compellunt.
1280 1737 1435 1806 Quod
1477 1739 1524 1794 si
1571 1737 1841 1794 clusorem

246 1830 361 1887 hoc
391 1831 530 1898 loco,
556 1847 664 1887 non
687 1831 954 1887 ostiorum
981 1829 1099 1886 sive
1125 1844 1430 1898 murorum,
1460 1830 1557 1887 sed
1597 1831 1718 1885 auri
1744 1845 1840 1900 po-

1942 637 2112 706 pant?
2145 635 2415 691 Mathania
2441 645 2621 691 autem
2666 635 3054 706 interpretatur
3078 651 3268 692 munus
3295 639 3408 695 sive
3429 641 3526 696 do-

1943 741 2091 792 num,
2109 725 2365 782 Sedecias
2377 727 2560 796 justus
2581 723 2924 794 Domini,qui
2939 725 3188 781 undecim
3220 728 3379 782 annis
3405 744 3527 801 reg-
3581 772 3596 782 .

1942 830 2102 871 nasse
2127 815 2348 883 dicitur,
2381 816 2524 887 quod
2570 815 2841 887 signiﬁcat
2890 831 3015 872 eum
3066 828 3524 891 transgressorem

1942 910 2078 982 legis
2104 910 2310 977 fuisse;
2348 913 2681 968 undenarius
2725 911 2870 966 enim
2919 927 3179 969 numerus
3207 915 3300 986 qui
3355 915 3525 970 dena-

1941 1003 2084 1060 rium
2109 1005 2537 1076 supergreditur,
2560 1006 2932 1061 excessionem
2953 1004 3202 1078 Decalogi
3231 1007 3523 1080 signiﬁcat.

1942 1095 2054 1153 Nec
2079 1097 2184 1152 rite
2212 1112 2310 1152 rex
2355 1095 2466 1152 dici
2511 1103 2721 1166 potest,
2780 1095 2874 1164 qui
2921 1097 3216 1151 secundum
3276 1099 3532 1154 mandata

1943 1185 2157 1242 Domini
2191 1186 2542 1256 semetipsum
2567 1192 2622 1240 et
2659 1183 2761 1239 sibi
2791 1183 3063 1255 subjectos
3111 1199 3301 1257 regere
3345 1185 3535 1242 nolueo

1945 1277 2041 1333 rit.

2516 1405 2744 1463 CAPUT
2781 1405 2946 1464 XXV.

2023 1559 2040 1593 (
2083 1539 2315 1596 Factum
2342 1548 2429 1596 est
2449 1548 2636 1597 autem
2657 1555 2800 1598 anno
2825 1555 2968 1596 nono
3001 1541 3151 1614 regni
3185 1539 3320 1611 ejus,
3345 1557 3533 1599 mense

1952 1653 1971 1687 ‹
2005 1636 2236 1701 decimo,
2271 1635 2480 1691 decima
2505 1636 2592 1692 die
2629 1636 2854 1702 mensis,
2901 1637 3052 1692 venit
3098 1635 3531 1696 Nabuchodono-

1951 1747 1970 1780 ι
2012 1743 2104 1784 sor
2133 1743 2229 1783 rex
2257 1727 2571 1800 Babylonis,
2595 1729 2711 1799 ipse
2740 1739 2796 1784 et
2818 1730 2998 1785 omnis
3019 1731 3295 1786 exercitus
3323 1731 3439 1801 ejus
3475 1733 3528 1788 in

1951 1838 1971 1872 ι
2015 1820 2372 1888 Hierusalem,
2409 1829 2464 1876 et
2492 1821 2966 1877 circumdederunt
2994 1837 3139 1888 eam,
3161 1829 3215 1877 et
3250 1834 3532 1880 exstruxe-

249 1923 366 1977 tius
392 1937 834 1994 gemmarumque
860 1922 1160 1994 intelligere
1183 1923 1534 1988 voluerimus,
1575 1923 1645 1977 ad
1673 1938 1840 1979 unum
1869 1909 1920 1972 B
1951 1931 1972 1965 ι
2007 1923 2136 1968 runt
2161 1913 2217 1968 in
2239 1912 2470 1968 circuitu
2500 1911 2617 1981 ejus
2651 1911 3001 1969 munitiones.
3034 1913 3103 1968 Et
3126 1913 3309 1969 clausa
3344 1923 3429 1970 est
3455 1915 3532 1970 ci-

252 2015 501 2087 profecto
542 2015 900 2085 eamdemque
945 2013 1245 2085 spiritualis
1271 2014 1538 2084 expositio
1566 2013 1732 2070 ﬁnem
1762 2030 1845 2070 re-

251 2107 436 2179 spicit.
461 2107 674 2163 Dictum
704 2106 902 2177 quippe
929 2116 1013 2162 est
1053 2107 1120 2162 de
1147 2106 1416 2176 sapientia
1471 2106 1600 2177 quia
1648 2121 1843 2160 aurum

252 2206 308 2253 et
349 2195 640 2252 multitudo
670 2211 1006 2266 gemmarum
1036 2195 1087 2250 ei
1131 2211 1239 2252 non
1291 2196 1468 2250 valeat
1511 2198 1840 2267 comparari,

251 2301 420 2361 atque
463 2290 585 2345 ideo
608 2291 848 2345 clusores
877 2290 1072 2344 horum
1113 2306 1223 2345 non
1278 2289 1413 2344 alios
1461 2289 1639 2361 aptius
1679 2305 1844 2360 quam

253 2383 508 2438 doctores
539 2381 838 2453 intelligere
877 2381 1139 2438 valemus.
1180 2379 1281 2448 Qui
1310 2383 1547 2452 quandiu
1577 2390 1726 2438 recte
1762 2383 1842 2436 vi-

252 2485 388 2529 vunt
409 2491 474 2530 ac
502 2475 718 2542 docent,
769 2475 822 2529 in
871 2483 1122 2529 ornatum
1167 2483 1370 2530 sanctae
1404 2475 1640 2530 civitatis
1681 2474 1840 2530 indu-

253 2567 444 2621 striam
471 2575 675 2622 sancta:
706 2566 840 2621 artis
883 2565 1220 2638 impendunt.
1263 2566 1332 2620 At
1373 2567 1418 2621 si
1454 2567 1593 2621 forte
1625 2580 1842 2622 errave-

253 2656 383 2720 rint,
418 2659 568 2728 quod
600 2657 706 2713 nisi
744 2673 776 2712 a
807 2672 934 2729 rege
960 2657 1336 2714 Chaldaeorum
1377 2658 1576 2728 captivi
1616 2657 1844 2729 Babylo-

253 2751 402 2806 niam
433 2751 870 2807 transferuntur?
891 2761 946 2808 et
980 2753 1236 2822 quoniam
1275 2751 1541 2807 artiﬁcem
1570 2752 1844 2808 clusorem

254 2845 326 2899 ab
366 2843 760 2916 Hierosolymis
801 2845 1155 2916 Babyloniam
1187 2845 1586 2916 transmigrari,
1630 2846 1734 2900 hoc
1761 2853 1844 2901 est

255 2935 522 2990 talentum
575 2937 726 2992 verbi
771 2938 986 2993 cmlitus
1023 2946 1303 3008 acceptum
1352 2938 1408 2991 in
1461 2945 1606 2992 terra
1639 2936 1838 3002 defodi,

256 3028 312 3083 id
349 3037 435 3084 est
477 3029 762 3085 scientiam
809 3029 1147 3100 spiritualem
1175 3029 1244 3084 ad
1288 3038 1639 3100 peccatorum
1676 3044 1842 3100 opera

255 3119 500 3174 converti
555 3119 961 3190 intelligendum
991 3129 1100 3185 est,
1143 3133 1439 3190 omnesque
1485 3119 1632 3174 viros
1674 3118 1842 3174 fortes

256 3216 311 3262 et
338 3208 630 3266 bellatores
659 3200 900 3265 simul'in
949 3211 1320 3280 captivitatem
1352 3212 1565 3278 ductos,
1618 3211 1722 3266 hoc
1760 3219 1844 3267 est

1951 2024 1970 2057 ε
2005 2005 2146 2061 vitas
2173 2013 2338 2075 atque
2380 2004 2593 2070 vallata,
2622 2021 2793 2076 usque
2842 2006 2910 2062 ad
2947 2006 3293 2062 undecimum
3326 2022 3530 2063 annum

1949 2115 1969 2148 ι
1997 2096 2141 2168 regis
2178 2095 2439 2161 Sedeciae,
2472 2111 2614 2151 nona
2651 2096 2738 2152 die
2761 2096 2982 2152 mensis.
3033 2095 3431 2168 Praevaluitque
3451 2097 3531 2152 fa-

1951 2206 1970 2241 t
1999 2205 2116 2244 mes
2157 2189 2212 2244 in
2257 2189 2498 2255 civitate,
2529 2205 2628 2245 nec
2675 2199 2794 2245 erat
2836 2190 2994 2260 panis
3047 2191 3247 2260 populo
3295 2197 3472 2246 terrae.
3505 2210 3526 2244 ι

1943 2283 2282 2340 Novenarius
2327 2298 2586 2340 numerus
2611 2283 2704 2353 qui
2739 2283 2918 2339 minus
2966 2284 3127 2339 habet
3179 2284 3403 2339 denario
3432 2284 3532 2339 im-

1943 2375 2331 2447 perfectionem
2352 2376 2488 2448 legis
2517 2375 2810 2447 signiﬁcat,
2834 2376 2976 2431 sicut
2998 2376 3329 2431 undenarius
3355 2385 3532 2432 trans-

1944 2470 2299 2539 gressionem,
2333 2477 2388 2525 et
2409 2479 2556 2525 recte
2583 2470 2788 2524 dictum
2812 2478 2898 2524 est
2919 2468 3066 2539 quod
3093 2468 3530 2524 Nabuchodono-

1945 2578 2036 2618 sor
2059 2563 2115 2618 in
2149 2579 2291 2619 nono
2320 2579 2464 2619 anno
2487 2563 2637 2636 regni
2674 2562 2914 2620 Sedeciae
2933 2564 3210 2619 obsederit
3233 2563 3530 2627 civitatem,

1945 2669 2131 2710 mense
2153 2655 2365 2710 decimo
2393 2664 2447 2710 et
2475 2655 2683 2710 decima
2706 2656 2793 2710 die
2822 2655 3045 2720 mensis,
3086 2656 3213 2724 quia
3248 2654 3374 2710 mali
3404 2671 3529 2724 pas-

1948 2755 2110 2812 tores,
2152 2762 2274 2803 cum
2317 2747 2572 2819 Decalogi
2602 2746 2858 2802 mandata
2895 2763 3018 2818 quae
3065 2747 3290 2802 scientia
3326 2756 3530 2811 tenent,

1945 2853 2108 2909 opere
2135 2848 2191 2894 et
2217 2840 2462 2895 doctrina
2503 2839 2767 2909 perﬁcere
2809 2839 3136 2911 negligunt:
3175 2841 3399 2896 necesse
3447 2848 3532 2896 est

1945 2941 2006 2986 ut
2032 2931 2243 3000 plebem
2275 2932 2378 2988 sibi
2407 2931 2750 2987 commissam
2781 2932 3040 3002 antiquus
3085 2933 3258 2988 hostis
3283 2947 3407 2987 cum
3433 2949 3532 2987 suo

1945 3023 2188 3078 exercitu
2215 3024 2496 3080 obsidione
2524 3024 2844 3091 circumdet,
2876 3034 2933 3080 et
2953 3025 3254 3081 munitione
3303 3025 3530 3091 erroris,

1947 3133 2012 3172 ac
2034 3117 2290 3172 vitiorum
2313 3127 2646 3184 constructa,
2692 3117 2908 3174 claudat
2957 3119 3206 3175 vallando
3230 3118 3530 3184 civitatem,

1947 3207 2132 3277 sicque
2180 3206 2350 3263 fames
2401 3209 2455 3263 in
2504 3209 2726 3265 civitate
2765 3209 3078 3280 praevaleat,
3122 3209 3297 3265 fames
3349 3210 3535 3280 utique

254 3316 355 3356 eos
390 3302 485 3372 qui
533 3302 854 3358 videbantur
892 3305 992 3358 viri
1017 3279 1209 3360 ifortes
1259 3319 1380 3360 esse
1430 3315 1486 3360 et
1530 3303 1839 3371 bellatores,
1869 3279 1914 3342 (ἶ
1946 3300 2096 3356 verbi
2127 3300 2243 3366 Dei,
2285 3315 2406 3355 cum
2441 3315 2550 3356 non
2583 3279 2911 3372 expenditur
2956 3300 3126 3356 libere
3152 3300 3311 3372 panis
3335 3279 3536 3356 doctri—

253 3393 463 3448 astutia
503 3393 862 3465 malignorum
916 3393 1205 3464 spirituum
1252 3395 1528 3465 deceptos,
1584 3405 1747 3465 atque
1788 3397 1841 3450 in

254 3497 543 3540 carcerem
586 3483 880 3555 spiritualis
906 3483 1218 3556 Babyloniae
1250 3485 1575 3554 captivatos,
1620 3499 1842 3541 necesse

256 3585 346 3633 est
375 3586 436 3631 ut
474 3591 697 3648 operam
725 3579 914 3634 demus
959 3587 1226 3648 quatenus
1258 3579 1542 3634 saevissimi
1571 3579 1714 3652 regis
1753 3595 1844 3650 po.

257 3679 516 3726 testatem
544 3672 858 3738 evadamus,
877 3671 1163 3744 vigilemus
1190 3681 1246 3727 et
1270 3673 1436 3728 sobrii
1466 3672 1658 3738 simus,
1685 3672 1844 3728 timo-

257 3779 378 3820 rem
421 3764 518 3820 Dei
552 3779 769 3836 semper
794 3773 919 3822 ante
945 3765 1135 3822 oculos
1160 3780 1448 3836 ponamus,
1481 3775 1538 3823 et
1563 3767 1845 3823 mandato-

257 3870 383 3911 rum
431 3855 550 3925 ejus
586 3857 912 3913 oblivionem
966 3859 1187 3913 omnino
1219 3857 1508 3930 fugiamus.
1551 3861 1845 3916 Construa—

256 3963 382 4003 mus
409 3948 565 4004 nobis
613 3958 814 4004 terram
840 3951 1108 4006 bonorum
1157 3965 1399 4020 operum,
1447 3961 1502 4007 et
1536 3967 1635 4023 per
1663 3952 1842 4022 profe-

255 4049 410 4096 ctum
440 4041 567 4096 vita:
595 4041 651 4096 in
677 4042 826 4098 illam
849 4045 1295 4112 conscendamus,
1326 4064 1345 4096 ι
1375 4045 1547 4100 induti
1568 4045 1734 4100 lorica
1760 4045 1846 4115 ju-
1879 4083 1898 4102 ρ

255 4133 426 4189 stitiaa
453 4141 509 4188 et
535 4133 688 4204 galea
717 4133 931 4202 salutis,
957 4134 1202 4190 habentes
1223 4142 1456 4201 scutum,
1481 4134 1629 4200 ﬁdei,
1655 4145 1705 4188 et
1729 4134 1844 4206 gla-

255 4225 410 4279 dium
450 4224 672 4294 spiritus
718 4226 862 4295 quod
912 4235 998 4282 est
1039 4227 1264 4282 verbum
1297 4226 1392 4280 Dei
1427 4225 1642 4297 (Ep/tes.
1680 4226 1780 4297 v1).
1822 4245 1839 4277 ι

254 4317 640 4373 Custodiamus
686 4327 874 4388 portas
918 4333 1179 4374 sensuum
1224 4327 1560 4383 nostrorum,
1601 4333 1669 4374 ne
1698 4333 1848 4373 mors

254 4413 430 4468 intret
477 4428 575 4483 per
623 4412 910 4468 fenestras.
944 4412 1104 4468 Omni
1153 4412 1398 4467 custodia
1448 4426 1728 4468 servemus
1753 4427 1846 4466 cor

254 4513 532 4570 nostrum,
564 4505 691 4575 quia
738 4506 853 4576 ipse
875 4521 944 4561 ex
965 4507 1077 4559 vita
1116 4505 1380 4575 procedit,
1412 4514 1469 4560 et
1498 4514 1623 4561 ante
1665 4506 1844 4561 omnia

253 4610 413 4665 spem
444 4603 686 4650 nostram
717 4597 773 4650 in
815 4596 958 4666 regis
1004 4595 1240 4652 caelestis
1287 4597 1530 4653 bonitate
1559 4613 1846 4668 ponamus,

255 4699 515 4761 petentes
534 4698 594 4743 ut
621 4691 738 4760 ejus
769 4691 944 4762 gratia
985 4707 1014 4744 a
1045 4691 1204 4746 malis
1233 4692 1484 4747 omnibus
1532 4691 1840 4747 liberemus.

257 4781 466 4851 Sicque
511 4783 715 4838 erimus
753 4799 968 4854 semper
997 4784 1264 4838 immunes
1293 4784 1361 4838 ab
1401 4783 1648 4838 hostibus
1687 4784 1842 4854 spiri-

257 4874 535 4941 tualibus,
597 4877 720 4946 quia
785 4873 960 4946 (Psal.
1015 4879 1166 4947 xxvr)
1226 4895 1244 4927 ι
1283 4877 1543 4932 Dominus
1589 4877 1847 4933 fortitudo

253 4968 437 5039 plebis
463 4983 596 5036 suae,
627 4978 684 5024 et
705 4978 980 5040 protector
1005 4969 1323 5024 salutarium
1355 4969 1555 5024 Christi
1586 4970 1671 5025 sui
1705 4979 1840 5036 est,»

253 5065 354 5134 qui
384 5065 560 5119 salvat
582 5079 771 5120 omnes
792 5072 1074 5135 sperantes
1101 5065 1157 5118 in
1179 5080 1257 5120 se.

337 5173 356 5205 ‹
392 5155 562 5224 Igitur
582 5154 808 5210 Joachin
851 5155 1146 5225 captivato,
1179 5154 1463 5210 constituit
1490 5153 1847 5211 Nabuchodo-

259 5271 278 5301 ι
331 5261 500 5302 nosor
524 5245 850 5300 Mathaniam
877 5254 1128 5316 patruum
1167 5243 1286 5313 ejus
1319 5259 1418 5313 pro
1443 5259 1524 5310 eo,
1559 5245 1846 5314 imposuit-

260 5363 279 5393 ι
320 5356 431 5410 que
468 5354 666 5394 nomen
689 5337 806 5407 ejus
835 5338 1139 5394 Sedeciam.
1165 5336 1498 5392 Vicesimum
1526 5347 1583 5392 et
1609 5337 1844 5407 primum

259 5455 280 5488 ‹
320 5449 526 5490 annum
585 5432 762 5488 aetatis
807 5431 1042 5488 habebat
1115 5430 1369 5488 Sedecias
1421 5447 1544 5486 cum
1616 5446 1845 5502 regnare

261 5547 282 5580 ι
307 5528 584 5598 coepisset,
607 5533 663 5582 et
677 5525 929 5582 undecim
947 5524 1108 5580 annis
1131 5525 1379 5595 regnavit
1401 5527 1454 5580 in
1478 5524 1839 5580 Hierusalem.

258 5638 281 5672 ι
329 5616 589 5686 Fecitque
617 5615 819 5671 tnalum
853 5609 1040 5671 coram
1065 5615 1294 5670 Domino
1325 5614 1482 5684 juxta
1515 5616 1702 5672 omnia
1724 5630 1844 5686 qua:

261 5728 282 5762 ι
328 5708 460 5765 fecit
497 5707 725 5764 Joacim.
757 5728 774 5761 ι
811 5707 952 5775 Quid
980 5708 1034 5762 in
1060 5707 1284 5763 Sedecia
1328 5708 1474 5763 aliud
1539 5707 1876 5779 intelligere

254 5817 547 5873 possumus
575 5802 680 5858 nisi
705 5803 848 5872 quod
871 5801 925 5856 in
951 5799 1160 5857 Joacim
1187 5811 1312 5857 ante
1339 5801 1709 5872 praediximus,
1739 5803 1840 5856 hoc

256 5903 346 5949 est
391 5894 560 5950 malos
593 5902 833 5950 rectores
862 5894 918 5950 in
949 5893 1213 5960 Ecclesia,
1241 5893 1332 5962 qui
1365 5908 1587 5949 munere
1622 5903 1674 5948 et
1702 5894 1840 5948 dono

1948 3407 2030 3447 nae
2054 3390 2254 3463 populo
2277 3401 2456 3448 terrae.

2022 3502 2041 3535 ι
2074 3483 2142 3537 Et
2170 3483 2468 3554 interrupta
2491 3493 2577 3540 est
2605 3483 2819 3550 civitas,
2835 3482 3136 3554 omnesque
3163 3483 3268 3538 viri
3303 3481 3532 3538 bellato-

1952 3594 1970 3626 ‹
2005 3589 2093 3630 res
2118 3583 2278 3630 nocte
2310 3573 2584 3645 fugerunt.
2623 3595 2642 3626 ι
2694 3575 3002 3646 lnterrupta
3060 3572 3279 3644 quidem
3321 3589 3417 3642 per
3443 3573 3535 3628 de-

1946 3666 2305 3736 praedationes
2334 3667 2514 3720 varias
2552 3665 2915 3737 malignorum
2956 3665 3242 3737 spirituum
3290 3663 3534 3720 custodia

1949 3756 2291 3828 populorum,
2321 3756 2378 3812 hi
2398 3758 2492 3828 qui
2519 3757 2817 3813 debuerant
2839 3758 3007 3812 armis
3042 3758 3319 3812 civitatem
3351 3754 3536 3812 defen-

1948 3851 2100 3915 dere,
2137 3858 2295 3905 nocte
2337 3849 2655 3920 ignorantiae
2683 3859 2738 3906 et
2763 3851 3002 3906 tenebris
3028 3851 3392 3921 peccatorum
3420 3849 3536 3904 val-

1947 3945 2042 4000 lati
2063 3946 2309 4018 fugiunt?
2330 3948 2476 4018 quia,
2501 3949 2799 4004 secundum
2821 3949 3081 4004 Veritatis
3107 3962 3329 4004 vocem:
3354 3964 3373 3998 (
3397 3945 3538 4000 Mer-

1949 4039 2198 4094 cenarius
2230 4049 2288 4095 et
2312 4040 2404 4110 qui
2445 4055 2551 4095 non
2593 4048 2677 4096 est
2703 4049 2891 4111 pastor
2915 4040 3060 4095 videt
3098 4038 3282 4110 lupum
3309 4036 3535 4092 venien-

1949 4139 2080 4196 tem,
2104 4139 2160 4184 et
2178 4129 2402 4186 dimittit
2421 4147 2549 4187 oves
2569 4140 2624 4186 et
2647 4131 2804 4203 fugit,
2824 4140 2878 4186 et
2899 4131 3056 4201 lupus
3082 4131 3225 4200 rapit
3245 4137 3299 4185 et
3324 4130 3534 4200 disper—

1947 4222 2026 4294 git
2043 4238 2174 4278 oves
2215 4223 2396 4295 (Joan.
2437 4224 2524 4295 x);
2552 4245 2570 4278 ι
2609 4234 2665 4280 et
2687 4225 2978 4294 Apostolus
3011 4243 3024 4278 :
3055 4243 3075 4276 ‹
3105 4223 3208 4292 Qui
3239 4224 3536 4290 dormiunt,

1947 4315 2154 4385 inquit,
2212 4325 2374 4371 nocte
2415 4316 2720 4382 dormiunt,
2763 4323 2819 4370 et
2869 4315 2964 4385 qui
3006 4315 3144 4371 ebrii
3203 4325 3330 4370 sunt
3380 4305 3551 4370 nocte

1950 4409 2088 4465 ebrii
2125 4417 2250 4465 sunt
2275 4407 2326 4479 (I
2373 4407 2552 4464 Thess.
2580 4407 2636 4480 v)
2671 4428 2690 4461 ι
2711 4407 2865 4476 Quod
2893 4415 3073 4463 autem
3100 4406 3539 4484 sequitur,'quod

1947 4518 2044 4574 per
2088 4503 2230 4558 viam
2268 4512 2438 4574 porta:
2487 4518 2606 4573 quae
2663 4510 2748 4558 est
2807 4503 2951 4557 inter
3006 4500 3276 4572 duplicem
3323 4515 3536 4555 murum

1952 4595 2021 4651 ad
2064 4597 2282 4651 hortum
2343 4596 2488 4668 regis
2539 4594 2796 4667 fugerint,
2849 4595 3082 4650 latenter
3124 4593 3336 4664 aperuit
3390 4593 3536 4646 iner-

1954 4688 2087 4742 tiam
2117 4689 2422 4753 doctorum,
2455 4687 2569 4757 qui,
2611 4687 2750 4741 inter
2767 4686 3038 4756 duplicem
3067 4701 3284 4740 murum
3307 4684 3537 4740 duorum

1955 4778 2428 4835 Testamentorum
2456 4779 2758 4845 constituti,
2808 4794 2914 4834 non
2970 4779 3249 4851 belligare,
3281 4777 3374 4833 sed
3400 4775 3537 4831 effu-

1954 4889 2082 4945 gere
2102 4882 2371 4945 quaerunt,
2398 4882 2455 4928 et
2493 4873 2548 4927 in
2590 4873 2800 4929 deliciis
2849 4873 3024 4944 magis
3071 4872 3334 4936 dillluere,
3392 4869 3537 4940 quod

1957 4969 2147 5024 hortus
2167 4966 2634 5039 signiﬁcat,quam
2652 4976 2805 5024 scuto
2827 4966 2950 5023 ﬁdei
2979 4967 3223 5023 hostibus
3251 4963 3534 5020 obsistere.

1861 5077 1864 5080 θ
1963 5079 1982 5112 ι
2020 5060 2211 5132 (Porro
2235 5059 2472 5116 Chaldzei
2495 5059 2833 5116 obsistebant
2853 5060 2908 5115 in
2938 5059 3168 5115 circuitu
3192 5053 3494 5124 civitatem)
3521 5071 3537 5118 ;

1958 5150 2156 5223 (fugit
2181 5153 2365 5223 itaque
2385 5152 2641 5210 Sedecias
2674 5168 2773 5224 per
2801 5153 2944 5208 viam
2973 5167 3094 5222 quae
3131 5149 3280 5204 ducit
3299 5147 3367 5202 ad
3394 5162 3544 5202 cam-

1959 5265 1979 5298 ι
2001 5245 2204 5315 pestria
2226 5246 2551 5302 solitudinis.
2569 5247 2636 5301 Et
2655 5254 2973 5316 persecutus
2993 5251 3076 5298 est
3094 5241 3368 5296 exercitus
3389 5239 3567 5323 Chal-o

1960 5355 1979 5387 (
2015 5337 2254 5391 decorum
2274 5351 2480 5408 regem,
2505 5337 3024 5408 comprehenditque
3051 5348 3175 5388 eum
3220 5332 3274 5387 in
3315 5331 3542 5403 planitie

1958 5450 1977 5483 ι
2011 5429 2248 5494 Jeri'cho,
2279 5438 2336 5484 et
2363 5445 2554 5486 omnes
2569 5429 2870 5486 bellatores
2893 5426 2986 5496 qui
3013 5433 3315 5482 erantcum
3344 5439 3410 5480 eo
3430 5424 3542 5479 dis-

1958 5540 1978 5573 ι
2015 5523 2158 5591 persi
2206 5530 2355 5588 sunt,
2383 5529 2438 5576 et
2470 5521 2802 5591 reliquerunt
2847 5534 2991 5584 eum,
3030 5538 3047 5570 ι
3082 5526 3136 5573 et
3166 5518 3394 5588 reliqua.
3427 5515 3543 5572 Ma-

1950 5613 2112 5684 lignis
2139 5613 2419 5683 spiritibus
2445 5611 2702 5682 populum
2733 5607 3199 5666 circumdantibns
3243 5617 3424 5664 rector
3456 5606 3542 5663 fu-

1951 5707 2053 5778 git,
2085 5721 2192 5762 non
2223 5707 2290 5762 ad
2322 5712 2555 5768 montes,
2583 5703 2652 5757 de
2681 5701 2878 5771 quibus
2922 5701 3186 5771 scriptum
3240 5708 3323 5756 est
3360 5697 3536 5758 (Psal.

1953 5800 2102 5860 tum)
2131 5817 2142 5853 :
2183 5817 2202 5850 ι
2226 5798 2432 5853 Montes
2462 5797 2514 5850 in
2545 5794 2774 5848 circuitu
2803 5791 2944 5862 ejus,
2977 5801 3030 5848 et
3065 5792 3324 5848 Dominus
3352 5793 3404 5846 in
3435 5792 3541 5847 cir-

1953 5893 2099 5947 cuitu
2141 5889 2321 5959 populi
2355 5888 2435 5943 sui
2469 5907 2481 5942 :
2520 5908 2535 5936 ι
2573 5885 2665 5942 sed
2707 5885 2774 5941 ad
2817 5885 3142 5955 campestria
3209 5883 3536 5944 solitudinis,
