4078 6340
503 457 606 510 5i?

1583 455 1932 514 ANGELOMI
1969 453 2434 518 LUXOVIENSIS
2477 451 2786 510 MONACHI

3687 445 3794 502 548

503 571 612 632 hoc
643 583 746 640 est,
769 576 838 630 ad
854 573 1198 632 dilectionem
1231 571 1476 628 luxuriae.
1507 569 1660 628 Unde
1685 572 1944 642 scriptum
1973 579 2088 626 est:
2117 573 2172 634 Α
2195 569 2270 636 ni,
2307 565 2566 638 templum
2595 561 2808 622 Domini
2859 561 2980 616 est?
3011 559 3266 630 quoniam
3305 559 3352 614 si
3387 556 3798 614 benedixeritis

515 689 535 722 ι
572 671 812 742 Augusta
841 677 896 724 et
919 677 1068 726 arcta
1103 675 1186 728 est
1211 667 1300 724 via
1329 681 1450 738 quae
1485 665 1634 726 ducit
1661 665 1730 724 ad
1755 665 1946 734 vitam,
1985 663 2094 728 lata

517 771 566 818 et
596 763 835 834 spatiosa
886 777 1006 832 quae
1051 761 1202 816 ducit
1226 761 1292 816 ad
1325 767 1554 820 mortem
1583 755 1798 828 (Manli.
1825 756 1946 828 vn).
1987 775 2086 818 t—

519 871 538 904 ι
573 853 1104 924 Comprehenditque
1143 867 1267 906 eum
1289 853 1342 906 in
1373 849 1598 922 planitie
1625 849 1864 916 Iericho,
1893 857 1948 904 et
1974 863 2094 914 em-

519 961 538 994 σ
581 959 678 998 nes
703 942 988 998 bellatores
1035 941 1126 1012 qui
1171 953 1328 996 erant
1376 956 1498 996 cum
1529 955 1594 996 eo
1623 939 1856 1010 dispersi
1887 947 2018 1002 sunt
2043 947 2100 996 et

519 1055 538 1088 ‹
557 1035 890 1106 reliquerunt
903 1049 1046 1090 eum.
1073 1053 1092 1086 ι
1115 1033 1282 1088 Recte
1304 1048 1432 1104 ergo
1446 1049 1567 1090 cum
1583 1033 1814 1090 virtutes
1825 1031 2104 1092 hominem

517 1127 792 1192 deserunt,
830 1141 950 1198 quae
974 1141 1100 1186 eum
1121 1124 1412 1182 defendere
1449 1123 1770 1190 debuerant,
1801 1123 1858 1184 in
1881 1121 2106 1190 planitie

515 1215 732 1274 Iericho
761 1219 995 1288 capitur,
1019 1219 1122 1272 hoc
1157 1225 1238 1272 est
1264 1217 1314 1270 in
1344 1216 1646 1272 defectione
1701 1213 1934 1270 carnalis
1983 1227 2104 1268 seu-2

521 1324 632 1364 sus.
673 1307 892 1363 Iericho
945 1308 1090 1364 enim
1151 1307 1543 1376 interpretatur
1569 1307 1718 1371 (uita,
1747 1315 1800 1360 et
1839 1303 2106 1375 signiﬁcat

519 1399 786 1454 defectum
839 1399 1040 1454 carnis.
1095 1397 1250 1454 Unde
1303 1397 1392 1452 ille
1419 1399 1580 1453 homo
1619 1397 1713 1466 qui
1767 1393 2102 1450 Hierusalem

521 1491 882 1548 descendebat
919 1491 974 1548 in
1001 1489 1242 1556 Iericho.
1269 1489 1324 1546 in
1349 1489 1590 1552 latrones
1615 1487 1876 1544 incidisse
1897 1485 2106 1548 descri-

519 1583 686 1638 bitur.

599 1693 616 1724 ί
653 1673 1062 1744 Apprehensum
1093 1689 1218 1744 ergo
1243 1687 1424 1744 regem
1449 1672 1800 1726 adduxerunt
1827 1669 1896 1724 ad
1925 1681 2110 1738 regem

531 1786 550 1820 σ
589 1765 879 1836 Babylonis
909 1765 962 1818 in
994 1765 1284 1828 Reblatha,
1307 1763 1400 1834 qui
1435 1765 1646 1818 locutus
1673 1771 1757 1818 est
1777 1777 1902 1818 cum
1929 1775 1995 1816 eo
2017 1757 2109 1828 ju-

530 1877 548 1910 ι
591 1857 816 1922 dicium,
837 1875 854 1908 ι
883 1855 988 1910 hoc
1013 1863 1096 1910 est
1113 1854 1322 1926 justum
1341 1871 1466 1910 cum
1485 1869 1550 1910 eo
1567 1854 1810 1910 exercuit
1821 1851 2110 1924 judicium.

2197 659 2314 718 vias
2337 667 2548 714 vestras
2589 665 2644 710 et
2697 653 2874 712 studia
2910 659 3116 718 vestra,
3163 649 3208 706 si
3241 650 3484 708 feceritis
3525 647 3800 718 judicium

2199 757 2340 812 inter
2373 755 2550 810 virum
2579 761 2634 806 et
2659 751 2966 824 proximum
2995 746 3132 816 ejus,
3165 746 3406 814 advenae,
3437 755 3494 800 et
3517 745 3720 810 viduae,
3745 753 3804 800 et

2199 847 2402 920 pupillo
2421 861 2528 902 non
2573 843 2811 900 feceritis
2841 839 3190 904 calumniam,
3221 854 3324 896 nec
3352 837 3684 908 sanguinem
3713 837 3798 890 in-

2203 948 2494 996 nocentum
2511 935 2810 994 ell‘uderitis
2837 935 2890 990 in
2916 934 3034 988 loco
3065 933 3186 996 hac,
3209 941 3264 988 et
3289 939 3410 1002 post
3431 931 3568 986 deos
3589 929 3806 986 alienos

2203 1049 2312 1088 non
2355 1029 2762 1088 ambulaveritis
2803 1029 2862 1084 in
2907 1027 3106 1086 malum
3161 1025 3590 1096 vobismetipsis,
3647 1025 3808 1082 habi-

2207 1125 2332 1180 tabo
2386 1125 2666 1184 vobiscum
2717 1123 2772 1178 in
2823 1121 2944 1176 loco
2975 1121 3104 1186 isto,
3159 1120 3216 1176 in
3275 1129 3420 1176 terra
3453 1135 3626 1190 quam
3685 1120 3810 1176 dedi

2205 1217 2452 1288 patribus
2505 1215 2700 1272 vestris
2751 1231 2780 1268 a
2825 1213 3026 1268 saeculo
3077 1221 3132 1268 et
3193 1227 3366 1282 usque
3411 1211 3466 1268 in
3519 1211 3806 1268 saculum.

2207 1309 2348 1368 Ecce
2395 1323 2492 1364 vos
2537 1307 2812 1364 confiditis
2845 1305 2998 1362 vobis
3047 1305 3104 1364 in
3153 1306 3498 1362 sermonibus
3531 1305 3812 1362 mendacii

2209 1402 2302 1476 qui
2334 1417 2440 1456 non
2479 1401 2778 1472 proderunt
2815 1399 2990 1464 vobis,
3016 1397 3222 1462 ifurari,
3271 1398 3544 1463 occidere,
3593 1397 3814 1452 adulte-

2211 1492 2344 1557 rari,
2369 1491 2560 1562 jurare
2601 1490 2958 1554 mendaciter,
3005 1489 3178 1546 libare
3201 1488 3432 1554 Baalim,
3479 1497 3538 1544 et
3575 1489 3660 1544 ire
3691 1497 3818 1558 post

2213 1582 2344 1640 deos
2375 1581 2584 1638 alienos
2613 1597 2750 1650 quos
2795 1581 3074 1652 ignoratis.
3107 1579 3178 1634 Et
3203 1579 3444 1646 venistis,
3491 1587 3552 1634 et
3579 1579 3822 1636 stetistis

2213 1691 2396 1732 coram
2418 1689 2504 1730 me
2529 1675 2586 1730 in
2613 1673 2774 1730 domo
2799 1673 2920 1739 hac,
2947 1673 3004 1728 in
3031 1688 3138 1742 qua
3161 1673 3470 1730 invocatum
3497 1683 3586 1728 est
3613 1685 3822 1728 nomen

2214 1777 2494 1832 meum,et
2523 1765 2780 1822 dixistis:
2815 1765 3052 1820 Liberati
3103 1782 3312 1832 sumus,
3357 1781 3422 1820 eo
3467 1765 3618 1834 quod
3673 1763 3824 1820 fece—

2217 1861 2388 1924 rimus
2441 1875 2632 1916 omnes
2685 1859 3112 1916 abominationes
3165 1860 3316 1916 istas.
3379 1859 3446 1914 Et
3497 1875 3648 1914 nunc
3695 1860 3822 1928 quia

531 1967 550 2000 ι
587 1949 752 2002 Filios
795 1955 976 2002 autem
1009 1945 1248 2002 Sedecia:
1277 1945 1468 2004 occidit
1499 1961 1686 2002 coram
1717 1961 1802 2012 eo,
1843 1952 1896 2000 et
1925 1943 2114 2000 oculos
2139 1939 2188 2002 B
2219 1953 2426 2010 fecistis
2451 1953 2634 2010 omnia
2655 1969 2842 2022 opera,
2877 1954 2990 2008 hinc
3015 1953 3146 2008 dicit
3171 1953 3460 2008 Dominus;
3491 1953 3560 2008 Et
3607 1953 3830 2008 locum;

531 2059 550 2092 ι
585 2039 702 2112 ejus
727 2037 934 2104 effodit,
955 2039 1236 2108 vinxitquc
1279 2053 1404 2094 eum
1426 2039 1658 2106 catenis,
1689 2046 1744 2094 et
1781 2037 2006 2094 adduxit
2057 2035 2114 2096 in

533 2149 550 2182 σ
587 2129 936 2208 Babylonem,
971 2151 992 2184 ι
1025 2129 1238 2186 Occidit
1263 2145 1358 2186 rex
1385 2129 1682 2202 Babylonis
1711 2129 1850 2186 ﬁlios
1873 2127 2116 2182 Sedeciae

527 2223 582 2278 in
605 2221 870 2278 Reblatha
895 2239 1076 2284 coram
1109 2239 1196 2288 eo,
1225 2231 1278 2278 et
1311 2223 1498 2278 oculos
1518 2237 1732 2292 quoque
1781 2221 1928 2276 illius
1951 2221 2114 2274 eruit.

529 2313 666 2368 Dum
699 2329 856 2382 sacra
909 2311 1188 2386 Scriptura
1215 2313 1452 2370 Sedecite
1497 2313 1870 2384 captivitatem
1907 2319 2116 2380 narrat,

529 2407 776 2461 ordinem
799 2405 1130 2484 captivitatis
1173 2408 1400 2464 internae
1439 2407 1744 2462 denuntiat.
1773 2403 1888 2458 Rex
1923 2403 2120 2474 quippe

532 2497 820 2568 Babylonis
849 2505 934 2550 est
954 2497 1210 2566 antiquus
1247 2497 1418 2551 hostis
1445 2511 1728 2572 possessor
1755 2493 1957 2548 intimae
1986 2507 2120 2546 con-

533 2589 798 2644 fusionis:
841 2589 932 2660 qui
965 2589 1119 2658 prius
1167 2589 1304 2646 filios
1333 2595 1458 2644 ante
1507 2586 1768 2646 intuentis
1795 2583 1982 2640 oculos
2005 2591 2120 2638 tru-

531 2683 694 2746 cidat,
725 2683 850 2752 quia
901 2699 1046 2756 saepe
1067 2683 1147 2738 sic
1188 2683 1328 2738 bona
1385 2695 1550 2752 opera
1603 2678 1882 2744 interﬁcit,
1913 2687 1973 2734 ut
2009 2677 2126 2734 haec

531 2789 590 2830 se
611 2775 864 2830 amittere
888 2773 1004 2843 ipse
1029 2773 1120 2844 qui
1147 2781 1339 2846 captus
1365 2781 1448 2826 cst
1467 2771 1680 2828 animus
1703 2769 1890 2826 dolens
1911 2775 2120 2826 cernat.

535 2865 668 2920 Nam
706 2867 874 2938 gemit
905 2865 1226 2938 plerumque
1257 2865 1488 2924 animus,
1523 2871 1576 2918 et
1599 2871 1778 2916 tamen
1805 2859 1989 2916 carnis
2015 2875 2126 2914 suae

531 2959 984 3014 delectationibus
1013 2959 1207 3022 victus,
1245 2958 1386 3012 bona
1415 2971 1536 3026 quae
1573 2954 1756 3024 genuit
1785 2969 1974 3008 amans
2003 2965 2126 3022 per-

533 3051 634 3116 dit,
661 3067 724 3104 ea
773 3067 894 3122 qua:
923 3049 1126 3120 patitur
1179 3049 1374 3104 damna
1403 3049 1734 3112 considerat,
1787 3061 1894 3100 non
1945 3055 2126 3108 tamen

534 3143 750 3200 virtutis
807 3143 1092 3204 brachium
1153 3153 1344 3198 contra
1401 3157 1584 3212 regem
1626 3141 1920 3212 Babylonis
1962 3139 2126 3196 levat.

536 3231 642 3286 Sed
681 3233 808 3286 dum
847 3231 1038 3296 videns
1083 3233 1336 3302 nequitiae
1373 3231 1776 3304 perpetratioue
1805 3231 2124 3300 percutitur,

2217 2059 2338 2098 sum
2379 2043 2448 2098 ad
2495 2057 2592 2100 vos
2623 2057 2782 2098 mane
2823 2057 3172 2114 consurgens,
3217 2051 3272 2100 et
3319 2043 3572 2114 loquens,
3621 2053 3682 2098 et
3719 2059 3830 2098 non

2220 2132 2470 2196 audistis,
2503 2141 2558 2188 et
2591 2133 2782 2188 vocavi
2813 2149 2927 2194 vos,
2973 2143 3026 2188 et
3057 2149 3164 2190 non
3203 2135 3580 2202 respondistis,
3625 2133 3830 2190 faciam

2221 2223 2550 2278 domui-huic
2575 2223 2750 2292 inqua
2781 2223 3088 2278 invocatum
3127 2231 3210 2278 est
3234 2239 3432 2280 nomen
3459 2239 3644 2278 meum
3679 2231 3740 2278 et
3775 2223 3830 2276 in

2221 2331 2328 2386 qua
2357 2331 2454 2372 vos
2475 2315 2684 2370 habetis
2709 2315 2982 2380 ﬁduciam,
3011 2323 3065 2368 et
3093 2314 3212 2370 loco
3241 2329 3404 2384 quem
3431 2315 3554 2370 dedi
3587 2314 3746 2368 vobis
3773 2323 3830 2368 et

2223 2407 2468 2478 patribus
2489 2406 2704 2472 vestris,
2735 2407 2872 2460 sicut
2901 2404 3004 2460 feci
3027 2415 3080 2460 et
3111 2405 3242 2466 Silo.
3267 2413 3323 2460 et
3348 2405 3642 2474 projiciam
3673 2421 3774 2458 vos
3797 2421 3830 2458 a

2227 2499 2362 2556 facie
2383 2513 2522 2564 mea,
2541 2499 2682 2552 sicut
2709 2497 2910 2568 projeci
2927 2511 3116 2550 oinnes
3133 2495 3332 2550 fratres
3347 2505 3588 2562 vestros,
3607 2496 3832 2550 univer-

2225 2607 2348 2650 sum
2361 2575 2816 2660 semen-prraim
2833 2589 3050 2661 (Jersm.
3073 2593 3190 2660 vn).
3207 2609 3226 2642 ι
3253 2589 3412 2644 Venit
3433 2589 3830 2652 Nabuzardau,

2226 2685 2318 2758 qui
2339 2685 2726 2754 interpretatur
2741 2682 3106 2748 ventilabrum,
3123 2683 3236 2738 sive
3249 2684 3534 2754 prophetia
3551 2683 3724 2740 alieni
3745 2683 3836 2750 ju-

2228 2773 2511 2842 dicii,justi
2523 2772 2830 2842 Deijudicio
2847 2789 3008 2842 super
3019 2783 3354 2844 peccatores,
3365 2775 3626 2844 princeps
3639 2775 3834 2842 utique

2227 2871 2502 2926 exercitus
2529 2870 2672 2941 regis
2703 2869 2994 2942 Babylonis
3029 2869 3362 2926 Hierusalem
3401 2869 3834 2940 intelligibilem,

2227 2971 2282 3016 et
2303 2963 2584 3018 succendit
2607 2963 2824 3018 domum
2857 2963 3110 3028 Domini,
3157 2979 3280 3016 cum
3317 2963 3576 3032 antiquus
3629 2963 3830 3026 hostis,

2228 3053 2322 3126 qui
2346 3063 2400 3108 et
2441 3069 2536 3108 rex
2571 3051 2906 3110 confusionis
2949 3063 3004 3108 et
3031 3055 3284 3124 princeps
3321 3055 3564 3110 omnium
3611 3055 3836 3122 iniquo-

2231 3161 2348 3200 rum
2399 3157 2504 3213 est,
2557 3155 2666 3200 tam
2703 3145 3062 3216 malignorum
3115 3145 3408 3216 Spirituum
3431 3161 3602 3216 quam
3659 3147 3836 3198 etiam

2231 3237 2522 3310 impiorum
2571 3239 2870 3303 hominum,
2924 3237 3138 3306 plebem
3191 3237 3398 3292 invadit
3461 3237 3736 3300 ﬁdelium,
3781 3245 3840 3290 et

535 3323 604 3376 ad
647 3324 747 3378 hoc
785 3324 1108 3394 quandoque
1155 3325 1362 3394 peccati
1409 3341 1508 3378 usu
1559 3325 1894 3396 perducitur,
1923 3333 1986 3392 ut
2011 3325 2128 3394 ipso
2155 3307 2200 3370 (ἶ
2233 3307 2456 3386 domum
2497 3332 2644 3404 regis
2669 3339 2724 3384 et
2753 3331 2942 3386 domos
2967 3329 3330 3394 Hierusalem,
3365 3329 3420 3384 id
3455 3339 3540 3384 est
3581 3339 3838 3384 rectores

537 3431 750 3486 quoque
799 3415 1028 3472 rationis
1078 3415 1282 3470 lumine
1327 3417 1584 3486 privetur.
1635 3415 1789 3472 Unde
1839 3417 2130 3490 Babylonis

535 3521 630 3562 rex
661 3505 946 3561 exstinctis
981 3507 1132 3578 prius
1157 3505 1280 3558 liliis
1311 3505 1548 3560 Sedecite
1575 3507 1762 3562 oculos
1791 3507 1954 3574 eruit,
2000 3509 2130 3580 quia

535 3595 804 3668 malignus
857 3595 1084 3666 spiritus
1119 3595 1402 3650 subductis
1447 3595 1598 3666 prius
1643 3597 1802 3652 bonis
1843 3597 2124 3668 operibus,

535 3699 656 3756 post
681 3697 734 3742 et
749 3687 1116 3760 intelligentia:
1142 3688 1322 3744 lumen
1349 3687 1504 3754 tollit,
1533 3691 1680 3760 quod
1705 3701 1850 3746 recte
1876 3691 2132 3748 Sedecias

537 3777 594 3832 in
627 3777 890 3832 Reblatha
923 3779 1144 3850 patitur.
1171 3777 1432 3834 Reblatha
1455 3781 1654 3852 quippe
1679 3781 1876 3836 nmlcta
1905 3783 2020 3838 lucc
2043 3784 2128 3838 in-

541 3877 912 3940 terpretatur:
955 3870 1156 3924 etenim
1203 3871 1527 3940 quandoque
1571 3881 1626 3926 et
1669 3871 1851 3928 lumen
1901 3874 2130 3930 rationis

541 3961 830 4026 clauditur,
863 3961 956 4032 qui
1001 3977 1168 4033 pravo
1213 3971 1268 4018 et
1311 3963 1618 4035 iniquitatis
1649 3981 1760 4022 sum
1791 3965 2133 4024 multitudine

541 4061 820 4106 nravatur.

619 4145 914 4204 Undecimo
939 4163 1082 4202 anno
1117 4167 1136 4199 ε
1165 4163 1352 4204 mense
1373 4157 1582 4220 quinto,
1613 4149 1844 4220 septima
1863 4149 1948 4206 die
1979 4165 2131 4212 men-

547 4259 566 4292 ι
599 4239 694 4304 sis,
729 4241 842 4308 ipse
864 4249 946 4294 est
969 4255 1144 4294 anuus
1173 4255 1348 4296 nonus
1375 4241 1617 4298 decimus
1647 4244 1790 4314 regis
1817 4241 2130 4314 Babylonis,

549 4351 568 4384 ι
607 4333 750 4386 venit
777 4331 1130 4388 Nabuzardan
1157 4333 1409 4406 princeps
1435 4335 1728 4398 exercitus,
1767 4351 1956 4390 servus
1989 4335 2134 4406 regis

548 4445 568 4478 ε
597 4423 884 4498 Babylonis
897 4423 1230 4480 Hierusalem
1247 4441 1262 4492 ;
1280 4433 1336 4479 et
1357 4427 1634 4480 succendit
1653 4427 1869 4482 domum
1895 4427 2138 4496 Domini,

551 4535 570 4570 ι
609 4527 664 4572 et
684 4519 898 4572 domum
927 4517 1090 4588 regis,
1118 4525 1174 4572 et
1193 4517 1384 4573 domos
1403 4517 1764 4574 Hierusalem.
1796 4517 2133 4590 Omnemque

551 4629 570 4661 ‹
603 4609 820 4664 domum
861 4609 1154 4664 combussit
1191 4608 1322 4680 igni,
1363 4617 1418 4662 et
1473 4625 1654 4664 muros
1699 4609 2036 4666 Hierusalem
2077 4611 2132 4666 in

551 4725 568 4754 ε
607 4703 836 4760 circuitu
889 4701 1156 4756 destruxit
1199 4717 1388 4758 omnes
1419 4703 1692 4758 exercitus
1730 4701 2132 4771 Chaldaeorum,

552 4813 570 4846 ι
603 4795 694 4866 qui
740 4801 860 4848 erat
899 4808 1020 4848 cum
1067 4793 1312 4864 principe
1347 4795 1598 4850 militum.
1639 4795 1927 4868 Reliquam
1951 4805 2134 4860 autem

551 4909 568 4938 I
607 4885 786 4958 populi
817 4893 1024 4956 partem
1055 4901 1176 4956 quae
1207 4899 1543 4943 remanserat
1572 4889 1626 4942 in
1663 4889 1902 4956 civitate,
1933 4897 1988 4944 et
2007 4903 2135 4958 per-

553 4999 570 5031 ι
601 4977 756 5052 fugas
813 4979 904 5048 qui
951 4977 1354 5050 transfugerant
1405 4981 1470 5036 ad
1513 4995 1692 5050 regem
1741 4979 2052 5052 Babylonis,
2077 4989 2134 5035 et

553 5093 574 5124 ε
609 5074 872 5143 reliquum
929 5073 1120 5144 vulgus
1160 5073 1432 5128 transtulit
1471 5073 1826 5129 Nahnzardan
1877 5075 2132 5146 princeps

555 5183 574 5218 ε
619 5167 844 5232 militiae,
889 5187 907 5218 ι
933 5173 1038 5220 etc.
1079 5165 1344 5234 Congruit
1371 5183 1500 5240 ergo
1536 5169 1798 5238 temporis
1840 5167 1972 5224 ordo
2003 5185 2126 5226 cum

551 5259 762 5314 ratione
791 5259 1061 5313 vindictae.
1100 5255 1282 5312 Mense
1311 5257 1497 5334 quinto
1541 5257 1738 5330 legitur
1773 5269 1982 5314 vastata
2013 5277 2132 5316 esse

551 5353 764 5418 civitas,
808 5367 928 5422 qua:
965 5349 1392 5405 Pentateucbum
1439 5349 1572 5422 legis
1608 5367 1826 5408 scrvare
1863 5355 2130 5424 despexit,

549 5453 606 5500 et
629 5444 856 5514 septima
907 5443 994 5498 die
1039 5443 1266 5508 mensis,
1298 5443 1424 5512 quia
1475 5443 1684 5498 sabbati
1737 5445 1979 5518 requiem
2023 5461 2128 5500 non

553 5535 860 5602 custodivit,
909 5545 964 5590 et
1006 5535 1190 5590 omnia
1249 5535 1522 5590 contraria
1589 5539 1872 5608 praeceptis
1936 5539 2134 5594 divinis

551 5627 684 5698 egit,
737 5625 938 5682 frustra
959 5627 1058 5682 sibi
1091 5627 1376 5684 blandiens
1420 5629 1486 5684 de
1533 5630 1826 5686 securitate
1865 5645 1962 5698 pro
2008 5647 2134 5686 san-

553 5729 764 5776 ctorum
801 5717 1042 5774 locorum
1089 5719 1446 5777 habitatione.
1495 5721 1650 5778 Unde
1695 5739 1792 5794 per
1843 5721 2134 5778 Ieremiatu

555 5815 812 5872 Dominus
859 5815 990 5870 dicit
1019 5829 1034 5870 :
1069 5837 1088 5868 ς
1123 5815 1298 5872 Nolite
1329 5815 1602 5872 conﬁdere
1655 5817 1708 5870 in
1765 5815 1945 5872 verbis
1979 5829 2130 5870 men-

555 5907 716 5972 dacii,
751 5907 992 5962 dicentes
1025 5925 1036 5960 :
1071 5907 1350 5978 Templum
1383 5909 1614 5974 Domini,
1649 5909 1904 5980 templum
1957 5909 2136 5964 Domi-

2231 3433 2288 3480 et
2319 3439 2414 3480 eos
2441 3425 2532 3494 qui
2571 3423 2894 3486 videbantur
2929 3423 2984 3476 in
3021 3421 3228 3478 visione
3265 3421 3422 3491 pacis
3457 3435 3710 3484 manere,
3753 3421 3834 3474 in-
3877 3471 3880 3474 .

2231 3519 2534 3576 ﬂammatos
2583 3519 2878 3588 cupiditate
2907 3517 3208 3582 subvertit,
3249 3529 3576 3584 omnemque
3603 3513 3834 3568 domum

2233 3613 2530 3668 combussit
2557 3611 2688 3682 igni,
2733 3627 2854 3666 cum
2891 3609 3316 3680 uniuscujusque
3369 3609 3710 3664 conscientia
3735 3621 3836 3678 per

2233 3702 2506 3762 ﬂammma
2553 3701 2730 3756 illiciti
2759 3701 2974 3764 amoris
2995 3701 3354 3770 perturbavit,
3383 3707 3442 3754 et
3487 3715 3682 3752 muros
3707 3697 3838 3752 Hie-

2235 3793 2468 3850 rusalem
2491 3794 2546 3848 iu
2575 3793 2806 3848 circuitu
2835 3793 3128 3858 destruxit,
3157 3807 3280 3848 cum
3313 3791 3680 3846 intentionem
3709 3805 3836 3844 ora»

2234 3885 2398 3940 tionis
2421 3893 2476 3940 et
2499 3885 2758 3938 virtutum
2787 3883 2962 3940 studia
2987 3899 3106 3954 quae
3137 3893 3322 3938 contra
3359 3895 3416 3936 se
3443 3881 3628 3936 valere
3657 3879 3834 3946 novit.

2235 3987 2292 4036 et
2309 3977 2432 4034 inde
2467 3977 2802 4048 spirantibus
2829 3977 3096 4044 dissolvit,
3129 3992 3198 4032 ne
3233 3992 3330 4046 per
3357 3991 3508 4046 spem
3559 3977 3736 4030 veniae
3767 3975 3838 4030 ad

2237 4073 2418 4130 divina
2455 4081 2782 4130 succurrant
2823 4071 3046 4136 auxilia,
3079 4081 3136 4128 et
3179 4071 3538 4140 correptionis
3567 4069 3700 4122 vita:
3733 4083 3832 4138 ap-

2235 4167 2576 4236 prehendant
2625 4166 2944 4222 munimina.
3009 4163 3384 4234 Populumque
3437 4163 3494 4218 in
3543 4163 3834 4232 captivita-

2237 4267 2350 4314 tem
2373 4257 2598 4324 ducens,
2631 4276 2650 4308 ι
2679 4257 2748 4312 de
2777 4258 3104 4328 pauperibus
3133 4265 3292 4312 terrae
3319 4255 3542 4326 reliquit
3567 4255 3834 4310 vinitores

2244 4369 2266 4402 ι
2293 4359 2350 4406 et
2380 4351 2668 4422 agricolas,
2689 4369 2706 4400 ι
2727 4351 2854 4422 quia
2881 4365 2976 4406 eos
2997 4349 3092 4418 qui
3111 4349 3270 4406 utiles
3297 4349 3466 4404 verbo
3495 4357 3552 4402 et
3579 4347 3832 4416 exetnplo

2237 4459 2358 4500 esse
2377 4452 2652 4514 poterant,
2679 4459 2778 4514 per
2805 4443 2936 4498 vitia
2951 4443 3252 4512 captivans,
3273 4439 3454 4496 stultis
3467 4445 3522 4492 et
3541 4439 3832 4492 hebetibus

2237 4537 2582 4594 commendat
2645 4535 3038 4606 agriculturam
3067 4575 3080 4598 ,
3133 4541 3404 4604 quatenus
3469 4547 3578 4586 non
3647 4533 3832 4584 viuum

2241 4627 2430 4699 gratia:
2469 4625 2790 4698 spiritualis,
2841 4635 2896 4680 et
2929 4625 3260 4680 frumentum
3305 4639 3452 4680 sanie
3481 4622 3752 4678 doctrina:
3779 4623 3830 4676 in

2245 4719 2414 4776 vineis
2467 4727 2522 4774 et
2577 4719 2722 4790 agris
2755 4717 3078 4788 p0pulorum
3129 4715 3460 4780 fructificet,
3513 4715 3610 4770 sed
3665 4713 3832 4783 spinae

2241 4811 2416 4884 magis
2435 4819 2492 4866 et
2513 4809 2698 4866 tribuli
2719 4809 2974 4864 vitiorum
3001 4817 3338 4864 excrescunt.

2317 4923 2338 4958 ι
2367 4903 2658 4960 Columnas
2697 4909 2878 4956 autem
2933 4915 3104 4956 aereas
3147 4915 3268 4970 quae
3315 4905 3472 4952 erant
3521 4897 3578 4950 in
3633 4893 3832 4964 templo

2241 5015 2264 5064 ¹ι
2311 4997 2522 5052 Domini
2555 5005 2610 5050 et
2645 4995 2822 5058 bases,
2873 5003 2930 5050 et
2973 5008 3123 5048 mare
3165 5007 3386 5054 aereum,
3429 4989 3574 5060 quod
3603 4999 3728 5044 erat
3777 4987 3828 5042 in

2245 5107 2262 5140 ι
2305 5087 2466 5142 domo
2491 5085 2702 5142 Domini
2755 5083 3138 5156 confregerunt
3193 5083 3452 5146 Chaldaei,
3495 5091 3550 5144 et
3589 5089 3830 5136 transtu-

2245 5201 2264 5234 ‹
2293 5181 2474 5244 lerunt
2495 5197 2654 5238 omne
2685 5195 2760 5236 aes
2787 5179 2844 5234 in
2879 5179 3228 5249 Babylonem.
3271 5199 3290 5230 ι
3323 5177 3620 5236 Columnas
3659 5187 3830 5228 ret-eas

2239 5283 2296 5332 et
2319 5277 2500 5342 bases,
2531 5275 2780 5330 doctores
2807 5289 3094 5344 possumus
3115 5273 3384 5342 accipere,
3411 5271 3504 5340 qui
3529 5269 3830 5326 sonoritate

2239 5365 2640 5438 praedicationis
2667 5373 2724 5420 et
2749 5363 2874 5420 fidei
2925 5364 3182 5420 ﬁrmitate
3221 5363 3526 5420 debuerunt
3569 5361 3712 5418 alios
3743 5377 3802 5416 su

2241 5469 2498 5518 stentare.
2529 5457 2678 5512 Mare
2717 5473 2920 5516 cereum
2953 5459 3208 5530 baptismi
3243 5459 3518 5518 lavacrum
3565 5457 3652 5514 vel
3683 5471 3828 5512 coin-

2241 5549 2586 5620 punctionem
2609 5547 2972 5620 lacrymarum
2997 5550 3286 5622 significat.
3319 5549 3448 5606 Haec
3469 5549 3692 5619 quidem
3713 5561 3802 5602 om

2239 5640 2328 5694 nia
2351 5637 2588 5696 Chaldaei
2619 5641 2928 5712 Spirituales
2953 5657 3048 5712 per
3073 5643 3322 5698 inertiam
3353 5642 3740 5712 magistrorum
3765 5637 3830 5694 do

2239 5731 2400 5788 domo
2433 5731 2648 5790 auferre
2697 5735 2946 5788 nituntur
2995 5743 3050 5790 et
3101 5735 3468 5806 confringere,
3512 5733 3588 5788 ita
3619 5741 3678 5786 ut
3723 5745 3828 5786 non

2241 5837 2520 5882 remaneat
2567 5837 2702 5884 testa
2753 5843 2874 5898 qua:
2917 5829 3128 5898 possint
3171 5827 3438 5900 igniculus
3483 5825 3604 5882 fieri
3655 5827 3720 5880 de
3749 5823 3826 5876 in-

2243 5917 2452 5974 cendio.
