4078 6340
230 454 353 516 5‘9

1206 452 1462 513 ENARB.
1501 455 1571 512 1N
1608 454 1860 513 LIBROS
1897 453 2167 513 REGUM.
2203 484 2276 495 —
2312 452 2382 510 IN
2417 448 2549 510 LIB.
2589 446 2680 509 IV.

3408 446 3515 506 550

320 590 341 623 ι
378 569 528 627 Ollas
563 584 781 643 quoque
819 584 1013 641 aereas,
1038 577 1091 629 et
1122 570 1329 637 trullas,
1375 580 1431 631 et
1461 570 1742 637 tridentes,
1770 576 1825 628 et
1850 572 1901 639 Α
1928 578 2330 641 nuncupantur,
2359 568 2485 640 quia
2508 565 2798 623 utilitatem
2825 563 3137 621 divinorum
3161 562 3513 621 consiliorum

242 681 269 718 σ
302 664 556 737 scyphos,
584 671 640 719 et
677 663 1011 731 mortariola,
1035 674 1089 720 et
1112 680 1239 721 vasa
1266 679 1406 721 aerea
1432 663 1486 720 in
1514 664 1712 735 quibus
1733 663 1830 718 mi-

242 773 267 810 ι
302 755 634 822 nistrabant,
666 754 926 811 tulerunt.
962 774 982 808 ι
1010 755 1146 825 Quia
1184 756 1396 812 diversa
1423 754 1594 812 oliicia
1642 756 1696 811 in
1740 770 1828 811 ec-

243 848 574 907 clesiasticis
620 849 905 905 ordinibus
941 851 1008 905 de
1050 850 1145 906 Dei
1169 849 1391 906 servitio
1430 849 1740 906 auferentes
1770 849 1824 906 in

235 954 405 999 mum
427 955 585 996 usum
610 940 999 1010 nequissimum
1023 950 1319 997 verterunt.

322 1053 344 1088 ι
380 1032 598 1092 Necnon
646 1042 701 1091 et
752 1034 1020 1090 tliuribula
1075 1042 1129 1089 et
1175 1034 1420 1107 phialas,
1454 1052 1475 1089 ι
1529 1050 1651 1090 cum
1698 1050 1828 1091 ora-

238 1128 454 1185 tionem
495 1143 600 1197 qua
647 1127 902 1183 divinitas
946 1126 1148 1197 placari
1202 1126 1415 1197 potuit,
1472 1134 1529 1182 et
1575 1126 1828 1196 poculum

237 1223 399 1280 verbi
456 1223 652 1293 quibus
722 1221 848 1277 lassi
908 1220 1197 1276 refociliari
1261 1220 1589 1286 debuerant,
1658 1222 1828 1292 impe-

237 1316 443 1372 diendo
473 1315 812 1379 subvertant,
847 1333 865 1366 ι
890 1329 1013 1385 quae
1043 1328 1232 1383 aurea,
1261 1328 1459 1381 aurea;
1507 1323 1564 1375 et
1591 1330 1712 1385 quae
1742 1330 1830 1369 ar-

242 1425 263 1458 ‹
298 1416 519 1478 gentea,
545 1408 802 1476 argentea
826 1404 952 1459 tulit
971 1405 1222 1475 princeps
1248 1402 1472 1459 militiae.
1506 1423 1525 1457 ι
1548 1404 1686 1472 Quia
1720 1412 1828 1460 tam

235 1513 465 1553 sensum
494 1496 791 1568 pretiosum
834 1512 998 1567 quam
1043 1497 1208 1553 etiam
1244 1497 1444 1568 eloquii
1489 1504 1829 1551 venustatem

236 1591 418 1645 hostis
462 1604 695 1659 nequam
731 1590 798 1645 de
840 1590 1001 1644 domo
1030 1590 1241 1645 Domini
1275 1589 1491 1646 auferre
1530 1589 1750 1645 molitur
1775 1598 1831 1645 et

236 1696 430 1736 secum
460 1681 512 1735 in
545 1679 918 1737 confusionem
949 1680 1169 1736 ducere.

316 1791 337 1822 ι
361 1771 508 1826 Tulit
520 1786 733 1841 quoque
754 1768 1005 1843 princeps
1017 1772 1223 1827 militiae
1235 1772 1476 1828 Saraiam
1492 1772 1827 1828 sacerdotem

240 1881 259 1914 ι
296 1862 557 1932 primum,
608 1871 663 1917 et
710 1861 1040 1933 Sophoniam
1101 1865 1437 1920 sacerdotem
1492 1864 1827 1931 secundum,

1932 660 2143 718 discere
2170 668 2226 717 et
2254 659 2410 715 factis
2465 658 2687 730 implere
2735 655 3103 730 neglexerant.
3163 654 3276 710 Hoc
3310 656 3517 711 scilicet

1930 766 2123 808 omnes
2147 769 2169 803 ι
2203 751 2395 807 tollens
2418 748 2776 805 Nabuzardan
2813 749 3067 820 princeps
3106 746 3339 809 militum
3366 747 3518 801 duxit

1939 861 1958 895 ι
1995 844 2064 900 ad
2090 857 2272 915 regem
2296 841 2586 914 Babylonis
2612 841 2666 897 in
2700 840 2986 907 Reblatha,
3020 840 3395 912 percussitque
3424 854 3519 894 eos

1938 954 1958 989 ι
1994 952 2091 997 rex
2134 936 2445 1006 Babylonis,
2499 943 2555 991 et
2606 932 2881 990 interfecit
2923 948 3018 989 eos
3056 932 3110 988 in
3150 931 3419 988 Rebiatha
3463 932 3516 986 in

1938 1048 1956 1080 ι
1997 1038 2143 1084 terra
2192 1026 2445 1084 Heiiiath.
2477 1047 2497 1081 ι
2542 1026 2679 1095 Quia
2728 1026 2987 1096 antiquus
3034 1025 3205 1081 hostis
3264 1039 3388 1081 cum
3421 1038 3522 1096 per

1931 1122 2231 1192 nequitiam
2260 1136 2414 1177 suam
2446 1119 2609 1176 talem
2651 1119 2889 1191 praedam
2916 1118 2983 1173 ab
3010 1117 3256 1173 Ecclesia
3281 1115 3520 1172 evellens

1933 1210 2092 1280 tollit,
2117 1214 2220 1269 hoc
2247 1221 2374 1268 voto
2405 1212 2592 1276 ambit,
2648 1211 2751 1266 hoc
2803 1219 2917 1266 toto
2983 1209 3163 1265 studio
3211 1211 3342 1281 agit,
3366 1216 3428 1262 ιιι
3451 1206 3519 1262 ad

1929 1314 2207 1379 perpetua:
2232 1304 2424 1360 mortis
2450 1299 2886 1363 interfectionem
2914 1315 3012 1365 eos
3038 1300 3317 1383 perducta.
3364 1297 3514 1367 Quos

1930 1396 2168 1466 percutit
2190 1410 2286 1451 rex
2314 1392 2650 1457 confutiOnii
2671 1392 2725 1453 in
2756 1391 3051 1467 Beblatba,
3074 1392 3177 1455 hoc
3197 1398 3283 1449 est
3304 1389 3358 1444 in
3382 1387 3521 1444 mul-

1934 1487 2162 1543 titudine
2190 1485 2458 1542 scelerum
2482 1495 2538 1539 et
2571 1499 2756 1539 amore
2805 1482 3162 1554 voluptatum.
3196 1481 3351 1539 Unde
3373 1481 3523 1537 Scri-

1930 1590 2090 1652 ptura
2119 1581 2250 1636 dicit
2280 1598 2293 1635 :
2334 1600 2351 1632 ι
2381 1579 2515 1635 Lata
2543 1587 2598 1635 et
2620 1579 2859 1650 spatiosa
2886 1578 2971 1633 via
2994 1584 3099 1643 est,
3126 1591 3248 1648 quae
3277 1576 3426 1630 ducit
3452 1575 3521 1629 ad

1936 1678 2187 1734 mortem,
2216 1677 2271 1723 et
2291 1668 2446 1723 multi
2477 1676 2604 1724 sunt
2639 1669 2733 1739 qui
2783 1669 2989 1723 intrant
3030 1682 3130 1739 per
3147 1681 3269 1723 eam
3300 1664 3517 1737 (Matth.

1933 1760 2054 1833 vn).
2092 1780 2113 1813 ι
2137 1792 2208 1801 -
2240 1778 2260 1812 ί
2291 1760 2361 1816 Ει
2389 1760 2683 1816 translatus
2724 1770 2807 1816 est
2847 1758 2985 1815 Juda
3030 1760 3098 1815 de
3144 1768 3290 1815 terra
3335 1773 3452 1814 sua.
3496 1776 3515 1809 ι

1935 1850 2171 1909 Cumilli
2204 1854 2297 1924 qui
2330 1852 2729 1910 confessionem
2777 1852 3012 1908 nominis
3064 1851 3159 1906 Dei
3190 1852 3245 1906 in
3276 1849 3520 1906 Ecclesia

241 1973 261 2006 ι
304 1964 364 2010 et
391 1962 501 2009 tres
522 1952 826 2023 janitores;
856 1964 911 2010 et
938 1955 1159 2012 civitate
1184 1956 1493 2012 eunuchum
1524 1971 1712 2022 unum,
1735 1955 1829 2027 qui
1856 1958 1907 2020 B
1932 1944 2257 2001 Videbam“?
2280 1945 2501 2012 habere,
2525 1960 2624 2016 Per
2646 1944 2852 2001 Scelera
2872 1951 3173 2015 et1W3cata
3201 1941 3520 2013 “mmini”ia

240 2061 261 2096 ι
297 2052 419 2100 erat
449 2043 736 2115 praefectus
772 2060 934 2116 super
980 2046 1127 2102 viros
1155 2045 1482 2113 bellatores;
1509 2054 1564 2101 et
1591 2045 1829 2117 quinque

241 2155 263 2189 σ
290 2135 441 2190 viros
466 2135 638 2191 dehis
657 2136 750 2207 qui
775 2143 1039 2192 steterant
1059 2151 1246 2192 coram
1279 2152 1425 2209 rege,
1453 2153 1588 2207 quos
1626 2136 1829 2211 reperit

247 2245 267 2278 ι
305 2226 363 2281 in
407 2225 661 2293 civitate;
701 2234 757 2280 et
797 2226 1009 2299 Sopher
1049 2228 1355 2298 principem
1392 2227 1687 2292 exercitus,
1736 2227 1828 2298 qui

247 2335 267 2368 ι
301 2315 572 2387 probabat
595 2324 813 2388 tyrones
846 2315 915 2371 dc
935 2317 1133 2389 populo
1157 2325 1332 2385 terrae,
1355 2326 1410 2373 et
1452 2318 1728 2390 sexaginta
1755 2319 1832 2374 vi-

242 2425 261 2457 ι
299 2422 393 2462 ros
415 2405 635 2478 evulgo,
651 2408 745 2477 qui
770 2407 976 2463 inventi
1003 2408 1218 2464 fuerant
1241 2409 1295 2464 in
1312 2410 1551 2466 civitate.
1570 2412 1717 2478 Quos
1731 2411 1832 2466 tol-

240 2516 263 2550 ι
297 2496 420 2553 lens
440 2495 795 2553 Nabuzardau
825 2499 1080 2572 princeps
1107 2500 1360 2567 militum,
1385 2503 1541 2561 duxit
1553 2504 1620 2559 ad
1646 2518 1830 2577 regem

252 2608 273 2642 ι
309 2588 604 2663 Babylonis
638 2590 692 2645 in
727 2590 1014 2659 Reblatha,
1044 2594 1421 2665 percussitque
1467 2612 1560 2653 eos
1603 2614 1698 2653 rex
1728 2598 1831 2653 Ba-

252 2701 271 2734 ι
311 2682 527 2754 bylonis
547 2692 602 2738 et
626 2684 928 2753 interfecit;
957 2684 1014 2740 in
1041 2684 1309 2742 Reblatha
1332 2689 1385 2744 in
1410 2698 1551 2745 terra
1574 2690 1827 2747 Hemath.

249 2793 269 2827 ι
310 2774 381 2829 Ει
409 2774 704 2832 translatus
738 2783 823 2832 est
864 2774 1001 2833 Juda
1025 2777 1092 2832 de
1128 2786 1273 2833 terra
1298 2794 1414 2835 sua.
1460 2802 1477 2835 ι
1504 2779 1622 2839 Νοιι
1654 2781 1832 2839 solum

239 2867 392 2924 enim
412 2868 728 2943 populares,
771 2867 867 2925 sed
891 2880 946 2925 et
967 2869 1137 2927 fortes
1170 2881 1228 2927 et
1249 2872 1524 2945 principes
1559 2875 1614 2930 in
1644 2875 1834 2931 Eccle-

239 2957 324 3014 sia
350 2957 597 3015 diabolus
637 2960 899 3031 decipere
927 2970 983 3018 et
1021 2962 1264 3035 peccatis
1301 2965 1578 3036 captivare
1608 2965 1832 3038 satagit,

242 3053 390 3108 unde
424 3053 490 3113 de
519 3053 637 3125 ipso
657 3052 712 3109 in
731 3051 832 3109 Job
849 3053 1111 3126 scriptum
1137 3064 1258 3112 est:
1288 3076 1306 3109 ι
1329 3056 1479 3113 Escae
1505 3055 1623 3127 ejus
1646 3057 1834 3114 electa:

241 3150 390 3199 sunt.
413 3163 432 3196 ι
452 3173 520 3183 -
540 3163 558 3195 ι
582 3142 729 3201 ll'uiit
749 3159 966 3217 quoque
988 3144 1256 3214 Saraiam,
1279 3165 1299 3199 ι
1324 3147 1417 3218 qui
1443 3147 1834 3221 interpretatur

241 3232 469 3301 vinctus,
524 3251 543 3286 ι
577 3234 915 3291 sacerdotem
962 3236 1232 3308 primum,
1266 3257 1285 3290 ›
1321 3254 1447 3293 cum
1493 3239 1731 3310 primum
1774 3238 1832 3295 in

1934 2038 2002 2094 de
2030 2047 2176 2094 terra
2202 2038 2497 2094 viventium
2529 2038 2803 2105 translati,
2834 2037 2891 2093 in
2919 2053 3145 2110 regnum
3186 2035 3523 2092 confusionis
3552 2046 3561 2054 ‘

1933 2139 1988 2187 et
2007 2131 2211 2187 erroris
2234 2130 2594 2187 abducuntur.
2629 2129 2743 2187 Sub
2781 2146 2890 2204 quo
2934 2131 3165 2202 imperio
3212 2129 3524 2201 quicunque

1933 2223 2187 2294 nequiter
2215 2224 2515 2280 servientes
2542 2225 3031 2296 perseveraverint,
3082 2239 3184 2280 nec
3231 2223 3525 2279 merebun-

1934 2323 2024 2370 tur
2050 2332 2148 2387 per
2165 2314 2293 2372 Jesu
2322 2317 2577 2372 ducatum
2615 2317 2827 2390 regredi
2856 2316 2911 2371 in
2955 2324 3156 2372 terram
3188 2312 3346 2383 Juda,
3386 2324 3522 2371 tem-

1932 2407 2190 2479 plumque
2220 2409 2435 2463 Domini
2484 2407 2685 2465 ibidem
2729 2407 3082 2464 reasdificare.
3134 2406 3192 2462 in
3245 2415 3524 2478 posterum

1934 2515 2169 2572 namque
2190 2501 2477 2571 praesentis
2496 2500 2623 2558 vitae
2675 2489 2960 2557 tradentur
2978 2501 3033 2556 in
3067 2516 3344 2557 carcerem
3374 2516 3521 2556 mor-

1936 2594 2005 2650 tis
2033 2606 2332 2668 perpetuae,
2358 2597 2448 2652 ubi
2479 2596 2683 2653 vermis
2706 2613 2895 2653 eorum
2933 2612 3209 2668 nunquam
3237 2596 3523 2658 morietur.

1935 2694 1990 2742 et
2027 2688 2169 2760 ignis
2217 2704 2325 2744 non
2361 2689 2758 2765 exsting'uetur.
2808 2687 3237 2760 lmplebiturque
3302 2688 3382 2744 eis
3434 2680 3522 2741 illa

1934 2780 2082 2834 beati
2128 2778 2275 2835 Petri
2320 2780 2547 2852 apostoli
2600 2781 2869 2838 sententia
2921 2796 3026 2850 qua
3065 2781 3197 2836 dicit
3231 2798 3244 2834 :
3284 2798 3303 2831 ι
3335 2778 3526 2834 Melius

1934 2873 2135 2943 quippe
2176 2880 2296 2928 erat
2342 2873 2447 2929 illis
2508 2891 2615 2931 non
2673 2889 3004 2947 cognoscere
3057 2874 3200 2930 viam
3259 2873 3524 2946 justitire,

1938 2979 2102 3036 quam
2158 2954 2283 3035 post
2330 2966 2664 3038 agnitionem
2722 2974 3021 3023 retrorsum
3072 2966 3316 3023 converti
3354 2966 3422 3021 ab
3460 2981 3526 3021 eo

1936 3056 2083 3128 quod
2114 3056 2220 3113 illis
2261 3058 2518 3114 traditum
2564 3069 2679 3126 est,
2716 3066 2905 3116 sancto
2951 3058 3337 3132 mandato(11
3375 3056 3523 3114 Patr.

1939 3150 2024 3221 ιι).
2066 3169 2084 3203 ι
2127 3148 2301 3220 Quia,
2334 3159 2630 3208 attestante
2661 3151 2946 3208 Veritate:
2995 3170 3014 3204 ι
3049 3150 3382 3223 Servus-qui
3425 3152 3529 3207 scit

1938 3240 2272 3298 voluntatem
2335 3242 2542 3299 domini
2599 3243 2721 3310 sui,
2778 3252 2833 3301 et
2886 3260 2993 3299 non
3047 3242 3196 3311 facit,
3250 3242 3527 3314 vapulabit

238 3322 502 3380 Ecclesia:
529 3326 799 3394 ordinem,
842 3328 935 3398 qui
965 3327 1018 3382 in
1048 3328 1318 3400 episcopis
1364 3337 1467 3396 est,
1513 3345 1700 3389 amore
1728 3345 1830 3388 νο·
1858 3318 1905 3383 C
1936 3336 2121 3393 multis
2153 3355 2166 3391 :
2194 3338 2285 3407 qui
2339 3345 2521 3394 autem
2574 3337 2767 3406 nescit,
2817 3346 2874 3394 et
2913 3354 3020 3394 non
3070 3338 3220 3405 facit,
3251 3338 3527 3411 vapulabit

238 3414 473 3486 luptatis
528 3425 785 3485 terrenae,
838 3427 896 3474 et
943 3420 1201 3477 vitiorum
1248 3430 1440 3478 catena
1485 3423 1832 3497 constringit.

240 3508 396 3564 Tulit
448 3525 660 3581 quoque
709 3511 962 3567 similiter
1004 3530 1023 3564 ι
1059 3520 1115 3569 et
1160 3511 1513 3584 Sophoniam,
1545 3534 1564 3567 ι
1608 3515 1701 3587 qui
1754 3515 1837 3571 in-

240 3609 578 3674 terpretatur
599 3604 982 3672 absconditus;
1019 3624 1039 3658 ι
1073 3606 1411 3663 sacerdotem
1450 3608 1774 3677 secundum,
1806 3628 1826 3662 ι

237 3708 369 3751 cum
396 3696 620 3751 secundi
656 3697 865 3753 ordinis
894 3698 1063 3764 viros,
1102 3699 1206 3755 hoc
1245 3708 1330 3755 est
1372 3700 1718 3772 presbyteros
1739 3700 1833 3772 qui

241 3784 510 3841 talentum
532 3788 686 3843 verbi
715 3788 812 3843 Dei
862 3789 917 3843 in
946 3797 1092 3845 terra
1117 3788 1386 3846 fodientes
1414 3791 1831 3859 absconderant,

238 3883 297 3942 in
354 3901 515 3941 suum
560 3885 858 3941 dominium
908 3886 1144 3960 subigit;
1197 3906 1216 3939 ι
1250 3896 1304 3942 et
1334 3894 1455 3944 tres‘
1480 3887 1769 3961 ianitores,
1808 3908 1827 3940 ι

238 3976 365 4033 illos
385 3976 657 4048 ianitores
692 3978 967 4048 videlicet,
990 3982 1085 4051 qui
1122 3979 1324 4036 ostium
1352 3980 1476 4036 fidei
1508 3981 1722 4053 aperire
1748 3982 1836 4036 de-

235 4070 498 4139 buerant,
531 4081 589 4127 et
642 4080 890 4129 tenentes
914 4073 1124 4129 clavem
1171 4075 1434 4142 scientiae,
1472 4092 1573 4131 nec
1620 4076 1719 4147 ipsi
1752 4076 1835 4131 iu-

238 4162 516 4219 troierunt
562 4178 666 4221 nec
705 4164 842 4222 alios
889 4167 1120 4223 introire
1168 4167 1568 4238 permiserunt;
1631 4186 1649 4218 ‹
1681 4176 1738 4223 et
1768 4166 1836 4224 de

237 4254 468 4312 civitate
491 4258 802 4314 eunuchum
851 4275 1015 4315 unum
1058 4260 1151 4333 qui
1181 4270 1299 4315 erat
1336 4261 1628 4333 przefectus
1671 4277 1835 4339 super

237 4350 391 4407 viros
430 4351 749 4421 bellatores,
776 4373 797 4408 ›
832 4355 1113 4411 eunuchus
1150 4354 1254 4410 iste
1282 4353 1550 4431 significat
1574 4370 1669 4411 eos
1697 4370 1855 4433 quos

236 4442 375 4500 alibi
419 4441 704 4516 Scriptura
753 4462 908 4503 sacra
962 4465 981 4499 ι
1019 4446 1214 4503 stultas
1255 4447 1494 4520 virgines
1530 4466 1548 4499 ι
1576 4446 1833 4520 appellat,

238 4554 367 4612 qua:
381 4553 513 4596 vasa
541 4538 663 4597 oleo
682 4557 852 4599 vacua
882 4542 938 4596 in
970 4541 1222 4598 manibus
1257 4542 1530 4609 tenebant,
1560 4544 1837 4601 continen-

1933 3429 2125 3501 paucis
2147 3427 2300 3502 (Luc.
2333 3428 2456 3503 xu).
2494 3449 2514 3482 ι

2006 3521 2232 3594 Expleto
2280 3527 2496 3579 tandem
2538 3530 2647 3579 tam
2682 3522 2958 3579 laborioso
3004 3539 3188 3594 opere,
3236 3524 3527 3580 auxilialus

1933 3611 2336 3686 Omnipotentis
2367 3630 2502 3687 ope,
2534 3614 2590 3670 in
2618 3614 2766 3671 calce
2796 3616 3021 3687 supplex
3068 3615 3328 3675 lectorem
3360 3633 3527 3671 exoro

1935 3716 2013 3775 ut,
2045 3707 2090 3762 si
2123 3708 2345 3778 dignum
2375 3708 2608 3764 lectione
2638 3708 2722 3764 vel
2748 3710 3166 3781 transcriptione
3195 3726 3320 3765 eum
3358 3711 3528 3765 duxc-
3578 3732 3583 3739 -

1936 3804 2029 3870 rit,
2070 3803 2298 3859 Domino
2319 3803 2523 3874 gratias
2546 3813 2826 3876 gratanter
2876 3805 3098 3872 referat,
3129 3823 3147 3854 ι
3206 3803 3297 3875 qui
3324 3817 3405 3859 est
3433 3820 3530 3873 pa-

1936 3902 2019 3950 ter
2041 3894 2279 3962 luminis,
2310 3911 2340 3950 a
2366 3912 2475 3967 quo
2502 3912 2664 3953 omne
2707 3896 2893 3952 datum
2940 3898 3228 3969 optimum,
3260 3905 3317 3953 et
3366 3912 3529 3953 omne

1936 3988 2137 4043 donum
2181 3988 2482 4060 perfectum
2533 3991 2696 4045 datur
2725 3988 2865 4063 (Jac.
2896 3990 2977 4062 t):
3025 4012 3045 4045 ι
3078 3993 3172 4067 qui
3213 3992 3304 4048 dat
3357 3994 3530 4049 abun-

1937 4079 2152 4147 danter,
2200 4088 2256 4136 et
2296 4096 2406 4136 non
2449 4080 2784 4153 improperat
2828 4083 2921 4153 qui
2971 4082 3105 4138 mihi
3146 4083 3273 4140 licet
3307 4084 3530 4158 indigno

1937 4186 2003 4227 ac
2024 4172 2328 4229 humillimo
2344 4171 2498 4242 juxta
2519 4173 2802 4230 solertiam
2823 4172 3109 4229 doctorum
3132 4176 3283 4233 dedit
3305 4187 3360 4232 et
3385 4194 3533 4232 amo-

1937 4278 2052 4320 rem
2083 4271 2137 4319 et
2163 4263 2424 4319 auxilium
2462 4264 2844 4323 considerandi
2877 4264 3149 4321 mirabilia
3175 4266 3243 4322 de
3266 4265 3384 4338 lege
3407 4284 3526 4322 sua.

1938 4354 2093 4423 Quod
2117 4356 2162 4411 si
2191 4370 2351 4412 secus
2401 4371 2564 4427 quam
2597 4357 2853 4433 optabam
2907 4357 3154 4419 evenisse
3197 4360 3421 4431 reperit,
3453 4362 3532 4417 si-

1938 4445 2049 4500 mul
2094 4455 2284 4503 exoret
2320 4456 2380 4503 ut
2422 4462 2559 4503 meae
2608 4447 2927 4520 ignorantiae
2957 4464 3020 4503 ac
3043 4451 3215 4505 errori
3242 4466 3274 4505 a
3302 4451 3532 4509 Domino

1940 4539 2096 4593 venia
2127 4540 2422 4606 tribuatur,
2451 4548 2505 4596 et
2545 4539 2852 4596 nullatenus
2891 4540 3268 4597 litteratoriam
3311 4544 3532 4599 nrbani-
3557 4564 3573 4577 -

237 4641 326 4691 tes
358 4632 609 4691 videlicet
642 4649 702 4690 se
723 4650 754 4689 a
783 4634 930 4691 coitu
967 4634 1257 4706 corporali,
1288 4651 1389 4693 nec
1438 4645 1619 4693 tamen
1656 4638 1838 4695 oleum
1866 4693 1911 4707 λ
1942 4638 2109 4685 tatem
2135 4639 2187 4686 et
2218 4641 2558 4687 venustatem
2598 4631 2921 4704 eloquentiae
2970 4633 3230 4705 requirat,
3290 4635 3383 4691 sed
3432 4652 3531 4707 po-

236 4724 436 4798 gratia
456 4734 512 4785 et
540 4726 926 4787 misericordia:
958 4728 1013 4784 in
1052 4693 1273 4799 pectore
1299 4745 1397 4785 suo
1446 4730 1651 4787 habere
1689 4731 1836 4788 vale.
1862 4693 1915 4754 D
1940 4723 2049 4779 tius
2079 4738 2299 4780 sensum
2324 4723 2484 4794 hujus
2516 4725 2696 4797 operis
2723 4725 3009 4796 diligenter
3045 4727 3356 4799 perlustret,
3394 4693 3531 4798 pia:-

234 4819 394 4874 bant.
424 4816 530 4893 Qui
563 4817 766 4875 frustra
796 4835 962 4892 super
996 4821 1142 4878 viros
1169 4821 1459 4879 bellatores
1485 4824 1823 4881 constituun-

238 4918 351 4979 tur,
382 4925 508 4977 cum
549 4912 921 4993 arrogantiam
971 4929 1280 4985 prmcavere
1320 4930 1427 4972 non
1480 4917 1831 4973 meditantur.

243 5024 264 5057 ι
303 5002 458 5065 Tulit
477 5013 538 5065 et
558 5007 797 5081 quinque
824 5006 971 5067 viros
1012 5008 1081 5063 de
1108 5007 1197 5064 his
1230 5009 1323 5080 qui
1359 5018 1626 5066 steterant
1649 5027 1835 5069 coram

238 5112 398 5173 rege,
429 5116 450 5151 ι
512 5097 634 5155 illos
683 5098 930 5171 profecto
982 5099 1077 5170 qui
1131 5100 1373 5173 quinque
1419 5104 1670 5160 sensibus
1717 5119 1838 5161 cor-

237 5186 395 5259 poris
444 5186 709 5258 voluptati
761 5189 1094 5258 servientes,
1150 5191 1264 5263 regi
1314 5191 1571 5249 vitiorum
1622 5209 1840 5267 semper

238 5279 596 5339 assistebant.
637 5298 655 5335 t
692 5279 761 5335 Et
789 5280 1003 5353 Sophar
1048 5283 1350 5356 principem
1394 5287 1691 5355 exercitus,
1745 5288 1839 5361 qui

237 5368 514 5442 probabat
559 5380 781 5451 tyrones
839 5373 904 5429 de
956 5373 1156 5449 populo
1207 5384 1395 5444 teme;
1432 5396 1451 5428 ι
1489 5376 1703 5448 Sophar
1758 5379 1841 5434 in-

243 5469 581 5532 terpretatur
631 5461 895 5532 dissipans
936 5462 1021 5517 vel
1070 5463 1306 5521 dividens
1332 5506 1348 5533 ,
1384 5465 1698 5539 significans
1744 5483 1839 5524 eos

239 5550 340 5623 qui
366 5552 530 5608 rudes
568 5552 624 5608 in
652 5552 898 5609 Ecclesia
943 5569 1081 5625 quos
1118 5557 1184 5610 ad
1232 5556 1482 5613 militiam
1509 5556 1711 5615 Christi
1746 5576 1841 5614 nu-

240 5641 382 5698 trire
424 5642 743 5717 debuerant,
764 5645 949 5721 pravis
970 5647 1231 5719 exemplis
1264 5648 1607 5720 dissipantes,
1634 5665 1666 5704 a
1696 5658 1842 5707 ccetu

242 5730 490 5790 ﬁdeliqu
542 5751 645 5809 per
683 5752 925 5793 errorem
972 5748 1338 5809 sequestram.
1394 5758 1412 5791 ι
1447 5740 1514 5796 Ει
1560 5743 1841 5814 sexaginta

242 5826 397 5881 viros
429 5826 645 5900 evulgo
690 5830 781 5899 qui
809 5829 1013 5886 inventi
1058 5829 1271 5889 fuerant
1298 5832 1350 5887 in
1390 5833 1628 5889 civitate.
1673 5856 1691 5888 ι
1730 5833 1843 5890 Hoc

242 5924 331 5973 est
379 5918 574 5976 stultos
638 5932 986 5992 operatores,
1029 5922 1122 5995 qui
1166 5926 1360 5985 merito
1412 5928 1554 6000 vulgi
1622 5930 1842 5987 nomine

1941 4816 2129 4872 sertim
2158 4832 2281 4875 cum
2311 4832 2418 4871 non
2447 4831 2537 4872 res
2574 4832 2639 4872 ac
2678 4831 2870 4874 sensus
2911 4829 3133 4891 propter
3164 4820 3395 4887 litteras,
3435 4818 3530 4876 sed

1941 4910 2137 4966 litterae
2199 4911 2269 4966 ad
2314 4909 2808 4967 manifestationetn
2865 4928 3046 4968 rerum
3107 4922 3233 4991 sunt
3279 4918 3526 4983 repertas.

1943 5002 2117 5059 Simul
2142 5002 2308 5058 etiam
2335 5002 2488 5058 velut
2515 5001 2671 5060 ﬂexis
2707 5004 2977 5079 poplitum
3019 5005 3245 5077 genibus
3294 5018 3530 5059 cernuus

1943 5096 2229 5165 deprecor,
2273 5103 2333 5150 ut
2378 5094 2598 5151 tandem
2640 5096 2894 5167 dignetur
2938 5096 2984 5153 si
3031 5095 3233 5166 aliquid
3281 5094 3532 5151 utilitatis

1944 5185 2235 5254 invenerit,
2263 5188 2490 5243 devotus
2516 5202 2748 5243 exorare
2771 5186 3011 5244 divinam
3051 5186 3419 5255 clementiam,
3445 5197 3535 5255 ut,

1943 5276 2069 5333 licet
2096 5279 2153 5333 in
2182 5279 2623 5352 peregrinatione
2666 5278 2826 5351 hujus
2855 5280 3087 5337 labentis
3110 5278 3315 5347 saeculi,
3344 5296 3527 5336 veram

1945 5371 2359 5428 commissorum
2390 5389 2634 5430 meorum
2658 5389 2850 5446 gerere
2868 5374 3287 5445 paenitudinem,
3323 5384 3377 5432 et
3407 5385 3528 5446 post

1943 5479 2236 5521 excursum
2288 5476 2496 5537 septem
2542 5466 2775 5533 dierum,
2829 5465 2974 5522 velut
3022 5475 3143 5538 post
3189 5469 3531 5540 septuaginta

1946 5573 2118 5614 annos
2158 5557 2320 5629 hujus
2360 5561 2728 5631 captivitatis,
2762 5569 2960 5616 exutus
2988 5562 3055 5617 ab
3090 5563 3237 5618 omni
3266 5573 3535 5635 potestate

1946 5653 2090 5726 regis
2120 5652 2398 5725 Babylonii
2437 5661 2491 5707 et
2534 5653 2797 5709 servitute
2848 5656 3260 5727 captivantium,
3297 5658 3535 5733 valeam,

1941 5744 2163 5817 iuvante
2187 5746 2394 5821 Spiritu
2439 5755 2645 5811 sancto,
2689 5746 2781 5819 qui
2817 5747 3149 5819 septiformis
3177 5750 3397 5816 dicitur,
3446 5751 3531 5807 vi,

1947 5838 2155 5893 sionem
2183 5838 2355 5908 pacis,
2393 5837 2636 5894 cmlestis
2659 5838 2913 5896 videlicet
2956 5840 3290 5901 Hierusalem
3316 5859 3379 5901 ac
3400 5843 3531 5899 civi-

1950 5933 2075 5986 tatis
2132 5929 2368 5997 Domini,
2414 5929 2481 5985 dc
2529 5948 2635 6004 qua
2691 5934 2933 5993 dicitur:
2972 5958 2989 5988 ι
3028 5937 3363 5995 Hierusalem
3409 5953 3530 6010 qua
