4078 6340
26 1930 29 2021 φ

26 2040 29 2197 l

526 402 625 459 55!

1560 385 1915 445 ANGELOMI
1956 379 2411 471 LUXOVIENSlS
2450 375 2759 436 MONACHI

3702 367 3819 424 55!

525 509 827 568 aediﬁcatur
848 512 911 563 ut
945 504 1142 561 civitas
1171 501 1348 575 (Psal.
1375 502 1550 573 cxxr),
1581 520 1600 553 ι
1629 500 1863 572 ingredi,
1909 509 1967 556 et
1996 499 2117 554 vul-
2141 502 2193 563 Α
2217 505 2512 571 praestante
2565 497 2701 567 ipso,
2754 513 2773 546 ι
2824 495 2880 548 in
2908 507 3019 565 quo
3062 496 3189 548 sunt
3216 502 3408 546 omnes
3442 484 3695 545 thesauri
3722 498 3816 538 sa-

529 611 644 658 tum
669 597 980 657 Conditoris
1011 595 1177 668 Regis
1198 594 1371 651 nostri
1397 608 1492 665 per
1517 592 1712 650 saecula
1737 590 2116 662 contemplari,

2222 589 2442 661 pientis:
2464 597 2521 643 et
2552 584 2792 643 scientia:
2811 581 3139 640 absconditi.
3183 600 3204 634 ι
3230 580 3424 636 Amen.

534 733 3808 806 Μ

1664 902 2651 1065 genuum

1715 1061 1732 1081 ⁸
1761 1114 2229 1177 LUXOVIENSIS
2267 1113 2582 1171 MONACBI

688 1280 758 1343 Θ
851 1304 1732 1468 ENARRM‘IoN-ES
1838 1304 1970 1459 IN
2044 1297 2587 1455 'GANTIGA
2692 1295 3473 1457 CANTIGORUM.

1878 1655 2440 1738 PBIEFATIO.

1622 1841 1715 1899 AD
1748 1836 2159 1897 LOTHARIUM
2196 1829 2728 1895 l-MPERATOREM.

593 2085 1004 2146 Gloriosissimo
1050 2080 1607 2156 praestantissimoque
1652 2080 1973 2152 imperatori
2011 2081 2116 2137 Lo-
2145 2084 2194 2146 Β
2224 2079 2362 2136 culis
2401 2075 2739 2148 eulogiisque
2781 2071 3092 2129 divinarum
3122 2070 3536 2144 Scripturarum
3564 2075 3834 2135 imbecilli

534 2197 731 2240 ramo
765 2194 980 2250 semper
997 2176 1265 2248 Augusto,
1284 2175 1632 2242 Ancsnonns,
1659 2174 1882 2231 ultimus
1932 2175 2119 2231 Mona-

532 2277 782 2341 chorum,
809 2287 1041 2329 exorans
1069 2272 1368 2337 exorando,
1393 2279 1589 2327 exorat
1634 2268 1877 2326 nancisci
1924 2285 2123 2343 peren-

535 2380 661 2422 nem
698 2363 944 2436 gloriam.

606 2457 791 2529 Nuper
821 2457 1180 2513 excubantem
1202 2469 1291 2511 me
1317 2455 1374 2511 in
1395 2462 1580 2511 vestro
1603 2469 1763 2512 sacro
1781 2454 2004 2526 palatio,
2024 2456 2124 2512 sub

533 2550 790 2617 obtentu,
850 2548 1095 2620 inquam,
1128 2547 1477 2603 traditionum
1528 2545 1856 2605 liberalium.
1882 2547 2081 2603 artium
2106 2588 2122 2615 ,

533 2641 1078 2712 enucleationumque
1116 2640 1418 2696 divinatum
1448 2638 1668 2695 scilicet
1694 2638 2124 2711 Scripturarum,

533 2733 754 2806 dignata
786 2741 871 2790 est
896 2741 1077 2789 vestra
1109 2746 1276 2803 sagax
1318 2730 1629 2802 prudentia,
1670 2730 1833 2786 sicuti
1885 2746 1995 2786 non
2041 2740 2128 2787 est

532 2823 842 2892 immemor,
883 2823 1152 2881 accersire
1192 2830 1390 2878 vestrae
1430 2821 1621 2879 solerti
1650 2823 1977 2894 praesentiae,
2006 2838 2123 2879 me-

532 2932 766 2990 cumque
792 2918 993 2974 habere
1036 2916 1341 2973 oraculum.
1372 2913 1481 2972 Sed
1516 2923 1640 2988 post
1669 2915 1972 2987 spiritualia
2015 2932 2126 2974 cm-

532 3007 685 3065 lestis
722 3011 847 3065 vitae
870 3009 1138 3080 colloquia
1159 3050 1174 3075 ,
1202 3016 1259 3065 et
1298 3006 1558 3079 suﬂ‘ragia
1586 3008 1898 3065 orationum
1926 3008 2129 3080 placuit

533 3100 875 3173 imperando,
904 3102 1017 3156 imo
1044 3100 1364 3157 intentando
1390 3098 1734 3172 [minitando]
1758 3100 2046 3171 imperare,
2068 3106 2128 3154 ut

535 3191 664 3264 styli
703 3190 880 3248 cilicio
916 3191 1071 3262 juxta
1118 3206 1338 3248 sensum
1384 3190 1733 3261 antiquorum
1782 3198 2024 3262 patrum,
2053 3199 2129 3262 _et

535 3283 902 3355 frugalitatem
922 3283 1181 3355 ingenioli
1206 3283 1316 3339 mei
1337 3281 1656 3352 opusculum
1678 3280 1733 3335 in
1754 3279 1979 3337 Cantica
1994 3297 2128 3338 can-

534 3375 772 3433 ticorum
797 3374 1128 3443 Salomonis,
1151 3376 1246 3432 ubi
1269 3373 1475 3430 Christi
1514 3381 1570 3429 et
1608 3370 1868 3428 Ecclesia:
1903 3371 2130 3443 conjun-

2229 2169 2512 2242 injungere
2540 2165 2811 2231 libuisset,
2842 2180 2966 2220 cum
3012 2163 3196 2236 plures
3224 2164 3453 2221 haberet
3496 2166 3553 2222 in
3604 2183 3834 2225 monar-

2229 2264 2353 2320 cbia
2383 2263 2635 2318 doctores
2669 2259 2762 2330 qui
2787 2258 3017 2313 honeste
3057 2266 3114 2312 et
3144 2257 3414 2313 catholice
3442 2264 3690 2317 tractare
3732 2275 3835 2332 po-

2228 2355 2482 2411 tuissent.
2516 2351 2626 2408 Sed
2651 2365 2942 2406 censuram
2989 2348 3203 2419 imperii
3227 2350 3397 2405 vestri
3440 2351 3831 2417 considerans,

2230 2447 2503 2517 tacitoque
2531 2451 2877 2516 pertractans
2918 2441 3049 2497 illud
3079 2439 3439 2512 apostolicum
3468 2459 3581 2514 quo
3627 2443 3839 2502 dicitur

2232 2542 2284 2614 (Ι
2316 2542 2464 2597 Patr.
2486 2540 2591 2611 n):
2628 2557 2648 2591 ‹
2682 2537 2870 2593 Estote
2920 2534 3152 2606 subjecti
3191 2536 3341 2591 omni
3386 2535 3646 2593 humanae
3673 2552 3835 2595 crea-

2230 2646 2369 2693 turae
2405 2642 2626 2708 propter
2651 2633 2959 2696 Dominum,
2991 2631 3107 2687 sive
3150 2629 3265 2702 regi
3313 2638 3577 2702 tanquam
3606 2632 3840 2703 praecel—

2228 2727 2380 2793 lenti,
2406 2727 2522 2783 sive
2564 2726 2794 2783 ducibus
2825 2732 3084 2794 tanquam
3117 2723 3187 2779 ab
3229 2737 3297 2778 eo
3332 2721 3518 2780 missis
3545 2742 3565 2775 ι
3588 2764 3607 2790 ,
3639 2725 3743 2780 sed
3788 2734 3843 2780 et

2229 2821 2410 2894 potius
2457 2818 2589 2875 illud
2622 2816 2966 2874 Dominicum
2992 2855 3007 2882 ,
3052 2813 3145 2869 ubi
3188 2813 3476 2885 pollicetur
3507 2829 3525 2869 :
3562 2832 3585 2868 ‹
3636 2816 3839 2881 Amen,

2231 2913 2432 2986 inquit,
2464 2912 2586 2969 dico
2611 2909 2790 2976 vobis,
2828 2907 3092 2979 quidquid
3114 2914 3341 2964 orantes
3372 2906 3586 2977 petitis,
3628 2908 3845 2965 credite

2231 3006 2359 3078 quia
2383 3002 2684 3073 accipietis,
2710 3009 2767 3056 et
2799 2999 2894 3056 llet
2914 2998 3069 3055 vobis
3094 2996 3292 3071 (Marc.
3315 2998 3399 3071 ιι).
3428 3018 3450 3052 ι
3480 2998 3845 3056 Animadver-

2232 3108 2355 3156 tens
2381 3112 2597 3169 quoque
2631 3102 2848 3152 interna
2882 3092 3240 3149 trutinatione
3266 3092 3697 3174 mentis‘quod
3720 3095 3845 3151 sine

2231 3201 2369 3249 nutu
2398 3192 2580 3247 divino
2631 3205 2739 3245 non
2774 3188 2918 3245 foret
2938 3187 3084 3258 quod
3126 3203 3160 3243 a
3204 3196 3355 3243 tanta
3400 3185 3704 3257 majestate
3736 3188 3845 3244 im-

2230 3292 2542 3358 peraretur,
2575 3282 2867 3339 temerario
2896 3296 2994 3337 ore
3013 3279 3294 3352 refragare
3321 3279 3471 3336 nullo
3490 3280 3845 3353 apologetico

2235 3370 2595 3446 anfractuque
2634 3372 3008 3431 excusationis
3050 3371 3394 3445 praesumpsi,
3422 3371 3519 3427 sed
3569 3373 3757 3442 magis
3790 3382 3848 3429 ut

534 3468 670 3534 ctio,
708 3466 1198 3538 allegoriarumque
1234 3462 1496 3535 mysteria
1535 3476 1651 3532 prae
1681 3461 1891 3518 caeteris
1913 3459 2127 3517 Veteris

2239 3468 2499 3541 quiverim
2529 3465 2730 3523 divinis
2770 3463 2942 3521 fretus
2968 3463 3264 3537 suffragiis,
3301 3463 3550 3535 imperiis
3582 3464 3845 3538 imperia-

436 3578 441 3587 ι
540 3559 871 3621 Testamenti
899 3568 1008 3622 τοῖς
1038 3559 1235 3633 βιϐλοῖς
1257 3554 1527 3614 contineri
1554 3554 1875 3625 probantur,
1916 3554 2133 3623 digere-

438 3660 443 3671 ‘
540 3669 657 3709 rem
701 3662 759 3710 et
780 3661 842 3710 ut
872 3652 947 3707 ita
971 3652 1149 3707 dicam
1172 3664 1447 3721 exponere
1478 3664 1588 3705 non
1617 3648 1942 3715 abnuerem,
1966 3654 2133 3717 atque

542 3744 848 3816 praesentiae
884 3741 1142 3799 culminis
1160 3740 1331 3797 vestri
1354 3741 1643 3796 ostendere
1670 3754 1779 3796 non
1799 3740 2128 3804 omitterem,

539 3851 649 3909 quo
668 3835 894 3891 haberet
906 3832 1103 3889 crebro
1121 3838 1245 3903 post
1264 3830 1673 3901 dispositionem
1695 3829 2004 3901 reipublicae
2024 3828 2134 3884 fre-

540 3933 826 3999 quentata,
863 3924 1197 3993 auribusque
1217 3923 1453 3979 lectione
1480 3923 1653 3979 relata
1681 3923 1901 3979 solertia
1928 3930 2129 3987 vestra,

541 4017 601 4074 in
623 4014 1077 4091 contemplatione
1103 4029 1165 4071 se
1190 4016 1493 4072 extendens
1518 4030 1553 4071 a
1593 4015 1823 4072 tumultu
1847 4029 2135 4070 causarum

545 4110 761 4182 imperii
784 4118 948 4182 atque
986 4109 1330 4181 potissimum
1358 4110 1427 4166 de
1455 4109 1750 4167 amissione
1777 4108 2135 4165 sanctissimae

542 4205 791 4279 conjugis
808 4204 921 4263 Deo
943 4216 1238 4275 annuente,
1260 4216 1324 4264 ut
1344 4207 1639 4275 credimus,
1663 4206 1892 4280 collegio
1914 4215 2136 4264 sancta-

542 4312 666 4353 rum
692 4297 924 4366 allectte,
950 4299 1181 4371 alboque
1222 4299 1577 4357 beatitudinis
1613 4299 1912 4372 inscriptae,
1938 4313 2134 4355 conso-

542 4387 764 4447 lationis
793 4391 969 4463 gratia
996 4390 1225 4465 legendo
1256 4393 1522 4461 theorica,
1545 4400 1602 4448 et
1639 4392 1788 4449 velut
1819 4399 2000 4448 turtur
2026 4391 2137 4446 sin-

546 4481 751 4553 gularis
784 4483 939 4553 cujus
963 4493 1160 4539 natura
1184 4493 1292 4550 est,
1323 4490 1383 4539 ut
1425 4483 1638 4555 physici
1667 4483 1868 4547 ferunt,
1899 4481 1944 4536 si
1969 4481 2138 4537 semel

544 4571 831 4646 conjugem
858 4589 991 4631 casu
1015 4575 1338 4646 perdiderit,
1364 4574 1531 4630 alium
1558 4590 1669 4630 non
1708 4574 2008 4644 requirere,
2040 4573 2139 4629 sed

546 4665 924 4722 castimoniam
943 4681 1170 4723 servans
1189 4665 1348 4722 vidua
1371 4667 1768 4737 quodammodo
1794 4681 2134 4737 permanere,

545 4755 826 4813 solitarius
870 4758 1259 4829 ingemiscens,
1297 4766 1462 4828 atque
1500 4758 1772 4829 paenitens
1804 4776 1818 4813 :
1854 4758 1922 4814 de
1947 4774 2056 4831 quo
2080 4759 2138 4813 in

2237 3560 2414 3625 libus,
2447 3574 2757 3630 quanquam
2795 3558 3054 3629 pavidus,
3097 3558 3471 3614 obsecundare
3510 3566 3843 3616 tentassem.

2237 3651 2344 3709 Sed
2373 3667 2482 3708 non
2511 3650 2670 3707 ﬂocci
2694 3650 2938 3722 pendens
2968 3650 3114 3721 quod
3157 3651 3278 3706 sine
3318 3650 3597 3722 magniﬁci
3630 3654 3843 3709 domini

2236 3756 2290 3800 et
2314 3743 2529 3801 abbatis
2561 3745 2671 3800 mei
2703 3744 2911 3801 scilicet
2943 3743 3215 3815 Drogonis
3247 3744 3431 3816 patrui
3458 3746 3633 3802 vestri
3663 3761 3848 3803 asser-

2238 3838 2497 3903 tionibus,
2526 3837 2840 3909 pariterque
2863 3836 3205 3909 jussionibus
3235 3852 3304 3893 ne
3338 3836 3653 3908 regularem
3680 3853 3844 3895 exce-

2238 3930 2369 3987 dere
2417 3929 2633 3986 viderer
2669 3927 3014 3999 disciplinam
3041 3968 3058 3996 ,
3099 3937 3157 3984 et
3202 3926 3405 3999 stylum
3453 3927 3736 4000 appellere
3778 3930 3844 3986 ad

2238 4021 2578 4076 exarandum
2641 4020 2983 4087 debuissem,
3044 4035 3154 4076 non
3216 4019 3393 4076 solum
3458 4021 3604 4091 quod
3664 4021 3847 4078 Caroli

2239 4111 2420 4183 Magni
2459 4110 2802 4181 imperatoris
2839 4109 2982 4167 filius
3007 4151 3023 4179 ,
3084 4118 3250 4181 atque
3286 4107 3462 4166 frater
3507 4111 3845 4167 sanctissimi

2239 4212 2295 4261 et
2343 4203 2576 4274 piissimi
2622 4203 2885 4275 genitoris
2923 4204 3095 4259 vestri
3149 4202 3413 4260 Ludovici
3455 4192 3727 4271 Caesaris:
3752 4204 3846 4260 sed

2239 4297 2370 4368 quia
2427 4311 2671 4353 summus
2727 4302 2847 4351 erat
2914 4294 3160 4365 pontifex
3225 4304 3394 4367 atque
3452 4296 3624 4352 abbas
3691 4311 3846 4351 meus

2240 4388 2509 4461 egregius.
2542 4386 2789 4459 Cumque
2836 4387 3009 4443 sacris
3051 4385 3170 4455 ejus
3226 4387 3451 4443 auribus
3498 4388 3845 4459 suggerendo

2241 4478 2575 4544 iutulissem,
2626 4486 2683 4533 et
2740 4476 2988 4534 ordinem
3041 4477 3121 4532 rei
3166 4478 3530 4546 iudicassem,
3583 4493 3698 4550 quo
3745 4493 3832 4532 au-

2243 4572 2648 4638 ribus,hausto
2679 4585 2787 4626 non
2830 4569 3005 4626 solum
3051 4570 3254 4635 renuit,
3281 4585 3472 4626 verum
3516 4579 3580 4625 ut
3624 4580 3714 4625 est
3739 4571 3839 4625 mi-

2242 4667 2489 4723 tissimus
2524 4674 2582 4720 et
2626 4663 2940 4721 affabilitate
2979 4664 3285 4729 suadibilis,
3314 4662 3657 4736 benignitate
3708 4678 3844 4734 pra-

2242 4759 2644 4825 stantissimus,
2695 4764 2753 4813 et
2803 4757 2874 4813 ad
2926 4772 3089 4813 omne
3123 4757 3328 4813 bonum
3379 4754 3839 4819 ferventissimus,

548 4850 739 4906 eodem
768 4849 908 4906 libro
936 4849 1174 4918 legitur:
1210 4871 1229 4903 ‹
1263 4849 1412 4917 Vox,
1447 4851 1624 4923 inquit
1646 4892 1661 4918 ,
1692 4852 1921 4908 turturis
1955 4852 2139 4907 audita
2165 4836 2222 4898 Ῑ)
2245 4868 2399 4911 more
2427 4868 2538 4909 sua:
2563 4850 2846 4908 modestiae
2881 4865 2990 4906 non
3025 4857 3239 4905 tantum
3280 4849 3515 4921 ingenue
3545 4848 3722 4905 libera
3750 4861 3843 4900 au-

549 4948 634 4995 est
666 4939 722 4995 in
754 4948 899 4995 terra
924 4946 1112 4994 nostra
1137 4937 1317 5007 (Cant.
1345 4939 1438 5013 u),
1481 4959 1498 4992 ι
1528 4941 1581 4996 id
1618 4952 1702 4997 est
1724 4941 1929 4997 Christi
1959 4941 2144 4996 dicen-

548 5030 622 5087 tis
651 5048 664 5086 :
698 5050 718 5084 ι
756 5032 1143 5088 Paenitentiam
1188 5033 1362 5104 agite,
1391 5033 1846 5104 appropinquabit
1872 5033 2017 5089 enim
2059 5047 2145 5087 re-

551 5138 718 5195 gnum
739 5124 1005 5181 caelorum
1037 5123 1255 5197 (Matth.
1283 5128 1389 5198 ill).
1421 5146 1440 5179 ι
1472 5124 1543 5195 Et
1562 5124 1805 5197 pulchrae
1837 5134 1965 5181 sunt
1993 5141 2147 5197 genae

550 5224 659 5270 tuae
686 5223 747 5271 ut
770 5216 1025 5286 turturis,
1054 5216 1232 5274 imbre
1251 5217 1617 5291 lacrymarum
1637 5235 1902 5291 genarum
1934 5220 2148 5276 rimulis

552 5304 769 5372 infusis,
793 5324 988 5379 preces
1007 5325 1108 5382 pro
1146 5311 1348 5369 vestris
1380 5312 1697 5369 excessibus
1721 5322 1778 5369 et
1802 5312 2145 5369 absolutione

551 5399 812 5469 piissimae
837 5403 1204 5474 imperatricis
1233 5405 1456 5461 domino
1488 5406 1541 5460 in
1566 5406 1887 5463 abscondito
1918 5406 2147 5462 fundere

553 5493 885 5563 quivissetis.
930 5495 1047 5564 Quo
1087 5500 1313 5567 audito,
1367 5499 1579 5571 pondus
1632 5508 1795 5555 tanta:
1848 5500 1927 5555 rei
1977 5516 2145 5571 expa-

554 5597 806 5651 vescens,
833 5588 1115 5655 attonitus,
1133 5588 1246 5645 imo
1267 5590 1681 5662 obstupefactus
1703 5590 2146 5663 admirari,‘ccepi,

558 5689 660 5732 cur
696 5674 985 5733 clementia
1018 5688 1205 5736 vestra
1247 5688 1456 5737 tantum
1486 5697 1622 5753 opus
1652 5680 1787 5738 viris
1814 5682 1983 5737 etiam
2022 5698 2150 5737 eru-

557 5769 846 5828 ditissimis
884 5771 1309 5840 formidandum,
1355 5774 1491 5830 mihi
1536 5775 1796 5842 indocto,
1850 5788 2149 5845 omnesque

555 5863 864 5925 liberalium
894 5866 1095 5922 artium
1122 5866 1433 5937 disciplinas
1472 5882 1582 5924 non
1626 5875 1787 5924 nacto
1818 5875 1982 5940 atque
2025 5884 2149 5925 ora-

2245 4946 2499 5003 etoritate
2520 4942 2829 5016 imperavit,
2875 4942 2972 4999 sed
3000 4940 3201 4998 blanda
3234 4938 3631 5012 tranquillitate
3669 4947 3729 4995 et
3754 4935 3844 5009 pio

2247 5034 2433 5101 affatu,
2460 5042 2521 5089 ut
2567 5032 2850 5106 augustale
2873 5047 3035 5104 opus,
3072 5041 3129 5089 et
3161 5030 3446 5103 spirituale
3492 5030 3659 5086 decus
3707 5043 3841 5100 quo-

2248 5127 2410 5183 modo
2439 5125 2735 5196 quivissem
2790 5125 3010 5197 aggredi
3054 5140 3165 5180 non
3196 5125 3531 5181 abnuissem.
3561 5122 3721 5191 Quod
3747 5136 3843 5176 au-

2250 5219 2431 5284 diens,
2463 5218 2542 5274 sic
2578 5218 2692 5289 jam
2721 5218 2940 5273 tandem
2982 5217 3102 5288 ejus
3131 5215 3606 5273 exhortationibus
3634 5215 3842 5271 anima-

2256 5319 2363 5379 tus,
2392 5312 2608 5377 vestris,
2632 5310 2899 5376 almilicis,
2925 5309 3290 5375 aﬂ'aminibus,
3308 5310 3622 5380 sanctisque
3640 5308 3844 5380 jussio-

2256 5407 2417 5463 nibus
2460 5407 2688 5462 adactus
2713 5405 3167 5477 potissimumque
3191 5403 3392 5460 divinis
3423 5403 3641 5460 auxiliis
3677 5403 3845 5460 fretus

2256 5505 2681 5568 sanctorumque
2750 5494 3033 5551 doctorum
3101 5494 3439 5551 orationibus
3496 5503 3843 5565 provocatus,

2257 5590 2427 5664 quod,
2453 5606 2488 5647 ο
2515 5589 2827 5647 doctissime
2847 5588 3121 5660 princeps,
3156 5589 3213 5645 in
3241 5589 3528 5647 doctorum
3557 5605 3729 5662 penes
3751 5602 3847 5643 nos

2259 5691 2574 5741 sanctorum
2625 5681 2857 5754 sparsim
2903 5680 3150 5739 invenire
3184 5689 3400 5754 potero,
3448 5680 3755 5753 praesertim
3788 5677 3847 5732 in

2254 5778 2557 5836 beatissimi
2584 5776 2744 5847 Papae
2782 5774 3032 5849 Gregorii
3060 5775 3320 5833 Romanae
3359 5775 3573 5832 decoris
3592 5774 3847 5844 eloquen-

2254 5873 2344 5929 tiae
2387 5872 2569 5938 dictis,
2616 5864 2757 5942 quia'
2777 5885 2809 5925 a
2853 5869 3003 5927 nullo
3029 5867 3204 5927 solum
3249 5884 3349 5941 per
3395 5867 3580 5925 omnia
3638 5862 3846 5937 reperio
