4078 6340
258 342 372 400 553

1185 315 1441 386 ENARR.
1481 326 1550 384 lN
1585 325 1882 385 CANTICA
1917 321 2183 382 CANTlC.
2220 351 2293 364 -
2326 319 2716 378 primum.

3415 314 3525 374 554

257 421 608 526 compactum
635 463 798 526 atque
817 467 888 508 ex
917 449 1207 508 traditione
1232 447 1476 520 magistri
1506 443 1710 516 ingenii
1735 443 1842 499 mei
1867 445 1921 506 Α
1944 441 2161 512 quirere
2189 441 2404 506 debeat,
2436 439 2530 496 sed
2561 435 2938 508 allegoriarum
2969 434 3225 506 mysteria
3255 432 3524 490 contineri

257 547 578 619 conjectura
628 544 767 616 stylo
814 549 1087 607 currente,
1127 538 1450 596 commatico
1473 536 1654 608 potius
1701 549 1846 590 com-

257 642 632 716 pendiosoque
652 651 926 702 sermone,
950 635 1079 692 licet
1099 632 1342 704 impolito
1361 632 1577 704 aggredi
1602 630 1844 695 tentabo,

257 742 320 790 et
347 734 404 788 in
433 729 596 785 libelli
625 727 844 784 modum
868 726 1028 782 ﬁnire
1063 724 1325 789 conabor,
1353 731 1415 778 ut
1440 722 1638 778 habeat
1663 729 1846 775 vestra

258 821 529 880 celsitudo
556 819 704 875 velut
739 817 1099 883 enchiridion,
1127 816 1232 872 hoc
1271 822 1356 871 est
1383 811 1688 870 manualem
1715 827 1846 883 quo-

259 916 553 973 dammodo
577 914 817 971 libellum
845 920 1183 983 excerptum,
1222 919 1383 982 quem
1412 907 1667 982 congruis
1695 906 1848 993 horis

259 1007 514 1064 lectitare
539 1008 653 1062 Deo
680 1005 896 1062 favente
924 1012 1048 1076 post
1099 1003 1275 1059 studia
1304 1003 1537 1072 imperii,
1583 1009 1706 1072 post
1735 1000 1844 1056 sol-

259 1100 576 1156 licitudines
605 1097 860 1155 Ecclesia:
878 1098 948 1154 ad
969 1095 1393 1154 consolationem
1416 1095 1722 1151 divinarum
1751 1110 1845 1150 ru-

173 1241 176 1244 .
259 1193 525 1247 minando
551 1190 902 1262 complaceat.
931 1190 1002 1245 Et
1020 1189 1146 1261 quia
1170 1203 1393 1259 campos
1417 1188 1722 1244 divinarum
1743 1188 1848 1245 sci-

257 1283 394 1339 licet
428 1281 832 1352 Scripturarum
871 1297 981 1338 non
1008 1281 1154 1338 valet
1179 1296 1502 1352 percurrere
1531 1281 1844 1348 latissimos,

257 1375 507 1432 breviter
531 1374 725 1430 saltem
751 1383 1012 1431 stromata
1057 1383 1242 1430 nostra
1272 1390 1380 1431 non
1406 1373 1588 1445 pigeat
1615 1371 1849 1429 scrutari

258 1467 500 1537 quietus.
531 1464 639 1521 Sed
675 1465 952 1522 sciendum
977 1480 1128 1530 vero,
1161 1466 1288 1546 quia
1317 1473 1378 1520 ut
1404 1464 1574 1520 moris
1597 1472 1682 1520 est
1710 1477 1848 1534 quo-

257 1558 512 1612 rumdam
543 1557 868 1627 scriptorum
898 1573 1006 1614 non
1031 1558 1086 1612 in
1117 1557 1328 1630 pagella
1351 1573 1383 1613 e
1412 1559 1634 1630 regione
1660 1557 1848 1628 singu-

257 1647 440 1702 lorum
473 1649 755 1705 doctorum
783 1648 988 1704 viritim
1014 1648 1212 1704 litteris
1236 1648 1506 1720 insignitis
1533 1648 1850 1718 assignave-

257 1739 436 1795 rimus
461 1741 679 1796 nomina
727 1740 932 1808 omnia,
962 1739 1057 1796 sed
1088 1756 1155 1796 ex
1184 1755 1370 1796 eorum
1400 1739 1560 1796 dictis
1607 1737 1850 1810 profecto

1948 549 2056 589 non
2112 533 2337 589 dubitet.
2377 531 2735 587 Nominantur
2761 529 2907 584 enim
2933 527 2987 581 in
3018 526 3121 582 hoc
3151 527 3290 581 libro
3317 527 3522 592 oscula,

1947 627 2295 682 nominantur
2333 627 2520 688 ubera,
2549 623 2896 678 nominantur
2934 635 3084 690 gena:
3111 661 3125 685 ,
3175 619 3525 674 nominantur

1947 716 2174 774 femora.
2205 718 2264 774 In
2303 717 2498 789 quibus
2554 715 2730 770 verbis
2762 729 2870 770 non
2919 713 3193 768 irridenda
3244 719 3327 767 est
3369 727 3526 768 sacra

1949 809 2260 880 descriptio,
2291 810 2387 865 sed
2412 807 2582 876 major
2607 807 2702 862 Dei
2733 804 3105 860 misericordia
3133 804 3522 860 consideranda

1947 909 2049 964 est,
2083 901 2210 970 quia
2261 901 2387 956 dum
2435 899 2677 955 membra
2731 897 2975 966 corporis
3029 896 3293 963 nominat,
3343 895 3423 952 sic
3461 898 3530 952 ad

1949 1006 2190 1046 amorem
2239 1006 2395 1046 suum
2448 996 2626 1045 vocat.
2696 987 2851 1064 Unde
2916 985 3368 1042 considerandum
3417 994 3530 1051 est,

1949 1096 2112 1152 quam
2138 1079 2458 1135 mirabiliter
2483 1078 2766 1133 nobiscum
2797 1083 2853 1131 et
2882 1074 3308 1132 misericorditer
3344 1092 3534 1148 opera-

1952 1179 2058 1240 tur,
2093 1171 2186 1243 qui
2214 1178 2273 1225 ut
2297 1184 2393 1225 cor
2411 1179 2657 1224 nostrum
2687 1168 2754 1222 ad
2778 1166 3180 1238 instigationem
3207 1166 3350 1222 sacri
3381 1181 3530 1222 amo-

1953 1265 2028 1320 ris
2074 1263 2421 1326 accenderet,
2468 1275 2640 1332 usque
2684 1261 2752 1315 ad
2806 1260 2978 1330 turpis
3027 1260 3252 1326 amoris,
3295 1269 3356 1315 ut
3397 1275 3536 1332 papa

1951 1355 2246 1426 Gregorius
2289 1354 2529 1424 exponit,
2581 1351 2745 1407 verba
2787 1351 3097 1407 descendet.
3155 1349 3264 1408 Sed
3307 1351 3451 1406 unde
3481 1365 3541 1406 se

1951 1447 2220 1518 loquendo
2249 1445 2519 1510 humiliat,
2551 1444 2676 1499 inde
2705 1459 2804 1499 nos
2837 1443 2902 1498 ad
2934 1443 3269 1506 intellectum
3308 1442 3538 1508 exaltat,

1953 1538 2080 1609 quia
2121 1554 2190 1594 ex
2215 1537 2557 1593 sermonibus
2587 1536 2749 1606 hujus
2775 1535 2978 1590 amoris
3005 1535 3266 1591 discimus
3293 1551 3399 1606 qua
3430 1536 3543 1590 vir-

1956 1638 2071 1686 tute
2095 1631 2152 1684 in
2179 1628 2480 1684 divinitatis
2511 1643 2697 1683 amore
2725 1625 3052 1684 ferveamus.
3087 1627 3202 1684 Hoc
3229 1639 3411 1682 autem
3439 1645 3540 1684 no-

1954 1723 2040 1778 bis
2067 1722 2297 1778 solerter
2323 1723 2638 1778 intuendum
2679 1729 2784 1787 est,
2814 1735 2882 1775 ne
2907 1737 3031 1776 cum
3059 1722 3226 1777 verba
3254 1721 3544 1779 exterioris

255 1832 630 1904 expositorum
680 1833 938 1889 nom,“an
982 1833 1362 1904 compaginam
1398 1844 1464 1887 ex
1495 1829 1845 1895 multimodis,
1877 1819 1927 1882 B
1955 1815 2159 1871 amoris
2184 1815 2512 1880 audivimus,
2547 1813 2616 1868 ad
2646 1813 2918 1869 exteriora
2951 1814 3232 1869 scntienda
3262 1829 3546 1870 remanea-

253 1924 501 1981 breviter
523 1925 814 1982 recidendo
838 1923 1110 1991 videlicet,
1141 1923 1373 1994 demptis
1402 1921 1690 1994 superﬂuis
1712 1921 1856 1998 mul-g

255 2017 487 2083 timoda,
518 2016 941 2075 nonnulla'vero
988 2031 1056 2072 ex
1075 2015 1464 2088 prolixioribus
1505 2031 1726 2072 sensum
1755 2030 1851 2070 eo-

257 2124 382 2162 rum
404 2117 694 2179 sequentes
719 2109 1046 2182 conjungere
1066 2109 1425 2178 decerpendo,
1457 2108 1638 2179 aliqua
1665 2118 1854 2164 nostra

255 2199 660 2268 interpolando,
693 2208 1046 2273 augmentare
1093 2201 1403 2257 censuimus
1452 2200 1716 2271 longiora.
1761 2198 1856 2256 Sic

255 2288 518 2343 nimirum
545 2289 624 2346 sic
648 2290 879 2346 diversis
906 2289 1260 2346 allusionibus
1292 2291 1601 2345 dramatum
1628 2305 1856 2360 percur-

255 2378 510 2434 rentibus
536 2377 720 2434 brevia
748 2387 1008 2452 syrmata,
1031 2395 1153 2450 qua:
1173 2380 1413 2436 vicissim
1446 2380 1713 2436 nectendo
1735 2393 1858 2434 sen-

259 2469 557 2524 tentiarum
601 2469 824 2540 explere
871 2469 1110 2525 libellum
1157 2470 1511 2536 sancivimus,
1542 2484 1650 2524 non
1689 2467 1858 2538 perti-

259 2570 574 2618 mescentes
617 2576 712 2618 eos
741 2563 835 2633 qui
878 2577 1072 2619 nasum
1106 2562 1272 2638 veluti
1323 2564 1596 2634 sapientes
1642 2569 1860 2617 contor-

262 2663 459 2724 quent,
482 2670 586 2710 nec
616 2670 712 2711 eos
750 2655 841 2726 qui
865 2657 1226 2727 promptiores
1255 2656 1320 2711 ad
1347 2655 1856 2727 reprehendendum

261 2759 434 2816 quam
481 2745 548 2800 ad
597 2745 960 2814 imitandum,
1015 2747 1216 2818 quique
1264 2746 1408 2818 quod
1457 2747 1859 2817 reprehendere

263 2837 656 2894 subsannando
708 2839 1025 2906 moliuntur,
1057 2839 1354 2912 adimplere
1402 2847 1699 2912 nequeunt.
1741 2838 1854 2895 Sci-

262 2943 657 3010 mus'namque
704 2930 907 2987 scimus
949 2931 1095 3001 quod
1133 2939 1401 2987 concentu
1432 2931 1622 3002 organi
1667 2930 1860 2986 ﬁstulae

263 3018 412 3084 aeris,
447 3018 566 3074 aliae
595 3018 869 3092 longiores
919 3030 1066 3087 sunt,
1107 3021 1226 3078 alim
1272 3021 1577 3088 breviores,
1612 3021 1707 3078 sed
1751 3036 1861 3077 uno

264 3107 400 3164 ﬂatu
442 3109 660 3166 follibus
700 3111 1098 3180 administrato,
1151 3122 1206 3170 et
1251 3113 1410 3170 docta
1470 3128 1634 3168 manu
1690 3113 1861 3184 impe-

265 3209 450 3266 rante,
481 3202 771 3273 digitisque
799 3205 1139 3261 attrectando
1162 3222 1326 3262 unam
1349 3247 1365 3274 ,
1399 3222 1525 3263 cum
1552 3207 1661 3262 sint
1685 3205 1862 3262 diver-

265 3306 347 3348 sae
374 3291 586 3358 ﬁstulae,
616 3295 955 3351 harmoniam
982 3297 1128 3352 velut
1149 3297 1385 3368 salpinx,
1409 3298 1663 3354 tubarum
1701 3313 1864 3354 voces

265 3391 441 3450 atque
466 3393 786 3439 concentum
827 3385 969 3442 dulci
995 3387 1264 3442 cantilena
1289 3388 1460 3444 melos
1499 3387 1746 3454 amando,
1773 3396 1861 3442 at-

264 3473 468 3529 tonitis
513 3475 734 3531 auribus
764 3477 1004 3534 suaviter
1031 3479 1281 3534 reddunt.
1312 3478 1406 3535 Sic
1453 3469 1698 3550 profecto
1737 3494 1861 3535 cum

267 3565 386 3620 sint
411 3564 531 3620 aliae
555 3567 842 3623 sententia:
869 3567 1144 3640 longiores
1170 3571 1362 3626 recisis
1391 3570 1696 3642 superﬂuis,
1720 3571 1865 3626 aliae-

266 3671 379 3726 que
437 3655 719 3715 breviores
767 3660 966 3716 additis
1017 3662 1383 3730 necessariis,
1438 3661 1600 3717 ﬂante
1655 3661 1865 3734 Spiritu

266 3753 464 3802 sancto
491 3762 592 3818 per
619 3763 818 3819 corpus
855 3765 1022 3805 unum
1051 3750 1352 3822 imperante
1379 3767 1542 3806 manu
1569 3751 1864 3823 digitisque

267 3838 472 3909 stylum
501 3840 867 3911 tangentibus,
893 3840 1136 3896 vicissim
1165 3841 1552 3913 conglutinatis
1578 3841 1864 3898 sententiis

267 3927 597 3984 dictationes
625 3930 1017 3986 enchiridionis
1045 3931 1264 4003 explere
1286 3933 1403 3988 ausi
1433 3933 1660 3998 erimus,
1692 3931 1864 3986 admi-

267 4021 548 4078 niculante
600 4024 694 4080 illo
723 4025 815 4096 qui
865 4025 921 4080 in
959 4027 1065 4082 hoc
1103 4025 1245 4083 libro
1291 4028 1359 4084 de
1410 4028 1666 4083 Ecclesiae
1708 4026 1865 4083 donis

266 4113 552 4184 permistis
576 4115 652 4170 ait
672 4115 987 4186 prophetice
1015 4131 1030 4170 :
1060 4116 1269 4188 Cyprus
1293 4133 1417 4175 cum
1437 4119 1630 4183 nardo,
1659 4116 1864 4172 nardus

269 4204 398 4258 cuin
423 4219 606 4271 croco,
649 4205 826 4262 ﬁstula
867 4215 923 4263 et
947 4223 1328 4280 cynamomum
1357 4224 1480 4264 cum
1511 4207 1781 4263 universis
1801 4206 1867 4261 li-

271 4293 397 4364 gnis
445 4293 657 4361 Libani,
692 4297 914 4368 myrrha
941 4305 997 4352 et
1042 4297 1190 4365 aloe,
1227 4313 1354 4354 cum
1397 4299 1646 4354 omnibus
1675 4296 1866 4369 primis

271 4387 586 4458 unguentis.
621 4385 730 4442 Sed
767 4388 1002 4458 qualiter
1046 4389 1164 4444 istae
1211 4389 1444 4446 virtutes
1489 4389 1747 4445 Ecclesiae
1790 4386 1866 4442 al-

272 4479 544 4536 ternando
573 4479 677 4536 sibi
717 4482 1020 4551 permistim
1055 4482 1414 4549 concinnant,
1446 4483 1502 4537 in
1537 4498 1636 4538 suo
1685 4490 1866 4554 poste-

272 4589 398 4628 rum
429 4574 671 4629 dicemus
697 4575 838 4630 loco.
871 4575 1026 4632 Unde
1045 4573 1157 4644 jam
1190 4577 1408 4632 tandem
1439 4577 1663 4648 supplex
1685 4551 1860 4634 exoro
1885 4551 1942 4612 D

251 4665 445 4721 decus
482 4667 761 4738 augustale
787 4682 940 4738 reque
968 4677 1024 4723 et
1065 4684 1159 4724 eos
1178 4668 1374 4738 quibus
1406 4668 1656 4724 fortassis
1685 4669 1867 4741 legere

271 4755 588 4826 contigerit,
611 4758 844 4828 utquod
871 4773 971 4827 ego
1001 4773 1152 4814 more
1178 4759 1513 4815 medicorum
1537 4775 1601 4815 ac
1620 4761 1866 4830 pigmen-

272 4847 569 4915 tariorum,
597 4849 689 4918 qui
719 4856 778 4903 ut
823 4849 1037 4905 diversa
1063 4858 1334 4922 unguenta
1358 4860 1414 4906 et
1455 4851 1696 4906 antidota
1731 4860 1866 4906 tem-

271 4941 511 5012 peratim
556 4940 766 5011 possint
808 4955 1156 5011 componere,
1181 4942 1428 4999 bilanciis
1457 4951 1674 4998 staterae
1711 4957 1867 5013 teque

271 5031 584 5102 ponderare
609 5040 882 5104 satagunt,
913 5041 974 5088 ut
1003 5049 1107 5088 una
1133 5035 1361 5090 alteram
1390 5052 1495 5090 non
1527 5037 1865 5106 superabun-

197 5145 202 5150 ε
272 5119 392 5187 det,
417 5136 519 5177 nec
542 5121 611 5177 de
634 5122 756 5177 aliis
785 5123 965 5179 minus
985 5123 1138 5179 utilia
1161 5125 1561 5196 derelinquant,
1592 5127 1686 5180 sed
1711 5141 1868 5198 azqua

274 5212 440 5268 lance
480 5229 578 5270 sua
605 5224 954 5285 componant,
1003 5217 1186 5274 studui
1225 5219 1418 5289 aequali
1472 5219 1626 5276 lance
1671 5221 1870 5276 mentis

276 5305 550 5360 trutinare
591 5308 912 5373 sententias,
945 5315 1004 5363 et
1043 5309 1206 5364 mella
1230 5309 1628 5380 quodammodo
1654 5320 1708 5366 et
1730 5311 1871 5366 anti-

276 5403 410 5460 dota
440 5403 744 5461 animarum
773 5421 1119 5478 componere,
1145 5423 1251 5463 non
1281 5408 1563 5465 horrescat
1587 5425 1688 5466 nec
1715 5425 1871 5481 squa-

275 5495 476 5562 lescat,
504 5496 598 5552 sed
619 5496 863 5569 diligenti
891 5500 1083 5570 exagio
1109 5499 1390 5556 lustrando
1415 5503 1678 5576 perlegat,
1711 5512 1875 5576 atque

277 5591 642 5648 medicamina
675 5592 868 5646 anima:
922 5601 1199 5664 gratanter
1247 5595 1551 5668 investiget.
1588 5596 1692 5653 Sed
1723 5607 1876 5653 ante-

281 5697 450 5753 quam
475 5681 850 5752 prolegomcna
875 5681 942 5737 ad
993 5683 1196 5740 calcem
1229 5687 1528 5756 perveniat,
1575 5690 1876 5745 notandum

280 5775 540 5856 estquod
567 5776 620 5838 in
648 5775 750 5834 hoc
772 5775 912 5832 libro
937 5775 1014 5832 nil
1036 5779 1256 5834 carnale
1283 5779 1466 5852 nilque
1487 5781 1770 5840 historiale
1791 5797 1875 5839 re-

769 5871 1048 5936 Pa'rnon.
1099 5870 1300 5938 CXV.

1954 1920 2093 1961 mus.
2131 1905 2222 1962 Sic
2247 1913 2332 1962 est
2360 1905 2508 1961 enim
2539 1904 2820 1975 Scriptura
2848 1903 2964 1960 haec
3013 1904 3069 1959 in
3097 1904 3272 1972 vobis,
3301 1905 3442 1960 sicut
3466 1905 3548 1978 pi-

1955 2005 2110 2053 ctura
2135 1998 2191 2052 in
2221 1997 2498 2053 coloribus
2522 2005 2578 2050 et
2611 1996 2794 2051 rebus.
2841 1995 2906 2050 Et
2936 1995 3100 2050 nimis
3122 1996 3320 2052 stultus
3339 2004 3424 2053 est
3453 1998 3548 2068 qui

1956 2091 2037 2147 sic
2061 2091 2334 2148 coloribus
2368 2090 2594 2160 picturae
2623 2089 2905 2154 inhaereat,
2936 2096 2999 2142 ut
3042 2103 3132 2144 res
3169 2089 3403 2161 ignoret.
3437 2087 3548 2144 Nos

1955 2182 2102 2237 enim
2141 2182 2186 2237 si
2212 2181 2378 2239 verba
2421 2196 2542 2250 quae
2586 2180 2830 2235 exterius
2860 2179 3120 2236 dicuntur
3168 2179 3550 2251 amplectimur

1956 2279 2011 2330 et
2036 2287 2227 2330 sensus
2255 2274 2590 2345 ignoramus,
2635 2273 2790 2342 quasi
2819 2272 3132 2342 ignorantes
3179 2287 3268 2328 res
3306 2287 3427 2342 quae
3457 2272 3551 2328 de-

1955 2371 2117 2442 picta:
2140 2380 2268 2426 sunt
2291 2371 2434 2426 solos
2462 2371 2671 2427 colores
2697 2379 2962 2427 tenemus.
3006 2370 3222 2426 Scimus
3249 2369 3396 2426 enim
3422 2368 3550 2439 quia

1955 2471 2245 2532 postquam
2290 2478 2460 2534 genus
2493 2463 2796 2518 humanum
2839 2478 2871 2517 a
2918 2463 3157 2533 paradisi
3208 2462 3420 2534 gaudiis
3456 2476 3553 2516 ex-

1955 2553 2170 2625 pulsum
2201 2561 2305 2621 est,
2336 2563 2392 2610 et
2419 2555 2476 2609 in
2513 2555 2672 2610 istam
2717 2554 3214 2625 peregrinationem
3242 2553 3368 2607 vitae
3408 2567 3550 2622 pra:-

1959 2648 2128 2702 sentis
2177 2649 2422 2713 veniens,
2453 2663 2656 2704 caecum
2687 2663 2784 2703 cor
2827 2648 2897 2703 ab
2952 2646 3218 2717 spirituali
3273 2647 3551 2702 intellectu

1957 2737 2142 2793 habet.
2169 2738 2268 2794 Cui
2298 2754 2442 2794 caeco
2471 2739 2623 2794 cordi
2652 2739 2698 2794 si
2740 2739 3016 2793 diceretur
3060 2753 3195 2794 voce
3231 2739 3510 2793 Dominica
3536 2743 3556 2791 ε’

1921 2875 1923 2878 .
1959 2842 2188 2898 sequere
2219 2828 2390 2884 Deum
2419 2829 2506 2885 vel
2533 2828 2697 2899 dilige
2721 2831 2908 2894 Deum,
2935 2844 3033 2898 per
3063 2835 3339 2898 torporem
3371 2828 3555 2883 insen-

1959 2918 2233 2976 sibilitatis
2276 2919 2532 2990 frigidum
2571 2934 2680 2974 non
2721 2927 2943 2990 caperet
2970 2919 3115 2991 quod
3159 2918 3390 2974 audiret.
3425 2918 3558 2974 Pru-

1959 3022 2148 3083 pterea
2178 3027 2276 3084 per
2304 3013 2552 3083 quaedam
2579 3012 2868 3084 aenigmata
2905 3026 3084 3067 sermo
3113 3011 3326 3066 divinus
3356 3011 3555 3066 anima:

1964 3105 2202 3174 torpenti
2233 3113 2288 3161 et
2310 3104 2517 3175 frigidae
2546 3105 2808 3175 loquitur,
2833 3113 2890 3160 et
2918 3105 2986 3160 de
3013 3103 3178 3159 rebus
3201 3119 3338 3174 quas
3361 3103 3514 3158 n0vit
3538 3117 3553 3156 :

1888 3187 1934 3252 C
1965 3199 2200 3255 latenter
2229 3200 2466 3254 insinuat
2496 3214 2736 3255 amorem
2765 3214 2927 3269 quem
2951 3213 3058 3253 non
3087 3197 3257 3262 novit,
3286 3205 3344 3252 et
3363 3197 3560 3252 animat

1967 3290 2129 3363 longe
2155 3307 2184 3344 a
2214 3291 2325 3346 Deo
2365 3290 2508 3345 infra
2545 3293 2756 3361 positae,
2793 3301 2853 3345 ut
2872 3290 3131 3360 praefatus
3157 3299 3418 3346 tractator
3459 3289 3556 3356 ait,

1967 3385 2124 3455 quasi
2152 3383 2442 3455 quamdam
2470 3384 2779 3439 machinam
2810 3382 2963 3448 fecit,
2991 3391 3052 3436 ut
3083 3398 3182 3453 per
3227 3381 3374 3437 illam
3415 3381 3562 3456 leve-

1967 3484 2058 3531 tur
2085 3476 2153 3531 ad
2182 3475 2374 3530 Deum.
2403 3475 2750 3545 Interpositis
2777 3474 2977 3545 quippe
3001 3473 3398 3545 aenigmatibus,
3431 3474 3561 3529 dum

1968 3568 2225 3641 quiddam
2271 3569 2326 3623 in
2371 3569 2555 3624 verbis
2607 3568 2886 3640 cognoscit
2938 3568 3082 3638 quod
3132 3583 3291 3624 suum
3337 3577 3442 3635 est,
3504 3569 3561 3624 in

1968 3675 2132 3717 sensu
2159 3662 2450 3718 verborum
2477 3661 2728 3734 intelligit
2753 3661 2896 3731 quod
2924 3676 3032 3718 non
3060 3669 3144 3718 est
3167 3677 3348 3728 suum,
3379 3670 3434 3717 et
3461 3677 3560 3734 per

1967 3761 2187 3809 terrena
2214 3754 2381 3808 verba
2410 3760 2702 3823 sperantur
2743 3760 2970 3807 aeterna.
3001 3751 3230 3818 Idcirco,
3261 3767 3296 3807 o
3322 3752 3564 3808 invictis-

1969 3846 2108 3901 sime
2127 3845 2331 3912 Caesar,
2363 3860 2588 3901 oramus
2613 3852 2673 3900 ut
2711 3845 2844 3900 nihil
2869 3845 2924 3900 in
2954 3846 3060 3900 hoc
3081 3845 3357 3902 volumine
3392 3846 3568 3902 histo-

1969 3935 2178 3990 rialiter
2205 3935 2472 4005 requiras,
2501 3936 2598 3990 sed
2628 3934 2789 3992 ﬂores
2814 3936 3194 4008 allegoriarum
3222 3953 3346 3994 cum
3369 3938 3566 3996 morali

1969 4024 2252 4080 intellectu
2310 4025 2636 4096 investiges,
2670 4041 2831 4096 quem
2870 4027 3193 4096 quibusdam
3231 4029 3288 4083 in
3336 4028 3471 4084 locis
3493 4029 3566 4086 ob

1969 4124 2121 4172 tuam
2149 4117 2582 4174 consolationem
2626 4119 2950 4176 subnectere
2979 4122 3340 4188 decrevimus,
3372 4137 3442 4178 ne
3471 4138 3564 4180 εο-

1970 4209 2249 4265 lummodo
2296 4209 2679 4282 allegoriarum
2735 4209 3090 4267 allusionibus
3136 4227 3388 4281 pressus,
3441 4213 3561 4270 vio-

1971 4301 2147 4358 lenter
2173 4311 2357 4358 vestra
2407 4301 2670 4358 celsitudo
2721 4303 2963 4358 theorica
3019 4303 3247 4376 legendo
3301 4303 3566 4360 fastidiat.

1945 4393 2172 4458 ,Audiat
2203 4393 2369 4449 etiam
2391 4393 2532 4463 quod
2555 4409 2654 4464 per
2679 4393 2929 4448 eumdem
2957 4392 3300 4450 Salomonem
3329 4395 3564 4451 dicitur'

1981 4503 2000 4537 ι
2039 4483 2229 4540 Gloria
2256 4483 2351 4539 Dei
2379 4483 2557 4539 celare
2581 4485 2808 4540 verbum
2837 4491 2894 4539 et
2919 4484 3089 4556 gloria
3128 4501 3314 4557 regum
3347 4487 3569 4543 investi-

1969 4592 2100 4649 gare
2122 4592 2428 4632 sermonem
2461 4574 2647 4646 (Prov.
2682 4579 2760 4649 ν).
2801 4595 2822 4629 ι
2855 4575 3019 4632 Menti
3049 4579 3193 4632 enim
3223 4579 3392 4635 Deum
3419 4597 3566 4652 quae-

1970 4671 2132 4735 renti,
2157 4679 2309 4724 tanto
2332 4669 2476 4746 Deus
2503 4670 2794 4741 gloriosius
2815 4681 3059 4741 apparet,
3084 4681 3289 4742 quanto
3315 4675 3566 4750 subtilius

1970 4761 2330 4832 investigatur
2355 4769 2414 4815 ut
2436 4769 2716 4831 appareat.
2743 4761 3014 4818 Debemus
3044 4764 3228 4833 itaque
3251 4765 3394 4836 quod
3419 4767 3566 4820 Deus

1969 4853 2245 4926 mysteriis
2313 4851 2453 4908 celat
2523 4853 2820 4922 requirere.
2884 4854 3118 4925 Ideoque
3169 4857 3465 4926 sequitur:
3507 4865 3565 4912 et

1970 4945 2142 5016 gloria
2182 4959 2372 5015 regum
2421 4943 2753 5015 investigare
2781 4959 3109 5002 sermonem.
3140 4947 3242 5014 Qui
3287 4947 3431 5001 enim
3458 4963 3567 5003 non

1975 5033 2314 5090 solummodo
2354 5042 2546 5106 regnat
2589 5041 2880 5102 terrarum,
2921 5036 3016 5091 sed
3066 5050 3293 5106 corpora
3323 5051 3440 5102 sua,
3480 5038 3569 5093 vel

1973 5134 2156 5181 motus
2184 5125 2368 5181 carnis
2409 5139 2600 5196 regere
2641 5135 2696 5181 et
2727 5126 3058 5199 investigare
3086 5135 3375 5193 noverunt,
3408 5143 3569 5199 reges

1975 5230 2120 5277 sunt.
2149 5221 2354 5290 Quibus
2379 5230 2437 5278 et
2481 5237 2580 5293 per
2607 5221 2951 5278 Psalmistam
2978 5223 3179 5279 dicitur
3203 5240 3218 5277 :
3253 5240 3273 5275 ‹
3303 5222 3384 5280 Et
3401 5239 3566 5292 nunc,

1975 5327 2131 5382 reges
2155 5353 2171 5380 ,
2223 5311 2541 5384 intelligite,
2583 5313 2896 5382 erudimini,
2939 5314 3031 5384 qui
3067 5311 3327 5381 iudicatis
3367 5323 3571 5372 terram

1983 5403 2157 5477 (Psal.
2180 5405 2267 5478 ιι),
2291 5425 2309 5457 ι
2332 5413 2389 5460 et
2411 5404 2643 5476 reliqua.
2669 5404 2875 5478 Regum
2903 5419 3036 5476 ergo
3053 5403 3225 5477 gloria
3238 5414 3325 5462 est
3348 5406 3574 5464 investi-

1957 5511 2112 5570 gare
2155 5511 2485 5566 sermonem,
2537 5496 2664 5568 quia
2700 5496 2836 5552 bene
2872 5497 3167 5552 viventium
3193 5497 3314 5554 laus
3338 5507 3422 5555 est
3440 5515 3569 5573 per-

1982 5590 2216 5646 scrutari
2265 5599 2476 5647 secreta
2521 5589 2905 5645 mandatorum
2963 5587 3076 5644 Dei.
3134 5588 3392 5646 Scrutare
3440 5606 3572 5664 ergo

1983 5686 2372 5758 gloriosissime
2420 5685 2718 5755 imperator
2764 5683 3082 5754 scripturas,
3137 5683 3406 5756 quatenus
3453 5701 3574 5757 my,

1985 5779 2150 5835 steria
2178 5777 2359 5834 divina
2385 5775 2720 5847 penetrando
2747 5783 2803 5832 et
2833 5776 3184 5849 intelligendo
3211 5777 3476 5842 desideria
3517 5787 3572 5845 et

3056 5873 3131 5947 18
