4078 6340
563 351 671 408 555
1606 342 1961 403 ANGELOMI
1998 340 2463 400 LUXOV‘lE-NSIS
2501 340 2815 403 nomen!
3008 316 3015 319 Α
3752 350 3874 412 εει

561 477 744 526 motus
786 466 968 525 carnis
1022 466 1351 540 investigare
1376 473 1431 523 et
1460 479 1647 538 regere
1676 472 1859 521 vestra
1887 462 2158 534 sapientia
2184 464 2237 527 Α
2265 461 2412 530 tatis,
2440 462 2659 518 tandem
2688 463 2757 518 ad
2778 477 2845 519 ea
2886 476 3007 537 quae
3052 465 3366 537 imperastis
3387 467 3591 541 stylum
3640 468 3875 531 ledere

562 570 617 619 et
641 561 862 618 solertia
891 569 1228 632 caeterosque
1277 560 1506 631 imperio
1533 567 1717 614 vestro
1754 556 2030 628 subjectos
2058 558 2159 613 do-
2262 554 2600 611 conabimur.
2631 554 2828 612 Valeat
2846 570 3065 628 semper
3086 557 3141 612 in
3179 556 3398 615 Christo
3429 562 3717 633 prosperis
3742 578 3873 621 sue-

560 667 706 718 cere,
752 660 807 706 et
856 660 1011 706 actus
1047 649 1336 723 prudentia
1371 648 1729 721 consultuque
1777 649 2175 724 honestissime;
2264 647 2509 706 cessibus
2529 646 2782 720 potiendo
2801 648 2974 723 gloria
2996 657 3204 719 vestra,
3226 650 3505 724 decusque
3521 652 3872 712 Francorum

562 698 706 718 νων,
754 698 807 706 ν-
856 698 1010 706 -.-ην
1047 698 1336 723 rw“---
1375 698 1728 721 --η----Ἷη
1778 698 2156 704 ------_-----m
2268 698 2506 706 ---π--

557 747 868 822 gubernare
896 743 1092 798 valeat.
1124 741 1222 799 His
1249 742 1432 815 itaque
1460 741 1780 816 praelibatis,
1821 742 1932 801 imo
1959 698 2175 813 efﬂagi-g
2263 754 2509 800 oramus.

563 864 3847 892 Μ

1654 1015 2203 1137 INCIPIT
2273 1018 2707 1137 LIBER

630 1311 955 1383 Priusquam
980 1280 1277 1385 iaugustale
1321 1314 1486 1369 decus
1517 1311 1586 1367 ad
1615 1309 1826 1368 ﬁstulas
1850 1309 2153 1368 harmoniae
2259 1310 2369 1366 loth
2398 1308 2691 1383 appellant.
2723 1307 3105 1375 Ecclesiasten,
3129 1322 3293 1381 quem
3308 1314 3364 1367 et
3387 1308 3486 1379 illi,
3514 1319 3577 1367 ut
3597 1311 3863 1384 diximus,

551 1403 872 1477 spiritualis,
892 1402 1149 1459 videlicet
1188 1403 1567 1477 allegoriarum
1606 1411 1901 1461 concentus
1924 1418 2152 1459 manum
2262 1398 2511 1458 Cohelcth
2549 1402 2850 1458 nominant.
2901 1400 2971 1455 Et
3022 1399 3244 1455 Cantica
3295 1402 3630 1458 canticorum
3695 1420 3864 1478 quem

550 1498 620 1555 ad
667 1497 1038 1563 scribendum,
1092 1484 1257 1553 flante
1306 1495 1511 1569 Spiritu
1543 1504 1751 1561 sancto,
1791 1509 2049 1563 exeram,
2094 1503 2150 1552 et

549 1587 774 1661 abyssos
803 1586 1030 1643 theoriaa
1051 1586 1173 1643 vela
1197 1585 1488 1659 pandendo
1519 1585 1786 1657 historiae,
1818 1584 1940 1656 styli
1971 1583 2147 1643 ollicio

547 1688 788 1754 tangam,
838 1680 1005 1738 veluti
1046 1681 1186 1737 clavi
1238 1681 1423 1739 abdita
1476 1681 1668 1737 domus
1722 1695 1989 1744 reseram.
2037 1694 2146 1750 quo

2259 1493 2419 1551 Schir
2454 1493 2705 1550 aschirim
2748 1501 3055 1564 praenotant
3082 1501 3138 1549 et
3173 1494 3275 1550 hos
3318 1495 3636 1553 rationabili
3668 1499 3863 1557 ordine

2256 1586 2525 1642 distinxit.
2549 1585 2609 1641 In
2636 1584 2945 1645 Proverbiis
2967 1598 3201 1656 namque
3230 1585 3517 1656 parvulum
3545 1587 3779 1655 docens,
3808 1598 3863 1651 et

2254 1676 2413 1749 quasi
2434 1676 2500 1732 de
2526 1674 2717 1732 olIiciis
2740 1690 2839 1747 per
2861 1674 3161 1733 sententias
3184 1676 3443 1733 erudiens
3466 1719 3482 1743 ,
3530 1680 3680 1735 unde
3709 1690 3768 1736 et
3794 1682 3863 1737 ad

545 1771 764 1831 facilius
786 1773 1053 1829 interiora
1074 1773 1336 1846 mysteria
1360 1772 1689 1837 revelantur,
1720 1772 1777 1827 in
1801 1780 2147 1844 argumenta-
2174 1800 2225 1865 Β
2251 1766 2423 1823 filium
2455 1764 2572 1837 ejus
2618 1778 2800 1822 sermo
2845 1766 3038 1865 crebro
3082 1766 3374 1865 reperitur.
3427 1767 3488 1822 In
3518 1766 3863 1826 Ecclesiaste

546 1865 695 1929 tione
716 1864 842 1921 fidei
864 1865 1156 1921 ostendere
1190 1864 1429 1932 decrevi,
1452 1879 1624 1935 quare
1646 1865 1748 1920 iste
1779 1864 1921 1923 liber
1949 1864 2146 1921 tertius

546 1958 602 2015 in
630 1957 909 2029 opusculis
959 1956 1273 2015 Salomonis
1317 1957 1559 2033 ponitur,
1605 1966 1661 2013 et
1698 1955 2147 2029 quidosignifica-

544 2049 715 2107 tionis
752 2058 997 2121 geratur,
1045 2046 1266 2121 cuiusve
1306 2048 1430 2105 vitm
1474 2056 1662 2120 typum
1690 2048 1890 2104 habere
1934 2063 2146 2105 assera-

546 2148 657 2208 tur,
690 2140 853 2196 simul
891 2141 1055 2196 etiam
1097 2140 1296 2211 quibus
1344 2141 1656 2197 nominibus
1682 2149 1870 2196 sancta
1896 2140 2145 2197 Ecclesia

544 2233 600 2290 in
643 2234 748 2290 hoc
791 2232 982 2289 eodem
1034 2232 1175 2289 libro
1203 2232 1543 2299 inscribitur,
1591 2248 1691 2288 cur
1737 2248 1956 2304 quoque
1999 2233 2144 2290 idem

541 2323 799 2380 volumen
835 2339 945 2380 non
987 2323 1312 2396 simpliciter
1355 2323 1667 2390 Canticum,
1716 2325 1812 2381 sed
1858 2324 2143 2381 Canticum

542 2417 888 2474 canticorum
932 2415 1234 2488 appellatur
1282 2430 1298 2469 :
1353 2417 1423 2471 ad
1471 2425 1774 2472 extremum
1837 2417 2143 2489 quibusque

550 2508 809 2566 Salomon
833 2508 887 2563 in
930 2506 1228 2581 Scripturis
1261 2507 1463 2564 sanctis
1491 2506 1801 2563 nominibus
1832 2507 2139 2578 insigniter,

454 2592 463 2605 ’
541 2607 604 2657 ιιι
640 2606 837 2655 cuncta
883 2599 1037 2668 prius
1083 2597 1414 2671 praelibando
1456 2597 1583 2652 dum
1632 2596 1832 2651 fuerint
1864 2595 2140 2668 praescita,

537 2690 597 2746 in
626 2700 904 2761 posterum
943 2689 1155 2747 facilius
1203 2699 1365 2760 atque
1409 2688 1620 2747 avidius
1649 2689 1935 2760 capiantur
1977 2703 2143 2760 expo-

543 2782 668 2837 sita.
709 2781 905 2838 Tribus
929 2796 1168 2852 namque
1194 2779 1507 2837 nominibus
1549 2788 1801 2836 vocatum
1844 2779 2010 2835 fuisse
2050 2777 2143 2834 Sa-

535 2872 809 2928 lomonem
842 2871 1139 2941 Scriptura:
1163 2870 1604 2927 manifestissime
1646 2871 1865 2927 docent.
1900 2869 2143 2926 Salomo-

537 2981 677 3031 nem,
693 2965 747 3019 id
768 2973 853 3020 est
871 2964 1175 3035 paciﬁcum,
1189 2979 1256 3019 eo
1274 2964 1416 3035 quod
1432 2965 1485 3019 in
1502 2978 1636 3034 pace
1656 2978 1882 3036 regnum
1899 2964 2143 3021 obtinue-

537 3058 631 3123 rit,
667 3068 723 3112 ct
744 3072 841 3128 per
863 3057 1152 3128 parabolas
1185 3056 1445 3127 populum
1472 3057 1757 3124 erudierit,
1786 3058 1842 3113 in
1863 3056 2139 3130 signiﬁca-

2248 1871 2381 1917 vero
2411 1863 2640 1911 maturae
2666 1856 2843 1912 aetatis
2865 1854 3053 1911 virum
3084 1855 3388 1924 instruens,
3417 1866 3479 1912 ut
3505 1873 3858 1932 nequaquam

2248 1948 2435 2005 mundi
2479 1950 2643 2005 rebus
2686 1948 2876 2004 credat
2922 1948 3128 2020 aliquid
3172 1964 3295 2006 esse
3348 1960 3708 2023 perpetuum,
3763 1956 3860 2013 sed

2247 2041 2453 2097 caduca
2473 2048 2529 2096 et
2556 2039 2739 2095 brevia
2780 2040 3034 2097 universa
3073 2054 3195 2111 quae
3231 2042 3640 2100 cernimusAd
3673 2054 3860 2103 extre-

2247 2149 2398 2191 mum
2432 2133 2549 2206 jam
2602 2141 3038 2190 consummatum
3074 2133 3274 2200 virum,
3307 2142 3363 2191 et
3393 2134 3610 2192 calcato
3656 2137 3859 2196 suacqu

2245 2232 2610 2300 prmparatum
2651 2223 2708 2279 in
2742 2223 2970 2280 Cantico
2999 2223 3341 2281 canticorum
3367 2226 3723 2298 amplexibus
3735 2229 3859 2300 jun-

2246 2317 2344 2388 git.
2377 2315 2493 2372 Nisi
2521 2298 2667 2371 enim
2701 2315 2854 2387 prius
2883 2315 3203 2387 reliquimus
3229 2316 3361 2372 vitia
3379 2359 3395 2385 ,
3424 2328 3482 2375 et
3510 2298 3859 2393 pompis—ste-

2247 2407 2353 2464 culi
2374 2407 2765 2473 renuntiantes,
2785 2407 3065 2477 expeditos
3088 2423 3188 2463 nos
3214 2410 3283 2463 ad
3311 2408 3607 2466 adventum
3638 2412 3853 2470 Christi

2244 2498 2637 2570 paraverimus,
2661 2512 2768 2552 non
2803 2497 3105 2568 poterimus
3146 2506 3371 2554 cantare
3393 2497 3689 2557 Canticum
3721 2518 3853 2559 can-

2247 2590 2501 2657 ticorum,
2536 2598 2591 2645 et
2620 2588 2839 2645 dicere:
2869 2608 2887 2640 ‹
2914 2588 3200 2645 Osculetur
3227 2604 3317 2646 me
3342 2588 3534 2647 osculo
3558 2592 3678 2650 oris
3699 2594 3808 2650 sui.
3828 2613 3850 2649 ι

2247 2680 2375 2739 Sive
2415 2681 2493 2737 ita
2520 2681 2793 2737 volumina
2843 2681 3035 2748 edidit,
3064 2682 3119 2736 in
3141 2682 3340 2754 quibus
3372 2682 3541 2741 trium
3581 2700 3854 2758 generum

2245 2759 2558 2843 disciplinas
2598 2773 2926 2844 composuit,
2972 2774 3171 2845 quibus
3217 2775 3287 2831 ad
3333 2789 3520 2832 rerum
3555 2778 3854 2837 scientiam

2243 2866 2577 2938 pervenitur.
2613 2864 2671 2920 In
2702 2865 2879 2937 primo
2910 2878 3146 2937 namque
3192 2865 3480 2937 moralem,
3510 2868 3567 2925 in
3600 2872 3850 2929 secundo

2243 2972 2376 3012 vero
2396 2956 2806 3025 naturaiem,ad
2827 2956 3076 3013 ultimum
3106 2958 3305 3035 quippe
3334 2960 3849 3033 contemplativam,

2244 3062 2381 3119 quas
2406 3044 2578 3102 Graeci
2615 3047 2690 3101 ita
2713 3047 3007 3117 ethnicam,
3030 3048 3336 3121 physicam,
3368 3057 3425 3105 et
3446 3050 3727 3108 theoriam
3754 3069 3853 3110 no-

536 3149 739 3203 tionem
769 3147 1070 3203 Salvatoris
1092 3147 1186 3218 qui
1208 3147 1491 3219 discipulis
1523 3150 1637 3205 suis
1662 3149 1769 3205 ait:
1795 3167 1814 3201 ‹
1836 3149 2031 3205 Pacem
2054 3165 2134 3205 re-

2245 3136 2610 3191 minaverunt.
2642 3135 2798 3193 Unde
2845 3152 2953 3192 non
2995 3137 3256 3194 abhorret
3281 3140 3350 3195 ab
3380 3138 3687 3209 intellectu,
3721 3142 3851 3215 quia

535 3240 724 3313 linquo
744 3239 916 3303 vobis,
944 3256 1134 3311 pacem
1158 3256 1338 3297 meam
1362 3241 1430 3298 do
1450 3242 1605 3298 vobis
1630 3242 1812 3315 (Joan.
1838 3243 1973 3316 Iuv).
2010 3264 2029 3298 ι
2063 3243 2133 3299 Et

536 3338 653 3408 ipse
694 3351 792 3408 per
840 3335 1129 3407 parabolas
1184 3336 1374 3392 turbas
1420 3337 1640 3407 docuit,
1698 3334 1767 3394 de
1813 3353 1919 3409 quo
1966 3338 2132 3395 etiam

538 3429 801 3500 scriptum
843 3436 974 3485 est:
1009 3447 1028 3479 ι
1068 3427 1516 3499 Multiplicabitur
1558 3429 1676 3498 ejus
1721 3430 2032 3502 imperium,
2078 3437 2134 3487 et

534 3520 688 3591 pacis
710 3536 818 3577 non
848 3521 952 3577 erit
980 3520 1103 3574 linis
1129 3519 1264 3593 (Isa.
1312 3520 1389 3592 ιι)
1425 3540 1442 3573 ι
1486 3528 1541 3575 et
1563 3520 1794 3593 reliqua.
1836 3522 1907 3576 Et
1944 3519 2130 3587 Idida,

537 3611 592 3668 id
613 3618 700 3668 est
719 3611 940 3668 dilectus
966 3611 1202 3678 Domini,
1234 3610 1487 3669 videlicet
1510 3612 1643 3683 quia
1660 3612 1812 3683 prius
1838 3627 1869 3668 a
1900 3612 2132 3668 Domino

536 3705 767 3762 dilectus
794 3704 983 3772 fuerit,
1011 3704 1266 3761 similiter
1302 3705 1359 3761 in
1384 3712 1573 3777 typum
1602 3706 1817 3762 Domini
1842 3705 1939 3777 qui
1975 3722 2007 3761 a
2036 3703 2135 3760 Pa-

536 3808 621 3856 tre
669 3798 899 3855 dilectus
952 3804 1058 3864 est,
1103 3796 1247 3853 sicut
1296 3797 1413 3869 ipse
1462 3797 1580 3854 ait:
1619 3816 1638 3851 ι
1676 3797 1776 3853 Hic
1822 3807 1906 3854 est
1955 3795 2131 3853 Filius

537 3906 692 3946 meus
720 3889 969 3955 dilectus,
998 3888 1054 3943 in
1080 3902 1190 3959 quo
1210 3886 1345 3942 mihi
1377 3885 1679 3959 complacui
1717 3885 1935 3961 (Matth.
1960 3890 2067 3961 ιιι).
2104 3906 2126 3941 ι

535 3980 604 4037 Ει
627 3978 895 4044 Cohcleth,
928 3978 983 4034 id
1010 3986 1094 4035 est
1144 3972 1517 4033 Ecclesiasten.
1562 3976 1922 4034 Ecclesiastes
1948 3986 2130 4033 autem

537 4071 727 4131 Graeco
749 4084 999 4126 sermone
1026 4068 1346 4141 appellatur,
1369 4082 1544 4143 eoque
1570 4077 1797 4136 coetum,
1825 4068 1879 4124 id
1911 4076 1996 4123 est
2020 4068 2127 4126 Ec-

538 4166 762 4227 clesiam
788 4171 1102 4237 congreget,
1128 4178 1291 4236 quem
1336 4177 1438 4218 nos
1486 4176 1802 4233 nuncupare
1839 4175 2131 4232 possumus

541 4260 983 4325 cancionatorcm,
1008 4258 1153 4330 quod
1174 4257 1429 4329 loquatur
1453 4256 1522 4311 ad
1555 4253 1835 4327 pupulum,
1867 4260 1921 4309 et
1949 4267 2131 4309 sermo

538 4354 659 4426 ejus
682 4369 789 4409 non
824 4351 1130 4431 specialiter
1154 4352 1223 4408 ad
1252 4366 1440 4417 unum,
1472 4350 1569 4407 sed
1602 4349 1672 4405 ad
1716 4349 2001 4404 universos
2036 4361 2131 4419 ge-

541 4445 799 4507 neraliter
839 4444 1120 4516 dirigatur,
1150 4443 1245 4515 qui
1274 4442 1420 4499 velut
1439 4449 1665 4499 extensa
1690 4456 1857 4497 manu
1885 4440 2128 4499 omnium

2243 3227 2382 3285 liber
2412 3228 2516 3285 iste
2553 3230 2609 3283 in
2634 3229 2912 3300 opusculis
2934 3229 3245 3287 Salomonis
3264 3230 3425 3287 tertio
3453 3231 3574 3289 loco
3596 3235 3845 3306 ponitur.

2234 3320 2293 3376 In
2338 3320 2647 3391 proverbiis
2688 3321 2876 3392 itaque
2928 3321 3149 3378 moralis
3193 3322 3305 3377 vita
3349 3324 3715 3397 exprimitur,
3756 3324 3846 3382 ubi

2237 3412 2438 3469 dicitur
2468 3430 2480 3467 :
2520 3432 2539 3466 ι
2574 3412 2735 3481 Audi,
2784 3413 2856 3469 fili
2888 3413 2983 3482 mi,
3010 3414 3333 3486 sapientiam
3365 3431 3543 3472 meam
3566 3458 3582 3483 ,
3616 3426 3677 3473 et
3712 3434 3847 3490 prn-

2237 3502 2434 3560 dentim
2471 3519 2608 3560 mem
2634 3504 2837 3561 inclina
2861 3520 3049 3561 aurem
3082 3515 3230 3563 tuam
3265 3503 3446 3581 (Prov.
3478 3506 3544 3581 ι).
3589 3528 3611 3562 ι
3652 3507 3713 3564 1n
3742 3509 3844 3567 Ec-

2235 3597 2485 3655 clesiaste
2514 3614 2644 3655 vero
2690 3599 2979 3657 naturalis.
3009 3600 3088 3657 Ibi
3116 3602 3316 3675 quippe
3347 3604 3493 3674 quod
3526 3606 3725 3662 omnia
3775 3605 3843 3663 ad

2235 3688 2398 3746 fidem
2428 3690 2666 3757 tendant,
2696 3692 3140 3761 considerantur,
3180 3693 3307 3750 dum
3334 3694 3538 3751 dicitur
3563 3715 3576 3751 :
3613 3717 3634 3749 ι
3666 3696 3838 3756 Vani-

2236 3789 2321 3838 tas
2354 3781 2676 3850 vanitatum,
2709 3791 2764 3840 et
2786 3785 2970 3840 omnia
3000 3784 3211 3841 vanitas
3235 3784 3427 3857 (Eccli.
3466 3788 3528 3861 ι).
3563 3809 3583 3842 ›
3612 3788 3676 3845 In
3702 3788 3841 3849 Can-

2234 3875 2360 3933 ticis
2392 3887 2575 3934 autem
2623 3877 2962 3935 canticorum
3014 3879 3437 3952 contemplativa
3483 3882 3601 3939 vita
3653 3885 3835 3958 expri-

2218 3968 2422 4036 ‘mitur,
2452 3970 2581 4025 dum
2611 3970 2667 4026 in
2691 3971 2772 4027 eis
2802 3970 2972 4043 ipsius
3001 3970 3217 4029 Domini
3258 3975 3522 4032 adventus
3574 3986 3633 4033 et
3680 3995 3838 4051 aspe-

2234 4066 2356 4115 ctus
2379 4061 2738 4129 desideratur,
2768 4077 2893 4118 cum
2922 4078 3135 4135 sponsae
3161 4079 3294 4123 voce
3320 4065 3519 4124 dicitur
3552 4087 3566 4123 :
3602 4087 3625 4122 ι
3668 4069 3838 4127 Oscu-

2234 4150 2379 4207 letur
2403 4167 2491 4207 me
2515 4151 2703 4208 osculo
2728 4151 2841 4208 oris
2876 4154 2979 4208 sui.
3014 4172 3034 4206 ι
3068 4150 3180 4211 Hos
3209 4156 3373 4213 etiam
3402 4158 3628 4215 ordines
3669 4161 3833 4217 trium

2234 4242 2668 4313 patriarcharum
2690 4244 2816 4299 vitae
2845 4242 3157 4317 significant
3190 4245 3484 4317 Abraham,
3524 4249 3715 4319 Isaac,
3753 4252 3833 4308 vi-

2235 4335 2432 4391 delicet
2466 4342 2521 4390 et
2550 4334 2733 4391 Iacob.
2765 4332 3127 4392 Moralitatem
3153 4337 3351 4409 quippe
3378 4337 3659 4399 Abraham
3701 4345 3831 4401 obe-

2236 4428 2432 4484 diendo
2462 4428 2634 4484 tenuit
2678 4428 2893 4500 quando
2926 4428 2993 4485 de
3038 4438 3181 4486 terra
3229 4446 3328 4487 sua
3371 4434 3524 4503 exiit,
3562 4443 3618 4493 et
3660 4438 3828 4495 filium

540 4539 803 4597 tumultus
833 4540 1006 4605 sedat,
1028 4551 1232 4608 eosque
1250 4538 1319 4592 ad
1342 4551 1508 4592 unam
1529 4536 1858 4593 sententiam
1884 4543 2124 4593 revocat.

2238 4520 2517 4577 immolare
2546 4536 2653 4576 non
2685 4516 2915 4577 distulit.
2947 4520 3102 4578 Isaac
3147 4538 3277 4579 vero
3308 4525 3612 4582 naturalem
3661 4530 3825 4589 vitam

540 4633 635 4691 Sic
678 4633 822 4689 idem
852 4633 1109 4688 Salomon
1138 4632 1195 4688 in
1236 4633 1340 4687 hoc
1380 4630 1520 4687 libro
1566 4630 1762 4688 fecisse
1797 4632 2126 4699 ostenditur,

537 4742 663 4785 cum
687 4726 742 4781 in
782 4725 905 4781 libri
941 4723 1173 4781 termino
1201 4723 1318 4779 ait:
1355 4742 1376 4775 ι
1425 4723 1614 4780 Finem
1644 4724 1899 4797 loquendi
1938 4740 2131 4783 omnes

538 4819 749 4891 pariter
770 4817 1054 4873 audiamus
1081 4834 1094 4870 :
1128 4816 1297 4871 Deum
1326 4815 1476 4883 time,
1520 4826 1572 4873 et
1596 4817 1851 4873 mandata
1888 4817 2006 4888 eius
2034 4817 2130 4875 ob—

539 4924 719 4976 serva,
741 4910 847 4965 hoc
866 4918 951 4965 est
971 4906 1117 4964 enim
1143 4907 1321 4963 omnis
1346 4906 1507 4963 homo
1531 4906 1724 4980 (Eccli.
1751 4907 1898 4983 XIII),
1932 4928 1950 4961 ι
1978 4908 2131 4965 illum

536 5001 895 5072 praeﬁgurans
916 4998 1011 5070 qui
1030 5014 1139 5054 non
1160 4997 1336 5054 solum
1372 5014 1562 5070 pacem
1600 4999 1802 5067 intulit,
1826 5009 1882 5055 et
1902 4999 2128 5057 dilectus

538 5090 653 5149 Deo
679 5091 825 5149 Patri
856 5090 1084 5155 exstitit,
1117 5089 1213 5146 sed
1234 5090 1326 5161 qui
1357 5091 1608 5147 omnibus
1652 5091 1728 5145 ait
1754 5107 1769 5145 :
1801 5110 1821 5143 ι
1856 5089 2129 5145 Paeniten-

544 5186 673 5243 tiam
703 5186 845 5261 agite
867 5184 1368 5257 tappropinquabit
1407 5184 1553 5239 enim
1594 5199 1819 5257 regnum
1866 5181 2128 5239 caelorum

540 5275 762 5348 (Matth.
806 5275 892 5347 ιιι)
930 5296 949 5330 ›
980 5277 1075 5347 qui
1107 5294 1127 5327 ι
1178 5275 1359 5331 medio
1413 5274 1623 5346 pariete
1666 5274 1973 5341 destructo,
2017 5293 2036 5326 ι
2075 5280 2130 5330 et

542 5370 862 5429 inimicitias
910 5370 965 5427 in
1012 5383 1182 5427 carne
1240 5382 1342 5424 sua
1391 5381 1664 5423 evacuans
1711 5364 1841 5421 fecit
1896 5372 2129 5438 utraque

532 5476 735 5527 unum,
765 5462 964 5535 qunque
987 5461 1156 5521 Deum
1182 5462 1396 5529 timere,
1427 5471 1483 5517 et
1510 5460 1761 5517 mandata
1801 5457 1917 5529 eius
1941 5461 2122 5517 obser-

546 5565 677 5606 vare
709 5550 885 5623 jubet.
932 5552 1172 5624 Denique
1217 5553 1360 5611 sicut
1388 5550 1644 5609 Salomon
1680 5550 1850 5609 tribus
1887 5550 2127 5627 prmfatis

548 5643 857 5700 nominibus
885 5645 1182 5716 appellatus
1229 5655 1330 5713 est,
1363 5646 1442 5702 sic
1471 5644 1627 5717 juxta
1657 5661 1942 5700 numerum
1968 5661 2129 5701 voca-

550 5733 800 5789 bulorum
847 5736 950 5795 tria
983 5738 1251 5793 volumina
1297 5738 1498 5804 edidit,
1548 5736 1831 5793 Proverbia
1879 5738 2127 5794 videlicet

553 5840 677 5894 qua:
709 5843 805 5885 nos
832 5825 1122 5885 Parabolas
1158 5832 1529 5896 nominamus,
1559 5847 1696 5891 uuas
1722 5830 1933 5889 Hebraei
1981 5832 2127 5891 Mas-

2231 4622 2423 4691 puteos
2458 4612 2711 4668 fodiendo
2756 4611 3040 4686 ﬁguravit,
3072 4613 3181 4671 imo
3215 4615 3362 4672 enim
3406 4627 3601 4690 puteos
3637 4618 3825 4681 fodere

2233 4719 2336 4778 est,
2367 4726 2467 4784 per
2508 4710 3003 4767 considerationem
3036 4711 3345 4771 naturalem
3373 4715 3558 4773 omnia
3586 4732 3713 4788 qua:
3744 4717 3824 4775 in.

2232 4803 2311 4861 fra
2344 4813 2471 4863 sunt
2498 4804 2892 4877 perscrutando
2940 4805 3151 4863 rimari.
3193 4802 3364 4867 Iacob
3405 4824 3535 4866 vero
3578 4821 3823 4888 contem—

2229 4897 2485 4968 plativam
2515 4896 2686 4950 vitam
2733 4896 2939 4964 tenuit,
2966 4897 3061 4966 qui
3108 4900 3462 4957 ascendentes
3503 4909 3559 4957 et
3596 4900 3822 4960 descen-

2232 4986 2420 5041 dentes
2459 4985 2678 5057 augelos
2702 4985 2859 5041 vidit.
2892 4984 3001 5041 Sed
3045 4987 3172 5057 quia
3201 4991 3468 5049 naturalis
3508 4994 3821 5049 considera-

2232 5076 2307 5135 tio
2329 5077 2396 5133 ad
2423 5076 2813 5148 perfectionem
2860 5094 2968 5135 non
3002 5080 3241 5149 ducitur,
3269 5082 3374 5139 nisi
3415 5083 3569 5156 prius
3608 5088 3821 5143 morali-

2232 5177 2315 5224 tas
2344 5175 2616 5235 teneatur,
2646 5177 2793 5224 recte
2814 5176 2940 5241 post
2960 5169 3254 5229 Proverbia
3277 5172 3638 5232 Ecclesiastes
3661 5178 3820 5249 poni-

2229 5265 2339 5313 tur.
2374 5257 2443 5315 Et
2461 5259 2585 5330 quia
2614 5274 2849 5332 superna
2883 5261 3268 5335 contemplatio
3306 5280 3412 5321 non
3458 5267 3815 5338 conspicitur,

2229 5348 2335 5405 nisi
2358 5350 2509 5423 prius
2537 5352 2653 5407 haec
2671 5349 2812 5407 infra
2838 5349 3077 5408 labentia
3100 5352 3484 5427 despiciantur,
3520 5368 3672 5415 recte
3696 5368 3811 5431 pos'

2227 5438 2591 5501 Ecclesiasten
2629 5441 2913 5499 Canticum
2962 5444 3301 5505 canticorum
3356 5448 3599 5523 ponitur.
3659 5449 3813 5508 Prius

2229 5534 2428 5609 quippe
2477 5543 2563 5591 est
2608 5552 2787 5594 mores
2833 5552 3195 5609 componere,
3243 5541 3586 5613 postmodum
3631 5543 3813 5600 omnia

2228 5644 2347 5703 quae
2374 5628 2593 5696 adsunt,
2627 5637 2883 5702 tanquam
2921 5646 3032 5688 non
3079 5631 3259 5689 adsint
3285 5631 3654 5692 considerare.
3684 5633 3816 5692 Ten-

2228 5720 2306 5776 tio
2342 5736 2471 5778 vero
2502 5720 2641 5791 loco,
2678 5723 2879 5780 munda
2925 5723 3108 5783 cordis
3149 5725 3265 5783 acie
3290 5765 3307 5793 ,
3356 5739 3590 5796 superna
3638 5736 3693 5782 et
3734 5726 3811 5781 in-

2228 5820 2383 5869 terna
2435 5813 2770 5887 conspicere.
2808 5812 2906 5873 His
2944 5814 3129 5893 itaque
3167 5824 3229 5871 ut
3266 5831 3476 5873 summa
3522 5815 3809 5875 muralium
