4078 6340
278 342 396 403 557

1412 342 1667 403 ENARR.
1707 342 1777 398 ΙΝ
1812 343 2105 403 CANTICA
2134 346 2406 407 CANTIC.

3434 352 3545 419 558

276 465 548 517 tractator
566 473 705 531 papa
716 458 1011 533 Gregorius
1030 457 1297 532 depromit
1324 458 1583 516 librorum
1610 459 1866 531 gradibus
1892 462 1941 539 Α
1968 459 2063 515 Dci
2110 472 2422 519 narrantur.
2453 462 2705 521 Cantavit
2732 471 2788 523 et
2812 463 3113 525 Hieremias
3148 469 3418 527 canticum
3462 472 3543 530 laa

274 552 574 621 quamdam
609 550 677 604 ad
707 549 1212 623 contemplationem
1242 551 1336 606 Dei
1366 550 1565 607 scalam
1586 558 1641 605 et
1662 551 1868 606 machi-

274 663 411 704 nam
438 647 585 713 fecit,
621 655 682 701 ut
702 648 827 703 dum
861 647 1097 717 primmn
1127 648 1180 703 in
1210 648 1406 704 saeculo
1430 648 1569 705 bene
1606 656 1867 721 geruntur

274 740 529 806 honesta,
576 739 925 808 postmodum
970 740 1137 797 etiam
1168 740 1416 804 honesta,
1459 738 1641 795 seaculi
1684 738 1864 809 despi-

274 832 498 887 ciantur
517 838 573 887 et
599 831 669 886 ad
692 840 996 887 extremum
1035 831 1198 889 etiam
1222 832 1316 888 Dei
1349 832 1539 887 intima
1577 841 1631 887 et
1658 840 1865 887 secreta
1914 862 1924 891 ι

274 921 738 991 contemplemur.
752 921 901 978 Unde
914 938 1018 978 non
1032 923 1303 980 immerito
1315 923 1451 979 liber
1466 924 1593 989 iste,
1606 937 1713 978 non
1724 922 1865 978 Cau-

275 1015 476 1082 ticum,
490 1015 585 1071 sed
597 1014 881 1071 Canticum
896 1016 1232 1075 Canticorum
1250 1016 1583 1083 nominatur,
1600 1016 1691 1072 ubi
1710 1014 1868 1073 etule-

275 1107 386 1163 stis
420 1107 573 1163 verbi
618 1106 729 1181 Dei,
771 1117 827 1163 et
847 1107 1041 1169 anima:
1085 1107 1398 1178 coniunctio
1438 1108 1860 1163 demonstratur.

272 1196 718 1267 Quodeantieum
736 1198 807 1253 ita
822 1197 1139 1269 intelligitur
1150 1199 1403 1256 omnibus
1413 1197 1721 1270 praecellere
1733 1212 1865 1253 can-

272 1291 429 1358 ticis,
459 1291 603 1348 sicut
628 1291 885 1349 Dominus
910 1299 1092 1349 noster
1121 1300 1429 1363 assumptus
1442 1292 1624 1356 homo,
1641 1301 1861 1363 apostm

276 1380 375 1449 lis,
415 1382 763 1453 patriarcbis,
798 1382 883 1437 vel
922 1383 1205 1453 prophetis
1228 1422 1245 1449 ,
1272 1392 1367 1439 aut
1389 1395 1722 1453 quaecunque
1759 1379 1863 1435 illae

275 1482 414 1531 sunt
438 1473 744 1531 cmlestium
773 1482 1070 1545 potestates
1097 1496 1110 1530 :
1141 1486 1202 1531 ut
1240 1477 1382 1532 sicut
1421 1493 1516 1531 rex
1552 1490 1739 1548 regum
1763 1515 1778 1542 ,
1808 1481 1864 1531 et

268 1565 540 1625 Dominus
567 1566 961 1623 dominantium
991 1576 1077 1624 est
1093 1567 1361 1635 Christus,
1392 1568 1467 1623 ita
1496 1577 1553 1623 et
1578 1567 1860 1623 Canticum

268 1654 616 1713 canticorum
665 1670 827 1724 super
871 1656 1054 1711 omnia
1087 1657 1297 1713 cantica
1346 1672 1465 1727 qua:
1514 1672 1545 1711 a
1583 1656 1861 1727 prophetis

268 1754 498 1805 cantata
526 1755 655 1803 sunt
682 1746 948 1803 titulatur.
976 1747 1047 1802 Et
1066 1748 1201 1804 sicut
1228 1749 1281 1802 in
1309 1749 1490 1804 Veteri
1513 1748 1858 1805 Testamento

1966 552 2311 610 mentationis
2337 554 2405 610 de
2435 555 2787 613 conversione
2828 554 3163 615 Hierusalem
3187 568 3245 616 et
3280 573 3540 621 sanctua-

1964 643 2053 711 rii,
2086 653 2143 702 et
2163 647 2324 703 totius
2356 648 2538 720 populi
2566 649 2649 707 sui
2676 690 2692 716 ,
2736 658 2792 705 et
2829 651 2980 708 multi
3007 651 3117 708 alii.
3157 652 3264 710 Sed
3286 655 3408 712 ideo
3437 656 3545 716 hoc

1964 734 2244 795 Canticum
2274 742 2609 798 canticorum
2639 743 2968 815 appellatur,
3000 748 3129 816 quia
3171 749 3237 804 ad
3266 752 3543 821 propriam

1965 827 2167 886 Christi
2196 833 2340 903 regis
2370 840 2429 889 et
2454 834 2713 891 Ecclesia:
2742 836 3172 907 conjunctionem
3200 856 3320 897 esse
3363 842 3543 899 mani-

1965 920 2104 977 feste
2126 924 2403 992 probatur,
2427 926 2517 981 ubi
2544 935 2666 983 orat
2691 928 2760 982 ad
2793 937 3003 998 patrem
3045 932 3226 1001 sponsi
3256 932 3497 989 Ecclesia
3520 975 3541 1003 ,

1964 1014 2056 1099 qui
2095 1021 2179 1069 est
2215 1029 2396 1075 sermo
2422 1016 2540 1085 Dei,
2567 1028 2626 1073 ut
2650 1019 2763 1092 jam
2790 1036 2896 1079 non
2928 1036 3023 1092 per
3058 1023 3420 1084 internuntios
3444 1030 3538 1099 qui

1964 1094 2092 1161 ειῖιιι
2109 1107 2283 1178 angeli
2307 1116 2363 1163 et
2387 1110 2684 1179 prophetae,
2709 1112 2851 1183 quia
2888 1113 2983 1169 Dei
3006 1113 3143 1171 Filio
3171 1117 3426 1174 Ecclesiae
3454 1094 3537 1175 fu-

1965 1203 2099 1253 tura:
2126 1199 2515 1268 reprobationis
2542 1202 2728 1257 nuntia
2756 1203 3099 1271 deferebant,
3128 1208 3223 1263 sed
3244 1208 3418 1279 ipsum
3444 1228 3546 1281 per

1966 1286 2352 1357 incarnationis
2377 1291 2694 1361 mysterium
2715 1291 2829 1361 jam
2855 1293 3142 1365 aliquando
3161 1313 3343 1353 coram
3357 1309 3543 1357 osten-

1962 1376 2075 1444 dat,
2100 1377 2212 1448 jam
2265 1380 2433 1451 ipsius
2456 1379 2686 1438 formam
2735 1385 3033 1455 speciosam
3062 1404 3172 1459 prie
3210 1388 3336 1445 filiis
3365 1392 3542 1447 homi-

1964 1484 2090 1525 num
2120 1463 2370 1541 amplecti
2402 1481 2676 1531 mereatur
2703 1474 2862 1546 eique
2897 1476 3204 1533 dulcissima
3234 1481 3417 1536 oscula
3448 1498 3543 1539 su-

1963 1560 2171 1630 scipere
2192 1601 2207 1625 ,
2257 1569 2312 1617 et
2354 1563 2665 1635 gratissima
2692 1565 2857 1621 ubera
2887 1576 3142 1625 tractare.
3172 1569 3277 1625 Ista
3310 1587 3545 1644 namque

1961 1663 2081 1718 quae
2121 1650 2200 1705 sic
2224 1651 2494 1709 desiderat
2520 1655 2753 1715 inlecta
2778 1655 2967 1713 Graeco
3010 1660 3271 1715 vocabulo
3312 1662 3545 1732 dicitur,

1962 1738 2152 1796 Latine
2180 1744 2531 1814 congregatio,
2560 1745 2644 1799 vel
2686 1747 2878 1803 melius
2904 1753 3225 1816 convocatio,
3281 1752 3544 1811 Hebraice

271 1837 382 1895 uia
417 1846 545 1895 sum
572 1846 781 1907 sancta,
829 1846 884 1895 οι
925 1838 1031 1894 alia
1062 1838 1261 1896 sancta
1308 1850 1639 1906 sanctorum,
1667 1851 1721 1896 ει
1750 1841 1856 1897 alia
1882 1831 1935 1897 Β
1959 1827 2237 1904 Synagoga
2262 1833 2669 1904 interpretatur.
2702 1836 2809 1893 Pro
2835 1838 2956 1895 loco
2984 1839 3065 1895 vel
3092 1850 3332 1912 tempore
3364 1845 3546 1900 diver-

268 1928 527 1996 sabbata,
548 1939 604 1984 et
628 1929 733 1985 alia
760 1930 985 1987 sabbata
1013 1932 1387 1995 sabbatorum,
1416 1933 1497 1988 sic
1526 1941 1579 1988 et
1604 1933 1708 1987 alia
1733 1942 1860 1989 sunt

266 2021 509 2088 cantica,
558 2028 614 2076 et
647 2021 754 2076 alia
801 2020 1025 2078 Cantica
1072 2024 1432 2080 canticorum.
1469 2024 1672 2079 Sancta
1702 2035 1861 2081 erant

268 2115 330 2175 in
359 2115 727 2181 tabernaculo,
756 2123 811 2173 et
834 2131 954 2187 quae
983 2117 1221 2174 exterius
1249 2118 1581 2188 agebantur;
1632 2119 1858 2174 sabbata

269 2212 433 2261 erant
465 2220 585 2277 quae
612 2220 682 2262 ex
709 2204 933 2277 singulis
961 2206 1388 2264 hebdomadibus
1424 2207 1856 2275 celebrabantur,

270 2295 374 2354 sed
398 2294 597 2353 Sancta
623 2304 933 2353 sanctorum
955 2297 1236 2354 secretiori
1261 2298 1492 2368 quadam
1515 2299 1860 2355 veneratione

270 2388 754 2460 suscipiebantur:
801 2397 855 2444 et
893 2389 1118 2445 sabbata
1161 2389 1547 2455 sabbatorum,
1596 2406 1704 2444 non
1755 2390 1861 2446 nisi

270 2477 329 2533 in
364 2479 479 2533 suis
506 2478 888 2535 festivitatibus
917 2479 1350 2536 celebrabantur.
1391 2479 1449 2535 In
1477 2479 1698 2535 Cantico
1728 2495 1860 2535 can-

272 2569 509 2625 ticorum
538 2579 806 2627 secretum
834 2568 1127 2640 quoddam,
1155 2578 1208 2625 et
1237 2570 1475 2626 solemne
1499 2568 1726 2625 interius
1754 2579 1858 2639 est,

270 2663 419 2733 quod
452 2670 720 2720 secretum
760 2662 815 2717 in
839 2663 1069 2717 occultis
1113 2662 1482 2735 intelligentiis
1508 2672 1858 2737 penetratur;

270 2769 401 2810 nam
429 2753 474 2808 si
503 2752 863 2809 exterioribus
892 2754 1072 2809 verbis
1107 2753 1428 2821 attenditur,
1456 2764 1723 2810 secretum
1754 2770 1867 2812 non

272 2854 376 2902 est.
408 2844 561 2902 Unde
589 2847 704 2918 jam
738 2847 986 2918 superius
1021 2846 1072 2902 iu
1100 2847 1417 2918 praefatione
1445 2850 1881 2920 disputavimus.,

274 2936 571 2993 Sciendum
591 2945 675 2995 est
691 2938 854 2993 etiam
874 2940 1002 3011 quia
1026 2939 1081 2995 in
1105 2939 1385 3021 $criptura
1408 2958 1562 2998 sacra
1599 2942 1703 2998 alia
1735 2954 1865 3002 sunt

272 3030 487 3087 cantica
504 3029 763 3097 victoriae,
779 3030 882 3085 alia
897 3032 1107 3087 cantica
1124 3034 1520 3090 exhortationis
1536 3044 1867 3092 etcontcsta-

272 3121 463 3187 tionis,
478 3121 582 3177 alia
603 3122 811 3179 cantica
828 3123 1229 3191 exsultationis,
1244 3124 1345 3180 alia
1363 3126 1571 3180 cantica
1586 3127 1861 3197 adjutorii,

1959 1925 2036 1979 sis
2066 1925 2374 1983 nominibus
2395 1942 2427 1982 a
2458 1928 2621 1987 verbo
2652 1928 2747 1986 Dei
2776 1941 2964 1987 vocata
2990 1948 3109 1991 esse
3150 1937 3427 2006 probatur.
3471 1939 3548 1995 De

1959 2016 2112 2087 cujus
2151 2019 2425 2075 vocabulis
2465 2023 2716 2092 superius
2745 2024 2966 2095 polliciti
2992 2042 3197 2085 sumus.
3240 2027 3546 2101 Aliquando

1959 2109 2160 2164 etenim
2214 2109 2552 2171 Hierusalem
2598 2129 2987 2187 nonnunquam
3054 2117 3183 2175 Sion
3228 2120 3548 2192 plerumque

1961 2201 2154 2269 amica,
2188 2217 2331 2272 saepe
2360 2219 2489 2261 vero
2535 2205 2748 2261 dilecta.
2793 2207 3066 2264 Interdum
3096 2226 3267 2278 soror,
3298 2212 3384 2267 vel
3428 2228 3549 2283 spe-

1958 2293 2108 2349 ciosa
2133 2312 2358 2366 sponsa,
2384 2297 2658 2365 columba,
2689 2316 2779 2355 seu
2801 2300 3163 2371 immaculata,
3194 2303 3277 2360 vel
3303 2304 3546 2375 perfecta

1961 2383 2017 2439 in
2044 2382 2245 2441 Christi
2285 2402 2517 2458 persona
2545 2403 2641 2445 ore
2677 2390 3061 2461 prophetarum
3090 2402 3145 2448 et
3180 2394 3234 2448 in
3276 2395 3379 2451 hoc
3406 2397 3546 2453 libro

1961 2477 2225 2548 appellata
2255 2481 2619 2551 cognoscitur.
2658 2480 2995 2539 Hierusalem
3037 2483 3303 2556 siquidem
3328 2488 3545 2555 dicitur,

1961 2569 2085 2641 quia
2129 2581 2253 2640 post
2300 2571 2634 2628 iracundiam
2683 2576 3066 2645 omnipotentis
3104 2576 3198 2632 Dei
3245 2594 3431 2649 pacem
3477 2582 3545 2637 de

1963 2661 2104 2717 cmlo
2132 2662 2353 2718 missam
2394 2679 2424 2716 a
2452 2674 2608 2734 patre
2647 2665 2905 2736 suscepit,
2937 2681 3005 2721 eo
3033 2668 3177 2737 quod
3205 2668 3438 2739 aliquam
3473 2673 3548 2728 si-

1964 2758 2163 2821 gnatur
2194 2751 2397 2807 habere
2431 2768 2640 2823 pacem.
2680 2756 2851 2822 Quam
2885 2769 3076 2825 pacem
3114 2766 3167 2810 ct
3206 2758 3548 2829 conjunctio~

1963 2858 2089 2899 nem
2116 2859 2347 2900 exorare
2375 2844 2573 2909 dicitur
2602 2862 2725 2902 cum
2754 2862 2876 2902 eum
2905 2848 3226 2916 deprecatur
3260 2869 3276 2904 ς
3322 2869 3339 2903 ι
3376 2851 3550 2909 Oscu-

1964 2934 2107 2991 letur
2136 2953 2222 2994 me
2249 2938 2435 2994 osculo
2478 2940 2589 2995 oris
2624 2941 2728 2995 sui.
2771 2960 2788 2992 ι
2816 2940 2948 2996 Sion
2982 2960 3128 3011 vero,
3161 2944 3289 3015 quia
3318 2946 3382 3001 de
3418 2962 3549 3002 con-

1964 3026 2105 3082 valle
2150 3028 2514 3100 lacrymarum
2556 3029 2889 3096 idololatriae,
2928 3033 3017 3087 ubi
3051 3033 3107 3088 in
3138 3050 3364 3104 corpore
3399 3036 3551 3107 lapsa

1968 3116 2143 3173 fuerat
2174 3119 2230 3175 in
2255 3120 2448 3186 Adam,
2482 3136 2581 3176 ucc
2610 3121 2774 3177 corde
2803 3123 2869 3177 ad
2903 3133 3138 3180 montem
3169 3127 3404 3196 paradisi
3458 3145 3547 3183 re-

272 3213 384 3271 alia
398 3213 609 3271 cantica
625 3213 1022 3284 coniunctionis
1041 3231 1163 3271 cum
1190 3214 1605 3272 Deo.Canticum
1624 3218 1862 3274 victoria:
1889 3198 1939 3271 C
1967 3210 2235 3276 ascendit.
2274 3220 2330 3265 θι
2364 3227 2464 3282 DI‘O
2497 3212 2757 3268 mundilia
2800 3215 2981 3271 cordis
3012 3218 3287 3287 Speculum
3321 3235 3379 3274 se
3412 3237 3553 3291 prsc-

271 3316 361 3364 est
400 3309 542 3377 quod
584 3307 751 3373 Maria
792 3309 1021 3365 transito
1053 3310 1190 3367 mari
1212 3309 1397 3364 Rubro
1423 3310 1811 3367 cecinitdiceus
1842 3329 1857 3365 :

274 3421 298 3455 ι
328 3400 623 3458 Cantemus
644 3401 893 3467 Domino,
908 3401 1142 3474 gloriose
1163 3401 1310 3457 enim
1326 3401 1712 3459 honorificatus
1742 3412 1858 3460 est:

270 3509 480 3564 equum
507 3502 562 3549 et
585 3508 930 3553 ascensorem
958 3492 1185 3567 proiecit
1210 3495 1269 3551 in
1298 3510 1449 3551 mare
1471 3493 1669 3564 (Exod.
1694 3496 1807 3563 xv).
1836 3514 1859 3549 δ

274 3588 564 3647 Canticum
603 3589 993 3667 exhortationis
1041 3597 1096 3645 et
1138 3590 1547 3649 contestationis
1590 3600 1675 3646 est
1721 3591 1866 3661 quod

274 3679 492 3753 Moyses
520 3678 776 3737 lsraelitis
825 3680 892 3739 ad
922 3688 1123 3739 terram
1168 3680 1604 3750 repromissionis
1647 3681 1867 3751 propin-

274 3769 572 3841 quantibus
591 3770 744 3827 dixit.
781 3789 800 3822 ι
820 3769 1053 3826 Attende
1079 3769 1275 3829 ccelum
1300 3779 1353 3826 et
1383 3771 1593 3842 loquar,
1617 3779 1671 3825 et
1685 3770 1867 3831 audiat

276 3868 429 3917 terra
476 3861 641 3917 verba
678 3878 745 3918 ex
784 3877 880 3919 ore
923 3878 1045 3919 meo
1084 3861 1221 3933 (Isa.
1263 3863 1476 3934 xxvut).
1512 3881 1530 3916 ο
1582 3862 1866 3919 Canticum

275 3951 663 4008 exsultationis
709 3962 793 4008 est
851 3954 992 4024 quod
1032 3952 1186 4009 Anna
1231 3968 1340 4009 non
1382 3953 1553 4008 solum
1616 3968 1716 4024 pro
1766 3951 1868 4008 Sa-

278 4034 482 4109 muele,
512 4042 606 4098 sed
632 4053 917 4116 prospecta
939 4042 1268 4101 fecunditate
1296 4044 1550 4101 Ecclesiae
1574 4044 1631 4100 in
1664 4054 1865 4101 semet~

278 4140 400 4211 ipsa
425 4139 625 4195 cecinit
655 4139 868 4195 dicens:
901 4137 1235 4193 «Exsultavit
1255 4153 1350 4193 cor
1370 4152 1546 4193 meum
1568 4137 1621 4191 in
1638 4136 1867 4195 Domino

274 4231 340 4304 (Ι
370 4230 499 4303 Reg.
528 4232 611 4303 ll).
644 4250 667 4285 ο
705 4231 807 4289 Ubi
832 4246 932 4302 per
962 4230 1308 4300 semetipsam
1351 4229 1547 4285 veritas
1575 4227 1870 4284 fecundita-

280 4335 394 4380 tem
422 4323 587 4395 prolis
615 4324 998 4380 ecclesiasticae
1024 4322 1315 4394 expressit,
1342 4336 1467 4377 cum
1502 4321 1670 4377 dicit:
1700 4340 1718 4372 ι
1743 4321 1868 4377 Ste-

282 4416 406 4473 rilis
438 4416 649 4487 peperit
669 4415 952 4487 plurimos,
978 4424 1033 4469 et
1061 4429 1181 4483 quae
1213 4412 1414 4469 multos
1452 4413 1682 4468 habebat
1728 4412 1868 4470 filios

283 4507 560 4562 infirmata
598 4516 682 4562 est
708 4506 893 4579 (Ibid.)
916 4526 933 4559 ι
964 4505 1248 4562 Canticum
1270 4504 1521 4576 adjutorii
1556 4504 1722 4561 David
1746 4512 1865 4574 post

1962 3300 2140 3356 bendo
2170 3300 2456 3361 individua:
2483 3300 2755 3369 Trinitati,
2789 3308 3078 3378 conspicua
3109 3318 3164 3364 et
3192 3311 3405 3367 excelsa
3434 3312 3552 3369 eili-

1965 3394 2127 3448 citur.
2162 3393 2219 3448 ln
2248 3411 2353 3465 qua
2380 3393 2523 3451 Deus
2547 3396 2890 3469 omnipotens
2916 3400 3068 3470 quasi
3099 3401 3151 3455 in
3179 3399 3342 3456 fertili
3372 3415 3555 3461 monte

1966 3488 2266 3545 delectetur
2304 3490 2673 3559 deambulare,
2700 3476 2762 3548 et
2790 3493 3005 3548 beatum
3035 3495 3295 3552 doctrinae
3325 3514 3435 3555 suae
3468 3517 3552 3557 sco

1966 3597 2089 3636 nien
2138 3596 2411 3654 spargere,
2461 3594 2686 3657 propter
2729 3587 2873 3655 quod
2922 3587 3132 3658 specula
3166 3587 3247 3642 vel
3273 3608 3464 3646 'semen
3498 3594 3554 3650 in

1967 3688 2029 3729 ea
2077 3674 2483 3745 interpretatur.
2546 3676 2727 3730 Amica
2775 3684 2955 3732 autem
3002 3677 3234 3745 dicitur,
3293 3683 3549 3752 quoniam

1967 3763 2301 3834 repudianda
2330 3764 2626 3833 diabolum,
2658 3765 2725 3821 ad
2757 3767 3024 3824 amicitias
3054 3772 3329 3828 revocavit
3357 3773 3548 3831 Deum.

1967 3854 2174 3909 Dilecta
2201 3871 2331 3911 vero
2359 3855 2679 3927 appellatur,
2714 3860 2968 3927 quoniam
2996 3869 3120 3932 post
3163 3862 3558 3922 incredulitatis

1969 3946 2307 4001 amarissima
2335 3946 2459 4003 odia
2486 3947 2821 4005 credulitatis
2864 3952 3180 4009 muneribus
3218 3953 3413 4011 dilecta
3443 3955 3559 4012 elli-

1969 4034 2111 4089 citur
2133 4034 2249 4089 Dei.
2285 4033 2450 4091 Soror
2485 4037 2735 4094 videlicet
2776 4050 3085 4113 nuncupata
3132 4058 3230 4113 per
3266 4058 3558 4119 assumpta:

1971 4124 2154 4180 carnis
2197 4126 2535 4197 mysterium,
2579 4143 2703 4182 cum
2745 4143 2812 4183 ex
2852 4131 3042 4186 eadem
3082 4135 3310 4189 materia
3340 4137 3557 4193 videndi

1970 4214 2213 4270 nascitur
2246 4216 2426 4283 terris,
2467 4217 2533 4272 de
2561 4232 2666 4288 qua
2706 4227 2762 4274 et
2789 4218 3032 4276 Ecclesia
3061 4233 3372 4291 generatur.
3427 4228 3561 4300 Spe—

1971 4305 2134 4370 ciosa,
2165 4305 2373 4361 scilicet
2396 4308 2798 4378 pronuntiatur,
2829 4311 3069 4367 abstersa
3102 4328 3199 4383 per
3233 4316 3559 4387 baptismum

1973 4399 2042 4452 ab
2102 4397 2352 4454 omnibus
2410 4410 2759 4471 peccatorum
2826 4404 3084 4471 maculis,
3148 4417 3269 4478 post
3331 4411 3558 4467 nmltam

1974 4489 2341 4563 Ethiopicam
2389 4492 2841 4565 tenebrosamque
2887 4500 3329 4557 consuetudinem
3372 4504 3562 4559 crimi—

276 4595 531 4668 ρηιίωῃ
568 4553 763 4653 acilii.
795 4553 980 4653 diclens
1011 4614 1025 4650 ε
1068 4614 1087 4647 ς
1117 4553 1355 4668 pingam.
1372 4604 1444 4663 ιθ,
1484 4553 1868 4662 υοωίηθνῖιίισ-
1896 4553 1949 4619 9
1975 4598 2126 4647 num,
2150 4581 2288 4653 pelle
2315 4584 2590 4651 mundata,
2615 4595 2671 4640 et
2696 4586 2763 4641 ad
2786 4587 3075 4656 genuinam
3101 4591 3559 4660 pulchritudinem

286 4699 379 4746 tus
402 4705 520 4746 mea
548 4688 723 4762 (Psal.
756 4691 921 4763 xvii).
954 4711 976 4744 ι
1010 4689 1291 4747 Canticum
1317 4704 1447 4747 vero
1480 4688 1872 4758 coniunctionis

284 4797 418 4841 cum
459 4783 588 4849 Deo,
644 4783 749 4839 hoc
794 4791 879 4838 est
912 4783 1183 4838 canticum
1231 4781 1373 4851 quod
1419 4781 1474 4837 in
1504 4781 1705 4851 nuptiis
1726 4779 1875 4835 velut

285 4874 700 4945 epithalamium
726 4874 911 4945 sponsi
933 4884 989 4929 et
1016 4887 1227 4944 sponsae
1252 4872 1465 4927 canitur
1487 4913 1503 4937 ,
1544 4872 1596 4927 id
1623 4879 1706 4927 est
1735 4870 1877 4926 Can-

286 4966 401 5021 tica
445 4966 817 5031 canticorum,
869 4966 1011 5035 quod
1061 4972 1208 5018 tanto
1256 4972 1340 5017 est
1369 4961 1620 5019 omnibus
1649 4960 1878 5019 canticis

288 5056 623 5122 solemnius,
653 5065 857 5127 quanto
884 5065 940 5111 et
968 5055 1020 5109 in
1070 5053 1272 5124 nuptiis
1315 5052 1675 5109 solemnitatis
1708 5050 1874 5107 subli-

282 5150 487 5207 mioris
531 5147 774 5205 offertur.
815 5147 919 5203 Per
964 5146 1053 5202 illa
1096 5146 1307 5202 cantica
1358 5145 1486 5200 vitia
1534 5144 1875 5213 devitantur,

290 5258 395 5315 per
428 5243 532 5298 ista
576 5257 705 5297 vero
752 5242 1123 5313 unusquisque
1162 5238 1453 5295 virtutibus
1497 5236 1877 5306 locupletatur.

293 5334 404 5391 Per
444 5334 535 5389 illa
584 5343 809 5391 cavetur
833 5333 1026 5399 hostis,
1059 5348 1154 5404 per
1180 5332 1296 5386 haec
1325 5330 1583 5385 Dominus
1624 5327 1879 5391 familiari

293 5439 487 5481 amore
515 5425 914 5497 complectitur.
947 5424 1175 5480 Cantata
1222 5429 1349 5477 sunt
1389 5429 1444 5477 et
1473 5420 1579 5475 alia
1602 5419 1813 5477 cantica
1847 5434 1881 5485 a

297 5518 534 5575 diversis
559 5519 857 5591 prophetis,
890 5534 988 5589 pro
1009 5516 1240 5587 diversis
1268 5514 1516 5587 personis
1541 5514 1624 5570 vel
1662 5514 1878 5571 causis:

298 5612 445 5671 sicut
474 5621 533 5671 et
559 5614 810 5670 Habacuc
839 5628 937 5686 pro
969 5611 1343 5685 ignorantibus
1368 5608 1708 5681 praenotavit.
1738 5607 1883 5675 Can-

298 5703 440 5759 tavit
487 5714 542 5759 et
581 5705 792 5761 Debora
843 5705 910 5761 de
940 5704 1163 5759 victoria
1190 5701 1405 5759 Sisarze.
1444 5701 1811 5759 Cautaveruut
1829 5707 1887 5767 et

301 5802 422 5857 tres
448 5799 599 5873 pueri
635 5800 686 5854 iu
718 5799 941 5856 fornace
974 5797 1024 5852 in
1054 5811 1159 5867 quo
1188 5793 1455 5851 mirabilia
1498 5791 1887 5865 omnipotentis

1976 4684 2246 4731 revocata.
2266 4675 2471 4746 Sponsa
2488 4693 2618 4732 vero
2631 4675 2823 4733 effecta
2842 4688 2945 4745 est,
2962 4696 3156 4753 corpus
3171 4691 3225 4737 et
3241 4670 3562 4763 sanguinem

1978 4786 2079 4827 suo
2122 4770 2337 4841 corpori
2392 4770 2787 4841 coniungendo.
2838 4770 2943 4827 Per
2980 4777 3123 4844 quod
3159 4790 3560 4837 sacramentum

1979 4864 2283 4934 spopondit,
2325 4879 2381 4918 se
2416 4872 2617 4934 praeter
2654 4878 2778 4919 eum
2818 4864 3023 4920 nullum
3059 4867 3221 4922 alium
3260 4878 3560 4928 amatorem

1980 4958 2037 5012 in
2072 4965 2185 5010 toto
2215 4956 2379 5012 corde
2404 4955 2645 5026 diligere,
2674 4957 2969 5026 pretiosum
3000 4958 3119 5029 ejus
3149 4959 3402 5014 annulum
3436 4962 3560 5019 ﬁdei

1978 5061 2176 5118 magno
2220 5046 2401 5101 studio
2431 5047 2821 5102 conservando.
2856 5046 3114 5103 Formosa
3153 5064 3382 5119 namque
3422 5067 3563 5122 prae-

1980 5139 2209 5206 dicatur,
2251 5137 2479 5193 formam
2516 5137 2632 5211 ejus
2673 5138 2924 5211 imaginis
2959 5139 3013 5194 in
3042 5156 3146 5210 qua
3183 5148 3364 5195 creata
3391 5153 3471 5197 est
3504 5142 3559 5199 in

1981 5232 2159 5287 anima
2188 5230 2550 5288 reformando.
2591 5228 2844 5287 Columba
2887 5248 3016 5288 vero
3040 5234 3385 5289 nominatur:
3411 5236 3562 5294 omni

1984 5324 2282 5397 rapacitate
2311 5324 2565 5394 quoniam
2587 5323 2812 5380 aduncis
2840 5323 3088 5378 manibus
3106 5322 3252 5379 velut
3276 5325 3562 5397 vulturinis

1985 5425 2341 5473 consueverat
2388 5425 2699 5489 perpetrare
2761 5415 3002 5485 deposita
3030 5455 3045 5482 ,
3092 5431 3237 5471 nunc
3289 5420 3565 5478 consortio

1987 5510 2220 5581 Spiritus
2278 5507 2451 5563 sancti
2499 5507 2741 5572 sociata,
2790 5504 3148 5575 simplicitatis
3196 5516 3250 5563 et
3298 5507 3566 5581 largitatis

1987 5603 2222 5661 candore
2249 5601 2623 5657 columbarum
2672 5596 2921 5668 refulget.
2972 5597 3039 5651 Et
3064 5613 3182 5667 quae
3212 5611 3569 5658 consueverat

1988 5697 2042 5750 in
2079 5694 2236 5750 malis
2267 5690 2577 5748 doctoribus
2618 5687 2738 5743 aliis
2770 5687 3050 5743 animabus
3079 5700 3295 5747 reternze
3330 5693 3450 5748 vitae
3482 5709 3568 5747 ra-

1987 5803 2116 5861 pere
2143 5786 2317 5847 cibos,
2350 5796 2493 5837 nunc
2522 5781 2575 5835 in
2615 5780 2775 5837 bonis
2803 5780 3113 5837 doctoribus
3140 5782 3206 5841 de
3236 5801 3333 5841 suo
3367 5784 3573 5845 Suavis.
