4078 6340
566 332 672 391 553

1600 341 1957 403 ANCELOMI
1992 342 2458 406 LUXOVIENSIS
2492 350 2799 412 MONACHI

2408 231 2437 239 ν-ι
2472 232 2479 239 ν

3731 358 3851 418 560

564 426 706 510 sitne
739 460 954 526 gutture
999 456 1344 515 audientibus
1383 459 1733 532 reimpartiri,
1779 463 1919 518 sicut
1955 472 2149 519 natura
2175 466 2231 527 Α
2256 464 2486 524 dividua:
2521 478 2914 541 coaeternteque
2934 468 3220 527 Trinitatis
3258 471 3363 529 ﬁde
3399 471 3691 545 prostibuli
3726 480 3853 529 tra-

563 551 648 602 est
669 545 1062 607 columbarum.
1094 548 1449 606 Immaculata
1477 563 1658 609 autem
1684 554 1954 622 laudatur,
1989 553 2150 628 depo-

564 638 671 695 sita
712 638 886 694 veteri
931 640 1265 713 antiquaque
1314 646 1705 702 consuetudine
1751 649 2056 715 criminum,
2093 658 2150 706 et

563 730 704 789 stola
749 734 1085 789 sacrosancti
1122 734 1464 806 baptismatis
1497 740 1665 795 semel
1701 741 1912 808 induta,
1952 742 2148 797 imma-

564 820 743 880 culate
783 824 1038 891 vivendo,
1085 826 1228 881 ultra
1259 842 1319 882 se
1347 843 1455 883 nou
1484 830 1796 887 maculavit.
1839 832 1907 887 Et
1936 832 2150 888 Domini

566 916 649 973 sui
677 916 878 974 Christi
926 919 1185 981 imitatrix
1235 921 1424 977 effecta
1470 939 1571 996 pro
1617 926 1735 997 ejus
1769 927 1988 983 nomine
2033 942 2152 983 mo-

563 1011 757 1066 riendo
797 1010 924 1066 lima
963 1013 1208 1085 martyrii
1247 1023 1301 1070 et
1329 1016 1763 1075 mortificationis
1802 1019 2147 1095 splendescit.

568 1101 788 1159 Nullum
830 1104 976 1160 aliud
1016 1104 1404 1163 ferramentum
1441 1107 1637 1166 fortius
1676 1112 1851 1181 potuit
1889 1112 2149 1182 reperire,

564 1208 669 1264 per
710 1195 852 1265 quod
899 1196 1122 1265 antiqua
1165 1199 1341 1253 scoria
1395 1199 1615 1265 animae,
1644 1208 1705 1255 ut
1729 1201 2004 1273 Apponius
2051 1202 2149 1268 ait,

564 1282 867 1349 limaretur,
895 1284 1000 1340 nisi
1028 1287 1275 1359 martyrii
1300 1288 1507 1355 limam,
1534 1305 1634 1360 per
1658 1291 1800 1361 quod
1831 1291 1884 1346 in
1915 1300 2150 1346 tormen-

566 1384 743 1431 torum
792 1375 1012 1434 fornace
1056 1379 1227 1450 possit
1273 1381 1475 1447 anima,
1524 1383 1859 1452 quantalibet
1909 1377 2151 1440 sordium

562 1477 910 1539 peccatorum
955 1470 1097 1527 mole
1141 1471 1215 1527 sit
1261 1474 1619 1542 circumdata,
1672 1477 1728 1531 in
1765 1492 1865 1533 suo
1891 1478 2151 1546 sanguine

565 1560 840 1627 renovari,
869 1576 968 1630 per
997 1561 1144 1633 quod
1167 1563 1413 1634 perfecta
1439 1566 1512 1621 sit
1543 1567 1814 1635 columba,
1840 1578 1897 1624 et
1920 1570 1974 1624 in
1995 1570 2152 1627 Chri-

565 1659 652 1705 sto
694 1650 1059 1708 immaculata.
1092 1654 1245 1711 Unde
1286 1665 1339 1711 et
1376 1656 1616 1727 perfecta
1649 1660 1844 1731 quippe
1870 1677 2147 1733 nmicupa-

565 1750 672 1802 tur.
704 1758 867 1799 omne
889 1743 1153 1816 judicium
1205 1763 1235 1801 a
1266 1747 1424 1804 Patre
1452 1749 1700 1806 videlicet
1720 1752 2060 1823 suscipienda
2090 1756 2142 1808 in

2251 562 2456 621 ditione
2496 565 2706 633 salitur,
2740 565 3014 621 variarum
3057 564 3319 621 virtutum
3356 565 3704 631 charismate,
3752 581 3854 622 ve-

2253 657 2527 713 stimentis
2557 658 2753 713 nudata
2783 657 3046 728 operitur.
3085 654 3319 713 Sanctus
3345 656 3584 728 Spiritus
3610 658 3855 729 pingue-

2258 748 2405 815 dine,
2437 750 2784 806 charismatis
2824 748 3078 805 unctione
3119 749 3375 820 repletur.
3424 747 3531 813 Ubi
3569 747 3755 804 simila
3791 747 3852 806 in

2251 840 2455 896 Christi
2492 855 2742 913 corpore,
2767 850 2822 897 et
2852 840 3011 896 melle
3050 840 3105 894 in
3136 840 3255 912 ejus
3282 839 3517 911 eloquiis
3544 840 3852 907 enutritur,

2250 930 2344 986 ubi
2373 930 2591 987 circulis
2616 930 2812 986 divinae
2844 929 3212 1001 intelligentiae
3236 945 3398 986 aures
3420 939 3669 996 ornatur,
3703 946 3855 985 mar-

2250 1022 2380 1094 tyrii
2406 1030 2671 1094 gemmata
2700 1024 2755 1076 in
2781 1022 2958 1091 capite
2983 1036 3186 1077 corona
3212 1019 3507 1093 refulgens,
3530 1019 3705 1092 bysso
3728 1036 3855 1091 qua

2251 1119 2335 1168 est
2367 1112 2622 1183 puritatis
2661 1112 2919 1168 indicium
2963 1112 3219 1185 cingitur,
3252 1112 3307 1169 id
3336 1122 3419 1170 est
3446 1128 3637 1169 amore
3674 1113 3855 1182 virgi-

2251 1202 2439 1257 nitatis
2481 1212 2536 1258 et
2560 1202 2855 1273 pudicitiae,
2883 1201 2953 1257 ab
2973 1202 3125 1257 omni
3166 1216 3291 1258 eam
3334 1203 3695 1260 dissolutione
3720 1218 3855 1260 eon-

2253 1293 2453 1361 tinens,
2498 1302 2920 1366 revocatamque
2969 1294 3311 1366 constringit.
3361 1293 3684 1352 Calciantur
3711 1294 3853 1366 hya-

2251 1385 2467 1452 cintho,
2511 1385 2605 1456 qui
2651 1385 2797 1440 color
2840 1401 3152 1457 prwparans
3201 1384 3467 1443 Hebraice
3516 1374 3745 1455 dicitur,
3795 1396 3855 1443 ut

2248 1478 2539 1551 praeparati
2583 1478 2693 1534 sint
2733 1478 2901 1550 pedes
2943 1479 3014 1535 ad
3058 1487 3330 1551 praecepta
3366 1480 3649 1552 Evangelii
3702 1482 3857 1553 pacis

2251 1587 2467 1644 semper
2499 1586 2846 1629 concurrere.
2898 1570 2996 1628 llis
3021 1572 3275 1629 videlicet
3313 1573 3658 1630 ornamentis
3688 1573 3857 1630 deco-

2250 1665 2359 1721 rari
2394 1665 2647 1737 cupiebat
2675 1663 2939 1726 Ecclesia,
2978 1663 3075 1720 sed
3116 1664 3247 1735 quia
3278 1664 3463 1720 ornari
3494 1678 3605 1720 non
3634 1672 3859 1737 poterat

2252 1759 2359 1814 nisi
2396 1774 2497 1830 per
2531 1757 2648 1829 ejus
2686 1757 3103 1829 apparitionem,
3147 1757 3355 1815 idcirco
3401 1757 3547 1815 illius
3582 1758 3858 1815 visitatio-

563 1833 801 1890 Christo.
835 1835 964 1892 Ιίωο
991 1852 1120 1908 ergo
1145 1838 1407 1905 Ecclesia,
1446 1841 1500 1895 in
1541 1857 1705 1913 quam
1745 1845 1989 1899 omnium
2032 1860 2151 1901 crc-
2180 1827 2227 1887 Β
2253 1866 2377 1907 nem
2397 1827 2789 1907 desiderabat.
2842 1848 3108 1906 Audierat
3153 1849 3296 1905 enim
3343 1858 3605 1922 tanquam
3652 1866 3859 1920 sponsa

538 1926 808 1997 (dentium
849 1927 905 1982 in
941 1926 1156 1985 Christo
1206 1930 1496 1988 multitudo
1542 1934 1792 1989 consistit
1833 1950 1955 2005 qua:
2002 1943 2151 1991 retro

562 2028 691 2078 ante
738 2021 990 2078 videlicet
1049 2023 1230 2094 sponsi
1285 2024 1574 2080 adventum
1631 2026 1687 2081 in
1743 2043 1841 2083 suo
1890 2030 2151 2100 sanguine

564 2115 928 2188 ignominioso
967 2116 1188 2187 jacehat
1213 2125 1268 2172 et
1293 2117 1707 2185 commaculata,
1732 2118 1886 2190 juxta
1920 2120 2153 2191 prophe-

558 2220 694 2277 tam,
734 2212 789 2266 in
827 2210 974 2267 curis
1015 2210 1226 2281 magnis
1263 2212 1520 2277 enutrita,
1569 2220 1637 2267 et
1660 2204 1939 2284 usquead
1980 2227 2150 2269 annos

556 2307 861 2380 pubertatis
880 2314 1161 2377 provecta,
1188 2313 1243 2361 et
1264 2303 1381 2375 ejus
1408 2304 1655 2362 doctrina
1682 2307 1835 2377 quasi
1861 2305 2150 2363 monilibus

557 2407 845 2464 exornata,
892 2397 987 2453 sed
1022 2395 1139 2467 ejus
1160 2396 1544 2467 conjunctione
1588 2413 1760 2469 usque
1808 2398 1876 2454 ad
1922 2415 2145 2471 regnum

559 2492 824 2548 caelorum
866 2491 1175 2548 sublimata.
1225 2492 1331 2548 Sed
1377 2493 1647 2563 quomodo
1698 2493 2053 2566 iguominiose
2094 2504 2151 2549 et

556 2584 874 2641 conculcata
902 2582 1121 2653 iacebat
1144 2600 1241 2655 per
1267 2584 1594 2655 Prophetam
1619 2585 1949 2656 increpatur.
1985 2605 2003 2637 ι
2036 2584 2148 2639 Ra-

559 2674 651 2732 dix
686 2683 777 2730 tua
826 2682 882 2730 et
927 2674 1208 2747 generatio
1253 2683 1345 2729 tua
1390 2675 1457 2731 de
1493 2684 1636 2732 terra
1664 2675 1945 2731 Chanaan.
1989 2674 2151 2730 Pater

556 2774 684 2823 tuus
716 2767 1068 2824 Amorrhasus
1091 2809 1107 2834 ,
1150 2775 1204 2824 et
1246 2776 1421 2823 mater
1463 2776 1551 2822 tua
1579 2768 1784 2824 Cethea
1828 2768 1882 2822 in
1921 2768 2007 2822 die
2042 2783 2147 2837 qua

554 2866 685 2914 nata
721 2874 800 2914 es.
850 2857 909 2913 In
960 2858 1048 2914 die
1087 2865 1240 2915 ortus
1282 2874 1393 2914 non
1435 2865 1519 2914 est
1555 2858 1817 2928 praecisus
1865 2857 2148 2913 umbilicus

557 2958 706 3019 tuus,
743 2966 850 3007 non
880 2966 942 3007 es
975 2952 1086 3006 lota
1124 2966 1262 3023 aqua
1300 2951 1355 3006 in
1385 2952 1635 3017 salutem,
1676 2967 1777 3007 nec
1819 2952 1930 3007 sale
1966 2951 2146 3017 solita,

552 3057 657 3100 nec
694 3043 936 3099 involuta
973 3043 1186 3113 pannis.
1232 3042 1351 3097 Non
1387 3044 1632 3113 pepercit
1671 3058 1834 3112 super
1871 3051 1923 3097 te
1957 3043 2147 3100 oculus

556 3152 715 3194 meus
750 3148 811 3192 ut
839 3137 1044 3193 faceret
1079 3138 1175 3192 tibi
1209 3153 1376 3191 unum
1404 3151 1469 3190 ex
1501 3136 1603 3198 bis,
1637 3136 1890 3190 misertus
1919 3137 2018 3199 tui,
2050 3138 2144 3192 sed

548 3230 775 3304 jacebas
804 3231 946 3285 nuda
976 3230 1240 3300 plenaque
1275 3229 1568 3300 ignominia
1592 3227 1905 3284 conculcata
1936 3231 1988 3282 in
2014 3244 2144 3285 san-

553 3324 718 3396 guine
744 3331 856 3379 tuo.
894 3321 1074 3379 Ubera
1097 3329 1187 3376 tua
1213 3323 1609 3385 intumuerunt,
1637 3328 1694 3374 et
1717 3319 1858 3392 pilus
1885 3330 2007 3377 tuus
2026 3338 2147 3394 ger-

556 3419 805 3483 minavit,
828 3425 885 3474 et
915 3432 1043 3472 ecce
1069 3425 1280 3485 tempus
1306 3424 1459 3470 tuum
1492 3416 1813 3481 amantium,
1849 3426 1904 3471 et
1924 3415 2146 3486 jacebas

562 3511 726 3577 nuda,
759 3508 1096 3566 confusionis
1122 3507 1277 3579 plena
1307 3506 1524 3579 (Ezech.
1550 3508 1726 3579 xvm).
1758 3528 1777 3560 ι
1819 3508 1886 3563 Ει
1910 3508 2146 3580 qualiter

550 3618 651 3674 per
675 3603 965 3658 adventum
999 3617 1112 3656 sua:
1147 3598 1546 3671 conjunctionis
1576 3599 1758 3656 facere
1782 3600 1951 3655 voluit
1978 3616 2141 3654 unum

553 3710 622 3751 ex
661 3695 745 3750 bis
786 3695 1042 3750 misertus
1076 3692 1160 3747 sui
1197 3689 1509 3759 subiunxit:
1542 3711 1560 3743 ι
1592 3691 1657 3746 Et
1705 3691 1828 3747 misi
1884 3692 2143 3747 amictum

551 3803 755 3849 meum,
787 3795 842 3843 et
870 3784 1061 3857 operui
1091 3784 1442 3855 ignominiam
1477 3793 1646 3839 tuam.
1678 3783 1812 3839 Lavi
1842 3794 1895 3838 te
1918 3800 2057 3856 aqua
2088 3794 2144 3840 et

551 3879 807 3936 mundavi
850 3879 1168 3950 sanguinem
1210 3886 1360 3932 tuum
1387 3893 1455 3934 ex
1489 3886 1561 3944 te,
1589 3886 1644 3934 et
1671 3878 1798 3933 unxi
1839 3887 1891 3935 te
1916 3878 2054 3945 oleo,
2086 3886 2142 3935 et

553 3971 748 4026 vestivi
792 3978 844 4025 te
882 3969 1204 4042 vestimento
1245 3968 1623 4025 multicolorio.
1672 3968 1861 4024 Simila
1899 3979 1954 4025 et
1982 3970 2142 4027 melle

549 4061 753 4117 nutrivi
783 4069 856 4116 te.
897 4059 1055 4115 Cinxi
1093 4070 1146 4116 te
1180 4062 1363 4133 bysso,
1401 4069 1457 4116 et
1496 4060 1721 4116 calciavi
1758 4068 1812 4115 te
1845 4060 2140 4133 hyacintho

549 4162 610 4211 et
631 4156 785 4224 posui
817 4170 1073 4211 coronam
1103 4156 1316 4211 decoris
1366 4155 1419 4210 in
1452 4156 1630 4226 capite
1663 4163 1785 4220 tuo,
1817 4162 1872 4210 et
1902 4155 2138 4212 circulos

550 4248 606 4305 in
638 4245 862 4304 auribus
899 4249 1027 4314 tuis,
1054 4257 1111 4303 et
1140 4247 1318 4317 juravi
1350 4246 1447 4303 tibi
1477 4255 1532 4303 et
1566 4247 1842 4319 ingressus
1889 4262 2009 4303 sum
2036 4262 2134 4318 pa-

550 4354 697 4402 ctum
746 4354 946 4411 tecum,
992 4353 1049 4401 et
1091 4346 1234 4401 facta
1277 4360 1338 4402 es
1387 4345 1541 4408 mihi,
1595 4344 1671 4398 ait
1705 4344 1966 4399 Dominus
1994 4342 2138 4400 Deus

547 4436 759 4511 (Ibid.).
798 4457 816 4489 ι
869 4436 1021 4505 Quod
1059 4437 1306 4509 quamvis
1343 4435 1496 4507 plebs
1527 4434 1835 4490 Iudaeorum
1876 4442 2137 4505 arguatur

548 4540 863 4597 contumax,
892 4530 1183 4600 alloquitur
1221 4531 1274 4584 in
1313 4529 1430 4600 ejus
1467 4542 1699 4598 persona
1735 4528 1912 4584 omnis
1950 4528 2130 4585 anima
2161 4563 2214 4625 Β

548 4639 668 4695 qum
697 4637 791 4694 per
826 4622 1103 4678 lavacrum
1143 4620 1569 4693 regenerationis
1610 4620 1872 4687 nascitur,
1912 4638 2011 4693 per
2038 4638 2131 4679 vo-

544 4714 807 4771 luntatem
844 4715 981 4786 ejus,
1019 4728 1139 4785 quae
1179 4726 1299 4767 eam
1338 4711 1488 4783 prius
1514 4721 1776 4785 genuerat
1814 4728 1911 4783 per
1939 4730 2132 4786 pecca.

544 4817 659 4866 tum
704 4807 1038 4871 Amorrbaai,
1091 4804 1185 4876 qui
1230 4819 1446 4859 amarus
1491 4803 1899 4876 interpretatur,
1948 4806 2003 4861 id
2049 4813 2135 4862 est

544 4899 767 4964 diaboli,
795 4907 850 4955 et
873 4913 972 4968 per
998 4894 1442 4952 consuetudinem
1472 4895 1755 4962 nefariam,
1787 4913 1907 4967 quae
1927 4896 2132 4953 Cethea

544 4980 798 5063 praesenti
832 4990 952 5043 loco
977 4987 1195 5053 dicitur,
1221 5002 1342 5058 quae
1374 4990 1561 5044 mentis
1596 5006 1836 5044 excessus
1865 4990 2133 5060 interpre-

548 5094 713 5149 tatur,
744 5080 906 5139 fuerit
935 5078 1099 5135 oblita
1128 5080 1445 5150 improbari,
1472 5082 1734 5151 probatur
1762 5081 2131 5151 increpatione

545 5192 707 5248 quam
756 5174 994 5230 clemens
1022 5172 1280 5229 Dominus
1316 5182 1500 5231 noster
1533 5172 1692 5230 Jesus
1734 5174 2003 5239 Christus,
2032 5179 2131 5245 per

544 5276 789 5325 sanctam
839 5266 1231 5339 apparitionem
1280 5281 1467 5332 suam,
1526 5265 1653 5321 licet
1711 5266 2020 5323 nescienter
2061 5268 2129 5324 de

536 5359 815 5433 praedictis
862 5358 1115 5414 sordibus
1155 5357 1436 5414 collectam
1477 5357 1759 5424 enutrivit,
1815 5366 1871 5413 et
1925 5360 2130 5430 pretio-

542 5451 621 5506 sis
647 5449 891 5505 vestibus
915 5448 1001 5505 vel
1035 5450 1326 5507 monilibus
1353 5450 1654 5515 exornavit,
1686 5460 1742 5506 et
1768 5452 1871 5507 sibi
1903 5468 2129 5509 consor-

542 5549 655 5598 tem
695 5540 849 5612 regni
895 5538 1075 5597 faccre
1115 5551 1201 5598 est
1231 5543 1480 5614 dignatus
1524 5557 1622 5613 per
1660 5546 1995 5601 sacrosancti
2038 5547 2128 5601 ba-

544 5629 821 5704 ptismatis
864 5632 1085 5699 undam,
1135 5633 1229 5690 ubi
1269 5632 1501 5706 gloriosa
1540 5634 1739 5710 c0pula_
1762 5624 1973 5692 'Christi
2002 5636 2126 5693 Filii

542 5722 641 5779 Dei
677 5730 733 5779 et
757 5722 1013 5781 Ecclesiae
1058 5725 1381 5783 celebratur.
1427 5727 1488 5783 ln
1525 5742 1633 5799 quo
1666 5744 1826 5786 sacro
1868 5731 2127 5801 mysterio

542 5816 833 5875 ablutionis
866 5833 1007 5890 aqua
1042 5817 1254 5881 lavatur
1287 5819 1565 5890 sapientia:
1592 5822 1705 5880 sale
1733 5832 2004 5895 suscepto,
2041 5825 2124 5885 in-

1771 5936 1821 5975 ,-

2251 1959 2352 2015 per
2376 1942 2697 2015 pr0phetam
2735 1941 2791 1997 in
2830 1957 3064 2014 persona
3100 1942 3307 2013 sponsi,
3350 1941 3406 1999 id
3447 1950 3535 1999 est
3556 1942 3734 1998 Verbi
3763 1943 3857 1999 Dei

2251 2034 2431 2091 Patris
2471 2034 2739 2091 dicentis:
2768 2051 2790 2085 ‹
2818 2034 3168 2102 Desponsabo
3205 2042 3259 2089 te
3294 2033 3428 2089 mihi
3467 2033 3523 2089 in
3560 2034 3860 2105 sempiter-

2251 2143 2410 2191 num,
2450 2126 2791 2197 desponsabo
2822 2133 2876 2182 te
2906 2126 3041 2182 mihi
3080 2126 3133 2181 in
3163 2124 3396 2195 justitia,
3425 2126 3784 2198 desponsabo
3807 2137 3857 2184 te

2248 2222 2382 2278 mihi
2411 2220 2465 2277 in
2486 2220 2714 2291 judicio,
2744 2221 3085 2292 desponsabo
3110 2229 3165 2276 te
3192 2220 3325 2275 mihi
3354 2221 3406 2274 in
3439 2220 3852 2285 misericordia,

2251 2314 2590 2385 desponsabo
2620 2323 2672 2370 te
2702 2314 2836 2370 mihi
2871 2313 2924 2368 in
2952 2312 3057 2368 ﬁde
3084 2312 3229 2386 (Ose.
3260 2313 3344 2385 tr).
3369 2334 3389 2367 ι
3431 2312 3501 2368 Et
3528 2327 3635 2383 per
3662 2313 3855 2369 Isaiam

2249 2407 2502 2463 similiter
2525 2420 2631 2462 vox
2670 2405 2841 2476 ipsius
2869 2404 3129 2461 Ecclesia:
3155 2405 3232 2459 ait
3257 2423 3271 2458 :
3305 2425 3321 2456 ι
3352 2403 3544 2461 Posuit
3586 2405 3728 2459 mihi
3761 2404 3856 2459 mi~

2250 2509 2392 2556 tram
2431 2500 2573 2554 sicut
2602 2514 2814 2570 sponsa:
2851 2510 2906 2555 et
2944 2499 3117 2556 induit
3142 2515 3231 2555 me
3260 2498 3607 2555 vestimentis
3638 2498 3855 2566 salutis,

2249 2590 2390 2645 sicut
2424 2605 2682 2661 sponsum
2722 2591 3034 2646 decoratum
3065 2606 3286 2656 corona,
3316 2601 3373 2648 et
3407 2592 3551 2647 sicut
3578 2607 3850 2662 sponsam

2249 2690 2497 2736 ornatam
2529 2682 2818 2737 monilibus
2844 2683 2958 2738 suis
2983 2683 3343 2739 circumdedit
3368 2698 3457 2739 me
3484 2682 3627 2753 (Ira.
3662 2683 3800 2755 LXI).
3831 2702 3851 2736 ι

2248 2770 2315 2825 Et
2342 2768 2631 2826 Zacharias
2656 2771 3027 2843 hujuscemodi
3061 2771 3289 2843 gloriam
3332 2771 3637 2841 trepidanti
3668 2771 3855 2827 Eccle-

2257 2864 2351 2919 siae
2380 2865 2681 2919 nuntiatam
2706 2863 2930 2920 dicendo
2956 2866 3071 2919 ait:
3104 2883 3122 2915 ‹
3151 2863 3268 2918 Noli
3302 2863 3514 2928 timere,
3554 2863 3676 2918 ﬁlia
3702 2863 3852 2928 Sion,

2248 2971 2376 3012 ecce
2403 2956 2519 3011 Rex
2550 2966 2673 3012 tuus
2698 2956 2846 3012 venit
2887 2957 2983 3013 tibi
3022 2957 3169 3012 mitis
3205 2967 3259 3011 et
3286 2965 3625 3021 mansuetus,
3657 2960 3855 3014 sedens

2248 3062 2413 3118 super
2438 3048 2643 3119 pullum
2680 3049 2868 3114 asinm,
2898 3048 3149 3104 Salvator
3178 3058 3233 3103 et
3260 3048 3596 3119 Redemptor
3624 3051 3751 3121 ipse
3774 3058 3854 3106 est

2250 3136 2435 3210 (ΖηεΙι.
2467 3140 2564 3211 Ix).
2593 3159 2611 3192 ι
2646 3139 2711 3194 Hi
2741 3156 2872 3211 ergo
2898 3154 3087 3195 omnes
3112 3140 3438 3211 patriarcha:
3466 3151 3523 3196 et
3546 3142 3851 3212 propheta,

2249 3229 2515 3296 futuram,
2570 3229 2893 3286 ineffabilem
2940 3230 3143 3286 Christi
3199 3239 3255 3287 et
3293 3231 3552 3287 Ecclesia:
3593 3233 3851 3304 c0pulam

2249 3321 2517 3377 cecinere.
2558 3322 2847 3392 Apostolus
2888 3331 3066 3376 autem
3091 3320 3207 3392 jam
3237 3321 3568 3378 celebratam
3597 3324 3853 3393 exposuit

2248 3414 2468 3468 dicens:
2502 3432 2521 3465 ‹
2552 3414 2690 3479 Viri,
2708 3412 2914 3483 diligite
2944 3429 3144 3470 uxores
3162 3424 3397 3481 vestras,
3424 3417 3568 3471 sicut
3597 3415 3853 3473 Christus

2248 3504 2548 3563 Ecclesiam
2596 3507 2806 3573 dilexit,
2844 3509 2935 3579 qui
2984 3511 3335 3581 semetipsum
3373 3509 3597 3564 tradidit
3626 3526 3733 3580 pro
3766 3526 3848 3574 ea,

2246 3608 2306 3654 ut
2336 3600 2452 3669 ipse
2488 3600 2589 3656 sibi
2622 3600 2904 3657 exhiberet
2944 3602 3348 3659 immaculatam
3386 3603 3715 3667 Ecclesiam,
3746 3620 3849 3660 non

2245 3692 2533 3748 habentem
2566 3693 2828 3749 maculam
2858 3704 2950 3750 aut
2978 3712 3167 3768 rugam
3199 3695 3416 3769 (Ephes.
3448 3697 3529 3768 v).
3566 3717 3587 3751 ι
3648 3697 3721 3753 Et
3748 3700 3845 3753 ite-

2245 3800 2366 3839 rum
2414 3784 2481 3839 ad
2504 3783 2816 3842 Corinthios
2855 3803 2869 3839 :
2903 3806 2922 3840 ‹
2950 3786 3220 3859 Despondi
3269 3789 3415 3843 enim
3452 3802 3551 3843 vos
3590 3789 3691 3844 uni
3734 3791 3845 3844 viro

2243 3877 2506 3950 virginem
2520 3888 2726 3933 castam
2743 3878 3002 3933 exhibere
3015 3876 3234 3934 Christo
3248 3877 3333 3950 (ll
3349 3877 3471 3939 Car.
3485 3878 3590 3950 xi).
3616 3899 3637 3931 ι
3659 3880 3729 3934 Et
3743 3880 3845 3935 alio

2241 3965 2363 4021 loco
2407 3965 2481 4021 ita
2521 3968 2841 4021 exhortatur
2870 3964 3062 4024 ﬁdeles
3086 3987 3099 4022 :
3136 3987 3155 4019 ε
3183 3966 3294 4023 Vos
3308 3968 3441 4023 estis
3469 3984 3676 4040 corpus
3700 3968 3845 4024 Chri-

2241 4057 2328 4120 sti,
2352 4065 2406 4113 et
2431 4073 2561 4113 caro
2590 4059 2657 4113 de
2680 4073 2848 4114 carne
2871 4058 2989 4128 ejus
3009 4058 3065 4130 (1
3081 4057 3206 4114 Car.
3237 4058 3391 4130 xu)»
3423 4058 3563 4115 Huic
3588 4060 3843 4116 videlicet

2240 4146 2409 4202 tantis
2453 4161 2518 4202 ac
2565 4146 2760 4203 talibus
2812 4148 3039 4204 testibus
3086 4148 3501 4216 confirmandae,
3531 4149 3841 4205 adhibenda

2239 4246 2365 4293 sunt
2398 4238 2578 4293 omnia
2604 4236 2777 4294 ollicia
2823 4239 3154 4309 nuptiarum.
3190 4238 3290 4296 Ubi
3315 4248 3511 4311 praesto
3532 4241 3645 4295 sint
3676 4242 3839 4297 etiam

2239 4330 2399 4384 amici
2441 4330 2656 4400 sponsi,
2681 4329 2894 4385 sodales
2935 4330 3099 4386 etiam
3134 4345 3362 4400 sponsae,
3415 4346 3597 4387 mores
3616 4344 3837 4402 quoque

2238 4423 2598 4490 cantantium,
2626 4425 2719 4496 qui
2753 4423 2897 4480 dulci
2936 4425 3302 4481 modulamine
3328 4426 3511 4498 sponsi
3539 4427 3836 4496 potentiam

2237 4521 2436 4567 canant
2460 4514 2544 4567 vel
2573 4529 2786 4585 sponsa:
2807 4513 3267 4584 pulchritudinem
3296 4514 3542 4581 laudent,
3574 4531 3684 4586 qua
3726 4515 3831 4569 lar-

2235 4604 2459 4675 gitatem
2500 4604 2683 4674 sponsi
2709 4614 2795 4660 est
2826 4614 3141 4671 consecuta,
3189 4605 3463 4676 quomodo
3499 4622 3560 4663 se
3583 4606 3832 4663 excelsus

2235 4694 2629 4753 burnilitaverit
2664 4697 2731 4753 de
2766 4697 2855 4752 illa
2889 4696 3174 4753 altitudine
3213 4696 3435 4753 deitatis
3480 4699 3668 4753 limum
3708 4713 3830 4769 pro-

2236 4786 2410 4855 fundi,
2439 4797 2497 4844 ut
2523 4789 2804 4858 humilem,
2833 4788 3205 4861 dejectamque
3233 4791 3415 4845 carnis
3452 4780 3739 4846 materiam
3766 4790 3831 4847 ad

2237 4880 2501 4937 calorum
2540 4881 2753 4938 culmen
2791 4882 3024 4938 levatam
3070 4897 3182 4937 suae
3221 4882 3497 4952 maiestati
3536 4882 3831 4954 conjunge-

2236 4982 2341 5030 ret.
2388 4974 2458 5029 Et
2501 4976 2799 5031 notandum
2843 4975 2971 5047 quia
3019 4974 3310 5045 aliquando
3348 4973 3626 5046 Scriptura
3671 4988 3827 5030 sacra

2238 5063 2527 5123 Dominum
2558 5075 2733 5135 vocat,
2764 5067 3056 5138 aliquando
3083 5076 3313 5138 patrem,
3346 5067 3635 5137 aliquando
3667 5081 3827 5137 spon-

2186 5178 2191 5183 '
2237 5177 2378 5220 sum.
2415 5159 2643 5228 Quando
2681 5160 2827 5216 enim
2853 5160 2967 5216 vult
3006 5176 3065 5217 se
3094 5161 3295 5227 timeri,
3324 5158 3608 5215 Dominum
3638 5173 3705 5214 se
3731 5171 3827 5213 no-

2235 5255 2443 5320 minat;
2475 5252 2694 5323 quando
2720 5251 2838 5308 vult
2876 5252 3156 5319 honorari,
3195 5262 3436 5324 patrem;
3467 5249 3684 5322 quando
3712 5248 3824 5304 vult

2236 5343 2430 5409 amari,
2459 5357 2736 5415 sponsum.
2768 5342 2886 5415 ipse
2911 5360 3009 5416 per
3044 5345 3363 5416 prophetam
3391 5343 3525 5399 dicit
3550 5360 3564 5397 :
3593 5362 3611 5394 ι
3633 5339 3695 5398 Si
3722 5342 3824 5397 Do-

2234 5436 2416 5492 minus
2447 5450 2589 5500 sum,
2620 5435 2714 5491 ubi
2741 5445 2824 5492 est
2857 5436 3022 5493 timor
3056 5438 3248 5494 meus?
3277 5435 3335 5493 Si
3366 5435 3529 5491 Pater
3552 5448 3653 5506 ego
3676 5448 3820 5497 sum,

2235 5532 2329 5587 ubi
2377 5541 2459 5588 est
2502 5532 2678 5589 honor
2718 5534 2912 5590 meus?
2959 5533 3113 5607 (Mal.
3141 5532 3182 5607 ι)
3215 5554 3264 5590 ›.
3292 5534 3361 5590 Et
3406 5545 3621 5588 rursum
3653 5528 3817 5585 dicit:

2242 5641 2265 5676 ι
2293 5622 2621 5696 Desponsavi
2656 5633 2710 5682 te
2747 5626 2883 5683 mihi
2923 5625 2978 5681 in
3015 5624 3250 5697 justitia,
3287 5633 3345 5682 et
3376 5624 3505 5692 ﬁde,
3547 5621 3631 5679 vel
3669 5627 3824 5678 certe

2237 5717 2553 5772 recordatus
2605 5732 2725 5773 sum
2775 5717 2881 5775 diei
2920 5718 3349 5790 desponsationis
3386 5725 3495 5775 tute
3524 5715 3579 5772 in
3602 5714 3820 5769 deserto

2240 5809 2386 5881 (Ore.
2403 5810 2486 5883 ιι).
2510 5829 2528 5863 ι
2558 5811 2625 5867 Et
2644 5811 2775 5883 quid
2793 5820 2878 5869 est
2894 5813 3035 5888 apud
3050 5813 3243 5883 Deum,
3260 5812 3498 5889 quando,
3526 5817 3580 5867 et
3601 5804 3819 5881 quando
