4078 6340
259 424 366 480 561

1293 413 1298 416 ’
1371 417 1626 474 ENARR.
1669 415 1738 472 IN
1775 415 2074 474 CANTICA
2104 415 2372 474 CANTIC.

3426 419 3532 474 562

259 551 376 592 non
405 541 510 590 est.
541 531 650 588 Sed
677 533 804 604 quia
829 533 982 604 prius
1007 532 1186 588 timeri
1213 546 1272 588 se
1297 531 1412 586 vult
1439 541 1500 586 ut
1527 532 1846 598 honoretur,
1873 532 1928 596 Α
1951 545 2108 586 veam
2157 531 2432 602 paulisper
2469 529 2710 602 deposita
2757 529 2896 588 stola
2931 531 3000 586 ad
3039 531 3386 600 quaerendum
3435 535 3528 589 de-

257 635 320 684 et
356 625 506 696 prius
541 623 820 690 honorari,
851 632 912 678 ut
947 623 1016 680 ad
1055 625 1172 696 ejus
1213 637 1450 678 amorem
1481 623 1848 693 perveniatur,

255 727 318 774 et
349 718 634 786 Dominum
663 731 722 772 se
745 725 970 788 propter
995 717 1244 772 timorem
1269 716 1532 780 nominat,
1565 723 1620 770 et
1641 723 1850 784 patrem

257 819 488 878 propter
508 807 788 872 honorem,
811 815 864 862 et
887 823 1146 878 sponsum
1165 815 1386 878 propter
1400 821 1659 870 amorem,
1677 815 1738 860 ut
1753 821 1850 876 per

261 897 516 954 timorem
562 897 814 952 veniatur
859 899 926 954 ad
973 899 1256 964 honorem,
1303 913 1400 970 per
1441 897 1701 952 honorem
1723 911 1852 952 vero

257 991 382 1060 ejus
403 989 748 1060 perveniatur
773 989 840 1044 ad
857 1004 1116 1044 amorem.
1141 988 1356 1056 Quanto
1377 1003 1507 1058 ergo
1527 986 1742 1058 dignius
1768 995 1852 1042 est

257 1079 440 1134 honor
467 1095 626 1150 quam
659 1081 838 1146 timor,
873 1089 1022 1134 tanto
1045 1079 1164 1151 plus
1187 1081 1380 1150 gaudet
1403 1081 1544 1134 Deus
1567 1087 1718 1150 pater
1743 1077 1850 1134 dici

255 1187 430 1244 quam
463 1173 744 1228 Dominus.
777 1173 844 1226 Et
881 1181 1086 1242 quanto
1125 1189 1254 1244 ergo
1300 1173 1520 1228 charius
1553 1183 1654 1238 est,
1699 1187 1852 1228 amor

255 1279 426 1334 quam
467 1265 658 1330 honor,
696 1273 842 1320 tanto
875 1263 994 1334 plus
1019 1265 1216 1336 gaudet
1243 1265 1402 1330 Deus,
1429 1281 1658 1336 sponsus
1687 1281 1850 1336 quam

255 1367 438 1426 pater.
487 1357 542 1411 In
573 1357 676 1412 hoc
715 1373 844 1428 ergo
889 1357 1026 1412 libro
1069 1357 1326 1412 Dominus
1367 1367 1422 1412 et
1447 1357 1708 1424 Ecclesia,
1743 1373 1850 1412 non

255 1449 513 1504 dominus
531 1457 584 1504 et
621 1447 836 1512 ancilla,
859 1449 952 1503 sed
973 1463 1202 1518 sponsus
1225 1449 1534 1502 nominatur
1555 1455 1610 1502 et
1629 1463 1846 1518 sponsa,

255 1549 322 1593 ut
367 1553 474 1594 non
509 1539 608 1594 soli
653 1539 854 1605 timori,
883 1555 988 1594 nou
1023 1539 1120 1594 soli
1158 1539 1470 1594 reverentiae
1493 1579 1508 1604 ,
1557 1539 1651 1593 sed
1686 1539 1848 1592 etiam

255 1633 434 1686 amori
463 1631 820 1696 deserviatur,
844 1639 900 1686 et
927 1633 980 1686 in
1005 1631 1184 1686 verbis
1209 1631 1850 1686 exterioribusincitetur

253 1723 486 1778 ail'ectus
515 1723 760 1780 interior.
789 1723 922 1779 Cum
951 1739 1008 1778 se
1034 1723 1322 1778 Dominum
1353 1723 1616 1788 nominat,
1643 1721 1849 1776 indicat

255 1815 406 1884 quod
431 1815 600 1868 creati
629 1831 836 1870 sumus.
865 1814 998 1870 Cum
1029 1829 1088 1870 se
1107 1823 1318 1886 patrem
1347 1815 1612 1882 nominat,
1643 1815 1848 1870 indicat

271 1905 422 1974 quod
451 1903 740 1976 conjuncti.
769 1905 896 1961 Plus
921 1915 1004 1962 est
1029 1915 1206 1960 autem
1239 1906 1552 1976 conjunctos
1573 1922 1692 1962 esse
1713 1907 1844 1974 Deo,
1875 1891 1922 1952 Β

255 2011 426 2066 quam
449 2005 660 2052 creatos
687 2006 742 2052 et
771 1996 1192 2068 adoptatos.-Sic
1217 2006 1398 2052 autem
1425 1997 1751 2070 generaliter
1775 2013 1844 2052 ex

253 2103 394 2142 voce
419 2087 676 2142 Ecclesia:
699 2089 964 2144 adventus
983 2087 1198 2144 Domini
1227 2105 1280 2144 in
1311 2089 1416 2144 hoc
1437 2104 1600 2160 opere
1625 2097 1848 2160 praesto-

254 2177 426 2244 latur,
457 2187 516 2232 ut
545 2179 708 2233 etiam
741 2179 1051 2250 specialiter
1069 2193 1408 2250 unaquaeque
1431 2179 1610 2234 anima
1643 2179 1850 2250 ingres-

251 2283 380 2324 sum
427 2269 520 2324 Dei
555 2269 622 2324 ad
667 2285 760 2324 cor
807 2285 984 2337 suum,
1017 2279 1272 2340 tanquam
1307 2269 1512 2324 aditum
1557 2269 1738 2338 sponsi
1793 2267 1848 2322 in

265 2361 566 2416 thalamum
603 2363 856 2432 accipiat.
899 2363 966 2416 Et
1002 2361 1280 2418 sciendum
1311 2361 1438 2432 quia
1467 2361 1524 2416 in
1571 2361 1676 2416 hoc
1711 2359 1850 2416 libro

253 2461 494 2520 quatuor
531 2467 776 2522 persome
811 2453 1092 2524 loquentes
1138 2453 1574 2519 introducuntur,
1617 2467 1848 2522 sponsus

255 2541 516 2596 videlicet
539 2549 594 2596 et
621 2557 814 2612 sponsa
837 2583 852 2610 ,
881 2541 1296 2616 adulescentula:
1319 2557 1448 2596 vero
1477 2557 1598 2596 cum
1629 2555 1846 2610 sponsa,

257 2638 312 2686 et
337 2647 530 2702 greges
567 2633 830 2688 sodalium
865 2647 986 2688 cum
1027 2647 1244 2702 sponso.
1289 2631 1498 2700 Sponsa
1543 2631 1686 2686 enim
1733 2631 1848 2700 ipsa

255 2721 502 2792 perfecta
553 2721 794 2778 Ecclesia
835 2733 938 2790 est,
967 2739 1196 2794 sponsus
1229 2725 1512 2790 Dominus,
1541 2725 1680 2780 sicut
1725 2741 1848 2782 cre-

257 2811 362 2868 bro
387 2811 594 2868 dictum
614 2823 716 2870 est.
751 2815 1176 2872 Adolesceutulze
1211 2831 1342 2873 vero
1363 2833 1486 2873 cum
1502 2834 1696 2888 sponsa
1723 2827 1849 2876 sunt

259 2905 584 2962 inchoantes
637 2907 868 2974 animae,
907 2917 962 2962 et
999 2924 1098 2980 per
1157 2925 1356 2966 novum
1405 2909 1640 2966 studium
1687 2911 1849 2982 pube-

259 3007 500 3056 scentes.
549 2999 774 3058 Sodales
820 3019 950 3058 vero
995 3005 1174 3076 sponsi
1223 3013 1349 3060 sunt
1397 3005 1510 3060 sive
1535 3005 1710 3076 angeli
1755 3005 1848 3076 qui

261 3109 410 3164 saepe
441 3095 752 3152 hominibus
773 3097 840 3152 ad
869 3097 1014 3168 ipsos
1035 3097 1314 3154 venientes
1340 3107 1720 3169 apparuerunt,
1753 3113 1848 3154 seu

259 3197 414 3244 certe
463 3187 686 3258 perfecti
724 3191 924 3260 quique
957 3191 1060 3246 viri
1103 3191 1158 3246 in
1203 3191 1466 3260 Ecclesia,
1497 3193 1590 3262 qui
1621 3195 1848 3248 veritate

259 3281 576 3336 hominibus
617 3283 864 3338 nuntiare
917 3291 1214 3350 noverunt;
1262 3285 1356 3340 sed
1393 3285 1484 3354 qui
1531 3285 1845 3356 singillatim

259 3375 682 3430 adulescentula:
731 3375 814 3431 vel
863 3377 1076 3432 sodales
1117 3381 1274 3442 sunt,
1309 3377 1406 3432 toti
1451 3377 1611 3432 simul
1647 3393 1846 3448 sponsa

261 3471 398 3518 sunt
425 3505 442 3530 ,
471 3465 562 3534 qui
587 3465 684 3520 toti
709 3465 868 3522 simul
891 3465 1130 3522 Ecclesia
1157 3473 1320 3534 sunt,
1347 3469 1594 3537 quamvis
1617 3479 1672 3524 et
1693 3468 1846 3538 juxta

261 3571 708 3626 unumquemque
735 3557 946 3614 ﬁdelem
993 3559 1108 3616 haec
1145 3559 1220 3614 ita
1257 3560 1476 3616 nomina
1517 3561 1688 3632 accipi
1723 3577 1848 3632 pos-

261 3655 412 3702 sunt.
445 3647 580 3702 Nam
609 3649 702 3720 qui
731 3651 1014 3706 Dominum
1037 3649 1150 3720 jam
1179 3651 1416 3722 perfecte
1437 3663 1586 3708 autat
1610 3693 1624 3718 ,
1649 3669 1848 3724 sponsa

261 3745 352 3794 est
381 3753 396 3792 :
429 3739 520 3808 qui
555 3755 810 3810 sponsum
835 3743 1126 3812 praedicat,
1165 3743 1364 3800 sodalis
1409 3753 1493 3800 est
1515 3785 1530 3810 ,
1555 3747 1646 3815 qui
1673 3747 1850 3802 adhuc

263 3829 512 3885 novellus
539 3831 682 3886 viam
713 3831 978 3888 bonorum
1009 3835 1286 3904 sequitur,
1313 3835 1712 3892 adulescentula
1741 3845 1846 3892 est.

259 3919 549 3976 Imitantur
581 3939 710 3992 ergo
736 3933 794 3978 ut
827 3925 996 3982 simus
1029 3941 1245 3998 sponsa.
1279 3925 1336 3982 Si
1359 3929 1474 3984 haec
1493 3929 1730 3984 nondum
1757 3945 1852 3984 va-

259 4011 462 4079 lemus,
507 4014 676 4070 simus
719 4015 950 4072 sodales.
1001 4015 1060 4072 Si
1089 4033 1266 4088 neque
1305 4019 1406 4074 hoc
1433 4019 1608 4088 adepti
1640 4035 1848 4088 sumus,

263 4103 462 4158 saltem
501 4105 570 4160 ad
595 4105 741 4162 hunc
775 4107 1070 4164 thalamum
1101 4109 1248 4168 velut
1277 4109 1690 4166 adoloscentulte
1717 4126 1850 4166 con-

261 4195 720 4262 veniamusSed
741 4199 1018 4256 sciendum
1049 4209 1340 4269 antequam
1367 4201 1436 4254 ad
1457 4199 1852 4270 conjunctionis

261 4305 458 4362 pacem
519 4291 798 4348 veniamus
823 4335 838 4358 ,
897 4295 1042 4364 quod
1103 4294 1536 4366 sapientissimus
1597 4291 1853 4348 Salomon

263 4383 534 4454 quidquid
558 4383 626 4440 ab
649 4385 804 4440 initio
837 4383 1024 4440 mundi
1069 4399 1238 4456 usque
1267 4385 1320 4440 in
1351 4383 1532 4450 linem,
1563 4385 1618 4439 in
1649 4394 1852 4456 myste-

263 4475 366 4530 riis
393 4485 506 4548 egtt
527 4485 812 4535 acturusve
839 4479 946 4534 erit
975 4478 1070 4534 Dei
1093 4493 1274 4534 sermo
1295 4493 1422 4550 erga
1449 4475 1772 4546 Ecclesiam,
1797 4477 1852 4532 in

263 4565 444 4638 ﬁgura
471 4555 930 4640 et’tenigmatibus
962 4569 1370 4626 demonstravit.
1411 4569 1468 4624 in
1491 4583 1598 4640 quo
1639 4569 1852 4626 cantico

261 4659 453 4716 omnia
477 4675 600 4730 quae
623 4669 918 4716 narrantur
939 4667 1078 4716 tecta
1105 4660 1378 4732 mysteriis
1399 4659 1454 4716 in
1484 4657 1644 4716 Verbi
1675 4659 1856 4716 incar-

265 4733 506 4806 natione
535 4749 772 4806 revelata
819 4759 876 4808 et
912 4749 1178 4822 completa
1225 4749 1505 4818 docentur,
1559 4749 1650 4806 ubi
1679 4751 1854 4808 'allisa

263 4841 498 4912 erigitur
535 4841 773 4904 humana
813 4843 1132 4914 progenies,
1183 4843 1484 4914 compedita
1526 4843 1848 4912 absolvitur,

265 4941 526 5002 corrupta
553 4933 622 4988 ad
639 4933 968 5004 virginitatis
993 4933 1362 5004 integritatem
1383 4931 1732 5000 reformatur,
1761 4949 1854 4988 ex-

265 5025 426 5098 pulsa
451 5041 482 5080 a
501 5027 776 5098 paradiso,
805 5027 1050 5084 redditur
1079 5043 1148 5082 ex
1175 5027 1390 5098 captiva
1427 5027 1628 5094 libera,
1659 5041 1726 5080 ex
1763 5041 1856 5097 pe-

265 5117 492 5188 regrina
533 5119 694 5184 civis,
735 5135 804 5176 ex
841 5119 1038 5175 ancilla
1067 5119 1316 5186 domina,
1369 5133 1436 5174 ex
1465 5117 1727 5174 vilissima
1767 5131 1856 5172 re-

267 5209 396 5280 gina
423 5217 478 5264 et
509 5225 706 5280 sponsa
735 5209 1008 5266 Creatoris
1055 5209 1138 5264 sui
1163 5207 1326 5264 Verbi
1355 5207 1450 5262 Dei
1473 5207 1674 5264 Christi
1703 5207 1856 5264 beni-

269 5303 479 5372 gnitate
497 5303 688 5360 eil'ecta
707 5301 1028 5366 ostenditur,
1043 5317 1162 5370 quae
1183 5301 1342 5372 digna
1363 5301 1436 5356 sit
1453 5299 1568 5370 ejus
1583 5301 1856 5370 suscipere

269 5393 482 5460 oscula,
530 5403 586 5450 et
613 5409 716 5450 una
755 5409 878 5450 cum
923 5409 988 5448 eo
1013 5392 1202 5448 effecta
1249 5391 1496 5462 spiritum
1527 5393 1580 5446 in
1616 5391 1854 5448 celesti-

269 5489 376 5544 bus
401 5487 690 5542 sublimata
727 5501 970 5558 regnare.
997 5483 1126 5552 Quae
1155 5483 1456 5540 sublimitas
1483 5483 1858 5540 humiliatione

271 5577 398 5636 Filii
423 5577 518 5634 Dei
561 5579 830 5634 celebrata
877 5577 1221 5648 cognoscitur
1263 5575 1404 5632 sicut
1443 5575 1704 5646 magister
1729 5591 1860 5646 gen-

275 5671 412 5726 tium
439 5671 598 5726 docet
625 5669 692 5726 de
719 5671 936 5726 Christo
961 5669 1188 5725 dicendo
1215 5687 1228 5723 :
1265 5689 1282 5720 ι
1315 5667 1634 5724 Humiliavit
1685 5685 1770 5734 se,
1801 5677 1861 5725 ut

273 5779 378 5820 nos
403 5763 672 5818 exaltaret
695 5761 860 5835 (Phil.
887 5763 970 5833 ii).
996 5781 1012 5812 ι
1043 5759 1156 5816 Νοιι
1181 5763 1324 5818 enim
1351 5761 1542 5832 injuria
1575 5762 1864 5831 deputatur

275 5855 478 5916 artifici
525 5857 820 5928 pretiosum
875 5853 1130 5910 annulum
1161 5853 1372 5924 lapsum
1401 5853 1454 5910 in
1507 5855 1754 5924 corporis
1783 5853 1862 5910 fo-

1953 625 2230 690 scendere,
2261 633 2316 678 et
2341 625 2616 680 inventum
2643 641 2856 680 rursum
2881 639 2991 680 sum
3015 623 3256 682 dexterae
3277 627 3526 684 reddere.

1949 717 2086 772 Nam
2119 717 2374 788 quidquid
2423 717 2644 784 humile,
2693 717 2948 788 quidquid
2997 717 3338 782 vilissimum,
3369 717 3528 788 quid-

1951 809 2082 880 quid
2117 809 2430 878 despectum
2461 808 2850 878 indignumque
2874 807 3036 864 stulta
3063 807 3334 878 impiaque
3357 807 3532 878 genti-

1925 901 2076 958 litas
2099 901 2350 972 opinatur
2379 901 2530 972 cujus
2559 901 2954 956 incredulitatis
2989 900 3160 971 caligo
3195 901 3382 956 oculos
3409 917 3530 956 cor-

1951 993 2036 1048 dis
2062 991 2316 1058 ctecavit,
2345 992 2450 1046 hoc
2477 991 2770 1060 gloriosum
2789 1031 2804 1054 ,
2833 991 2937 1044 hoc
2967 991 3232 1056 mirabile,
3261 991 3366 1046 hoc
3391 1031 3406 1056 ,
3449 992 3532 1046 in-

1951 1099 2156 1154 quam,
2197 1081 2538 1152 magnificum
2601 1083 2742 1153 apud
2799 1083 3034 1136 divinam
3082 1081 3422 1138 clementiam
3475 1091 3532 1138 et

1951 1191 2140 1232 omnes
2167 1175 2394 1230 virtutes
2415 1174 2664 1230 caelestes
2683 1190 2804 1230 esse
2831 1177 3106 1244 probatur.
3129 1175 3259 1230 Nam
3283 1193 3402 1246 qum
3429 1177 3532 1230 im-

1935 1285 2138 1324 mensa
2155 1269 2412 1338 potentia,
2443 1283 2560 1338 quae
2589 1269 2842 1324 bonitatis
2861 1269 3104 1330 dulcedo,
3137 1285 3256 1338 quae
3289 1271 3516 1324 misera-

1953 1361 2116 1416 tionis
2151 1361 2474 1432 superlativa
2505 1361 2744 1414 omnium
2783 1377 3004 1430 operum
3039 1359 3314 1432 flagrantia
3341 1369 3526 1430 pater-

1951 1469 2034 1510 nae
2093 1454 2342 1519 virtutis,
2405 1455 2672 1508 admirata
2741 1455 2808 1510 ab
2855 1455 3108 1526 angelis,
3179 1457 3526 1526 omniumque

1951 1553 2262 1598 sanctorum
2301 1545 2484 1598 choris
2509 1545 2777 1614 praecelsis
2803 1547 3026 1600 vocibus
3057 1547 3332 1616 perpetuis
3353 1547 3528 1604 laudi-

1949 1632 2052 1686 bus
2080 1631 2334 1698 oil‘ertur,
2387 1635 2490 1688 nisi
2515 1635 2774 1690 Dominus
2801 1635 3048 1690 ancillam
3079 1651 3204 1692 vere
3229 1653 3530 1706 paupercu-

1949 1723 2078 1788 lam,
2097 1732 2156 1778 ut
2181 1731 2438 1778 externus
2467 1727 2748 1780 mortalem
2779 1741 2876 1794 per
2901 1727 3319 1796 assumptiouem
3351 1729 3532 1786 carnis

1949 1815 2210 1872 Dominus
2237 1815 2394 1872 Jesus
2415 1815 2663 1872 Christus
2687 1817 3000 1880 Ecclesium,
3033 1817 3084 1872 id
3111 1829 3194 1872 est
3219 1821 3312 1874 Dei
3351 1835 3532 1876 sermo

1949 1905 2052 1962 sibi
2107 1907 2344 1962 animam
2401 1909 2502 1962 sub
2555 1909 2950 1980 conjunctionis
2999 1909 3156 1963 titulo
3203 1911 3530 1980 copularet?

1949 1998 2086 2066 Quia
2117 2000 2282 2070 igitur
2303 1999 2498 2068 smpius
2531 2015 2788 2070 sponsum
2831 2008 2884 2054 et
2913 2015 3190 2070 sponsam,
3241 2001 3528 2056 Dominum

1949 2099 2006 2146 et
2027 2089 2322 2146 Ecclesium
2352 2089 2606 2156 diximus,
2645 2101 2702 2146 et
2739 2091 2878 2158 rite,
2922 2089 3076 2161 juxta
3121 2093 3531 2162 poetam,.viam

1951 2197 2204 2236 sermone
2230 2181 2500 2236 levamus:

2011 2295 2234 2360 gpesque
2261 2295 2480 2360 ﬁdesque
2505 2307 2666 2346 meum
2685 2297 2976 2360 comitantur
2997 2301 3042 2346 in
3067 2297 3214 2348 ardua
3240 2309 3484 2360 gressum,

2011 2357 2240 2408 Blandius
2260 2359 2318 2408 ad
2343 2371 2578 2406 summam
2605 2357 2798 2408 tandem
2823 2361 3138 2420 pervenimus
3159 2357 3344 2410 arcém.

1953 2441 2020 2496 Ut
2043 2439 2154 2510 jam
2187 2443 2360 2510 ipsum
2399 2449 2607 2496 textum
2633 2441 2800 2496 divini
2823 2439 3026 2498 oraculi
3057 2441 3359 2511 pendamus
3387 2441 3538 2498 velut

1949 2533 2384 2598 athleSCCltlllliB,
2413 2533 2558 2588 velut
2589 2533 2800 2589 sodales
2831 2535 3112 2590 audiamus
3139 2535 3304 2590 verba
3327 2536 3533 2606 sponsi,

1951 2625 2230 2679 audiamus
2253 2625 2414 2680 verba
2443 2637 2674 2694 sponsae,
2689 2632 2744 2680 et
2767 2625 2820 2678 in
2847 2639 3032 2680 eorum
3059 2625 3400 2680 sermonibus
3421 2623 3532 2680 fer-

1951 2729 2136 2768 vorem
2167 2715 2438 2770 discamus
2467 2715 2688 2770 amoris.
2725 2714 2912 2784 Itaque
2947 2723 3136 2770 sancta
3163 2715 3402 2770 Ecclesia
3439 2715 3534 2770 diu

1949 2805 2266 2876 praestolans
2317 2805 2604 2860 adventum
2653 2805 2904 2872 Domini,
2945 2806 3036 2860 diu
3081 2807 3273 2862 sitiens
3329 2805 3532 2862 fontem

1951 2897 2074 2952 vitae
2099 2938 2114 2962 ,
2143 2897 2413 2968 quomodo
2455 2903 2604 2966 optet
2631 2897 2814 2952 videre
2837 2897 3178 2966 praesentiam
3207 2897 3390 2967 sponsi
3423 2897 3526 2964 sui,

1951 2991 2220 3062 quomodo
2247 2991 2515 3048 desideret
2541 2999 2594 3046 et
2613 2992 2776 3048 dicat.

2459 3083 2690 3138 CAPUT
2727 3083 3014 3140 PRIMUM.

2031 3195 2048 3228 ι
2090 3176 2374 3234 Osculetur
2395 3193 2481 3232 me
2503 3177 2686 3232 osculo
2707 3177 2820 3232 oris
2849 3179 2952 3234 sui.
2983 3199 3000 3230 ι
3033 3177 3268 3250 Angelos
3295 3177 3360 3234 ad
3388 3191 3533 3232 eam-

1875 3255 1922 3320 c
1953 3270 2076 3328 dem
2125 3270 2402 3337 Dominus,
2453 3271 2792 3340 patriarchas
2833 3271 2900 3324 ad
2955 3271 3100 3326 illam
3142 3285 3196 3326 et
3245 3271 3533 3342 prophetas

1953 3364 2202 3430 miserat,
2231 3363 2530 3434 spiritualia
2555 3365 2692 3420 dona
2735 3363 3060 3430 deferentes,
3103 3365 3196 3420 sed
3247 3365 3363 3435 ipsa
3401 3379 3534 3420 vero

1949 3472 2174 3512 munera
2209 3471 2316 3512 non
2359 3471 2458 3528 per
2481 3471 2666 3512 servos
2693 3457 2898 3528 sponsi,
2927 3457 3022 3512 sed
3061 3471 3158 3526 per
3205 3457 3378 3517 ipsum
3417 3454 3530 3524 jam

1949 3563 2206 3618 sponsum
2229 3549 2510 3618 percipere
2537 3549 2832 3618 quaerebat.
2865 3546 3136 3602 Ponamus
3189 3555 3314 3600 ante
3351 3545 3538 3600 oculo

1949 3655 2106 3694 omne
2149 3655 2316 3712 genus
2345 3641 2638 3694 humanum
2679 3639 2748 3694 ab
2779 3639 3000 3694 exordio
3031 3639 3212 3693 mundi
3255 3653 3428 3708 usque
3469 3639 3538 3692 ad

1951 3729 2110 3786 finem
2143 3729 2352 3796 mundi,
2393 3739 2558 3784 totam
2587 3729 2839 3785 videlicet
2881 3729 3182 3784 Ecclesium
3219 3743 3380 3782 unam
3415 3741 3536 3782 esse

1949 3835 2238 3892 personam
2271 3839 2284 3874 :
2323 3835 2442 3889 quae
2469 3821 2662 3874 arrhas
2695 3819 2960 3889 spirituali
3009 3819 3154 3874 dono
3191 3821 3534 3890 perceperat,

1951 3913 2048 3968 sed
2079 3921 2258 3966 tamen
2294 3911 2474 3980 sponsi
2503 3911 2584 3966 sui
2607 3910 2950 3980 praesentiam
2991 3909 3286 3979 quaerebat,
3317 3923 3436 3978 qum
3457 3905 3512 3962 di

1953 4007 2046 4061 cit.
2085 4023 2104 4056 ι
2139 4003 2720 4062 Osculeturmeosculo
2747 4003 2978 4068 orissui,
3015 4023 3032 4056 ι
3063 4003 3354 4072 Suspiraus
3391 3999 3538 4056 enim

1953 4105 2142 4154 sancta
2162 4097 2404 4154 Ecclesia
2429 4113 2528 4168 pro
2559 4099 2792 4152 adventu
2840 4097 3150 4152 Mediatoris
3199 4095 3292 4149 Dei
3341 4105 3396 4150 et
3439 4095 3536 4148 ho-

1954 4189 2184 4256 minum,
2227 4205 2326 4258 pro
2353 4191 2586 4244 adventu
2631 4187 3008 4259 Redemptoris
3051 4187 3134 4242 sui
3187 4187 3252 4240 ad
3317 4185 3538 4240 Patrem

1953 4279 2116 4336 verba
2147 4281 2410 4336 orationis
2435 4280 2582 4346 facit,
2609 4289 2670 4334 ut
2697 4279 2892 4335 Filium
2919 4279 3132 4350 dirigat,
3159 4285 3216 4333 et
3243 4293 3340 4332 sua
3387 4277 3532 4332 illam

1953 4375 2242 4444 praesentia
2271 4373 2524 4438 illustret,
2549 4383 2612 4428 ut
2647 4373 2824 4430 eidem
2849 4371 3104 4428 Ecclesiae
3143 4387 3252 4425 non
3289 4369 3400 4439 jam
3435 4385 3536 4440 per

1953 4483 2048 4524 ora
2076 4467 2486 4538 prophetarum,
2511 4468 2606 4522 sed
2633 4481 2732 4522 suo
2759 4481 2854 4521 ore
2879 4463 3206 4540 locutionem
3231 4461 3417 4528 faciat,
3461 4477 3528 4516 ac

1955 4559 2002 4614 si
2029 4559 2268 4630 apertius
2290 4559 2436 4614 dicat
2465 4575 2480 4610 ε
2513 4557 2724 4628 Tangat
2760 4571 2847 4612 me
2899 4553 3180 4610 dulcedine
3229 4553 3534 4622 praesentia:

1877 4621 1932 4682 D
1959 4621 2088 4715 sua;
2117 4664 2278 4719 quam
2323 4649 2520 4720 saepius
2563 4663 2596 4703 a
2633 4621 2924 4720 prophetis
2965 4647 3286 4717 promissam
3331 4645 3534 4702 audivi.

1959 4743 2114 4802 Unde
2137 4751 2192 4798 et
2220 4743 2286 4798 de
2307 4743 2496 4798 eodem
2523 4755 2722 4812 sponso
2743 4741 2796 4796 in
2829 4739 3118 4812 Evangelio
3147 4739 3408 4809 scriptum
3455 4745 3540 4792 est

1907 4821 1912 4828 ’
1961 4837 2176 4906 (Matth.
2209 4835 2288 4907 v),
2335 4851 2460 4892 cum
2505 4835 2720 4890 sederet
2761 4833 2816 4888 in
2861 4843 3068 4898 monte,
3115 4841 3170 4888 et
3223 4829 3534 4888 sublimium

1957 4939 2348 5002 praeceptorum
2377 4929 2542 4984 verba
2571 4927 2776 4984 faceret
2801 4947 2812 4983 :
2845 4945 2864 4980 ι
2890 4927 3150 4998 Aperiens
3171 4927 3260 4982 hic
3285 4925 3442 4982 Jesus
3473 4937 3536 4978 es

1959 5037 2116 5078 suum
2147 5020 2302 5074 dixit.
2349 5039 2368 5072 ι
2401 5019 2480 5075 Ac
2501 5019 2546 5074 si
2563 5019 2776 5074 dicatur
2805 5037 2816 5071 :
2863 5017 3014 5074 Tunc
3035 5033 3094 5072 os
3119 5029 3274 5072 suum
3303 5013 3536 5084 aperuit,

1961 5115 2050 5184 qui
2075 5113 2226 5183 prius
2248 5113 2314 5167 ad
2339 5110 2770 5168 exhortationem
2789 5109 3044 5164 Ecclesia:
3065 5106 3276 5177 aperuit
3301 5119 3396 5160 ora
3413 5119 3536 5172 pro-

1959 5205 2268 5276 phetarum.
2293 5201 2468 5258 Cerne
2489 5201 2742 5266 libenter,
2775 5199 2958 5254 Caesar
2983 5197 3242 5267 Auguste,
3267 5194 3538 5264 quomodo

1961 5303 2030 5358 ab
2070 5301 2292 5356 exordio
2331 5297 2518 5354 mundi
2559 5297 2628 5352 ab
2663 5296 2834 5350 Adam
2883 5293 3108 5358 scilicet,
3137 5307 3248 5346 uno
3293 5291 3360 5346 ab
3407 5287 3540 5344 Abel

1955 5395 2124 5464 justo,
2155 5409 2328 5462 usque
2347 5393 2416 5447 ad
2445 5391 2708 5446 Joannem
2735 5389 3036 5458 Baptistani
3059 5399 3274 5454 semper
3295 5381 3536 5440 Ecclesia

1962 5484 2240 5541 Christum
2261 5485 2316 5537 in
2341 5481 2418 5538 eis
2437 5481 2530 5552 qui
2551 5479 2758 5536 altioris
2777 5477 3080 5533 intellectus
3093 5481 3250 5530 erant
3271 5473 3536 5544 quaesivit,

1961 5585 2020 5634 et
2055 5591 2154 5648 per
2197 5589 2385 5654 omnes
2423 5573 2762 5644 patriarchas
2801 5577 2858 5626 et
2889 5569 3182 5640 prophetas
3213 5567 3282 5624 ad
3323 5567 3540 5622 Patrem

1963 5671 2386 5740 omnipotentem
2411 5669 2742 5748 lacrymahili
2769 5681 2904 5721 voce
2950 5665 3225 5731 clamavit,
3277 5665 3394 5736 ejus
3435 5663 3538 5720 sibi

1961 5761 2144 5818 oscula
2173 5761 2470 5833 propitiari,
2498 5773 2658 5830 quem
2687 5769 2744 5814 et
2771 5759 2822 5814 in
2849 5757 3101 5814 Iordanis
3131 5757 3400 5826 baptismo
3437 5769 3542 5808 vox

1965 5857 2142 5914 Patris
2171 5857 2237 5914 de
2263 5857 2422 5924 nube,
2447 5861 2502 5910 et
2525 5853 2758 5912 Joannes
2785 5855 2952 5927 digito
3001 5849 3342 5914 monstravit,
3365 5847 3564 5930 dicen-_
