4078 6340
572 385 677 441 565

1593 370 1943 427 ANGELOMI
1978 368 2431 427 LUXOVlENSlS
2467 322 2781 425 MONACHI

571 506 640 560 do
670 519 682 553 :
720 519 738 553 ι
766 500 909 556 Ecce
938 498 1120 569 Agnus
1170 497 1265 553 Dei
1312 502 1405 571 qui
1460 502 1596 557 tollit
1639 507 1920 570 peccatum
1968 493 2235 558 mundiA
2259 493 2325 547 de
2348 504 2668 559 unaquaque
2696 488 2876 543 anima
2908 485 3227 542 sentiamus.
3252 484 3529 539 Ponamus
3563 492 3693 539 ante
3712 499 3849 538 uou-

572 594 793 669 (loamt.
827 609 844 647 ι
875 592 915 663 ).
953 610 975 644 ι
1007 591 1078 647 Et
1100 589 1263 645 Pater
1291 592 1405 663 ipse
1430 594 1495 648 de
1516 591 1658 647 nube
1684 609 1697 645 :
1746 609 1765 641 ι
1808 588 1908 644 Hic
1933 596 2017 643 est
2064 585 2153 642 Fi-

570 684 677 741 lius
712 698 883 749 meus,
907 681 1104 753 inquit,
1147 680 1376 737 dilectus
1424 681 1480 736 in
1519 696 1626 751 quo
1673 679 1806 735 mihi
1852 675 2153 748 complacui

573 775 787 848 (Matth.
820 774 924 846 ιιι).
960 800 978 825 -
1016 773 1195 830 Unum
1227 783 1407 829 autem
1432 772 1500 829 de
1521 772 1707 828 multis
1743 771 1932 826 amicis
1967 768 2152 840 sponsi

574 873 967 938 praeparantem
992 879 1242 934 sponsam
1261 863 1524 923 Joannem
1547 863 1809 936 intellige,
1835 861 1990 931 cujus
2016 872 2154 934 pra-

577 958 751 1014 sentia
778 957 1017 1013 Ecclesia
1046 956 1250 1013 Christi
1277 956 1461 1013 oscula
1504 967 1690 1013 sancta
1735 956 1992 1028 suscepit,
2034 955 2153 1026 ipso

573 1055 811 1105 testante
838 1048 903 1105 de
922 1047 1159 1104 Christo.
1200 1066 1221 1099 ι
1249 1046 1351 1115 Qui
1382 1049 1547 1104 habet
1592 1062 1871 1118 sponsam,
1921 1060 2154 1117 sponsus

526 1126 532 1174 ί
572 1146 675 1192 est.
697 1138 922 1194 Amicus
938 1147 1117 1193 autem
1146 1139 1327 1209 sponsi
1356 1139 1553 1210 gaudio
1596 1140 1795 1211 gaudet
1841 1140 1908 1193 ad
1960 1151 2151 1193 vocem

572 1228 756 1299 sponsi
779 1228 960 1300 (Joan.
992 1229 1097 1302 ιιι).
1142 1247 1163 1282 ι
1193 1229 1420 1286 Miratur
1454 1230 1704 1287 videlicet
1739 1228 1997 1296 Joannes,
2026 1243 2151 1285 cum

570 1317 703 1373 vidit
727 1334 851 1374 eum
876 1328 1097 1390 propter
1116 1336 1376 1391 aquarum
1422 1312 2009 1378 sanctiﬁcationem‘ad
2050 1321 2152 1377 ba-

571 1412 827 1481 ptismum
853 1415 1178 1481 venientem,
1205 1413 1297 1484 qui
1335 1414 1451 1469 ait:
1482 1433 1502 1467 ι
1538 1415 1649 1485 Ego
1674 1430 1708 1469 a
1754 1422 1807 1470 te
1848 1414 2018 1470 debeo
2056 1412 2154 1468 ba-

570 1502 782 1571 ptizari.
833 1512 890 1559 et
923 1513 979 1572 tu
1023 1505 1173 1561 venis
1219 1506 1289 1561 ad
1330 1507 1450 1562 me?
1482 1526 1501 1560 ι
1545 1505 1761 1577 (Matth.
1796 1503 1905 1577 ιιι.)
1943 1503 2154 1561 Gaudio

567 1609 696 1649 vero
744 1597 959 1665 gaudet,
1005 1598 1228 1653 audiens
1268 1613 1455 1655 vocem
1502 1598 1621 1669 ejus
1659 1597 1932 1653 dicentis:
1966 1614 1987 1648 ι
2021 1595 2152 1652 Sine

567 1685 745 1751 modo,
778 1689 859 1743 sic
893 1688 1037 1743 enim
1086 1697 1300 1758 oportet
1339 1702 1437 1745 nos
1479 1688 1702 1759 implere
1729 1703 1944 1744 omnem
1984 1686 2148 1757 justi-

566 1779 697 1833 tiam
720 1779 931 1852 (Ibid.).
970 1800 989 1833 ι
1027 1780 1127 1837 Ubi
1164 1781 1443 1851 commetat
1486 1789 1611 1838 sunt
1656 1796 1848 1853 preces
1892 1780 2151 1837 Ecclesia;

560 1866 673 1936 jam
701 1867 828 1923 olim
852 1870 1132 1940 promissae
1149 1871 1217 1926 ad
1241 1871 1409 1928 Deum
1450 1872 1667 1928 Patrem
1713 1872 1928 1927 Domini
1976 1858 2149 1927 nostri

564 1953 693 2012 Jesu
729 1958 930 2015 Christi
961 1961 1227 2017 dicentis:
1272 1948 1301 2014 ἰ
1334 1962 1616 2020 Osculetur
1669 1978 1757 2019 me
1802 1962 1989 2019 osculo
2035 1963 2148 2023 oris

566 2047 674 2102 sui.
717 2067 737 2102 ›
768 2048 873 2105 Sed
905 2052 1031 2107 dum
1067 2068 1196 2125 ergo
1242 2064 1431 2111 sancta
1476 2055 1714 2112 Ecclesia
1758 2057 2148 2112 incarnandum

569 2149 825 2206 sponsum
854 2141 1031 2196 adhuc
1052 2143 1327 2200 absentem
1351 2145 1644 2219 desiderat,
1689 2145 1868 2203 subito
1906 2146 2148 2202 intuetur

568 2237 909 2296 prmsentem.
942 2230 1116 2313 Habet
1143 2234 1285 2288 enim
1316 2235 1487 2303 gratia
1526 2234 1906 2305 Redemptoris
1952 2236 2145 2303 nostri,

566 2325 625 2374 ut
653 2335 775 2376 cum
801 2322 867 2378 de
885 2323 976 2378 illo
1016 2336 1318 2394 quaerentes
1365 2327 1656 2397 loquimur,
1708 2328 1825 2399 ejus
1860 2330 2147 2399 praesentia

564 2415 930 2484 perfruamur,
958 2419 1037 2474 sic
1064 2421 1129 2475 de
1158 2420 1366 2476 duobus
1385 2420 1618 2492 Cleopha
1651 2421 1903 2478 videlicet
1930 2430 1986 2477 et
2016 2421 2142 2490 alio,

567 2502 709 2559 sicut
728 2508 784 2559 in
828 2506 1118 2579 Evangelio
1158 2509 1419 2580 scriptum
1473 2518 1576 2566 est.
1617 2510 1770 2566 Unde
1820 2510 2144 2582 subjungit:

576 2612 597 2645 ι
632 2593 767 2663 Quia
792 2596 1015 2653 meliora
1056 2607 1181 2655 sunt
1217 2601 1381 2657 ubera
1406 2612 1497 2657 tua
1527 2602 1671 2669 vino,
1702 2622 1721 2654 ι
1757 2621 1775 2653 ι
1804 2611 1859 2657 et
1887 2601 2024 2659 odor
2045 2619 2148 2659 un-

567 2693 888 2755 guentorum
924 2696 1136 2746 tuorum
1163 2706 1324 2762 super
1341 2693 1523 2749 omnia
1542 2702 1787 2749 aromata
1803 2694 1980 2766 (Cant.
2000 2693 2105 2766 ill).
2121 2712 2141 2748 ι

570 2775 767 2832 Vinum
794 2777 896 2834 fuit
924 2782 1150 2838 scientia
1175 2782 1331 2855 legis,
1355 2785 1579 2842 scientia
1604 2787 2010 2857 prophetarum,
2050 2786 2146 2843 sed

560 2868 783 2927 veniens
834 2871 1096 2930 Dominus
1146 2876 1273 2946 quia
1306 2879 1623 2948 sapientiam
1680 2894 1833 2935 suam
1875 2892 1975 2951 per
2025 2895 2147 2935 car-

559 2970 685 3011 nem
741 2960 907 3015 voluit
946 2963 1246 3034 prtedicari,
1298 2969 1453 3038 quasi
1511 2966 1637 3029 fecit
1682 2985 1802 3025 eam
1856 2970 1910 3025 in
1961 2971 2145 3026 carnis

562 3044 727 3102 ubera
766 3049 1079 3110 lactescere.
1118 3057 1186 3112 Et
1232 3074 1394 3129 quam
1448 3060 1502 3115 in
1564 3061 1844 3117 divinitate
1907 3077 2003 3117 sua
2054 3077 2144 3119 ca-

565 3151 697 3206 pere
725 3140 946 3199 minime
971 3154 1303 3217 poteramus,
1328 3151 1701 3208 incarnatione
1720 3152 1837 3222 ejus
1880 3168 2141 3224 agnosce-

2257 584 2339 638 los
2367 596 2487 637 esse
2514 580 2803 653 quamdam
2843 578 3083 633 animam
3111 577 3377 633 donorum
3428 576 3631 631 studiis
3668 576 3849 631 intra.

2256 682 2484 738 rentem,
2538 671 2871 727 intellectum
2914 685 2983 726 ex
3012 669 3187 725 aliena
3236 668 3626 739 praedicatione
3660 668 3848 739 perci-

2254 767 2513 839 pientem,
2544 780 2667 835 quae
2688 779 2786 835 per
2826 763 3062 818 divinam
3093 762 3325 834 gratiam
3368 762 3534 817 etiam
3565 761 3687 832 ipsa
3720 760 3847 816 illu-

2255 859 2417 915 strari
2438 855 2727 918 desiderat,
2757 862 2815 908 ut
2836 853 3124 924 aliquando
3144 853 3307 908 etiam
3331 867 3427 923 per
3454 866 3516 906 se
3548 850 3847 921 intelligat,

2255 964 2376 1019 qua:
2405 946 2541 1002 nihil
2585 962 2644 1002 se
2688 944 2992 1016 intelligere
3034 944 3138 1000 nisi
3182 959 3281 1014 per
3318 944 3483 999 verba
3518 942 3850 1013 pradican-

2256 1054 2379 1094 rum
2408 1037 2735 1101 considerat,
2756 1047 2812 1091 et
2835 1036 2980 1092 dicat
3004 1054 3018 1090 :
3054 1055 3072 1089 ι
3094 1034 3382 1093 Osculetur
3406 1049 3495 1090 me
3516 1034 3715 1090 osculo
3732 1033 3850 1089 oris

2253 1131 2357 1188 sui.
2387 1150 2407 1184 ι
2440 1128 2520 1185 Ac
2558 1129 2605 1184 si
2630 1128 2810 1183 dicat:
2838 1127 2957 1199 Ipsa
2998 1141 3086 1183 me
3113 1136 3297 1197 tangat
3328 1127 3493 1191 intus,
3544 1134 3607 1180 ut
3633 1139 3845 1195 cogno-

2253 1237 2403 1279 scam
2430 1220 2859 1290 intelligentiam,
2887 1228 2944 1274 et
2970 1234 3075 1274 non
3099 1219 3213 1288 jam
3240 1218 3665 1287 praedicatorum
3689 1216 3845 1272 voci-

2253 1315 2379 1382 bus,
2404 1314 2498 1371 sed
2527 1314 2753 1369 internae
2797 1312 2914 1383 ejus
2948 1312 3135 1382 gratiae
3177 1318 3323 1365 tactu
3355 1307 3634 1379 perfruar.
3676 1307 3845 1374 Quasi

2254 1406 2440 1463 osculo
2482 1406 2596 1462 oris
2641 1404 2727 1461 sui
2771 1402 3121 1459 osculabatur
3149 1400 3368 1472 Moysen
3402 1399 3695 1463 Dominus,
3726 1412 3851 1452 cum

2253 1512 2352 1568 per
2382 1495 2635 1552 ﬁduciam
2680 1493 2965 1548 familiaris
3003 1491 3191 1563 gratiae
3232 1489 3571 1545 intellectum
3600 1488 3852 1558 porrige-

2254 1598 2358 1645 ret.
2383 1588 2536 1645 Unde
2565 1586 2825 1658 scriptum
2847 1593 2949 1640 est.
2984 1603 3005 1637 (
3033 1583 3090 1639 Si
3131 1582 3294 1637 fuerit
3314 1581 3583 1653 propheta
3616 1581 3676 1634 in
3704 1595 3853 1634 som-

2253 1682 2348 1738 nio
2372 1681 2564 1751 loquor
2591 1681 2658 1735 ad
2694 1694 2817 1734 eum
2844 1685 2901 1733 et
2940 1691 3049 1732 non
3078 1676 3221 1731 sicut
3264 1674 3467 1729 famulo
3494 1688 3622 1728 meo
3651 1672 3847 1744 Moysi.

2256 1772 2363 1828 Ore
2395 1771 2541 1827 enim
2590 1771 2659 1824 ad
2694 1785 2755 1825 os
2798 1767 2990 1837 loquor
3026 1766 3076 1823 ei
3105 1764 3296 1838 (Nam.
3326 1764 3449 1835 xu).
3482 1783 3501 1816 ι
3536 1763 3616 1819 Os
3647 1766 3852 1834 quippe

2177 1839 2226 1901 Β
2255 1861 2323 1916 ad
2368 1876 2431 1917 os
2474 1859 2644 1929 loqui,
2677 1857 2833 1929 quasi
2882 1855 3119 1913 osculari
3147 1863 3251 1920 est,
3284 1863 3339 1911 et
3381 1854 3603 1909 interna
3650 1852 3853 1908 intelli-

2203 2009 2212 2022 ,
2250 1957 2433 2028 gentia
2492 1964 2671 2012 mente
2724 1965 2967 2027 tangere.
3021 1953 3281 2025 Sequitur
3323 1969 3341 2007 :
3382 1968 3401 2003 ι
3432 1949 3667 2005 Meliora
3724 1954 3854 2002 sunt

2250 2064 2419 2106 ubera
2448 2058 2543 2104 tua
2588 2049 2737 2103 vino.
2770 2067 2790 2100 ι
2820 2045 2999 2102 Ubera
3043 2046 3144 2102 Dei
3186 2052 3312 2101 sunt
3334 2044 3480 2099 sicut
3517 2039 3683 2111 prius
3710 2037 3854 2094 dixi-

2250 2157 2392 2209 mus,
2433 2140 2735 2198 humillima
2770 2139 3088 2210 praedicatio
3122 2133 3517 2193 incarnationis
3550 2132 3717 2201 ejus;
3764 2144 3854 2186 sa-

2248 2235 2454 2305 pientia
2492 2242 2675 2288 autem
2729 2230 2933 2297 saeculi,
2980 2230 3137 2300 quasi
3183 2227 3461 2300 quoddam
3510 2224 3707 2278 vinum
3743 2228 3848 2277 est.

2247 2328 2483 2385 lnebriat
2507 2329 2654 2384 enim
2682 2335 2945 2393 mentem,
2971 2326 3099 2397 quia
3123 2326 3192 2381 ab
3219 2322 3495 2379 intellectu
3515 2317 3852 2375 humilitatis
3948 2350 3955 2355 ο

2249 2423 2485 2477 alienam
2516 2420 2709 2477 reddit.
2740 2420 2906 2487 Quasi
2934 2418 3167 2489 quodam
3195 2417 3325 2472 vino
3352 2414 3707 2471 inebriantur
3728 2410 3851 2481 phi-

2248 2515 2483 2587 losophi,
2517 2515 2645 2570 dum
2671 2527 2770 2584 per
2817 2511 3137 2570 saecularem
3179 2509 3504 2582 sapientiam
3534 2505 3687 2577 vulgi
3734 2518 3850 2559 mo-

2249 2625 2366 2666 rem
2410 2614 2717 2664 transeunt.
2765 2605 2941 2674 Quam
2987 2603 3307 2676 sapientiam
3350 2608 3540 2657 sancta
3595 2597 3848 2654 Ecclesia

2248 2701 2532 2772 despiciat,
2572 2698 2933 2755 humillimam
2970 2694 3375 2768 praedicationis
3420 2692 3729 2749 Dominicz
3772 2690 3848 2745 in-

2247 2792 2620 2849 carnationem
2649 2796 2889 2860 appetat.
2922 2787 3051 2844 Plus
3082 2787 3132 2843 ei
3174 2786 3350 2857 sapiat
3371 2784 3517 2857 quod
3549 2799 3655 2855 per
3684 2782 3847 2839 infiro

2246 2884 2492 2938 mitatem
2527 2880 2706 2937 carnis
2747 2878 2866 2948 ejus
2894 2879 3156 2944 nutritur,
3199 2892 3364 2949 quam
3410 2875 3556 2946 quod
3600 2871 3846 2929 mundus

2245 2971 2337 3028 hic
2366 2986 2463 3043 per
2493 2970 2782 3027 elationem
2825 2968 3313 3040 falsarprudentia:
3338 2964 3648 3030 extollitur,
3674 2972 3737 3019 et
3766 2962 3850 3017 di-

2246 3072 2373 3122 cat:
2405 3083 2424 3116 ι
2456 3064 2593 3132 Quia
2644 3062 2868 3119 meliora
2918 3071 3047 3117 sunt
3082 3061 3253 3115 ubera
3288 3066 3377 3113 tua
3426 3057 3577 3121 vino,
3615 3074 3635 3107 ι
3668 3055 3729 3111 id
3760 3062 3847 3110 est

2247 3158 2547 3215 humillima
2612 3154 3000 3213 incarnationis
3080 3164 3186 3211 tum
3230 3150 3582 3224 'praedicatio
3643 3150 3849 3206 elatam

565 3242 751 3285 remus
784 3246 801 3285 :
833 3234 974 3289 unde
994 3251 1099 3293 non
1143 3239 1411 3297 immerito
1457 3243 1573 3314 ejus
1614 3245 1783 3300 ubera
1828 3222 2142 3312 laudantur,
2171 3222 2219 3293 Π
2248 3248 2434 3305 mundi
2486 3249 2810 3320 sapientiam
2868 3254 3108 3319 superat.
3178 3222 3333 3303 Unde
3382 3244 3652 3312 scriptum
3702 3251 3844 3297 est:

565 3320 693 3389 quia
741 3325 1138 3393 praedicationis
1179 3331 1296 3402 ejus
1365 3335 1746 3392 condescensio
1792 3334 1899 3392 hoc
1934 3335 2043 3407 egit
2091 3335 2147 3391 in

565 3412 819 3470 cordibus
842 3419 1062 3486 nostris,
1093 3423 1236 3491 quod
1287 3423 1529 3480 doctrina
1566 3426 1700 3498 legis
1733 3442 1893 3500 agere
1921 3427 2148 3483 minime

569 3502 755 3559 valuit.
777 3505 907 3564 Plus
929 3510 1074 3566 enim
1103 3527 1203 3567 nos
1233 3515 1451 3572 nutrivit
1476 3517 1865 3575 incarnationis
1884 3519 2149 3590 praedica-

570 3595 668 3661 tio,
693 3613 855 3668 quam
878 3600 1013 3673 legis
1038 3604 1300 3663 doctrina.
1325 3627 1344 3662 ι
1366 3609 1432 3664 Ει
1453 3611 1586 3667 odor
1606 3620 2003 3685 unguentorum
2026 3612 2148 3667 tuo-

569 3702 689 3742 rum
715 3704 876 3762 super
888 3694 1068 3750 omnia
1084 3706 1347 3754 aromata.
1363 3699 1673 3773 tUnguenta
1691 3703 1901 3761 Domini
1916 3702 2147 3759 virtutes

562 3788 710 3835 sunt.
748 3782 1089 3855 Unguentum
1118 3788 1353 3858 Domini,
1383 3791 1617 3862 Spiritus
1645 3803 1865 3850 sanctus
1912 3792 2032 3861 fuit,
2078 3794 2148 3851 de

568 3886 676 3940 quo
701 3875 753 3929 ei
781 3889 879 3944 per
899 3877 1221 3950 Prophetam
1247 3883 1443 3940 dicitur
1458 3905 1483 3947 ηε
1513 3904 1533 3939 ι
1558 3887 1724 3943 Unxit
1739 3896 1791 3943 te
1812 3887 1976 3954 Deus,
1998 3888 2147 3945 Deus

563 3972 711 4031 tuus,
724 3966 843 4023 oleo
864 3968 1064 4029 laetitiae
1076 3989 1185 4045 prae
1200 3978 1543 4036 consortibus
1556 3981 1660 4036 tuis
1675 3981 1793 4054 (Ps.
1810 3985 1977 4053 κων).
1992 4000 2010 4033 ι
2031 3979 2147 4037 Hoc

561 4054 680 4112 oleo
730 4065 859 4116 tunc
886 4072 1082 4121 unctus
1114 4076 1199 4122 est
1221 4085 1343 4125 cum
1373 4072 1682 4128 incarnatus
1728 4081 1830 4128 est.
1852 4071 1969 4127 Non
1995 4073 2143 4129 enim

560 4150 713 4220 prius
738 4153 902 4211 homo
922 4159 1131 4216 exstitit
1154 4171 1209 4217 et
1232 4168 1574 4235 postmodum
1607 4166 1854 4237 spiritum
1895 4174 2143 4222 sanctum

560 4246 790 4318 accepit.
832 4251 925 4305 sed
945 4251 1071 4319 quia
1096 4251 1298 4323 Spiritu
1322 4265 1511 4312 sancto
1536 4256 1807 4313 mediante
1826 4258 2144 4314 incarnatus

555 4349 660 4406 est,
689 4343 879 4399 eodem
920 4345 1023 4401 hoc
1052 4346 1174 4403 oleo
1223 4357 1351 4406 tunc
1398 4359 1592 4406 unctus
1639 4359 1742 4416 est,
1798 4365 1921 4405 cum
1976 4351 2145 4405 homo

559 4442 781 4490 creatus
800 4442 904 4491 est.
935 4436 1083 4493 Odor
1109 4454 1239 4511 ergo
1268 4451 1663 4512 unguentorum
1689 4441 1808 4511 ejus
1848 4439 1915 4495 ﬂa
1926 4443 2141 4514 grantia

558 4523 795 4596 Spiritus
817 4530 986 4585 sancti
1015 4538 1117 4595 est,
1144 4531 1234 4600 qui
1261 4547 1327 4586 ex
1354 4532 1444 4587 illo
1472 4531 1790 4601 procedens,
1821 4532 1877 4587 in
1902 4531 1995 4588 illo
2015 4548 2143 4604 pero

558 4618 775 4675 mansit.
807 4618 954 4677 Odor
976 4631 1370 4693 unguentorum
1390 4621 1510 4692 ejus
1546 4620 1829 4693 ﬂagrantia
1876 4622 2138 4679 virtutum

556 4725 694 4780 quas
756 4721 1011 4781 operatus
1050 4722 1153 4768 est.
1199 4711 1397 4769 Habuit
1444 4714 1560 4769 hac
1604 4713 1843 4769 Ecclesia
1892 4722 2139 4771 aromata

555 4802 681 4872 quia
715 4804 906 4859 habuit
933 4804 1099 4858 multa
1127 4805 1349 4873 spiritus
1391 4807 1552 4873 dona,
1581 4821 1702 4877 qua}
1722 4807 1776 4862 in
1816 4808 1979 4864 domo
2018 4809 2135 4876 Dei,

555 4893 610 4948 id
639 4904 723 4951 est
748 4896 803 4951 in
815 4898 1232 4968 congregatione
1252 4906 1563 4954 sanctorum
1601 4900 1825 4956 odorem
1846 4899 2004 4957 bonae
2022 4902 2139 4973 opi-

556 4989 738 5046 nionis
765 4990 1054 5048 redoleret.
1080 4989 1187 5046 Sed
1213 4991 1348 5046 odor
1371 5001 1768 5064 unguentorum
1798 5001 2014 5049 tuorum
2046 5008 2138 5049 su-

556 5086 658 5150 per
683 5083 863 5137 omnia
896 5091 1160 5148 aromata,
1189 5082 1315 5152 quia
1354 5080 1633 5155 ﬂagrantia
1664 5084 1925 5139 virtutum
1974 5097 2138 5153 spon-

554 5169 627 5239 si,
651 5188 772 5244 qua:
796 5188 897 5245 per
920 5173 1349 5229 incarnationem
1378 5171 1496 5242 ejus
1520 5172 1664 5230 facta
1686 5181 1790 5241 est,
1821 5173 1952 5230 vicit
1990 5187 2135 5245 prte-

560 5260 865 5319 dicamenta
920 5264 1077 5337 legis,
1133 5280 1252 5334 qua:
1305 5264 1360 5320 in
1410 5266 1591 5321 arrhis
1637 5264 1707 5320 ab
1771 5279 1970 5336 sponso
2018 5264 2139 5321 fue-

560 5365 692 5412 rant
740 5368 1063 5431 praerogata.
1121 5359 1212 5415 llla
1274 5360 1411 5432 legis
1466 5368 1712 5416 aromata
1762 5374 1861 5431 per
1914 5358 2139 5431 angelos

560 5446 868 5504 ministrata
893 5459 1041 5518 sunt,
1094 5450 1239 5506 istud
1272 5460 1605 5522 unguentum
1644 5464 1745 5522 per
1788 5449 2137 5521 praesentiam

560 5540 746 5609 sponsi
803 5543 989 5598 datum
1010 5552 1117 5609 est,
1166 5544 1344 5599 Tanto
1397 5545 1593 5615 quippe
1648 5544 1881 5620 amplius
1943 5547 2011 5601 ad
2052 5547 2133 5601 in-

558 5628 829 5687 tellectum
859 5635 1034 5690 credit
1061 5633 1325 5702 Ecclesia,
1356 5644 1559 5706 quanto
1586 5643 1642 5692 et
1675 5637 1951 5706 amplioris
1973 5638 2138 5693 visio-

557 5721 645 5778 nis
670 5726 842 5793 gratia
874 5726 1073 5781 meruit
1105 5726 1380 5784 illustrari.
1413 5728 1528 5785 Hoc
1569 5738 1749 5784 autem
1784 5732 1927 5800 quod
1971 5746 2133 5801 gene-

558 5814 749 5872 raliter
772 5816 839 5876 de
864 5827 1061 5876 cuncta
1083 5817 1330 5877 Ecclesia
1364 5819 1623 5891 diximus,
1654 5836 1801 5879 nunc
1825 5823 2137 5893 specialiter

2254 3358 2275 3392 ι
2305 3341 2461 3408 Quod
2483 3340 2756 3395 infirmum
2781 3348 2867 3396 est
2892 3339 3014 3405 Dei,
3039 3337 3232 3394 fortius
3257 3345 3341 3394 est
3366 3351 3529 3407 quam
3558 3336 3845 3391 homines.

2247 3433 2316 3490 Et
2344 3435 2486 3505 quod
2518 3434 2741 3490 stultum
2784 3442 2870 3489 est
2897 3433 2992 3488 Dci
3020 3432 3317 3503 sapientius
3347 3438 3434 3487 est
3458 3442 3629 3499 quam
3670 3427 3847 3483 homi-

2247 3542 2347 3583 nes
2383 3524 2434 3598 (I
2465 3523 2587 3581 Cor.
2612 3525 2676 3598 ι).
2709 3544 2728 3577 ι
2759 3524 2866 3581 Sed
2888 3525 3016 3595 quia
3044 3516 3147 3595 ipsi
3172 3520 3331 3593 hujus
3353 3521 3537 3579 saeculi
3559 3521 3846 3592 sapientes

2248 3630 2633 3687 nonnunquam
2686 3616 2940 3671 videntur
2990 3614 3313 3686 quibusdam
3369 3612 3671 3670 virtutibus
3726 3619 3845 3667 stu-

2249 3709 2393 3772 dere,
2440 3707 2687 3764 videmus
2727 3708 2873 3763 enim
2908 3707 3197 3778 plerosque
3254 3704 3459 3762 habere
3512 3703 3844 3760 charitatem

2250 3788 2469 3856 servare
2494 3798 2984 3864 mansuetudinem,
3027 3797 3367 3852 honestatem
3411 3793 3750 3851 exteriorem
3788 3794 3841 3848 in

2248 3893 2503 3948 omnibus
2524 3906 2801 3948 exercere.
2828 3891 2974 3960 Quas
2993 3898 3175 3946 tamen
3198 3889 3447 3956 virtutes,
3474 3902 3585 3943 non
3615 3894 3681 3941 ut
3706 3886 3841 3951 Deo,

2250 3986 2345 4041 sed
2388 3994 2449 4041 ut
2500 3986 2813 4042 hominibus
2844 3985 3099 4056 placeant
3146 3982 3430 4040 exhibent.
3468 3979 3601 4049 Quae
3634 3979 3844 4036 idcirco

2247 4076 2479 4133 virtutes
2506 4092 2613 4132 non
2652 4084 2800 4143 sunt,
2834 4076 2961 4147 quia
3006 4075 3119 4130 Deo
3141 4075 3355 4146 placere
3390 4088 3500 4129 non
3555 4077 3841 4142 appetunt.

2248 4165 2411 4223 Olent
2436 4174 2619 4222 tamen
2650 4166 2704 4221 in
2734 4167 2996 4222 humanis
3015 4166 3243 4221 naribus
3266 4165 3394 4221 dum
3432 4164 3681 4220 humano
3696 4160 3842 4232 judi-

2249 4256 2336 4312 cio
2355 4254 2555 4312 bonam
2576 4255 2885 4327 opinionem
2908 4256 3159 4313 reddunt.
3186 4255 3293 4314 Sed
3312 4266 3707 4327 comparentur
3727 4255 3840 4310 bu

2245 4364 2379 4406 vero
2412 4349 2567 4406 odori
2610 4348 2988 4421 Redemptoris
3016 4350 3211 4414 nostri,
3255 4345 3835 4419 comparentnrweris

2247 4439 2542 4494 virtutibus
2580 4444 2636 4494 et
2672 4438 2887 4493 dicatur
2916 4456 2930 4493 :
2955 4456 2975 4490 ι
3005 4437 3072 4494 Et
3106 4439 3242 4494 odor
3282 4442 3686 4510 unguentorum
3726 4446 3839 4492 tuo-

2253 4546 2275 4581 ι
2296 4545 2419 4584 rum
2440 4544 2602 4599 super
2624 4529 2803 4584 omnia
2827 4538 3125 4595 aromata,»
3154 4528 3205 4584 id
3240 4536 3324 4584 est
3346 4527 3634 4599 ﬂagrantia
3662 4527 3836 4582 virtu-

2248 4629 2364 4677 tum
2392 4628 2625 4685 tuarutn,
2662 4635 2878 4675 omnem
2928 4620 3164 4691 speciem
3204 4620 3467 4674 virtutum
3503 4617 3835 4689 sapientium

2248 4713 2435 4769 mundi
2470 4721 2711 4784 superat,
2760 4713 2885 4783 quia
2929 4712 3184 4769 videlicet
3215 4711 3371 4767 ﬁctas
3400 4724 3593 4765 eorum
3634 4709 3832 4779 imagi-

2246 4821 2346 4861 nes
2381 4820 2447 4859 ex
2488 4805 2718 4859 veritate
2747 4806 3100 4862 transcendit.
3132 4804 3269 4873 Quia
3288 4804 3528 4860 secundo
3558 4800 3681 4859 loco
3707 4816 3833 4858 seu-

2246 4898 2337 4952 tiri
2365 4898 2469 4953 hoc
2497 4896 2639 4968 quod
2662 4896 2867 4953 dictum
2894 4906 2980 4954 est
3001 4898 3069 4954 de
3114 4909 3441 4967 unaquaque
3479 4895 3663 4950 anima
3689 4894 3825 4950 dixi-

2244 5006 2389 5058 mus,
2414 4990 2592 5046 adbuc
2610 4991 2859 5047 eumdem
2875 5002 3116 5057 sensum,
3144 4990 3190 5045 si
3213 5002 3519 5060 possumus,
3541 4986 3833 5056 adjuvante

2240 5082 2377 5147 Deo,
2410 5081 2665 5138 subtilius
2690 5096 3076 5152 exsequamur.
3110 5078 3299 5136 Omnis
3319 5079 3498 5134 anima
3529 5092 3652 5147 qua:
3680 5077 3833 5132 timet

2241 5175 2436 5241 Deum,
2459 5173 2575 5245 jam
2606 5173 2709 5230 sub
2732 5172 2864 5245 jngo
2886 5171 3003 5242 ejus
3030 5180 3133 5228 est.
3162 5170 3271 5227 Sed
3300 5169 3473 5226 adhuc
3494 5168 3678 5239 longe,
3705 5167 3830 5239 quia

2242 5266 2416 5322 timet.
2462 5265 2600 5322 Nam
2650 5273 2856 5322 tantum
2914 5265 3144 5336 quisque
3192 5261 3260 5318 ad
3307 5262 3477 5317 Deum
3515 5274 3689 5332 prope
3736 5258 3823 5323 tit,

2242 5357 2460 5428 quando
2499 5370 2718 5429 poenam
2756 5355 2968 5411 timoris
2996 5355 3216 5419 amittit,
3257 5361 3315 5409 et
3354 5351 3587 5424 gratiam
3637 5351 3708 5406 de
3738 5350 3828 5405 illo

2245 5450 2527 5506 charitatis
2568 5448 2816 5521 percipit.
2875 5446 3151 5503 Ponamus
3190 5456 3316 5501 ante
3357 5444 3548 5501 oculos
3587 5443 3824 5498 animam

2243 5544 2404 5600 electi
2442 5544 2745 5614 cujuslibet,
2777 5557 2899 5614 quae
2926 5541 3186 5598 continuo
3206 5537 3477 5595 desiderio
3498 5537 3551 5592 in
3586 5549 3824 5592 amorem

2240 5638 2467 5693 visionis
2511 5639 2690 5706 sponsi
2738 5635 3073 5701 accenditur,
3123 5633 3252 5704 quia
3280 5631 3425 5703 quod
3474 5631 3533 5685 in
3572 5630 3679 5685 hac
3710 5629 3823 5683 vita

2240 5728 2481 5802 perfecte
2506 5729 2784 5799 percipere
2814 5743 2918 5783 non
2949 5727 3110 5791 valet,
3148 5723 3546 5795 contemplatur
3572 5723 3695 5794 ejus
3722 5719 3825 5775 cel-

2239 5819 2531 5881 situdinem
2568 5825 2626 5874 et
2647 5832 2715 5876 ex
2741 5817 2860 5889 ipso
2893 5831 3077 5877 astare
3099 5814 3498 5891 compungunt.
3529 5812 3654 5889 Ipsa
3680 5810 3827 5871 enim
