4078 6340
297 367 413 430 sos
1434 361 1691 420 manu.
1730 361 1797 417 ιδ
1837 359 2131 420 cannea
2169 359 2439 419 CANTIC.
2923 429 2928 433 _
3462 363 3567 421 seu

297 483 652 559 eontpunctio
672 499 793 557 quae
812 498 910 556 per
929 481 1264 539 alacritatem
1287 480 1368 548 fit,
1393 481 1520 551 quia
1545 488 1602 535 et
1622 479 1888 536 desndcrio
1912 480 1966 543 Α
1991 476 2147 533 cendi
2183 491 2392 541 sumus,
2422 475 2579 547 longe
2604 474 2956 535 excellentior
2977 486 3063 535 est
3097 479 3232 536 odor
3270 490 3573 554 unguento-

293 576 642 645 accenditur,
661 575 813 648 quasi
837 574 1108 647 quoddam
1135 573 1378 630 osculum
1407 581 1510 629 est.
1537 572 1720 629 Toties
1738 573 1885 628 enim
1992 586 2113 627 rum
2146 570 2241 627 Dei
2270 569 2605 626 aromatibus
2628 571 2891 627 virtutum
2933 582 3263 629 nostrarum.
3294 573 3362 629 Et
3386 575 3430 630 si
3457 573 3572 645 jam

294 669 485 725 anima
521 668 798 726 osculatur
836 666 1030 736 Deum,
1060 667 1275 741 quoties
1299 666 1354 722 in
1388 663 1504 736 ejus
1529 680 1715 722 amore
1737 680 1885 721 com-
1987 675 2181 734 magna
2231 668 2356 717 sunt
2401 677 2519 732 qua:
2559 662 2889 734 accepimus,
2930 663 3087 720 valde
3133 672 3314 721 tamen
3358 667 3573 737 potiora

287 758 579 831 pungitur.
608 756 748 814 Sunt
792 756 938 813 enim
977 757 1131 813 multi
1173 756 1263 828 qui
1288 754 1402 826 jam
1453 756 1669 829 quidem
1714 755 1881 811 Deum
1987 758 2132 817 Sunt,
2164 766 2283 823 quae
2311 752 2380 809 de
2413 752 2869 825 contemplatione
2897 755 3174 813 Creatoris
3202 759 3375 815 nostri
3412 774 3572 817 acce-

287 856 578 915 rnetuunt,
615 845 731 918 jam
782 848 836 903 in
887 847 1030 904 bona
1072 847 1389 919 operatione
1431 846 1729 917 recipiunt,
1788 844 1883 902 sed
1984 847 2131 918 pturi
2173 862 2381 907 sumus.
2412 848 2567 905 Unde
2606 848 2825 906 anhelet
2867 850 3046 906 anima
3069 860 3125 908 et
3160 852 3342 909 dicat:
3374 872 3393 904 ε
3421 851 3569 910 Odor

285 944 526 998 necdum
570 942 906 1011 osculantur,
934 941 1060 1017 quia
1107 957 1292 999 amore
1330 941 1446 1014 ejus
1486 941 1709 998 minime
1735 955 1883 997 com-
1983 947 2382 1009 unguentorum
2419 948 2633 997 tuorum
2660 957 2823 1012 super
2849 943 3031 999 omnia
3051 953 3318 1011 aromata,
3349 964 3369 998 ι
3404 945 3458 1001 id
3485 954 3574 1003 est

284 1038 628 1103 punguntur.
661 1032 819 1102 Quod
861 1032 1001 1090 bene
1029 1033 1083 1089 in
1127 1033 1373 1091 convivio
1415 1032 1673 1091 Pharisaei
1702 1034 1881 1105 signa-
1983 1029 2124 1086 bona
2151 1030 2240 1086 illa
2277 1047 2396 1103 quae
2420 1049 2519 1104 per
2552 1036 3065 1107 contemplationem
3095 1045 3245 1101 tuam
3268 1054 3566 1110 praeparas,

286 1131 410 1178 tum
456 1131 559 1178 est.
608 1120 714 1192 Qui
773 1140 895 1180 cum
942 1125 1231 1181 Dominum
1282 1127 1598 1197 recepisset,
1649 1141 1881 1198 cumque
1984 1119 2088 1177 ista
2120 1122 2301 1177 omnia
2330 1124 2591 1179 virtutum
2620 1140 2867 1195 munera,
2894 1128 3089 1197 qumiu
3119 1128 3221 1185 hac
3244 1131 3353 1185 vita
3378 1130 3570 1187 tribui-

281 1212 559 1270 osculanti
595 1214 810 1270 mulieri
832 1216 1000 1288 pedes
1026 1216 1143 1288 ejus
1169 1217 1224 1273 in
1260 1216 1423 1274 corde
1455 1233 1554 1273 suo
1572 1216 1877 1287 derogaret,
1984 1215 2074 1282 sti,
2118 1216 2529 1272 transcendunt.
2562 1218 2816 1275 Dicamus
2858 1220 2984 1276 hinc
3020 1220 3296 1289 Ecclesim,
3324 1222 3570 1279 dicamus

281 1305 516 1362 audivit.
552 1324 571 1358 ι
598 1304 802 1361 lutravi
830 1306 886 1361 in
908 1306 1128 1364 domum
1152 1317 1319 1375 tuam,
1344 1308 1585 1365 osculum
1615 1307 1746 1362 mihi
1770 1321 1878 1361 non
1982 1306 2113 1362 hinc
2137 1308 2332 1363 anima:
2357 1309 2435 1363 sic
2466 1309 2689 1377 amenti,
2722 1310 2801 1367 sic
2843 1311 3092 1368 aestuanti
3120 1328 3360 1372 amorem
3388 1314 3570 1385 sponsi

279 1398 506 1469 dedisti,
529 1401 647 1458 hcce
683 1411 863 1459 autem
896 1416 961 1459 ex
977 1405 1344 1478 quoingressa
1381 1415 1483 1472 est,
1509 1420 1615 1461 non
1644 1402 1879 1461 cessavit
1984 1396 2090 1461 sui,
2125 1396 2269 1453 unde
2315 1407 2494 1454 tamen
2546 1400 2873 1457 desiderium
2906 1404 3231 1477 perceperit,
3260 1404 3403 1461 unde
3431 1404 3572 1461 noti-

278 1494 523 1551 οεουιπί
572 1496 738 1567 pedes
779 1513 930 1555 meos
975 1498 1127 1570 (ιηε,
1156 1502 1279 1573 γη),
1334 1521 1353 1553 ,
1389 1500 1576 1558 Omnis
1631 1501 1725 1573 qiii
1758 1499 1876 1571 iam
1918 1534 1923 1539 .
1984 1486 2114 1543 tiam
2145 1490 2445 1549 divinitatis
2493 1492 2611 1563 ejus
2655 1497 3096 1571 apprehenderit.
3149 1498 3257 1557 Sed
3296 1515 3424 1559 ecce
3450 1501 3569 1573 ipsa

278 1584 665 1660 cleemosynas
693 1586 843 1658 facit,
868 1590 960 1662 qui
981 1591 1096 1663 jam
1123 1592 1177 1647 in
1207 1593 1365 1649 bonis
1391 1593 1646 1665 operibus
1675 1593 1873 1660 studet,
1982 1580 2239 1651 exprimit
2261 1590 2319 1637 ει
2342 1582 2471 1639 die“
2502 1603 2515 1639 ε

278 1680 445 1751 quasi
474 1678 749 1738 Christum
782 1682 837 1739 in
866 1684 1172 1741 convivium
1220 1686 1434 1757 recipit,
1470 1684 1743 1743 Christum
1782 1701 1877 1757 pa-

2058 1690 2078 1722 (
2110 1669 2457 1744 Unguentum
2486 1672 2715 1733 effusum
2743 1696 2941 1736 nomen
2971 1690 3139 1738 tuum.
3175 1703 3193 1736 ι
3226 1684 3570 1757 Unguentum

275 1771 412 1839 scit,
434 1771 561 1843 quia
584 1788 708 1829 eum
734 1774 788 1829 in
818 1774 1076 1831 membris
1107 1775 1220 1831 suis
1248 1785 1554 1831 suslcmare
1589 1793 1697 1831 non
1733 1772 1876 1832 ἀρεῖ.-
1908 1851 1927 1852 Ῠ
1981 1761 2210 1819 effusum
2241 1775 2323 1822 CSl
2350 1766 2606 1826 divinitas
2633 1770 2936 1828 incarnata.
3064 1778 3207 1832 enim
3234 1778 3306 1833 Sil.
3325 1795 3567 1852 unguen-

274 1860 383 1915 ῃῖι.
409 1860 517 1918 Sed
543 1863 590 1919 si
616 1865 854 1920 nondum
874 1880 975 1938 per
1001 1883 1243 1923 amorem
1272 1869 1670 1941 compungimr,
1697 1868 1874 1922 adhuc
1902 1851 1951 1913 Β
1980 1862 2097 1909 tum
2125 1854 2180 1910 in
2201 1857 2421 1914 vasculo
2437 1861 2657 1915 odorem
2679 1863 2920 1918 exterius
2939 1866 3119 1921 minus
3144 1867 3338 1933 reddit,
3369 1851 3419 1925 εἴ
3438 1886 3569 1927 vero

275 1950 400 2022 ejus
427 1956 655 2029 vestigia
680 1975 788 2015 non
818 1960 1115 2017 osculatur.
1155 1962 1300 2019 Bene
1324 1973 1502 2018 autem
1531 1963 1733 2019 dictum
1762 1973 1866 2033 est,

1978 1944 2295 2016 effunditur,
2350 1949 2485 2005 odor
2532 1950 2687 2008 eﬂ‘usi
2733 1955 2993 2025 unguenti
3041 1957 3317 2014 dilatatur.
3362 1960 3569 2017 Nomen

282 2065 303 2098 ι
334 2062 446 2103 non
493 2051 730 2106 cessavit
775 2052 1009 2110 osculari
1063 2054 1231 2127 pedes
1283 2057 1400 2128 ejus
1451 2054 1640 2131 (Ιὸἰιί.)
1668 2077 1686 2111 ι
1754 2056 1869 2113 Non
1978 2052 2109 2131 θίιέο
2137 2034 2232 2093 θεῖ
2266 2049 2599 2111 υιιειιεηιιιηι
2644 2040 2875 2099 “rusum
2928 2054 3029 2109 δεῖν
3064 2049 3188 2119 (lilia
3223 2041 3293 2105 ἀι)
3339 2050 3568 2108 ίιηιιιθη·

275 2139 429 2195 enim
461 2139 657 2199 sumen
698 2143 754 2200 in
779 2160 967 2202 amore
992 2146 1088 2203 Dei
1118 2148 1285 2206 semei
1322 2130 1688 2222 compungiei
1721 2152 1870 2222 quie_
1976 2130 2141 2222 sitate
2171 2131 2472 2222 divinitatis
2501 2149 2614 2189 sum
2659 2136 2727 2191 ad
2759 2147 3011 2193 naturam
3048 2148 3289 2199 nostram
3317 2158 3375 2198 se
3418 2152 3570 2200 exte-

276 2246 460 2301 δοίη-ε⁹
501 2234 596 2292 sed
636 2242 692 2293 ei
720 2240 1066 2311 compunciio
1091 2242 1250 2299 δευρί
1275 2259 1393 2301 esse
1421 2252 1474 2299 ei
1500 2221 1866 2305 "arescere.
1975 2221 2091 2278 rius
2132 2221 2321 2278 effudit
2350 2232 2405 2279 et
2442 2226 2510 2281 ab
2540 2240 2606 2283 eo
2634 2228 2778 2298 quod
2808 2238 2893 2285 est
2936 2230 3245 2300 invisibilis,
3293 2248 3352 2289 se
3385 2233 3575 2291 visibi-

280 2320 442 2381 Unde
468 2326 666 2384 mulier
689 2329 741 2384 in
763 2345 829 2387 eo
858 2330 1129 2401 laudatur,
1156 2334 1281 2404 quia
1314 2334 1551 2392 osculari
1572 2352 1682 2392 non
1705 2337 1871 2394 desti-
1974 2314 2080 2372 lem
2108 2316 2359 2373 Γθδάίάἶι·
2392 2316 2448 2375 Si
2481 2319 2622 2375 enim
2652 2337 2756 2377 "0"
2786 2337 2845 2378 se
2869 2321 3189 2392 emmdel‘el:
3224 2340 3567 2397 nequaquam

278 2415 353 2471 ιῖι
381 2415 433 2471 id
463 2422 749 2494 compungi
791 2424 1014 2480 minime
1040 2427 1296 2483 cessavit.
1334 2428 1490 2486 unde
1518 2437 1573 2485 οι
1600 2446 1699 2502 ρει.
1736 2431 1872 2488 Ρτο,
1974 2407 2132 2502 nobis
2169 2409 2551 2468 innotesceret.
2595 2411 2835 2471 Ell‘undit
2870 2432 2930 2472 se
2962 2428 3318 2490 unguentum,
3350 2435 3475 2476 cum
3504 2435 3566 2476 se

278 2506 503 2577 phetam
544 2509 742 2566 dicitur
786 2532 799 2568 :
838 2533 856 2565 ε
885 2512 1209 2572 Constituite
1266 2518 1407 2574 diem
1464 2501 1760 2577 solemnem
1815 2520 1868 2576 in
1974 2509 2029 2556 οι
2055 2501 2332 2556 dm“in
2364 2505 2625 2571 servam:
2663 2514 2720 2561 ει
2746 2505 3024 2564 hominem
3056 2510 3324 2567 “hime
3359 2509 3436 2566 De
3460 2525 3567 2582 (Ι11³

281 2596 918 2671 confrequentationibus
947 2622 1118 2678 usque
1146 2608 1213 2664 ad
1260 2624 1427 2665 cornu
1472 2612 1664 2669 altaris
1694 2613 1868 2685 (Psal.

1975 2588 2237 2648 effusione
2268 2590 2467 2652 Paulus
2509 2597 2673 2652 dicit:
2706 2617 2725 2649 ι
2754 2598 2855 2668 Qui
2888 2616 3012 2655 cum
3060 2601 3113 2655 in
3145 2600 3317 2657 forma
3356 2600 3452 2658 Dei
3479 2618 3566 2657 es—

279 2686 475 2762 éxvu).
502 2711 520 2743 ι
555 2690 683 2749 Dies
707 2693 964 2752 solemnis
996 2706 1079 2754 εει
1105 2697 1356 2769 Domino,
1382 2704 1723 2774 compunciio
1751 2720 1872 2760 cor,
1975 2691 2089 2749 set,
2129 2700 2233 2739 non
2276 2686 2525 2757 rapinam
2570 2688 2864 2746 arbitratus
2908 2703 2993 2747 est
3036 2706 3157 2748 esse
3213 2708 3271 2748 se
3302 2693 3565 2763 mqualem

284 2774 372 2833 dis
398 2781 591 2837 nostri.
640 2781 746 2840 Sed
778 2794 909 2842 tunc
952 2786 1005 2842 lu
1046 2788 1585 2862 confrequentatione
1632 2794 1747 2850 dies
1785 2811 1872 2851 so-
1975 2774 2110 2841 D00:
2148 2776 2240 2832 Sed
2274 2779 2623 2851 semetipsum
2651 2781 2950 2837 θκίηίιιιίνίι
2980 2783 3208 2838 formam
3240 2785 3381 2841 εοννί
3427 2784 3567 2841 θεοί·

281 2866 484 2928 lemnis
531 2878 904 2947 consumitur,
952 2897 1075 2937 cum
1119 2883 1188 2939 ad
1234 2882 1501 2957 iacrymas
1544 2901 1656 2958 pm
1685 2902 1871 2946 amore
1972 2867 2132 2939 piens
2164 2866 2326 2941 (Phil.
2364 2872 2445 2943 ιι).
2485 2892 2502 2923 ›
2533 2871 2685 2940 Quod
2707 2873 2907 2930 Paulus
2936 2875 3092 2941 dixit,
3132 2894 3150 2927 ‹
3186 2876 3505 2943 cxinanivit,
3538 2896 3556 2929 ι

282 2959 498 3051 Domini
526 2966 741 3025 assidue
768 2976 1032 3029 movetur.
1058 2972 1167 3030 Cur
1189 2976 1273 3031 vel
1301 2976 1346 3032 si
1370 2976 1677 3035 diceremus
1699 2996 1871 3051 quan-

1973 2958 2079 3015 hoc
2093 2959 2345 3017 Salomon
2363 2962 2497 3018 dixit
2519 2982 2537 3015 ι
2559 2964 2765 3021 cﬂ‘udit.
2792 2986 2809 3017 ι
2832 2966 2965 3035 Quia
2981 2983 3108 3039 ergo
3125 2969 3363 3025 humano
3376 2969 3564 3041 generi

282 3048 380 3108 diu
414 3055 513 3111 ista
539 3059 712 3115 acturi
744 3076 950 3130 sumus,
977 3064 1214 3135 quandi"
1246 3065 1686 3126 tribulationibus
1708 3048 1872 3126 imoi-
1974 3049 2236 3109 Dominus
2266 3071 2363 3126 per
2394 3056 2748 3114 humilitatem
2779 3058 3167 3117 incarnationis
3199 3061 3451 3126 innotuit,
3487 3062 3563 3119 di-

283 3147 448 3201 ιηυιιτ
488 3148 631 3209 inico
680 3153 969 3209 terminum
1017 3171 1300 3228 quousque
1344 3157 1466 3214 ﬁeri
1513 3160 1706 3217 debeat
1750 3161 1873 3216 sub.
1975 3150 2131 3200 catur
2182 3145 2270 3201 ei:
2310 3146 2657 3219 Unguentum
2710 3149 2939 3206 cflusum
2989 3168 3187 3207 nomen
3230 3160 3401 3208 tuum.
3457 3150 3565 3210 Sed

276 3236 463 3309 junxit
504 3241 737 3300 dicens:
769 3264 790 3299 ι
818 3242 1003 3319 Usque
1055 3249 1121 3306 ad
1168 3265 1337 3306 cornu
1379 3251 1584 3307 altaris.
1623 3272 1641 3306 ι
1687 3250 1868 3309 Cornu

1977 3235 2105 3306 quia
2154 3237 2206 3291 in
2256 3236 2520 3297 llebraica
2574 3240 2806 3296 veritate
2855 3236 3059 3312 aliquid
3094 3242 3256 3297 aliter
3307 3242 3561 3311 habetur,

283 3331 490 3403 quippe
528 3334 716 3393 altaris
750 3345 834 3394 est
861 3340 1118 3397 exaltatio
1152 3340 1406 3398 sacrificii
1434 3343 1731 3400 interioris.
1764 3344 1869 3400 Ubi
1977 3338 2353 3410 compellimur
2394 3340 2462 3397 ad
2510 3341 2791 3412 superiora
2831 3343 3214 3413 apostropham
3262 3341 3467 3409 facere,
3503 3350 3562 3398 et

283 3437 415 3477 cum
451 3428 857 3496 pervenerimus
892 3430 1030 3503 jam,
1076 3448 1419 3507 nequaquam
1450 3450 1673 3492 necesse
1703 3440 1873 3492 estut
1976 3432 2229 3487 nonnulla
2281 3433 2438 3490 aliter
2501 3433 2763 3492 inserere.
2822 3435 3063 3507 Denique
3114 3451 3240 3492 cum
3289 3435 3556 3492 dixisset:

282 3512 581 3573 solemnem
606 3518 839 3578 Domino
863 3521 929 3577 de
958 3532 1144 3582 nostra
1167 3525 1558 3584 lamentatione
1584 3526 1866 3586 faciamus.
1981 3542 2001 3575 ι
2042 3522 2325 3581 Osculctur
2376 3543 2461 3583 me
2522 3527 2708 3585 osculo
2761 3529 2875 3589 oris
2924 3529 3030 3595 sui,
3066 3549 3086 3582 ι
3140 3538 3195 3584 et
3229 3526 3551 3597 subjunxit:

280 3605 480 3663 Anima
507 3624 656 3683 ergo,
689 3616 810 3684 qua:
843 3611 956 3684 jam
985 3631 1083 3688 per
1123 3632 1363 3674 amorem
1403 3622 1690 3694 compungi
1735 3621 1873 3678 desi-
1983 3634 2002 3670 ί
2040 3616 2176 3685 Quia
2207 3618 2433 3674 meliora
2475 3628 2602 3677 sunt
2642 3620 2812 3677 ubera
2852 3628 2942 3677 tua
2968 3620 3113 3687 vino,
3146 3639 3165 3671 ι
3201 3619 3292 3674 ubi
3331 3618 3559 3675 nimium

282 3694 463 3763 derat,
495 3714 614 3769 quae
628 3701 741 3773 jam
764 3704 1115 3778 contemplari
1151 3707 1362 3765 visione
1392 3711 1575 3783 sponsi
1600 3712 1681 3767 sui
1709 3727 1871 3784 appe-
1977 3706 2232 3782 gaudium
2262 3709 2462 3765 amoris
2481 3709 2808 3782 completum
2837 3726 2933 3782 per
2960 3708 3398 3766 attrectatiouem
3426 3708 3559 3765 ube-

282 3786 369 3852 tit,
418 3788 611 3846 dicat:
661 3810 681 3846 ι
709 3790 996 3855 Osculetur
1049 3812 1137 3855 me
1175 3800 1363 3857 osculo
1405 3801 1517 3858 oris
1564 3802 1667 3858 sui.
1701 3826 1720 3857 ι
1774 3802 1872 3860 Vel
1977 3815 2099 3854 rum
2140 3799 2563 3868 demonstratur,
2610 3801 2859 3871 protinus
2890 3800 3096 3857 addidit
3128 3799 3285 3870 juxta
3330 3796 3562 3855 Hebrai-

281 3889 435 3936 certe
465 3882 709 3940 osculum
758 3886 870 3943 oris
899 3887 1015 3959 ejus
1058 3892 1141 3946 est
1170 3890 1286 3963 ipsa
1319 3892 1581 3963 perfectio
1607 3894 1756 3964 pacis
1790 3894 1873 3951 in-
1975 3910 2099 3951 cum
2157 3884 2451 3967 flagrantia
2494 3896 2783 3968 unguentis
2827 3894 3047 3966 optimis
3090 3913 3103 3949 :
3138 3909 3260 3965 quae
3314 3893 3566 3965 quamvis

280 3980 476 4045 ternm,
501 3974 569 4036 ad
593 3995 754 4052 quam
796 3997 921 4038 cum
948 3985 1359 4055 pervenerimus
1404 3987 1540 4043 nihil
1570 3988 1873 4046 remanebit
1976 3982 2252 4058 lampabili
2281 4002 2533 4044 sermone
2561 3987 2811 4059 superius
2843 4003 2875 4043 a
2910 4002 3120 4044 summo
3146 3993 3441 4042 tractatorc
3466 3999 3562 4041 sx-

280 4070 520 4141 amplius
545 4068 687 4146 quod
712 4090 1036 4146 quaeramus.
1068 4076 1225 4136 Unde
1247 4088 1303 4136 et
1336 4087 1463 4152 apte
1505 4079 1869 4155 subiungitur.
1975 4078 2154 4150 posita
2184 4078 2291 4133 sint
2316 4076 2589 4147 melliflue,
2618 4088 2822 4147 tamen,
2848 4093 3141 4151 possumus
3160 4078 3317 4149 juxta
3350 4077 3565 4149 opinio-

282 4182 308 4218 ι
343 4164 483 4233 Quia
520 4156 749 4223 meliora
791 4177 921 4231 sunt
960 4171 1131 4228 ubera
1177 4178 1271 4229 tua
1311 4172 1460 4229 vino.
1492 4192 1510 4226 ι
1541 4170 1738 4229 Vinum
1786 4176 1873 4230 est
1976 4184 2077 4225 nes
2110 4169 2469 4241 quorumdam
2524 4182 2712 4227 rursus
2764 4171 2984 4227 iterare.
3017 4167 3240 4237 Vinum,
3289 4169 3563 4239 inquiunt,

280 4254 513 4314 scientia
562 4254 691 4327 Dei,
738 4274 903 4332 quam
952 4260 1009 4317 in
1053 4263 1157 4318 ista
1185 4263 1297 4318 vita
1339 4263 1503 4336 positi
1553 4264 1869 4336 accipimus.
1977 4268 2097 4315 erat
2123 4258 2350 4317 verbum
2383 4262 2774 4330 nuntiatorum,
2808 4262 3045 4320 delatum
3072 4278 3170 4335 per
3200 4260 3442 4334 angelos,
3471 4260 3564 4332 qui

282 4350 469 4409 Ubera
501 4360 681 4409 autem
706 4353 888 4426 sponsi
916 4360 1045 4410 tunc
1080 4353 1478 4425 amplectimur,
1507 4368 1630 4411 cum
1657 4356 1791 4411 eum”
1816 4355 1873 4411 in
1977 4352 2047 4407 ad
2072 4352 2368 4425 prophetas
2391 4352 2474 4410 vel
2516 4354 2571 4409 in
2596 4355 2876 4427 prophetis
2904 4355 3287 4427 loquebantur,
3314 4354 3456 4410 sicut
3487 4352 3567 4409 ait

280 4453 487 4501 aeterna
532 4444 706 4515 patria
722 4443 838 4515 jam
864 4461 965 4519 per
1003 4447 1310 4519 amplexum
1358 4449 1701 4520 pmsentiam
1744 4466 1875 4507 con-
1976 4442 2269 4502 Zacharias
2309 4446 2574 4518 propheta
2616 4445 2766 4519 (Cap.
2798 4446 2882 4519 ιι).
2916 4446 2984 4503 Et
3021 4446 3159 4503 dixit
3189 4446 3259 4502 ad
3298 4444 3565 4518 Angelum

281 4536 634 4608 templamur.
676 4536 833 4594 Dicat
867 4553 1039 4611 ergo:
1067 4558 1087 4592 «
1115 4528 1338 4596 Meliora
1386 4547 1515 4596 sunt
1555 4542 1726 4598 ubera
1777 4549 1873 4598 tua

1985 4553 2004 4587 α
2033 4535 2125 4606 qui
2153 4534 2475 4607 loquebatur
2520 4537 2575 4593 in
2614 4551 2724 4605 me,
2755 4557 2775 4592 ι
2803 4534 2947 4611 quod
2975 4535 3231 4593 Ecclesia:
3262 4551 3358 4593 cor
3386 4535 3563 4592 laetifi-

278 4627 436 4683 vino.
467 4648 487 4681 ι
534 4626 612 4685 Ac
659 4626 703 4685 si
746 4629 892 4687 dicat
931 4628 1170 4702 :Magna
1221 4639 1306 4689 est
1351 4631 1568 4703 quidem
1620 4632 1868 4701 scientia,
1898 4615 2160 4696 Dcabat,
2204 4628 2429 4685 audiens
2479 4629 2596 4702 ejus
2637 4644 2799 4701 quem
2862 4626 3202 4687 desiderabat
3245 4627 3562 4683 adventum.

283 4735 453 4797 quam
482 4720 547 4778 de
576 4729 627 4778 te
655 4721 787 4778 mihi
823 4723 876 4778 in
906 4722 1011 4779 hac
1032 4724 1141 4780 vita
1169 4722 1468 4792 contulisti,
1499 4741 1755 4798 magnum
1784 4733 1873 4782 est
1979 4722 2088 4779 Sed
2113 4722 2204 4780 ubi
2232 4738 2328 4779 ore
2364 4723 2720 4795 manibusque
2748 4736 2946 4794 corpus
2987 4721 3106 4794 ejus
3140 4729 3195 4778 et
3240 4718 3560 4791 sanguinem

283 4816 477 4875 vinum
514 4814 720 4873 notitia:
745 4824 853 4872 tua:
899 4832 1006 4887 quo
1033 4833 1119 4874 me
1143 4817 1404 4886 inebrias,
1451 4819 1544 4875 sed
1570 4819 1737 4876 ubera
1778 4828 1869 4875 tua
1977 4813 2355 4880 contrectavit,
2425 4813 2650 4870 meliora
2710 4813 2960 4883 cognovit
3013 4815 3181 4870 ubera
3254 4809 3561 4883 apostolicae

288 4907 419 4963 vino
442 4902 665 4964 meliora
686 4917 838 4976 sunt,
868 4909 994 4980 quia
1029 4916 1156 4966 tunc
1174 4925 1273 4983 per
1299 4911 1534 4983 speciem
1560 4920 1617 4968 et
1651 4926 1750 4984 per
1779 4927 1872 4968 su-
1975 4904 2503 4978 Evangeliorumque
2545 4904 2805 4963 doctrina!
2832 4906 2972 4964 130w
2995 4905 3292 4971 manantia.
3328 4903 3420 4958 ubi
3443 4916 3560 4956 σω·-

283 4996 611 5053 blimitatem
645 4998 1116 5072 contemplationis
1154 5002 1574 5069 transcenditur,
1606 5000 1869 5075 quidquid
1977 4997 2066 5054 nis
2109 4998 2289 5053 divina
2327 4996 2591 5069 perfectio
2621 5014 2743 5071 quae
2787 5015 2931 5056 nunc
2992 4998 3355 5061 ministratur,
3393 5006 3557 5064 quam

285 5092 357 5149 de
382 5101 436 5149 te
459 5094 621 5151 modo
648 5109 745 5166 per
772 5092 931 5151 ﬁdem
973 5095 1144 5152 scitur
1176 5115 1195 5148 ι
1221 5086 1288 5150 Et
1315 5094 1451 5151 odor
1476 5104 1871 5168 unguentorum
1977 5092 2163 5147 vinum
2184 5090 2397 5148 Veteris
2452 5088 2783 5151 Testamenti
2833 5105 2887 5150 et
2932 5092 3068 5166 legis
3098 5104 3218 5161 quae
3265 5085 3560 5145 secundum

290 5196 513 5245 tuorum
559 5204 723 5260 super
749 5188 932 5246 omnia
978 5199 1245 5247 aromata.
1276 5209 1295 5242 ι
1352 5188 1452 5245 Hic
1481 5188 1645 5246 habet
1682 5199 1872 5244 sancta
1978 5183 2297 5258 Apostolum
2323 5185 2593 5243 neminem
2617 5187 2687 5244 ad
2726 5186 3027 5260 perfectum
3062 5180 3330 5255 perduxit.
3381 5177 3563 5247 Quan-

287 5270 537 5334 Ecclesia
581 5287 846 5347 aromata,
872 5278 999 5336 dum
1027 5279 1080 5334 in
1124 5280 1324 5336 virtute
1371 5279 1631 5345 scientiae,
1672 5279 1874 5335 virtute
1981 5292 2145 5348 quam
2183 5276 2328 5333 enim
2366 5274 2593 5349 perfecti
2640 5278 2743 5333 viri
2785 5274 3063 5349 apostolici
3105 5273 3195 5344 qui
3247 5268 3563 5341 praescripto

289 5366 587 5437 castitatis,
616 5369 815 5427 virtute
851 5368 1256 5435 misericordia},
1281 5368 1480 5425 virtute
1523 5368 1869 5437 humilitatis,
1978 5369 2179 5441 populo
2211 5366 2518 5425 Christiano
2540 5368 2790 5425 doctores
2816 5367 2983 5422 ubera
3009 5362 3214 5419 Christi
3253 5359 3564 5431 intelligan-

262 5461 500 5518 .virtute
528 5460 813 5518 charitatis
850 5461 1032 5535 pollet.
1059 5461 1117 5519 Si
1164 5469 1476 5519 sanctorum
1504 5462 1614 5517 vita
1647 5462 1871 5519 odorem
1982 5466 2093 5528 t'ur,
2137 5477 2273 5533 quos
2294 5461 2542 5518 Christus
2577 5471 2636 5519 ut
2680 5460 2935 5532 parvulos
2983 5455 3177 5522 nutrit,
3231 5464 3409 5510 tamen
3457 5465 3567 5507 non

293 5562 599 5611 aromatum
622 5569 691 5610 ex
713 5554 1003 5611 virtutibus
1025 5560 1134 5610 'non
1164 5554 1408 5621 haberet,
1438 5552 1635 5611 Paulus
1662 5569 1769 5611 non
1797 5553 1878 5610 di-
1984 5554 2092 5611 erit
2131 5554 2539 5621 inconveniens,
2567 5556 2671 5611 duo
2716 5552 2881 5608 ubera
2926 5548 3126 5606 Christi
3177 5545 3473 5619 Baptistam
3513 5549 3571 5598 et

297 5656 489 5709 ceret:
525 5669 544 5703 ι
581 5648 784 5707 Christi
834 5649 1008 5706 bonus
1053 5649 1185 5705 odor
1224 5664 1411 5705 sumus
1456 5648 1567 5705 Deo
1624 5648 1680 5705 in
1729 5646 1879 5704 omni
1985 5644 2388 5717 Evangelista‘m
2438 5646 2574 5702 duos
2609 5643 2847 5699 Joannes
2893 5640 3142 5712 intelligit
3188 5638 3429 5710 proprie,
3473 5632 3569 5705 qui

295 5730 419 5796 loco
482 5736 533 5814 (Ι
558 5734 683 5796 Cor.
714 5741 799 5815 ll).
831 5761 850 5795 ι
903 5740 1009 5798 Sed
1060 5741 1215 5813 longe
1260 5740 1610 5799 excellentior
1657 5748 1743 5797 est
1789 5738 1880 5795 illa
1986 5739 2243 5797 Ecclesiae
2277 5748 2397 5810 post
2423 5736 2606 5793 oscula
2630 5734 2957 5791 sacramenti
2978 5732 3224 5807 praedicti
3252 5726 3567 5802 plenissima

298 5832 489 5892 imcuo
512 5834 982 5910 contemplationis
1004 5831 1124 5904 Dei,
1149 5834 1215 5891 ad
1241 5850 1406 5908 quam
1433 5832 1758 5905 quandoque
1782 5830 1881 5888 du-
1985 5834 2154 5891 verba
2179 5840 2303 5888 sunt
2330 5828 2620 5903 propinati,
2653 5843 2776 5885 cum
2805 5827 2941 5884 alter
2988 5842 3110 5883 eum
3151 5823 3326 5882 solum
3372 5829 3568 5895 pecca-

1896 5917 1954 5935 ’ἢ

1899 5946 1939 6011 ἕ
