4078 6340
520 373 621 427 567

1549 366 1900 426 ANGELOMI
1929 363 2388 423 LUXOVIENSIS
2426 361 2730 420 MONACHI

3675 351 3804 408 568

515 497 632 542 tum
653 487 839 542 mundi
881 487 1178 554 tollentem,
1217 501 1522 560 agnumque
1557 487 1892 542 demonstrat
1915 484 2095 540 Eccle-
2119 486 2169 546 Α
2197 483 2450 538 nissimos
2466 481 2674 546 reddat,
2693 492 2846 548 reges
2866 474 3242 533 etsacerdotes
3255 473 3636 541 constituat,et
3660 470 3806 541 ejus

515 580 627 643 sine,
661 579 797 633 alter
825 580 880 634 in
909 582 1173 651 principio
1197 582 1431 636 Verbum
1457 579 1623 634 Deum
1653 581 1793 649 apud
1807 579 1973 633 Deum
1996 576 2095 631 Pa-

515 681 656 728 trem
687 683 1017 740 manentem,
1037 675 1137 745 qui
1163 689 1260 745 per
1287 673 1686 728 immaculatam
1721 673 1886 727 vitam
1917 672 1992 726 ita
2037 671 2094 725 in

515 780 702 820 amore
743 765 860 836 ejus
903 765 1055 835 quasi
1103 767 1268 821 ubera
1316 765 1523 835 pectori
1563 765 1925 830 adhaeserunt,
1966 765 2094 819 dum

517 855 660 911 alter
688 856 863 911 adhuc
883 857 1120 926 parvula:
1145 867 1199 910 ct
1225 856 1444 911 lactenti
1488 854 1742 911 Ecclesia:
1766 870 1953 910 verum
1998 854 2095 908 ho-

513 948 720 1003 minem
743 949 842 1002 sub
873 949 1091 1003 nomine
1118 949 1448 1004 immaculati
1477 948 1600 1019 agni
1642 947 1913 1011 ostendit;
1959 945 2094 1000 alter

515 1054 547 1093 a
581 1041 798 1095 creandi
823 1038 1015 1095 effectu
1050 1042 1294 1095 omnium
1332 1056 1512 1095 rerum
1535 1056 1658 1095 eum
1709 1038 2094 1094 fabricatorem

514 1127 570 1184 in
604 1130 870 1200 principio
897 1130 1133 1187 Verbum
1182 1131 1351 1186 Deum
1399 1131 1754 1197 demonstrat,
1788 1145 1886 1200 per
1932 1145 2094 1200 quem

514 1229 695 1275 creata
741 1228 867 1276 sunt
905 1223 1177 1277 universa.
1225 1221 1414 1277 Nullus
1461 1222 1625 1292 igitur
1674 1236 1846 1290 usque
1892 1221 1947 1276 in
1992 1220 2095 1274 hoc

512 1319 724 1382 tempus
763 1313 830 1367 ad
878 1313 1175 1369 Ecclesiam
1221 1314 1525 1384 hujusmodi
1576 1323 1764 1384 gustus
1813 1312 2094 1368 suavitatis

511 1413 850 1470 pervenerat,
886 1413 946 1459 ut
979 1405 1032 1459 in
1056 1405 1182 1476 agni
1235 1383 1647 1459 mansuetudine
1696 1401 1924 1458 terribili
1966 1415 2094 1472 rege

510 1501 705 1549 turmae
726 1495 971 1565 luporum
997 1497 1302 1550 dazmonum
1331 1494 1718 1567 etl‘ugarentur,
1755 1491 1909 1562 cujus
1952 1507 2094 1562 prae-

509 1584 686 1638 sentia
717 1593 979 1640 terrorem
1014 1586 1210 1642 incutit
1237 1585 1492 1642 onmibus
1522 1584 1753 1640 terrenis
1775 1593 1831 1640 et
1852 1584 2096 1640 aetheriis

510 1677 873 1745 potestatibus
895 1677 986 1746 qui
1012 1678 1244 1748 tegmine
1271 1676 1507 1746 Spiritus
1545 1676 1716 1731 sancti
1764 1675 1901 1730 alios
1935 1675 2097 1730 vestit

509 1775 568 1823 et
588 1769 702 1838 ipse
729 1770 794 1822 de
818 1769 966 1824 nullo
992 1770 1156 1824 habet
1177 1784 1418 1833 necesse,
1449 1769 1542 1839 qui
1566 1769 1632 1823 de
1666 1750 1900 1824 terrenis
1947 1767 2093 1822 leva-

511 1864 624 1912 tam
647 1858 714 1913 ad
747 1858 922 1914 Patris
945 1861 1278 1915 consortium
1301 1861 1505 1915 ducunt
1529 1875 1628 1930 per
1667 1861 1847 1916 carnis
1891 1875 2098 1916 assum-

510 1948 751 2016 ptionem
807 1950 1146 2018 Ecclesiam,
1192 1968 1314 2007 cum
1375 1968 1482 2022 qua
1531 1935 1711 2008 mente
1755 1962 1812 2008 et
1869 1953 2099 2008 materia

509 2051 678 2092 unum
701 2037 922 2096 etl‘ectus
943 2051 1047 2108 est,
1069 2043 1264 2098 sedens
1309 2043 1378 2098 ad
1414 2045 1690 2099 dexteram
1729 2043 1926 2110 Patris,
1975 2060 2098 2100 cum

509 2145 619 2201 quo
641 2142 762 2187 erat
788 2134 840 2188 in
867 2135 1132 2206 principio
1162 2136 1305 2192 Deus
1333 2138 1581 2192 verbum.
1633 2137 1805 2208 Hujus
1851 2151 1981 2208 ergo
2021 2135 2100 2190 la-

509 2233 596 2279 cte
622 2226 882 2282 doctrinae
909 2228 1076 2283 vitam
1097 2238 1354 2285 mternam
1402 2229 1794 2295 conferentem,
1840 2230 2100 2300 prtedicta

508 2313 678 2370 ubera
728 2316 940 2374 dilectae
986 2307 1244 2377 Ecclesiae
1295 2323 1571 2377 manantia
1630 2320 1830 2377 Christi
1885 2323 2099 2378 Domini

508 2409 702 2476 nostri,
733 2411 798 2465 de
817 2409 970 2480 cujus
992 2421 1210 2483 pectore
1229 2413 1406 2470 lacteo
1439 2415 1607 2469 vitam
1632 2422 1916 2482 aeternam,
1935 2431 2099 2487 quam

507 2498 680 2556 Adam
710 2503 1038 2572 perdiderat,
1063 2521 1162 2576 per
1219 2506 1510 2562 candorem
1537 2507 1818 2575 doctrinae,
1840 2510 2100 2579 apostolis

508 2590 763 2660 infusam,
787 2609 908 2665 quae
937 2597 983 2651 si
1013 2612 1111 2667 per
1156 2598 1323 2654 ubera
1368 2599 1424 2654 in
1476 2600 1822 2656 credentibus
1861 2602 2102 2673 suscepit

508 2683 770 2754 Ecclesia,
802 2698 859 2743 et
903 2689 1017 2745 suis
1055 2692 1306 2761 posteris,
1356 2693 1511 2762 quasi
1536 2707 1604 2748 ex
1653 2693 1794 2749 lacte
1843 2693 2098 2765 butyrum

509 2778 779 2846 elfectum,
828 2799 926 2854 per
968 2784 1471 2856 interpretationem
1529 2789 1796 2844 sermonis
1856 2789 2098 2859 quotidie

505 2873 755 2944 porrigit.
792 2873 929 2930 Nam
984 2877 1220 2946 primum
1263 2879 1506 2934 continet
1554 2889 1952 2935 sacramentum
2003 2895 2098 2951 per

506 2961 663 3018 lactis
692 2971 964 3032 naturam,
993 2966 1047 3021 id
1069 2976 1152 3022 est
1183 2969 1318 3025 casti
1340 2969 1626 3038 liquorem,
1660 2980 1715 3025 et
1759 2985 1883 3025 cum
1932 2969 2098 3024 fuerit

509 3063 628 3108 arte
650 3055 907 3112 subactus
928 3057 1105 3127 liquor
1125 3060 1303 3116 reddit
1320 3061 1574 3132 butyrum
1600 3081 1612 3115 :
1647 3062 1721 3116 ita
1761 3072 1816 3118 et
1834 3062 1918 3118 lac
1936 3078 2096 3132 apos-

509 3144 685 3200 tolicae
705 3145 967 3204 doctrinae
989 3164 1113 3205 eum
1154 3150 1425 3207 invenerit
1457 3153 1798 3225 magistrum,
1857 3154 2097 3210 declarat

509 3234 654 3290 intra
689 3251 748 3292 se
787 3239 1066 3296 continere
1115 3240 1446 3298 individuam
1498 3241 1842 3300 Trinitatem.
1893 3244 2100 3312 Quibus

509 3327 784 3386 alimentis
813 3332 918 3387 nisi
962 3332 1330 3391 indesinenter
1387 3351 1486 3392 usa
1534 3336 1698 3392 fuerit
1740 3339 1942 3406 anima,
1990 3355 2101 3395 non

513 3423 716 3490 poterit
756 3424 940 3481 vivere
984 3426 1041 3481 in
1088 3436 1373 3485 aeternum.
1415 3429 1587 3497 Quem
1635 3431 1814 3487 cibum
1857 3432 2100 3490 Ecclesia

513 3511 581 3566 de
605 3513 930 3584 supradictis
959 3517 1216 3575 uberibus
1241 3520 1297 3574 in
1327 3521 1674 3590 baptismatis
1723 3523 1961 3594 suscepit
2011 3540 2101 3580 sa-

511 3615 810 3673 cramento,
849 3608 940 3663 ubi
984 3610 1129 3664 trina
1174 3611 1514 3668 confessione
1559 3612 1738 3670 Patris
1785 3623 1841 3670 et
1881 3615 2004 3671 Filii
2046 3624 2103 3672 et

514 3693 750 3764 Spiritus
784 3699 956 3754 sancti
997 3701 1204 3757 notitiae
1259 3703 1480 3758 odorem
1532 3706 1827 3777 cognoscit,
1874 3721 2000 3762 cum
2048 3707 2102 3764 ei

511 3799 652 3857 saepe
680 3787 884 3843 dictum
907 3791 1054 3861 quod
1082 3791 1342 3850 doctrinae
1370 3794 1454 3850 lac
1498 3795 1801 3855 triformem
1851 3800 2099 3857 contule-

509 3878 583 3934 rit
606 3880 993 3951 redemptionis
1021 3886 1337 3956 medullam,
1379 3888 1644 3960 liquorem
1667 3893 1875 3951 scilicet
1898 3895 2104 3965 baptis-

511 3971 676 4026 matis
720 3973 1186 4047 candidissimum,
1223 3997 1552 4054 suavemque
1586 4002 1808 4042 succum
1855 3989 2100 4059 corporis

511 4061 736 4163 Christi,
767 4074 822 4120 et
841 4068 1258 4139 pinguissimum
1283 4067 1560 4147 butyrum,
1607 4079 1751 4134 sacri
1794 4079 2100 4136 charisma-

511 4152 580 4207 tia
609 4152 808 4221 oleum,
830 4171 928 4225 per
952 4160 1095 4228 quod
1138 4160 1371 4234 Spiritus
1406 4175 1626 4223 sanctus
1661 4167 1984 4225 infunditur.
2022 4171 2100 4227 De

511 4255 617 4312 qua
647 4245 993 4318 pinguedine,
1025 4251 1265 4311 Ecclesia
1297 4257 1352 4312 in
1389 4257 1497 4314 alio
1523 4259 1795 4330 Propheta
1837 4264 2102 4333 depreca-

2198 579 2332 635 odor
2355 574 2618 632 notitizea
2641 575 2773 630 solis
2811 579 2934 627 ortu
2965 584 3138 639 usque
3162 571 3230 624 ad
3266 583 3517 625 occasum
3555 578 3808 623 omnem

2198 673 2456 728 mundum
2471 667 2795 740 impleverit.
2814 667 2943 736 Qua:
2959 667 3099 721 intra
3113 680 3170 722 se
3183 680 3344 736 quam
3365 664 3522 720 aliam
3534 661 3802 733 ﬂagran-

2198 765 2327 820 tiam
2361 768 2538 832 potest
2560 759 2785 831 intelligi
2813 758 3114 822 continere,
3155 757 3261 811 nisi
3301 755 3501 811 Christi
3537 750 3802 809 nomen!

2197 856 2274 913 De
2294 871 2402 924 quo
2423 853 2716 923 sequitur,«
2741 849 3085 920 Unguentum
3105 847 3331 903 etlusum
3345 861 3539 902 nomen
3550 854 3744 901 tuum.
3767 859 3793 894 ι

2199 947 2352 1003 Sicut
2379 946 2521 1002 enim
2554 945 2696 1000 intra
2732 941 3130 998 multitudinem
3171 931 3503 993 cadaverum
3529 933 3800 1007 putt-ido—

2197 1055 2316 1115 rum
2338 1037 2534 1094 reclusi
2555 1036 2819 1098 homines,
2855 1033 3044 1088 morbo
3083 1029 3476 1102 periclitantur,
3504 1027 3579 1080 ita
3613 1023 3798 1080 habi-

2199 1127 2464 1184 tatoribus
2493 1125 2652 1196 hujus
2672 1125 2856 1181 mundi
2885 1130 3141 1180 evenerat
3166 1136 3263 1192 per
3293 1121 3486 1184 Adam,
3511 1116 3798 1188 pluralem

2197 1221 2421 1277 deorum
2449 1233 2732 1274 numerum
2756 1215 3045 1271 inducente
3065 1211 3277 1268 diabolo
3299 1225 3394 1267 ore
3405 1208 3671 1280 serpentis
3694 1207 3796 1262 di-

2197 1312 2402 1368 cendo:
2424 1329 2443 1363 ‹
2476 1309 2639 1366 Eritis
2652 1309 2790 1364 sicut
2811 1307 2884 1364 dii
2915 1303 3065 1378 (Gen.
3099 1303 3184 1377 ιι).
3223 1323 3240 1356 ι
3267 1302 3574 1357 lntroducto
3594 1306 3799 1354 autem

2196 1402 2358 1458 unius
2385 1399 2499 1456 veri
2527 1399 2624 1456 Dei
2649 1398 2887 1462 nomine,
2917 1410 3018 1466 per
3044 1391 3430 1450 incarnationis
3460 1389 3798 1462 mysterium

2197 1494 2478 1552 recondito
2508 1493 2562 1548 in
2593 1504 2822 1562 corpore
2844 1487 3086 1554 vasculo,
3105 1501 3212 1558 quo
3235 1485 3406 1540 fracto
3424 1482 3704 1538 clavorum
3733 1487 3802 1536 et

2197 1589 2396 1644 lanceae
2410 1587 2606 1643 ictibus
2617 1585 2782 1642 odore
2794 1585 2912 1656 ejus
2934 1582 3138 1638 notitiae
3150 1579 3329 1635 omnis
3350 1577 3489 1632 fetor
3499 1575 3800 1632 diabolica

2199 1681 2460 1738 doctrinae
2488 1680 2554 1736 de
2581 1687 2696 1734 toto
2719 1677 2922 1732 mundo
2963 1676 3242 1730 abstersus
3277 1679 3378 1727 est.
3411 1669 3478 1724 Et
3505 1667 3634 1723 illud
3663 1682 3800 1722 ma-

2201 1791 2368 1848 gnum
2401 1789 2599 1830 nomen
2627 1772 2772 1843 quod
2800 1772 2854 1825 in
2891 1768 3005 1825 solo
3035 1765 3232 1840 populo
3256 1763 3422 1820 Israel
3448 1769 3563 1818 erat
3589 1769 3802 1815 notum

2125 1855 2172 1915 Β
2199 1887 2298 1942 per
2323 1867 2636 1927 chrismatis
2671 1865 3015 1928 unctionem,
3065 1876 3210 1916 nunc
3249 1858 3404 1929 quasi
3443 1856 3614 1912 ell'uso
3653 1865 3807 1908 vase

2202 1963 2462 2036 unguenti
2490 1962 2545 2016 in
2569 1963 2728 2017 domo
2755 1965 2868 2014 tota
2892 1957 3082 2013 domus
3103 1952 3380 2024 repleatur
3407 1949 3570 2004 odore
3588 1988 3604 2013 ,
3631 1946 3708 2001 ita
3739 1952 3809 2000 et

2203 2072 2234 2112 a
2261 2063 2504 2126 tempore
2529 2050 2802 2122 passionis
2836 2047 3049 2105 Domini
3078 2044 3247 2100 nostri
3270 2041 3399 2098 Iesu
3432 2038 3634 2094 Christi
3664 2052 3804 2092 om—

2200 2148 2287 2204 nis
2317 2145 2548 2200 mundus
2595 2144 2756 2198 unius
2803 2140 2918 2196 veri
2965 2137 3078 2203 Dei
3106 2135 3308 2192 Christi
3344 2132 3559 2188 nomine
3593 2129 3808 2184 notitia

2203 2237 2453 2309 impletus
2479 2235 2759 2307 probatur,
2807 2241 2868 2288 ut
2908 2246 3006 2303 per
3046 2243 3237 2287 omnes
3272 2227 3519 2282 nationes
3543 2222 3806 2294 gentium

2201 2332 2442 2404 quotidie
2470 2329 2621 2401 quasi
2645 2327 2779 2384 odor
2805 2322 3096 2396 unguenti,
3120 2321 3380 2375 virtutum
3415 2315 3652 2371 recurrit
3689 2311 3800 2366 na-

2201 2425 2457 2498 grantia,
2483 2441 2501 2475 (
2538 2423 2665 2478 dum
2707 2419 2907 2477 mortui
2953 2417 3203 2472 invocato
3248 2411 3365 2480 ejus
3415 2410 3638 2465 nomine
3667 2423 3803 2461 sur-

2201 2525 2368 2588 gunt,
2400 2516 2530 2572 caeci
2556 2514 2772 2580 vident,
2818 2510 2996 2568 claudi
3039 2506 3349 2570 ambulant,
3380 2503 3516 2559 muti
3547 2501 3802 2571 loquun-

2202 2619 2307 2676 tur,
2345 2630 2363 2662 ι
2411 2607 2717 2678 elfugantur
2757 2603 3043 2668 daemonia,
3070 2599 3248 2657 omnis
3289 2595 3552 2668 aegritudo
3601 2591 3796 2658 cadit,

2200 2702 2420 2773 pellitur
2445 2701 2694 2771 languor,
2722 2699 2778 2754 in
2801 2696 3004 2752 virtute
3041 2691 3206 2763 hujus
3244 2689 3479 2746 nominis
3525 2683 3796 2742 invocati.

2199 2795 2344 2851 Ecce
2364 2793 2561 2864 quibus
2586 2791 2844 2848 odoribus
2869 2787 3088 2844 dilectio
3113 2798 3379 2853 amorque
3405 2779 3613 2838 Christi
3661 2777 3800 2834 ado-

2199 2885 2525 2944 lescentulas
2554 2883 2804 2941 accendit
2826 2881 3036 2936 animas
3052 2919 3068 2946 ,
3099 2877 3309 2934 scilicet
3329 2876 3396 2932 de
3420 2873 3620 2944 quibus
3645 2886 3800 2928 nunc

2200 2979 2312 3035 ait:
2345 2996 2365 3030 ‹
2399 2977 2524 3033 ideo
2558 2972 2974 3031 adulescentula:
3015 2970 3325 3027 dilexerunt
3359 2978 3433 3022 te.
3463 2985 3483 3018 ι
3517 2963 3620 3019 Bis
3645 2961 3800 3019 enim

2199 3070 2525 3142 praelibatis,
2554 3069 2621 3125 ad
2647 3067 2983 3138 superiorem
3011 3061 3323 3121 suavissimi
3350 3075 3576 3116 sensum
3605 3057 3799 3113 docto—

2201 3163 2280 3218 ris
2305 3161 2693 3232 regrediamur.
2725 3157 2860 3213 Nam
2888 3155 3134 3228 sequitur
3160 3172 3174 3209 :
3204 3172 3223 3206 ι
3254 3151 3381 3208 Ideo
3407 3148 3798 3205 adolescentu-

2127 3213 2173 3276 Ο
2303 3213 2715 3310 ﬁse—£65m.
2756 3270 2775 3303 ι
2810 3249 2948 3318 Quid
2966 3213 3077 3304 boc
3116 3246 3174 3302 in
3210 3245 3331 3300 loco
3358 3239 3798 3298 adolescentulas

2205 3350 2538 3420 accipimus,
2577 3347 2684 3403 nisi
2732 3345 3028 3410 electorum
3072 3341 3283 3396 animas
3325 3353 3424 3410 per
3461 3335 3798 3406 baptismum

2204 3442 2526 3500 renovatas?
2553 3441 2676 3498 Vita
2705 3439 2902 3511 quippe
2927 3434 3232 3508 peccatoris
3253 3433 3320 3488 ad
3348 3439 3591 3487 veterem
3616 3426 3796 3484 nomi-

2205 3550 2329 3590 nem
2359 3533 2628 3604 pertinet,
2674 3530 2785 3586 vita
2824 3527 2956 3599 justi
2988 3527 3055 3582 ad
3095 3538 3318 3581 novum.
3349 3519 3486 3588 Quia
3533 3532 3670 3589 ergo
3699 3532 3800 3570 un-

2204 3634 2464 3696 guentum
2507 3624 2654 3678 foras
2681 3637 2742 3677 se
2775 3618 2992 3685 effudit,
3026 3617 3082 3672 in
3117 3627 3304 3670 amore
3331 3626 3430 3666 suo
3470 3607 3792 3664 adolescen-

2203 3716 2345 3772 tulas
2371 3715 2563 3770 ardere
2596 3712 2753 3779 fecit,
2787 3711 2915 3782 quia
2944 3715 3235 3766 renovatas
3277 3706 3489 3762 animas
3522 3701 3798 3760 desiderio

2205 3821 2306 3864 suo
2339 3804 2631 3877 flagrantes
2653 3801 2918 3858 exhibuit.
2947 3798 3181 3856 Puerilis
3203 3806 3336 3853 tetas
3362 3795 3536 3851 amori
3563 3793 3799 3848 necdum

2205 3898 2481 3970 congruit.
2504 3895 2648 3950 Puer
2668 3902 2755 3950 est
2773 3892 2866 3964 qui
2889 3891 3018 3947 vitae
3036 3888 3278 3946 ardentis
3300 3886 3539 3943 studium
3563 3885 3797 3942 necdum

2203 3989 2386 4059 coepit.
2417 3987 2594 4042 Senex
2624 3993 2710 4041 est
2750 3983 2845 4056 qui
2893 3988 3136 4053 coeperat
3166 3979 3418 4050 quidem,
3466 3976 3562 4032 sed
3612 3973 3796 4031 desiit.

2204 4077 2341 4146 Quia
2367 4091 2498 4146 ergo
2526 4090 2702 4145 neque
2741 4073 2799 4128 hi
2838 4072 3072 4144 ﬂagrant
3096 4071 3153 4125 in
3182 4069 3413 4126 Domino
3441 4065 3533 4136 qui
3559 4063 3798 4120 necdum

2205 4180 2521 4242 coeperunt,
2552 4183 2728 4239 neque
2771 4167 2829 4222 hi
2867 4166 2960 4238 qui
2997 4163 3110 4234 jam
3157 4162 3321 4219 ﬁdem
3351 4166 3669 4230 coeperunt,
3701 4156 3797 4212 sed

2203 4261 2510 4332 {riguerunt
2528 4301 2543 4325 ,
2566 4257 2865 4330 postposita
2891 4254 3085 4328 puerili
3112 4253 3200 4310 vel
3228 4250 3383 4308 senili
3407 4251 3541 4305 vita.
3567 4245 3798 4302 Adoles-

512 4341 605 4388 tur
629 4337 825 4393 animae
849 4355 960 4396 suae
998 4345 1262 4403 medullas
1308 4349 1528 4420 repleri,
1567 4351 1799 4408 dicendo
1825 4371 1838 4407 :
1891 4372 1910 4406 ‹
1949 4352 2106 4410 Sicut
2203 4351 2466 4409 scentulaa
2489 4363 2712 4407 currere
2738 4347 3012 4413 dicuntur,
3040 4345 3097 4402 id
3125 4351 3218 4422 est
3236 4342 3342 4398 illae
3365 4341 3562 4396 anima
3586 4351 3710 4408 qua:
3741 4337 3796 4390 in

512 4422 671 4492 adipe
683 4427 1068 4501 etpinguedine
1084 4435 1359 4506 repleatur
1372 4439 1550 4492 anima
1568 4455 1686 4494 mea
1708 4441 1883 4510 (Psal.
1909 4442 2044 4507 Lxu)
2075 4464 2096 4497 ι

513 4514 682 4587 Cujus
709 4520 843 4577 odor
879 4527 1150 4584 sauciatas
1184 4545 1216 4583 a
1257 4531 1494 4600 peccatis
1540 4532 1752 4588 animas
1789 4537 2094 4604 resuscitat,

511 4611 666 4682 cujus
687 4615 887 4674 virtute
906 4619 1249 4693 pinguedinis
1287 4624 1343 4677 in
1380 4624 1653 4694 praedictis
1678 4627 1936 4686 uberibus
1971 4631 2101 4688 abs-

508 4718 730 4762 consam
771 4707 1134 4781 ﬂagrantiam,
1163 4730 1285 4784 qua:
1311 4725 1434 4786 post
1469 4718 1650 4773 oscula
1687 4732 1939 4794 suscepta
1983 4725 2100 4780 col-

507 4796 731 4856 laudare
750 4804 996 4872 sequenti
1044 4803 1269 4860 docetur
1309 4809 1597 4878 versiculo,
1644 4813 1868 4870 dicens:
1907 4835 1926 4871 ς
1977 4817 2100 4872 Fla-

507 4890 722 4959 grantia
747 4895 1034 4965 unguentis
1073 4896 1314 4966 optimis.
1348 4917 1367 4951 ι
1399 4899 1529 4954 Erat
1551 4904 1767 4972 quidem
1805 4907 1935 4962 boni
1967 4909 2098 4965 odo-

508 4983 605 5049 ris,
637 4985 692 5041 id
716 4995 798 5042 est
831 4989 1012 5044 meriti
1061 5003 1394 5062 unguentum
1425 4995 1556 5052 illud
1586 4997 1642 5052 in
1673 4998 1858 5055 Veteri
1908 4999 2100 5058 Testa-

508 5089 692 5133 mento
722 5083 982 5152 magistro
1010 5083 1119 5139 Deo
1142 5089 1519 5158 compositum,
1567 5091 1634 5146 de
1672 5108 1781 5162 quo
1818 5096 2094 5166 ungeban-

507 5177 597 5224 tur
623 5187 799 5244 reges,
825 5176 1180 5244 prophetre,et
1208 5182 1538 5239 sacerdotes.
1575 5184 1682 5240 Sed
1715 5198 1975 5255 quantum
2018 5187 2108 5245 di-'

505 5269 613 5317 stat
640 5265 828 5320 vivens
851 5268 1015 5325 homo
1031 5286 1059 5324 a
1083 5271 1295 5340 pictura
1322 5275 1460 5330 fucis
1479 5277 1722 5334 colorum
1741 5281 1930 5348 oblita,
1971 5271 2108 5339 tan-4

505 5363 620 5409 tum
650 5358 879 5415 interest
905 5365 1046 5433 quod
1094 5365 1337 5423 Ecclesia
1383 5370 1608 5439 suscipit
1656 5375 1989 5431 renascendo
2035 5377 2092 5432 in

505 5443 732 5516 Spiritu,
773 5453 927 5524 cujus
955 5458 1181 5526 figuram
1213 5457 1498 5531 Synagoga
1539 5463 1867 5534 suscipiebat
1888 5467 1942 5522 in
1968 5483 2091 5523 cor-

502 5549 655 5629 pore,
686 5543 838 5612 cujus
870 5555 1034 5601 tante
1068 5548 1285 5604 fuerunt
1314 5566 1422 5616 res,
1461 5559 1521 5606 ut
1548 5553 1638 5607 vix
1689 5554 1758 5610 in.
1780 5574 1886 5612 una
1927 5568 2093 5629 gente

502 5622 683 5684 Iudaea
713 5641 766 5688 ct
800 5638 984 5704 paucis
1025 5639 1274 5696 tribuerit
1316 5644 1701 5714 principatum.
1747 5647 1859 5704 Hoc
1905 5622 2090 5708 autem

501 5714 761 5777 Ecclesia:
794 5738 1122 5797 unguentum
1159 5741 1368 5788 tantum
1398 5736 1450 5790 in
1489 5753 1547 5793 se
1570 5739 1710 5808 gerit
1732 5741 1967 5808 virtutis,
1995 5745 2090 5800 lla-

503 5814 729 5880 grantiae
753 5816 913 5874 simul
940 5830 995 5878 et
1022 5823 1317 5892 medicinae,
1349 5837 1408 5882 ut
1457 5843 1645 5887 omnes
1679 5834 1962 5894 credentes
2001 5853 2090 5895 sa-

1029 5979 1068 6000 ἱ...

2126 4587 2180 4648 D

2203 4446 2323 4516 ipso
2358 4443 2572 4499 fervore
2603 4441 2806 4497 amoris
2835 4446 2979 4496 sunt.
3008 4436 3164 4505 Quod
3195 4444 3376 4490 tamen
3412 4429 3720 4502 intelligere
3741 4434 3798 4482 et

2205 4537 2364 4592 aliter
2387 4550 2696 4607 possumus.
2727 4533 2916 4589 Potest
2949 4531 3097 4586 enim
3136 4526 3499 4607 adolescentia
3528 4523 3598 4580 ad
3643 4522 3797 4579 infir-

2205 4597 2451 4686 mitatem
2481 4627 2694 4683 referri.
2737 4624 3013 4681 Juveniles
3039 4623 3237 4694 quippe
3261 4597 3452 4676 aetates
3495 4607 3624 4674 sunt
3649 4615 3799 4671 ordi-

2203 4736 2302 4777 nes
2332 4719 2647 4790 angelorum
2676 4717 2768 4788 qui
2815 4715 2962 4772 nulla
2992 4713 3267 4770 debilitate
3293 4711 3422 4769 victi
3451 4717 3609 4776 sunt,
3648 4706 3798 4763 nulla

2204 4813 2520 4868 inﬁrmitate
2564 4810 2823 4881 superati.
2872 4809 3096 4864 Dicatur
3140 4817 3333 4878 ergo:
3386 4824 3407 4857 ι
3443 4803 3798 4876 Unguentum

2205 4904 2435 4961 eﬂ‘usum
2462 4920 2659 4960 nomen
2687 4913 2836 4958 tuum
2855 4943 2871 4970 ,
2895 4902 3017 4957 ideo
3045 4897 3460 4957 adolescentula:
3484 4896 3799 4953 dilexerunt

2205 5007 2291 5065 te,
2327 5017 2347 5051 ι
2372 4998 2428 5054 id
2462 5008 2544 5053 est
2573 5013 2670 5068 per
2701 4995 3130 5052 incarnationem
3160 5002 3308 5048 tuam
3351 4991 3603 5048 notitiam
3639 4999 3795 5046 exte-

2204 5093 2320 5148 rius
2350 5091 2586 5148 etl‘udisti
2619 5111 2633 5146 :
2666 5092 2873 5148 idcirco
2915 5089 3144 5144 infirmae
3173 5087 3368 5142 animae
3407 5093 3663 5140 naturam
3698 5084 3798 5139 hu-

2203 5202 2425 5242 manam
2485 5187 2709 5257 diligere
2760 5185 3074 5256 praevalent.
3133 5182 3242 5238 Illae
3313 5180 3511 5252 quippe
3565 5180 3799 5236 virtutes

2204 5294 2462 5345 summai,
2488 5279 2641 5348 quasi
2671 5286 2858 5334 aetates
2877 5276 3144 5349 juveniles
3164 5276 3328 5331 etiam
3351 5274 3425 5330 ibi
3452 5284 3503 5329 te
3529 5272 3795 5344 diligunt,

2205 5372 2295 5427 ubi
2325 5370 2528 5428 effusus
2552 5388 2658 5426 non
2687 5387 2776 5438 es,
2803 5371 2930 5441 quia
2956 5379 3011 5426 et
3033 5371 3106 5426 ibi
3135 5379 3188 5426 te
3207 5369 3422 5434 vident,
3446 5367 3540 5421 ubi
3566 5367 3623 5422 in
3651 5374 3795 5421 statu

2206 5466 2506 5521 divinitatis
2534 5473 2637 5521 tua:
2660 5475 2714 5520 te
2748 5465 3014 5521 contines.
3045 5462 3146 5530 Qui
3176 5478 3307 5532 ergo
3342 5461 3408 5514 ab
3434 5459 3542 5512 illis
3567 5458 3796 5513 summis

2203 5543 2486 5612 Ordinibus
2522 5556 2676 5626 quasi
2704 5571 2734 5610 a
2758 5553 3088 5627 juvenilibus
3111 5552 3363 5607 aetatibus
3382 5551 3550 5605 etiam
3581 5563 3692 5604 non
3718 5545 3796 5601 ef-

2203 5647 2356 5705 fusus
2379 5649 2581 5705 videris
2605 5650 2845 5704 exterius
2868 5657 3088 5719 propter
3116 5646 3368 5701 homines
3387 5641 3710 5708 eﬁ‘underis,
3733 5646 3795 5695 ut

2202 5744 2366 5799 etiam
2382 5743 2449 5797 ab
2465 5742 2880 5799 adolescentulis
2895 5783 2910 5814 ,
2927 5742 2981 5798 id
3001 5753 3087 5800 est
3099 5742 3168 5797 ab
3180 5741 3412 5800 inﬁrmis
3424 5743 3700 5800 mentibus
3713 5744 3791 5806 di:

2203 5839 2410 5910 ligaris.
2441 5838 2718 5911 Sequitur.

3811 5977 3846 6004 *δ
