4078 6340
1414 385 1672 445 ENARR.
1713 387 1780 443 IN
1819 389 2112 447 CANTICA
2153 391 2420 450 CANTIC.

3441 387 3551 444 570

371 525 395 558 ι
427 502 608 560 Trahe
635 517 740 558 me.
775 521 794 556 ›
827 501 1017 558 Omnis
1043 503 1136 582 qui
1161 501 1397 558 trahitur
1415 512 1508 559 aut
1531 520 1636 560 non
1666 505 1870 573 valens,
1900 509 1951 570 Α
1977 509 2112 565 situs
2157 511 2479 566 charitatem
2528 508 2720 576 habet,
2768 507 2922 578 quasi
2969 507 3028 573 in
3073 504 3320 562 tricliniis
3369 507 3553 564 deam-

292 605 391 653 aut
413 611 522 652 non
548 596 756 662 volens,
784 595 985 650 invitus
1013 596 1277 652 educitur.
1297 595 1404 651 Sed
1428 597 1519 666 qui
1543 597 1695 664 dicit,
1720 598 1872 654 trahe

290 703 415 753 me,
449 687 613 744 habet
643 687 846 757 aliquid
889 686 1034 758 quod
1077 687 1254 754 valet,
1294 689 1457 744 habet
1502 689 1701 758 aliquid
1731 690 1874 760 quod

290 797 407 838 non
454 781 616 836 valet.
659 780 864 836 Natura
903 781 1138 836 humana
1197 783 1348 852 sequi
1395 783 1680 838 Dominum
1725 783 1870 851 vult,

289 875 394 930 sed
421 874 753 930 infirmitatis
791 875 1180 932 consuetudine
1215 885 1500 946 superata,
1533 877 1674 931 sicut
1717 875 1876 932 debet

289 969 448 1038 sequi
496 983 601 1022 non
661 969 935 1040 praevalet.
981 969 1138 1023 Videt
1181 983 1312 1039 ergo
1353 967 1499 1024 aliud
1543 969 1598 1023 in
1645 983 1705 1024 se
1753 981 1874 1024 esse

288 1078 404 1134 quo
468 1063 672 1128 tendit,
714 1063 858 1118 aliud
901 1063 954 1118 in
998 1078 1056 1117 se
1096 1077 1215 1118 esse
1256 1062 1398 1132 quod
1440 1078 1546 1118 non
1591 1062 1767 1126 valet,
1819 1069 1875 1117 et

291 1165 445 1210 recte
483 1155 634 1220 dicit,
668 1155 821 1209 trahe
851 1169 954 1209 me.
982 1153 1146 1221 Quasi
1173 1154 1445 1209 volentem
1476 1168 1578 1208 nec
1604 1153 1872 1209 valentem

287 1260 352 1302 se
408 1247 621 1302 viderat
665 1245 866 1301 Paulus
911 1260 1036 1300 cum
1091 1245 1343 1300 diceret:
1392 1263 1412 1296 ‹
1468 1244 1646 1300 Mente
1697 1244 1874 1300 servio

285 1333 398 1404 legi
428 1334 544 1400 Dei,
580 1349 744 1390 carne
777 1343 954 1389 autem
990 1333 1093 1406 legi
1119 1335 1326 1403 peccati
1353 1333 1526 1406 (Rom.
1561 1335 1689 1405 vn);
1725 1354 1744 1385 ›
1779 1343 1871 1391 et:

292 1446 314 1479 ι
336 1425 509 1482 Video
537 1426 698 1481 aliam
729 1427 900 1498 legem
929 1426 984 1481 in
1016 1426 1275 1481 membris
1314 1427 1450 1482 meis
1483 1435 1872 1497 repugnantem

286 1517 397 1588 legi
431 1517 631 1573 mentis
652 1533 805 1573 mete.
839 1516 1028 1589 (Ibid.)
1056 1537 1074 1569 ι
1101 1516 1237 1584 Quia
1259 1532 1387 1588 ergo
1408 1526 1491 1572 est
1509 1519 1708 1588 aliquid
1730 1517 1873 1588 quod

284 1628 393 1668 nos
437 1613 658 1680 incitat,
710 1613 854 1668 aliud
901 1613 1042 1682 quod
1073 1621 1290 1683 gravat,
1337 1613 1609 1668 dicamus:
1643 1632 1661 1664 ι
1696 1612 1874 1666 Trahe

291 1722 312 1754 ε
349 1721 438 1758 me
466 1721 480 1770 ;
509 1714 633 1774 post
672 1712 725 1758 te
766 1717 1045 1759 curremus
1064 1703 1119 1758 in
1138 1705 1304 1758 odore
1324 1711 1721 1774 unguentorum
1749 1710 1871 1759 tuo-

1974 599 2141 655 bulat.
2171 599 2304 656 Lata
2334 609 2418 656 est
2438 599 2581 656 enim
2607 599 2842 654 charitas
2868 613 2987 668 quae
3007 612 3178 668 usque
3204 595 3272 652 ad
3305 596 3556 653 inimico-

1975 708 2098 748 rum
2128 692 2475 750 dilectionem
2497 693 2820 748 extenditur.
2853 689 3043 748 Omnis
3081 689 3175 761 qui
3220 689 3276 744 in
3308 687 3552 745 Ecclesia

1973 786 2333 858 positus,jam
2357 787 2608 844 sublimia
2649 786 2878 842 rimatur
2923 791 3151 850 secreta,
3189 783 3302 854 jam
3343 782 3554 838 occulta

1972 877 2172 950 judicia
2203 880 2532 946 considerat,
2567 879 2722 950 quasi
2769 877 2824 932 in
2868 876 3174 932 cubiculum
3204 875 3447 930 intrabit.
3479 874 3556 929 De

1974 982 2128 1044 porta
2159 973 2351 1036 domus
2385 974 2540 1029 istius
2573 971 2785 1028 dicebat
2815 970 3034 1042 quidam
3066 985 3082 1024 :
3120 991 3139 1024 ‹
3170 969 3390 1040 Aperite
3417 968 3553 1024 mihi

1974 1071 2161 1134 portas
2185 1061 2426 1132 iustitiae;
2455 1063 2727 1134 ingressus
2764 1062 2817 1117 in
2863 1076 2958 1116 eas
3001 1060 3300 1116 confitebor
3326 1059 3554 1113 Domino

1977 1154 2094 1228 (Ps.
2125 1156 2313 1226 cxvii).
2341 1177 2359 1209 ›
2385 1157 2464 1211 Dc
2488 1171 2711 1212 ascensu
2739 1155 2851 1226 spei
2879 1155 3092 1211 dicebat
3116 1173 3128 1208 :
3163 1173 3181 1206 ι
3209 1155 3480 1209 Ascensus
3498 1153 3551 1206 in

1976 1248 2138 1302 corde
2165 1263 2262 1304 suo
2293 1247 2558 1318 disposuit
2581 1244 2698 1318 (Ps.
2731 1245 2983 1315 Lxxxm).
3006 1264 3024 1298 ι
3058 1244 3134 1300 De
3160 1244 3410 1299 tricliniis
3433 1243 3554 1298 latis

1976 1340 2166 1395 domus
2209 1341 2365 1395 istius
2413 1340 2612 1394 dicitur
2666 1356 2680 1392 :
2737 1357 2758 1390 ι
2805 1337 2998 1394 Latum
3042 1337 3353 1391 mandatum
3403 1342 3554 1388 tuum

1975 1432 2138 1487 nimis
2170 1430 2286 1503 (Ps.
2331 1433 2542 1502 cxvin).
2600 1450 2619 1484 ι
2668 1431 2725 1485 In
2769 1431 3024 1485 mandato
3071 1429 3200 1494 lato,
3249 1427 3556 1498 specialiter

1976 1525 2215 1581 Charitas
2259 1525 2594 1593 designatur.
2633 1524 2710 1578 De
2757 1523 3005 1580 cubiculo
3055 1523 3199 1592 regis
3233 1521 3556 1591 loquebatur

1975 1616 2067 1687 qui
2094 1616 2346 1672 dicebat:
2383 1637 2401 1669 ‹
2440 1607 2719 1672 Secretum
2753 1631 2930 1670 meum
2955 1616 3084 1670 mihi
3128 1614 3261 1687 (lsa.
3307 1613 3478 1685 xxiv).
3523 1631 3543 1666 ι

1973 1706 2042 1761 Ει
2070 1707 2244 1762 alias:
2278 1725 2296 1758 ‹
2332 1707 2523 1761 Audivi
2556 1722 2758 1762 arcana
2788 1707 2951 1761 verba
2977 1723 3097 1777 qua:
3138 1721 3243 1760 non
3290 1705 3414 1760 licet
3457 1705 3554 1760 ho-

291 1813 312 1845 ¢
347 1811 522 1848 rum.»
557 1794 614 1848 ln
643 1795 812 1850 odore
859 1803 1252 1866 unguentorum
1283 1794 1378 1850 Dei
1407 1795 1708 1860 currimus,
1746 1809 1870 1849 cum
1976 1799 2107 1854 mini
2135 1799 2280 1869 loqui
2312 1797 2395 1871 (II
2419 1797 2540 1854 Cor.
2565 1796 2688 1867 xn).
2724 1817 2741 1850 ι
2769 1799 2982 1854 Primus
3003 1814 3131 1870 ergo
3161 1800 3336 1864 aditus
3362 1797 3554 1852 domus

286 1886 452 1940 donis
481 1885 598 1956 ejus
639 1885 1010 1956 spiritualibus
1055 1884 1250 1950 afllati,
1280 1885 1333 1939 in
1363 1899 1601 1940 amorem
1648 1884 1873 1940 visionis
1900 1896 1948 1955 Β
1978 1889 2156 1956 istius,
2204 1899 2363 1960 porta
2408 1889 2566 1956 fidei;
2615 1889 2884 1944 secundus
2936 1897 3246 1959 provectus,
3295 1903 3554 1943 ascensus

285 1978 408 2047 ejus
433 1977 723 2032 inhiamus.
759 1976 1048 2033 Sciendum
1075 1993 1206 2033 vero
1236 1985 1349 2044 est,
1377 1977 1504 2048 quia
1548 1977 1602 2031 in
1631 1990 1696 2031 eo
1725 1976 1869 2048 quod

284 2069 539 2125 homines
567 2068 737 2126 Deum
767 2077 1091 2140 sequuntur,
1123 2069 1410 2139 aliquando
1439 2067 1746 2133 ambulant,
1773 2067 1871 2121 ali-

285 2163 506 2233 quando
535 2170 793 2227 currunt,
823 2161 1112 2232 aliquando
1157 2160 1372 2216 fortiter
1417 2167 1671 2225 currunt,
1714 2156 1870 2228 quasi

283 2261 411 2323 post
439 2251 630 2306 Deum.
656 2251 914 2306 Ambulat
940 2251 1032 2320 qui
1073 2250 1251 2322 tepide
1277 2251 1540 2320 sequitur.
1567 2248 1752 2304 Currit
1777 2247 1870 2317 qui

284 2342 563 2399 ferventer
588 2343 852 2414 sequitur.
883 2341 1130 2398 Perfecte
1153 2342 1359 2406 currit,
1383 2341 1476 2412 qui
1517 2355 1872 2412 perseveran-

285 2440 376 2487 ter
402 2433 662 2504 sequitur.
694 2432 973 2488 lmmobile
993 2432 1136 2486 enim
1167 2440 1285 2487 erat
1311 2446 1406 2486 cor
1436 2431 1504 2486 ad
1534 2431 1870 2501 sequendum

286 2526 459 2581 Deum
479 2568 493 2593 ,
515 2535 570 2582 et
591 2537 713 2597 post
737 2541 860 2582 eum
886 2525 1166 2580 ambulare
1187 2524 1436 2590 nolebat,
1460 2539 1583 2580 cum
1609 2524 1871 2578 adventus

286 2619 503 2674 Domini
531 2619 587 2674 in
620 2619 819 2674 mundo
843 2618 1125 2688 apparuit,
1152 2626 1206 2674 et
1232 2617 1300 2672 ab
1325 2617 1623 2673 insensibili
1647 2631 1743 2672 sua
1768 2624 1872 2672 sta-

285 2711 436 2768 tione
463 2712 728 2768 humanas
768 2719 979 2767 mentes
1011 2711 1198 2766 movit.
1235 2710 1389 2767 Unde
1431 2711 1694 2781 scriptum
1742 2718 1866 2766 est:

291 2821 312 2855 ι
336 2803 512 2859 Pedes
531 2803 648 2873 ejus
669 2811 956 2870 steterunt,
975 2813 1029 2860 et
1050 2812 1194 2858 mota
1215 2811 1299 2859 est
1318 2812 1460 2858 terra
1485 2801 1656 2869 (Psal.
1679 2803 1811 2875 ενι).
1844 2820 1866 2855 ι

285 2892 386 2950 His
419 2903 602 2950 autem
633 2910 740 2950 non
768 2901 978 2961 motus,
1016 2895 1109 2950 sed
1137 2909 1330 2951 cursus
1358 2894 1574 2960 dicitur,
1603 2894 1728 2964 quia
1759 2908 1868 2949 non

284 2985 486 3042 sufﬁcit
511 2995 570 3042 ut
613 3001 921 3056 sequamur,
946 2983 1060 3042 nisi
1106 2987 1272 3041 etiam
1302 2985 1656 3042 desiderando
1681 3001 1871 3041 curra—

283 3093 428 3134 mus.
461 3078 598 3146 Quia
628 3094 756 3134 vero
801 3094 978 3150 neque
1015 3093 1240 3136 currere
1283 3077 1510 3146 suflicit,
1555 3079 1660 3135 nisi
1703 3079 1869 3135 etiam

283 3166 524 3239 perfecte
571 3177 843 3235 curratur,
891 3167 1091 3224 Paulus
1129 3169 1260 3225 dicit
1303 3186 1317 3223 :
1365 3187 1384 3221 ‹
1429 3169 1521 3225 Sic
1567 3169 1771 3225 currite
1809 3177 1870 3225 ut

1975 1981 2121 2052 Spei;
2149 1982 2362 2047 tertius,
2388 1979 2616 2034 latitudo
2641 1979 2958 2045 charitatis;
3000 1987 3224 2048 quartus
3247 1977 3378 2048 'jam
3424 1990 3547 2046 per-

1973 2069 2137 2126 fectio
2165 2071 2448 2127 charitatis
2477 2079 2560 2128 est
2583 2072 2649 2125 ad
2677 2070 3041 2140 cognitionem
3066 2073 3404 2125 secretorum
3433 2066 3552 2121 Dei.

1974 2163 2111 2232 Quia
2145 2179 2274 2236 ergo
2305 2171 2493 2218 sancta
2521 2162 2762 2218 Ecclesia
2817 2161 2871 2215 in
2919 2160 3178 2216 membris
3229 2159 3342 2234 suis
3382 2155 3557 2228 perfe-

1972 2256 2096 2322 ctis,
2146 2257 2200 2310 in
2232 2255 2436 2311 sanctis
2479 2254 2811 2319 doctoribus,
2843 2253 2896 2306 in
2919 2252 2999 2324 eis
3026 2251 3117 2322 qui
3139 2248 3252 2318 jam
3303 2248 3447 2319 pleni
3498 2255 3555 2302 et

1973 2347 2202 2404 radicati
2225 2355 2352 2402 sunt
2393 2347 2447 2401 in
2493 2345 2766 2418 mysteriis
2815 2345 2934 2411 Dei,
2982 2343 3135 2414 quasi
3187 2343 3254 2397 ad
3303 2339 3555 2396 sublimia

1973 2428 2185 2495 scereta
2214 2438 2478 2508 pervenit,
2533 2445 2587 2492 et
2627 2437 2804 2492 adhuc
2833 2436 2886 2490 in
2928 2436 3032 2490 ista
3062 2435 3174 2490 vita
3213 2434 3414 2506 posita,
3438 2432 3554 2503 jam

1971 2530 2063 2586 illa
2093 2538 2362 2601 penetrat,
2389 2529 2519 2584 dicit
2549 2547 2562 2583 :
2594 2547 2613 2581 ι
2644 2527 2948 2583 Introduxit
2980 2525 3082 2582 me
3105 2541 3200 2582 rex
3241 2526 3294 2580 in
3333 2524 3556 2581 cubicu-

1972 2619 2084 2675 lum
2133 2635 2313 2676 suum.
2363 2639 2381 2672 ›
2419 2618 2523 2674 Per
2571 2619 2865 2689 prophetas
2909 2616 3075 2680 enim,
3104 2631 3214 2686 per,
3253 2613 3549 2686 apostolos,

1971 2726 2071 2782 per
2113 2711 2380 2776 doctores,
2412 2709 2503 2780 qui
2552 2709 2606 2763 in
2632 2709 2735 2762 ista
2776 2709 2887 2762 vita
2927 2707 3110 2778 positi,
3149 2704 3262 2774 jam
3303 2702 3554 2760 sublimia

1973 2810 2183 2858 secreta
2214 2800 2356 2856 illius
2381 2800 2503 2854 vitae
2525 2799 2903 2869 penetrabant,
2943 2797 3186 2853 Ecclesia
3226 2796 3281 2852 in
3330 2794 3556 2849 cubicu-

1971 2891 2084 2946 lum
2112 2891 2258 2962 regis
2288 2889 2429 2944 illius
2451 2889 2695 2958 ingressa
2726 2887 2921 2942 fuerat.
2956 2887 3023 2952 Et
3053 2895 3208 2942 caute
3230 2884 3548 2940 intuendum

1973 2989 2075 3046 est,
2101 2980 2228 3050 quia
2256 2994 2362 3036 non
2391 2979 2522 3034 dicit
2543 2979 2598 3033 in
2619 2977 2926 3033 cubiculum
2955 2976 3161 3048 sponsi,
3195 2977 3288 3032 sed
3311 2975 3364 3031 in
3394 2975 3553 3030 cubi-

1971 3071 2153 3129 culum
2194 3071 2358 3142 regis.
2392 3069 2732 3126 Nominando
2771 3070 2916 3125 enim
2956 3084 3160 3141 regem,
3190 3069 3552 3125 reverentiam

1974 3174 2307 3224 secretorum
2350 3163 2465 3220 vult
2506 3165 2816 3230 ostendere,
2845 3163 2973 3234 quia
2997 3170 3200 3234 quanto
3231 3171 3422 3232 patens
3466 3166 3553 3217 est

282 3260 756 3330 oompr‘ehendatis
787 3259 961 3331 (Rom.
985 3258 1085 3331 ιι).
1108 3281 1128 3314 ›
1161 3259 1269 3316 Sed
1295 3260 1535 3316 nonnulli
1559 3261 1683 3316 dum
1707 3259 1869 3317 nimis
1895 3267 1940 3333 C
1972 3257 2277 3314 cubiculum
2301 3297 2316 3324 ,
2353 3264 2504 3312 tanto
2545 3254 2720 3325 major
2765 3264 2848 3311 est
2889 3254 3193 3312 reverentia
3248 3253 3552 3310 exhibenda

281 3362 534 3418 currunt,
550 3351 602 3405 in
617 3350 1052 3407 indiscretionem
1065 3351 1395 3407 dilabuntur.
1411 3351 1537 3407 Plus
1549 3353 1693 3408 enim
1707 3367 1869 3422 quam

282 3456 516 3498 necesse
537 3451 619 3498 est
642 3442 890 3513 sapiunt,
924 3441 1116 3511 eteius
1142 3458 1304 3513 quem
1340 3445 1706 3514 sequebantur
1721 3444 1869 3516 judi—

281 3531 371 3587 cia
399 3539 744 3604 postponunt.
776 3532 930 3589 Unde
951 3534 1089 3589 bene
1113 3549 1236 3589 cum
1265 3534 1538 3591 diceretur
1565 3552 1834 3592 curramus
1851 3577 1868 3604 ,

283 3625 633 3696 prtemissum
660 3633 777 3692 est,
818 3633 932 3696 post
969 3634 1037 3679 te.
1079 3624 1207 3682 Post
1235 3627 1400 3682 Deum
1430 3627 1574 3682 enim
1605 3636 1868 3696 currunt,

283 3716 378 3786 qui
407 3713 524 3784 ejus
562 3715 764 3786 judicia
819 3717 1187 3784 considerant,
1232 3718 1350 3790 ejus
1397 3713 1728 3776 voluntatem
1758 3736 1870 3777 suae

281 3806 601 3879 praeferunt,
631 3817 686 3863 et
709 3809 992 3878 pervenire
1011 3810 1078 3864 ad
1102 3824 1224 3864 eum
1250 3811 1349 3866 sub
1374 3811 1531 3883 digna
1555 3813 1870 3882 operatione

283 3914 410 3954 cum
443 3901 770 3956 discretione
809 3900 1160 3956 contendunt.
1194 3901 1332 3956 Hinc
1359 3901 1628 3972 Pr0pheta
1674 3903 1868 3958 volun-

281 3999 453 4047 tatem
483 3991 980 4064 Deiconsiderans,
1024 4000 1080 4048 et
1125 4008 1356 4063 sequens
1385 3993 1505 4047 ait:
1557 4010 1576 4046 ι
1625 3992 1871 4049 Adhaesit

283 4083 466 4139 anima
496 4100 617 4140 mea
645 4093 767 4155 post
787 4093 842 4141 te
863 4083 980 4156 (Ps.
1004 4085 1194 4156 Lxxn).
1223 4105 1244 4138 ι
1280 4085 1378 4141 Hic
1400 4084 1559 4141 Petro
1577 4086 1864 4142 consilium

283 4174 436 4230 danti
483 4175 680 4230 dicitur
712 4194 726 4230 :
765 4195 783 4226 ι
829 4175 965 4230 Redi
1001 4184 1123 4246 post
1148 4191 1252 4241 me,
1277 4174 1530 4231 Satanas.
1563 4174 1682 4232 Non
1725 4177 1868 4232 enim

283 4267 435 4336 sapis
455 4281 576 4337 quae
601 4266 694 4322 Dei
725 4275 869 4334 sunt,
897 4267 992 4324 sed
1015 4283 1136 4338 qua:
1147 4267 1425 4322 hominum
1455 4267 1670 4337 (Matth.
1695 4268 1863 4338 xw)»

283 4359 426 4426 Quia
455 4375 586 4432 ergo
613 4359 866 4432 perfectae
897 4359 1092 4415 animae
1121 4375 1330 4416 summa
1354 4360 1566 4416 cautela
1599 4360 1694 4415 Dei
1726 4361 1869 4432 judi-

283 4451 371 4505 cla
411 4459 761 4518 contuentur,
807 4459 862 4507 et
895 4467 1071 4522 neque
1101 4467 1198 4521 per
1225 4460 1516 4522 torporem,
1563 4466 1740 4522 neque
1772 4467 1869 4522 per

282 4545 640 4601 indiscretum
682 4545 948 4601 fervorem
996 4545 1295 4616 praevenire
1335 4553 1688 4616 praesumunt,
1729 4546 1868 4601 bene

1971 3351 2057 3406 his
2082 3350 2150 3405 ad
2174 3365 2294 3421 quae
2332 3349 2568 3404 intratur
2599 3367 2612 3402 :
2639 3363 2706 3403 ne
2733 3363 2862 3420 ergo
2889 3348 3014 3404 dum
3035 3345 3312 3418 cognoscit
3340 3353 3550 3402 secreta

1973 3440 2069 3496 Dei
2093 3440 2484 3511 unusquisque,
2513 3439 2640 3495 dum
2666 3438 2876 3493 occulta
2897 3437 3101 3509 judicia
3126 3437 3373 3502 rimatur,
3420 3435 3548 3490 dum

1970 3534 2039 3588 ad
2090 3532 2343 3588 sublimia
2390 3530 2862 3602 contemplationis
2905 3529 3153 3600 erigitur,
3183 3525 3470 3583 extollatur
3497 3532 3553 3580 et

1970 3625 2027 3682 in
2051 3627 2359 3698 superbiam
2387 3625 2676 3689 dilabatur,
2709 3623 2854 3694 regis
2897 3621 3094 3678 dicitur
3127 3618 3432 3676 cubiculum
3467 3618 3552 3673 in-

1971 3726 2137 3774 trare.
2178 3718 2276 3775 Cui
2316 3726 2469 3774 tanto
2519 3730 2694 3787 major
2742 3716 3045 3772 reverentia
3094 3712 3398 3770 exhibenda
3446 3719 3549 3778 est,

1969 3821 2174 3882 quanto
2208 3812 2380 3882 magis
2427 3811 2607 3865 anima
2655 3809 2722 3865 ad
2765 3807 3136 3882 cognoscenda
3180 3805 3298 3876 ejus
3342 3813 3553 3862 secreta

1969 3903 2206 3971 ducitur,
2229 3913 2290 3958 ut
2315 3902 2690 3973 unusquisque
2729 3901 2822 3971 qui
2869 3899 3107 3971 proficit,
3145 3899 3238 3969 qui
3261 3899 3376 3969 jam
3405 3895 3552 3952 exal-

1969 4003 2115 4050 tatus
2158 4010 2256 4066 per
2301 3994 2554 4066 gratiam,
2602 3994 2668 4048 ad
2716 3992 2968 4049 sublimia
3023 3997 3232 4048 secreta
3281 3987 3549 4060 pervenit,

1969 4087 2205 4158 seipsum
2239 4071 2506 4152 intendat,
2529 4095 2584 4141 et
2607 4099 2675 4160 ex
2711 4085 2829 4156 ipso
2851 4083 3098 4156 profectu
3119 4081 3350 4152 amplius
3374 4078 3555 4136 humi-

1970 4178 2152 4234 lietur.
2186 4177 2342 4234 Unde
2367 4186 2423 4233 et
2443 4177 2696 4232 Ezechiel
2739 4176 2952 4247 quoties
2999 4175 3067 4230 ad
3115 4172 3367 4230 sublimia
3417 4185 3551 4226 con-

1970 4268 2273 4340 templanda
2299 4267 2535 4333 ducitur,
2569 4265 2736 4321 Filius
2765 4264 3001 4320 hominis
3036 4271 3280 4320 vocatur.
3325 4261 3405 4316 Ac
3429 4260 3474 4316 si
3501 4258 3551 4313 ei

1969 4361 2185 4417 dicatur
2222 4377 2234 4414 :
2266 4359 2498 4414 Attende
2541 4366 2722 4412 autem
2752 4355 2895 4426 quod
2923 4370 3003 4423 es,
3031 4363 3086 4410 et
3131 4369 3237 4409 non
3275 4351 3554 4407 extollaris

1969 4453 2034 4508 de
2067 4454 2151 4508 his
2180 4453 2250 4508 ad
2283 4467 2403 4522 qua:
2433 4449 2718 4506 attolloris.
2768 4448 2874 4503 Sed
2901 4462 3195 4518 paucorum
3237 4457 3325 4503 est
3364 4445 3420 4501 in
3449 4444 3554 4499 Ec-

1969 4543 2132 4599 clesia
2179 4545 2283 4598 ista
2327 4541 2573 4599 sublimia
2603 4551 2658 4597 et
2675 4539 2886 4596 occulta
2923 4541 3020 4596 Dei
3044 4539 3246 4609 judicia
3276 4537 3464 4592 rimari
3498 4543 3553 4591 et

281 4635 486 4690 dlcitur
519 4650 535 4689 :
572 4653 592 4687 ι
628 4634 760 4691 Post
807 4644 861 4692 te
911 4651 1191 4691 curremus
1239 4636 1293 4690 in
1345 4635 1512 4691 odore
1557 4644 1859 4706 unguento-
1887 4631 1940 4692 D
1967 4635 2465 4706 comprehendere:
2493 4643 2672 4690 tamen
2720 4634 2848 4688 dum
2874 4632 3135 4688 videmus
3187 4631 3356 4688 fortes
3404 4631 3552 4685 viros
3629 4648 3632 4650 τ

279 4742 406 4782 rum
451 4737 688 4783 tuorum.
723 4748 742 4782 ι
798 4727 950 4784 Tunc
997 4729 1139 4783 enim
1190 4737 1312 4798 post
1361 4729 1530 4784 Deum
1572 4730 1862 4798 currimus,

278 4817 500 4887 quando
525 4826 580 4873 et
601 4818 833 4873 amando
859 4819 1156 4890 sequimur,
1190 4829 1244 4875 et
1285 4819 1522 4875 timendo
1568 4821 1747 4875 divina
1769 4821 1864 4892 ju-

277 4907 420 4962 dicia
447 4911 825 4978 praevenimus.
853 4909 1147 4980 Sequitur:
1176 4929 1195 4962 ι
1229 4911 1531 4967 Introduxit
1561 4927 1646 4967 me
1685 4927 1782 4968 rex
1807 4913 1864 4970 in

283 5017 305 5050 ι
349 4998 656 5055 cubiculum
705 5017 882 5069 suum,
934 5002 1325 5058 exsultabimus
1353 5013 1409 5059 et
1455 5003 1762 5060 lmtabimur
1807 5007 1864 5062 in

283 5109 303 5142 ι
352 5099 425 5145 te.
469 5111 488 5143 ι
543 5093 786 5148 Ecclesia
833 5093 929 5149 Dei
979 5095 1134 5166 quasi
1184 5097 1430 5166 quaidam
1475 5097 1666 5152 domus
1717 5099 1861 5170 regis

275 5191 383 5248 est,
423 5191 480 5238 et
519 5184 622 5240 ista
650 5186 841 5242 domus
870 5186 1033 5241 habet
1067 5196 1299 5256 portam,
1346 5188 1507 5243 habet
1553 5203 1875 5258 ascensum,-

273 5275 447 5332 habet
499 5279 754 5346 triclinia,
807 5279 971 5336 habet
1018 5281 1288 5336 cubicula.
1339 5280 1526 5337 Omnis
1574 5282 1666 5353 qui
1715 5283 1861 5338 intra

275 5368 580 5425 Ecclesiam
611 5370 771 5427 fidem
803 5372 987 5438 habet,
1015 5373 1180 5427 etiam
1216 5382 1428 5444 portam
1469 5373 1663 5429 domus
1703 5375 1862 5430 istius

276 5461 560 5534 ingressus
584 5473 688 5532 est,
715 5466 843 5536 quia
879 5466 1022 5521 sicut
1052 5475 1207 5536 porta
1244 5465 1449 5536 reliqua
1498 5465 1690 5522 domus
1734 5481 1862 5538 ape-

275 5556 368 5619 rit,
399 5555 476 5612 ita
502 5557 638 5615 fides
666 5559 998 5630 reliquarum
1031 5561 1292 5616 virtutum
1318 5561 1516 5618 ostium
1541 5572 1642 5619 est.
1672 5563 1862 5620 Omnis

273 5650 370 5719 qui
403 5649 543 5705 intra
578 5651 875 5706 Ecclesiam
903 5667 1056 5724 spem
1103 5654 1426 5724 habet,.jam
1465 5660 1534 5712 ad
1573 5673 1860 5714 ascensum

274 5747 472 5802 domus
492 5747 658 5804 venit.
691 5746 828 5816 Spes
857 5749 1000 5803 enim
1035 5747 1209 5802 elevat
1235 5764 1350 5816 cor,
1384 5756 1443 5805 ut
1481 5751 1735 5805 sublimia
1765 5767 1860 5821 ap-

273 5846 426 5916 petat
463 5849 518 5896 et
549 5839 656 5897 ima
686 5839 920 5896 deserat.
949 5837 1138 5896 Omnis
1163 5841 1256 5913 qui
1299 5841 1352 5896 in
1403 5841 1504 5897 ista
1555 5841 1715 5900 domo
1762 5859 1859 5914 po-

1861 6015 1934 6034 ,πυ

1968 4743 2129 4800 posse
2155 4729 2223 4784 ad
2267 4737 2473 4783 tantam
2499 4728 2819 4798 sapientiam
2846 4727 3152 4798 pervenire,
3197 4735 3258 4781 ut
3307 4733 3550 4781 contem-

1967 4820 2183 4892 plentur
2207 4828 2416 4876 secreta
2446 4819 2540 4874 Dei
2564 4819 2617 4873 in
2644 4817 2897 4874 cordibus
2941 4818 3074 4884 suis,
3120 4826 3175 4872 et
3203 4831 3302 4872 nos
3340 4812 3549 4884 parvuli

1967 4912 2267 4968 habeamus
2305 4911 2580 4976 fiduciam,
2629 4910 2773 4980 quod
2823 4910 3144 4980 quandoque
3196 4908 3264 4963 ad
3309 4906 3548 4971 veniam,

1968 5004 2290 5075 quandoque
2321 5004 2389 5057 ad
2432 5002 2550 5074 ejus
2595 5001 2824 5072 gratiam
2847 5001 3148 5056 veniamus.
3188 4996 3342 5052 Unde
3384 5001 3440 5050 et
3480 5007 3549 5048 ex

1965 5099 2148 5155 verbis
2193 5097 2721 5154 adolescentularum
2767 5094 3031 5150 subditur.
3075 5113 3094 5145 ‹
3145 5089 3549 5147 Exsultabimus

1967 5205 2024 5248 et
2051 5193 2354 5248 lzetabimur
2375 5193 2429 5247 in
2459 5201 2533 5246 te.
2575 5211 2595 5244 ι
2633 5189 2767 5244 Dum
2793 5187 3037 5243 Ecclesia
3070 5186 3126 5241 in
3170 5184 3255 5239 his
3296 5182 3390 5254 qui
3417 5196 3544 5252 per-

1967 5281 2094 5337 fecti
2123 5291 2248 5338 sunt
2276 5283 2578 5352 ingreditur
2598 5279 2903 5336 cubiculum
2937 5277 3100 5345 regis,
3131 5271 3546 5328 adulescentula:

1967 5391 2118 5447 spem
2151 5377 2252 5432 sibi
2294 5375 2672 5431 exsultationis
2698 5372 3038 5444 promittunt.
3061 5367 3195 5435 Quia
3226 5365 3350 5421 dum
3378 5363 3546 5420 fortes

1969 5471 2037 5524 ad
2065 5469 2314 5524 sublimia
2344 5467 2756 5538 contemplanda
2779 5461 3120 5535 perveniunt,
3150 5457 3351 5514 infirmi
3390 5469 3548 5527 spem

1966 5560 2032 5616 de
2055 5561 2208 5616 venia
2231 5571 2574 5631 peccatorum
2599 5566 2842 5621 sumunt,
2873 5553 3104 5609 ideo‘ait
3139 5566 3156 5608 :
3188 5571 3208 5605 ‹
3242 5547 3548 5606 Introduxit

1962 5669 2051 5709 me
2079 5670 2171 5710 rex
2194 5655 2246 5708 in
2285 5651 2588 5709 cubiculum
2616 5663 2792 5714 suum,
2823 5645 3212 5702 exsultabimus
3251 5652 3306 5700 et
3332 5639 3542 5702 laetabi-

1963 5765 2087 5803 niur
2117 5749 2168 5803 in
2201 5757 2268 5803 te.
2311 5766 2328 5798 ι
2360 5776 2429 5786 -
2461 5763 2478 5796 ε
2530 5743 2798 5798 Memores
2846 5740 3072 5797 uberum
3118 5748 3335 5794 tuorum
3380 5748 3544 5806 super

1966 5844 2169 5900 vinum.
2239 5841 2389 5896 [lecti
2453 5837 2680 5910 diligunt
2730 5845 2799 5893 te.
2857 5855 2876 5888 ι
2907 5835 3110 5917 _Habet
3160 5832 3264 5917 iste
3313 5839 3548 5900 sponsus
