  <div class='ocr_page' id='page_1' title='image "/cluster/home/n/w/nwhite01/storage/ocr_20150623/115/hvd.32044015466873/289.png"; bbox 0 0 4078 6340; ppageno 0'>
   <div class='ocr_carea' id='block_1_1' title="bbox 510 384 3812 455">
    <p class='ocr_par' dir='ltr' id='par_1_1' title="bbox 510 384 3812 455">
     <span class='ocr_line' id='line_1_1' title="bbox 510 384 3812 455; baseline -0.003 -1"><span class='ocrx_word' id='word_1_1' title='bbox 510 391 615 455; x_wconf 78' lang='lat' dir='ltr'><strong>m</strong></span> <span class='ocrx_word' id='word_1_2' title='bbox 1539 388 1889 446; x_wconf 77' lang='lat' dir='ltr'><strong>ANGELOMI</strong></span> <span class='ocrx_word' id='word_1_3' title='bbox 1928 384 2387 445; x_wconf 76' lang='lat' dir='ltr'><strong>LUXOVIENSIS</strong></span> <span class='ocrx_word' id='word_1_4' title='bbox 2425 384 2731 443; x_wconf 71' lang='lat' dir='ltr'><strong>MONACHI</strong></span> <span class='ocrx_word' id='word_1_5' title='bbox 3682 385 3812 444; x_wconf 69' lang='lat' dir='ltr'><strong>m</strong></span> 
     </span>
    </p>
   </div>
   <div class='ocr_carea' id='block_1_2' title="bbox 510 500 3805 579">
    <p class='ocr_par' dir='ltr' id='par_1_2' title="bbox 510 500 3805 579">
     <span class='ocr_line' id='line_1_2' title="bbox 510 500 3805 579; baseline -0.001 -14"><span class='ocrx_word' id='word_1_6' title='bbox 510 509 700 575; x_wconf 87' lang='lat' dir='ltr'><strong>ubera,</strong></span> <span class='ocrx_word' id='word_1_7' title='bbox 730 507 1008 579; x_wconf 88' lang='lat' dir='ltr'><strong>quietiam</strong></span> <span class='ocrx_word' id='word_1_8' title='bbox 1060 520 1149 561; x_wconf 75' lang='lat' dir='ltr'><strong>rex</strong></span> <span class='ocrx_word' id='word_1_9' title='bbox 1193 516 1416 577; x_wconf 88' lang='lat' dir='ltr'><strong>pr0pter</strong></span> <span class='ocrx_word' id='word_1_10' title='bbox 1453 508 1810 563; x_wconf 87' lang='lat' dir='ltr'><strong>reverentiam</strong></span> <span class='ocrx_word' id='word_1_11' title='bbox 1868 516 2091 561; x_wconf 88' lang='lat' dir='ltr'><strong>vocatur</strong></span> <span class='ocrx_word' id='word_1_12' title='bbox 2118 504 2169 565; x_wconf 81' lang='grc' dir='ltr'>Α</span> <span class='ocrx_word' id='word_1_13' title='bbox 2195 518 2359 575; x_wconf 82' lang='lat' dir='ltr'><strong>Opera</strong></span> <span class='ocrx_word' id='word_1_14' title='bbox 2410 504 2550 559; x_wconf 87' lang='lat' dir='ltr'><strong>mala</strong></span> <span class='ocrx_word' id='word_1_15' title='bbox 2595 516 2758 573; x_wconf 88' lang='lat' dir='ltr'><strong>agere</strong></span> <span class='ocrx_word' id='word_1_16' title='bbox 2807 502 2930 568; x_wconf 89' lang='lat' dir='ltr'><strong>scit,</strong></span> <span class='ocrx_word' id='word_1_17' title='bbox 2969 500 3209 573; x_wconf 86' lang='lat' dir='ltr'><strong>judicem</strong></span> <span class='ocrx_word' id='word_1_18' title='bbox 3253 504 3559 561; x_wconf 79' lang='lat' dir='ltr'><strong>venientem</strong></span> <span class='ocrx_word' id='word_1_19' title='bbox 3595 505 3805 561; x_wconf 81' lang='lat' dir='ltr'><strong>timet.</strong></span> 
     </span>
    </p>
   </div>
   <div class='ocr_carea' id='block_1_3' title="bbox 514 595 3803 668">
    <p class='ocr_par' dir='ltr' id='par_1_3' title="bbox 514 595 3803 668">
     <span class='ocr_line' id='line_1_3' title="bbox 514 595 3803 668; baseline -0.001 -11"><span class='ocrx_word' id='word_1_20' title='bbox 514 601 680 663; x_wconf 86' lang='lat' dir='ltr'><strong>habet</strong></span> <span class='ocrx_word' id='word_1_21' title='bbox 725 599 918 666; x_wconf 88' lang='lat' dir='ltr'><strong>ubera,</strong></span> <span class='ocrx_word' id='word_1_22' title='bbox 968 606 1187 655; x_wconf 89' lang='lat' dir='ltr'><strong>sanctos</strong></span> <span class='ocrx_word' id='word_1_23' title='bbox 1230 597 1378 655; x_wconf 88' lang='lat' dir='ltr'><strong>viros</strong></span> <span class='ocrx_word' id='word_1_24' title='bbox 1415 597 1578 654; x_wconf 87' lang='lat' dir='ltr'><strong>corde</strong></span> <span class='ocrx_word' id='word_1_25' title='bbox 1607 598 1942 654; x_wconf 66' lang='lat' dir='ltr'><strong>adhaerentes</strong></span> <span class='ocrx_word' id='word_1_26' title='bbox 1968 595 2094 653; x_wconf 87' lang='lat' dir='ltr'><strong>sibi.</strong></span> <span class='ocrx_word' id='word_1_27' title='bbox 2197 596 2298 666; x_wconf 86' lang='lat' dir='ltr'><strong>Qui</strong></span> <span class='ocrx_word' id='word_1_28' title='bbox 2330 610 2457 652; x_wconf 89' lang='lat' dir='ltr'><strong>vero</strong></span> <span class='ocrx_word' id='word_1_29' title='bbox 2483 597 2549 653; x_wconf 93' lang='lat' dir='ltr'><strong>de</strong></span> <span class='ocrx_word' id='word_1_30' title='bbox 2567 596 2825 668; x_wconf 83' lang='lat' dir='ltr'><strong>operibus</strong></span> <span class='ocrx_word' id='word_1_31' title='bbox 2856 595 2973 652; x_wconf 84' lang='lat' dir='ltr'><strong>suis</strong></span> <span class='ocrx_word' id='word_1_32' title='bbox 2993 596 3295 666; x_wconf 63' lang='lat' dir='ltr'><strong>praesumit,</strong></span> <span class='ocrx_word' id='word_1_33' title='bbox 3334 596 3530 667; x_wconf 72' lang='lat' dir='ltr'><strong>iudicis</strong></span> <span class='ocrx_word' id='word_1_34' title='bbox 3570 598 3803 654; x_wconf 82' lang='lat' dir='ltr'><strong>adven-</strong></span> 
     </span>
    </p>
   </div>
   <div class='ocr_carea' id='block_1_4' title="bbox 515 687 3810 769">
    <p class='ocr_par' dir='ltr' id='par_1_4' title="bbox 515 687 3810 769">
     <span class='ocr_line' id='line_1_4' title="bbox 515 687 3810 769; baseline -0.002 -20"><span class='ocrx_word' id='word_1_35' title='bbox 515 690 695 749; x_wconf 89' lang='lat' dir='ltr'><strong>Ubera</strong></span> <span class='ocrx_word' id='word_1_36' title='bbox 723 691 776 747; x_wconf 91' lang='lat' dir='ltr'><strong>in</strong></span> <span class='ocrx_word' id='word_1_37' title='bbox 799 698 953 747; x_wconf 91' lang='lat' dir='ltr'><strong>arcta</strong></span> <span class='ocrx_word' id='word_1_38' title='bbox 991 689 1230 760; x_wconf 77' lang='lat' dir='ltr'><strong>pectoris</strong></span> <span class='ocrx_word' id='word_1_39' title='bbox 1265 689 1371 745; x_wconf 82' lang='lat' dir='ltr'><strong>lixa</strong></span> <span class='ocrx_word' id='word_1_40' title='bbox 1399 698 1548 756; x_wconf 89' lang='lat' dir='ltr'><strong>sunt,</strong></span> <span class='ocrx_word' id='word_1_41' title='bbox 1576 697 1631 745; x_wconf 91' lang='lat' dir='ltr'><strong>et</strong></span> <span class='ocrx_word' id='word_1_42' title='bbox 1656 698 1881 769; x_wconf 75' lang='lat' dir='ltr'><strong>externo</strong></span> <span class='ocrx_word' id='word_1_43' title='bbox 1925 688 2099 744; x_wconf 83' lang='lat' dir='ltr'><strong>nutri-</strong></span> <span class='ocrx_word' id='word_1_44' title='bbox 2198 698 2313 746; x_wconf 88' lang='lat' dir='ltr'><strong>tum</strong></span> <span class='ocrx_word' id='word_1_45' title='bbox 2338 689 2551 759; x_wconf 78' lang='lat' dir='ltr'><strong>quaerit.</strong></span> <span class='ocrx_word' id='word_1_46' title='bbox 2598 687 2869 744; x_wconf 90' lang='lat' dir='ltr'><strong>Parantur</strong></span> <span class='ocrx_word' id='word_1_47' title='bbox 2912 698 3042 759; x_wconf 86' lang='lat' dir='ltr'><strong>ergo</strong></span> <span class='ocrx_word' id='word_1_48' title='bbox 3077 688 3302 757; x_wconf 72' lang='lat' dir='ltr'><strong>prtemia</strong></span> <span class='ocrx_word' id='word_1_49' title='bbox 3340 687 3810 769; x_wconf 80' lang='lat' dir='ltr'><strong>exspectantibus</strong></span> 
     </span>
    </p>
   </div>
   <div class='ocr_carea' id='block_1_5' title="bbox 515 766 3809 854">
    <p class='ocr_par' dir='ltr' id='par_1_5' title="bbox 515 766 3809 854">
     <span class='ocr_line' id='line_1_5' title="bbox 515 766 3809 854; baseline -0.002 -13"><span class='ocrx_word' id='word_1_50' title='bbox 515 790 755 841; x_wconf 82' lang='lat' dir='ltr'><strong>mentum</strong></span> <span class='ocrx_word' id='word_1_51' title='bbox 783 781 1026 848; x_wconf 87' lang='lat' dir='ltr'><strong>trahunt,</strong></span> <span class='ocrx_word' id='word_1_52' title='bbox 1058 782 1127 837; x_wconf 88' lang='lat' dir='ltr'><strong>ad</strong></span> <span class='ocrx_word' id='word_1_53' title='bbox 1155 795 1249 837; x_wconf 85' lang='lat' dir='ltr'><strong>eos</strong></span> <span class='ocrx_word' id='word_1_54' title='bbox 1276 795 1412 851; x_wconf 85' lang='lat' dir='ltr'><strong>quos</strong></span> <span class='ocrx_word' id='word_1_55' title='bbox 1450 777 1583 836; x_wconf 76' lang='lat' dir='ltr'><strong>foris</strong></span> <span class='ocrx_word' id='word_1_56' title='bbox 1628 766 1874 835; x_wconf 82' lang='lat' dir='ltr'><strong>nutrivit.</strong></span> <span class='ocrx_word' id='word_1_57' title='bbox 1910 778 2100 837; x_wconf 79' lang='lat' dir='ltr'><strong>Sancti</strong></span> <span class='ocrx_word' id='word_1_58' title='bbox 2200 783 2488 838; x_wconf 78' lang='lat' dir='ltr'><strong>adventum</strong></span> <span class='ocrx_word' id='word_1_59' title='bbox 2536 782 2635 839; x_wconf 86' lang='lat' dir='ltr'><strong>Dei</strong></span> <span class='ocrx_word' id='word_1_60' title='bbox 2675 792 2731 838; x_wconf 89' lang='lat' dir='ltr'><strong>et</strong></span> <span class='ocrx_word' id='word_1_61' title='bbox 2772 782 3127 854; x_wconf 80' lang='lat' dir='ltr'><strong>diligentibus</strong></span> <span class='ocrx_word' id='word_1_62' title='bbox 3158 766 3449 838; x_wconf 72' lang='lat' dir='ltr'><strong>adventum</strong></span> <span class='ocrx_word' id='word_1_63' title='bbox 3488 781 3607 851; x_wconf 84' lang='lat' dir='ltr'><strong>ejus</strong></span> <span class='ocrx_word' id='word_1_64' title='bbox 3656 781 3809 851; x_wconf 81' lang='lat' dir='ltr'><strong>quia</strong></span> 
     </span>
    </p>
   </div>
   <div class='ocr_carea' id='block_1_6' title="bbox 515 871 3811 950">
    <p class='ocr_par' dir='ltr' id='par_1_6' title="bbox 515 871 3811 950">
     <span class='ocr_line' id='line_1_6' title="bbox 515 871 3811 950; baseline -0.002 -17"><span class='ocrx_word' id='word_1_65' title='bbox 515 889 649 948; x_wconf 83' lang='lat' dir='ltr'><strong>ergo</strong></span> <span class='ocrx_word' id='word_1_66' title='bbox 675 874 777 930; x_wconf 89' lang='lat' dir='ltr'><strong>viri</strong></span> <span class='ocrx_word' id='word_1_67' title='bbox 798 875 965 950; x_wconf 81' lang='lat' dir='ltr'><strong>ubera</strong></span> <span class='ocrx_word' id='word_1_68' title='bbox 990 873 1171 944; x_wconf 86' lang='lat' dir='ltr'><strong>sponsi</strong></span> <span class='ocrx_word' id='word_1_69' title='bbox 1202 882 1349 939; x_wconf 90' lang='lat' dir='ltr'><strong>sunt,</strong></span> <span class='ocrx_word' id='word_1_70' title='bbox 1378 872 1505 944; x_wconf 86' lang='lat' dir='ltr'><strong>quia</strong></span> <span class='ocrx_word' id='word_1_71' title='bbox 1535 888 1601 928; x_wconf 88' lang='lat' dir='ltr'><strong>ex</strong></span> <span class='ocrx_word' id='word_1_72' title='bbox 1632 872 1838 929; x_wconf 90' lang='lat' dir='ltr'><strong>intimis</strong></span> <span class='ocrx_word' id='word_1_73' title='bbox 1856 871 2098 940; x_wconf 87' lang='lat' dir='ltr'><strong>trahunt,</strong></span> <span class='ocrx_word' id='word_1_74' title='bbox 2199 891 2308 932; x_wconf 81' lang='lat' dir='ltr'><strong>non</strong></span> <span class='ocrx_word' id='word_1_75' title='bbox 2344 875 2574 947; x_wconf 85' lang='lat' dir='ltr'><strong>diligunt</strong></span> <span class='ocrx_word' id='word_1_76' title='bbox 2625 875 2913 931; x_wconf 78' lang='lat' dir='ltr'><strong>adventum</strong></span> <span class='ocrx_word' id='word_1_77' title='bbox 2951 874 3173 943; x_wconf 78' lang='lat' dir='ltr'><strong>iudicis,</strong></span> <span class='ocrx_word' id='word_1_78' title='bbox 3226 874 3331 931; x_wconf 82' lang='lat' dir='ltr'><strong>nisi</strong></span> <span class='ocrx_word' id='word_1_79' title='bbox 3364 874 3432 929; x_wconf 85' lang='lat' dir='ltr'><strong>de</strong></span> <span class='ocrx_word' id='word_1_80' title='bbox 3472 889 3636 930; x_wconf 82' lang='lat' dir='ltr'><strong>causa</strong></span> <span class='ocrx_word' id='word_1_81' title='bbox 3696 887 3811 928; x_wconf 82' lang='lat' dir='ltr'><strong>sua</strong></span> 
     </span>
    </p>
   </div>
   <div class='ocr_carea' id='block_1_7' title="bbox 516 962 3810 1038">
    <p class='ocr_par' dir='ltr' id='par_1_7' title="bbox 516 962 3810 1038">
     <span class='ocr_line' id='line_1_7' title="bbox 516 962 3810 1038; baseline -0 -16"><span class='ocrx_word' id='word_1_82' title='bbox 516 973 574 1023; x_wconf 85' lang='lat' dir='ltr'><strong>et</strong></span> <span class='ocrx_word' id='word_1_83' title='bbox 592 965 832 1021; x_wconf 86' lang='lat' dir='ltr'><strong>exterius</strong></span> <span class='ocrx_word' id='word_1_84' title='bbox 860 965 1126 1023; x_wconf 88' lang='lat' dir='ltr'><strong>nutriunt.</strong></span> <span class='ocrx_word' id='word_1_85' title='bbox 1172 964 1352 1021; x_wconf 86' lang='lat' dir='ltr'><strong>Ubera</strong></span> <span class='ocrx_word' id='word_1_86' title='bbox 1406 963 1552 1020; x_wconf 89' lang='lat' dir='ltr'><strong>illius</strong></span> <span class='ocrx_word' id='word_1_87' title='bbox 1600 974 1725 1019; x_wconf 89' lang='lat' dir='ltr'><strong>sunt</strong></span> <span class='ocrx_word' id='word_1_88' title='bbox 1777 962 2006 1035; x_wconf 83' lang='lat' dir='ltr'><strong>apostoli</strong></span> <span class='ocrx_word' id='word_1_89' title='bbox 2046 969 2102 1021; x_wconf 88' lang='lat' dir='ltr'><strong>et</strong></span> <span class='ocrx_word' id='word_1_90' title='bbox 2201 976 2612 1038; x_wconf 67' lang='lat' dir='ltr'><strong>prmsumentes.</strong></span> <span class='ocrx_word' id='word_1_91' title='bbox 2650 968 2840 1024; x_wconf 87' lang='lat' dir='ltr'><strong>Omnis</strong></span> <span class='ocrx_word' id='word_1_92' title='bbox 2889 975 3072 1023; x_wconf 88' lang='lat' dir='ltr'><strong>autem</strong></span> <span class='ocrx_word' id='word_1_93' title='bbox 3123 968 3390 1023; x_wconf 90' lang='lat' dir='ltr'><strong>certitudo</strong></span> <span class='ocrx_word' id='word_1_94' title='bbox 3440 964 3810 1023; x_wconf 78' lang='lat' dir='ltr'><strong>rectitudinis</strong></span> 
     </span>
    </p>
   </div>
   <div class='ocr_carea' id='block_1_8' title="bbox 516 1054 3811 1127">
    <p class='ocr_par' dir='ltr' id='par_1_8' title="bbox 516 1054 3811 1127">
     <span class='ocr_line' id='line_1_8' title="bbox 516 1054 3811 1127; baseline -0.001 -12"><span class='ocrx_word' id='word_1_95' title='bbox 516 1071 707 1115; x_wconf 87' lang='lat' dir='ltr'><strong>omnes</strong></span> <span class='ocrx_word' id='word_1_96' title='bbox 749 1056 1131 1127; x_wconf 76' lang='lat' dir='ltr'><strong>praedicatores</strong></span> <span class='ocrx_word' id='word_1_97' title='bbox 1169 1054 1425 1111; x_wconf 66' lang='lat' dir='ltr'><strong>Ecclesiae</strong></span> <span class='ocrx_word' id='word_1_98' title='bbox 1457 1069 1471 1109; x_wconf 90' lang='lat'><strong>:</strong></span> <span class='ocrx_word' id='word_1_99' title='bbox 1504 1054 1713 1120; x_wconf 86' lang='lat' dir='ltr'><strong>vinum.</strong></span> <span class='ocrx_word' id='word_1_100' title='bbox 1741 1054 1883 1109; x_wconf 81' lang='lat' dir='ltr'><strong>sicut</strong></span> <span class='ocrx_word' id='word_1_101' title='bbox 1920 1064 1977 1109; x_wconf 86' lang='lat' dir='ltr'><strong>et</strong></span> <span class='ocrx_word' id='word_1_102' title='bbox 2020 1068 2105 1108; x_wconf 88' lang='lat' dir='ltr'><strong>su-</strong></span> <span class='ocrx_word' id='word_1_103' title='bbox 2202 1058 2257 1115; x_wconf 91' lang='lat' dir='ltr'><strong>in</strong></span> <span class='ocrx_word' id='word_1_104' title='bbox 2300 1058 2585 1115; x_wconf 78' lang='lat' dir='ltr'><strong>dilectione</strong></span> <span class='ocrx_word' id='word_1_105' title='bbox 2627 1069 2734 1126; x_wconf 90' lang='lat' dir='ltr'><strong>est,</strong></span> <span class='ocrx_word' id='word_1_106' title='bbox 2766 1068 2823 1116; x_wconf 89' lang='lat' dir='ltr'><strong>et</strong></span> <span class='ocrx_word' id='word_1_107' title='bbox 2850 1058 2974 1116; x_wconf 88' lang='lat' dir='ltr'><strong>ideo</strong></span> <span class='ocrx_word' id='word_1_108' title='bbox 3014 1068 3165 1116; x_wconf 86' lang='lat' dir='ltr'><strong>recte</strong></span> <span class='ocrx_word' id='word_1_109' title='bbox 3207 1059 3406 1116; x_wconf 85' lang='lat' dir='ltr'><strong>dicitur</strong></span> <span class='ocrx_word' id='word_1_110' title='bbox 3437 1079 3451 1114; x_wconf 87' lang='lat'><strong>:</strong></span> <span class='ocrx_word' id='word_1_111' title='bbox 3478 1058 3630 1115; x_wconf 82' lang='lat' dir='ltr'><strong>Recti</strong></span> <span class='ocrx_word' id='word_1_112' title='bbox 3665 1056 3811 1113; x_wconf 77' lang='lat' dir='ltr'><strong>dili-</strong></span> 
     </span>
    </p>
   </div>
   <div class='ocr_carea' id='block_1_9' title="bbox 517 1145 3140 1224">
    <p class='ocr_par' dir='ltr' id='par_1_9' title="bbox 517 1145 3140 1224">
     <span class='ocr_line' id='line_1_9' title="bbox 517 1145 3140 1224; baseline 0 -19"><span class='ocrx_word' id='word_1_113' title='bbox 517 1151 702 1224; x_wconf 89' lang='lat' dir='ltr'><strong>perius</strong></span> <span class='ocrx_word' id='word_1_114' title='bbox 727 1149 982 1214; x_wconf 81' lang='lat' dir='ltr'><strong>diximus,</strong></span> <span class='ocrx_word' id='word_1_115' title='bbox 1009 1147 1187 1204; x_wconf 85' lang='lat' dir='ltr'><strong>fuitin</strong></span> <span class='ocrx_word' id='word_1_116' title='bbox 1218 1147 1515 1219; x_wconf 85' lang='lat' dir='ltr'><strong>prophetis,</strong></span> <span class='ocrx_word' id='word_1_117' title='bbox 1546 1146 1731 1202; x_wconf 90' lang='lat' dir='ltr'><strong>vinum</strong></span> <span class='ocrx_word' id='word_1_118' title='bbox 1761 1145 1860 1201; x_wconf 81' lang='lat' dir='ltr'><strong>fuit</strong></span> <span class='ocrx_word' id='word_1_119' title='bbox 1885 1147 1937 1200; x_wconf 86' lang='lat' dir='ltr'><strong>in</strong></span> <span class='ocrx_word' id='word_1_120' title='bbox 1967 1145 2102 1216; x_wconf 74' lang='lat' dir='ltr'><strong>lege.</strong></span> <span class='ocrx_word' id='word_1_121' title='bbox 2203 1158 2335 1223; x_wconf 82' lang='lat' dir='ltr'><strong>gunt</strong></span> <span class='ocrx_word' id='word_1_122' title='bbox 2370 1159 2440 1206; x_wconf 89' lang='lat' dir='ltr'><strong>te.</strong></span> <span class='ocrx_word' id='word_1_123' title='bbox 2470 1151 2726 1222; x_wconf 85' lang='lat' dir='ltr'><strong>Sequitur</strong></span> <span class='ocrx_word' id='word_1_124' title='bbox 2755 1165 2772 1206; x_wconf 90' lang='lat'><strong>:</strong></span> <span class='ocrx_word' id='word_1_125' title='bbox 3130 1152 3140 1169; x_wconf 91' lang='lat'><strong><em>&#39;</em></strong></span> 
     </span>
    </p>
   </div>
   <div class='ocr_carea' id='block_1_10' title="bbox 521 1237 3815 1315">
    <p class='ocr_par' dir='ltr' id='par_1_10' title="bbox 521 1237 3815 1315">
     <span class='ocr_line' id='line_1_10' title="bbox 521 1237 3815 1315; baseline -0 -19"><span class='ocrx_word' id='word_1_126' title='bbox 521 1240 629 1296; x_wconf 86' lang='lat' dir='ltr'><strong>Sed</strong></span> <span class='ocrx_word' id='word_1_127' title='bbox 664 1241 789 1312; x_wconf 86' lang='lat' dir='ltr'><strong>quia</strong></span> <span class='ocrx_word' id='word_1_128' title='bbox 821 1239 1083 1311; x_wconf 88' lang='lat' dir='ltr'><strong>ampliora</strong></span> <span class='ocrx_word' id='word_1_129' title='bbox 1108 1240 1363 1295; x_wconf 87' lang='lat' dir='ltr'><strong>mandata</strong></span> <span class='ocrx_word' id='word_1_130' title='bbox 1390 1238 1513 1293; x_wconf 90' lang='lat' dir='ltr'><strong>data</strong></span> <span class='ocrx_word' id='word_1_131' title='bbox 1536 1247 1661 1294; x_wconf 87' lang='lat' dir='ltr'><strong>sunt</strong></span> <span class='ocrx_word' id='word_1_132' title='bbox 1693 1254 1792 1309; x_wconf 90' lang='lat' dir='ltr'><strong>per</strong></span> <span class='ocrx_word' id='word_1_133' title='bbox 1813 1237 2102 1309; x_wconf 84' lang='lat' dir='ltr'><strong>apostolos,</strong></span> <span class='ocrx_word' id='word_1_134' title='bbox 2282 1262 2301 1295; x_wconf 74' lang='lat' dir='ltr'><strong>t</strong></span> <span class='ocrx_word' id='word_1_135' title='bbox 2348 1242 2510 1315; x_wconf 88' lang='lat' dir='ltr'><strong>Nigra</strong></span> <span class='ocrx_word' id='word_1_136' title='bbox 2538 1259 2681 1309; x_wconf 89' lang='lat' dir='ltr'><strong>sum,</strong></span> <span class='ocrx_word' id='word_1_137' title='bbox 2718 1243 2812 1298; x_wconf 88' lang='lat' dir='ltr'><strong>sed</strong></span> <span class='ocrx_word' id='word_1_138' title='bbox 2843 1242 3078 1301; x_wconf 85' lang='lat' dir='ltr'><strong>formosa</strong></span> <span class='ocrx_word' id='word_1_139' title='bbox 3110 1243 3221 1299; x_wconf 80' lang='lat' dir='ltr'><strong>[ilia</strong></span> <span class='ocrx_word' id='word_1_140' title='bbox 3250 1242 3607 1307; x_wconf 79' lang='lat' dir='ltr'><strong>Hierusalem,</strong></span> <span class='ocrx_word' id='word_1_141' title='bbox 3646 1242 3815 1297; x_wconf 85' lang='lat' dir='ltr'><strong>sicut</strong></span> 
     </span>
    </p>
   </div>
   <div class='ocr_carea' id='block_1_11' title="bbox 517 1331 3816 1407">
    <p class='ocr_par' dir='ltr' id='par_1_11' title="bbox 517 1331 3816 1407">
     <span class='ocr_line' id='line_1_11' title="bbox 517 1331 3816 1407; baseline 0 -19"><span class='ocrx_word' id='word_1_142' title='bbox 517 1349 680 1404; x_wconf 91' lang='lat' dir='ltr'><strong>quam</strong></span> <span class='ocrx_word' id='word_1_143' title='bbox 707 1334 833 1390; x_wconf 90' lang='lat' dir='ltr'><strong>data</strong></span> <span class='ocrx_word' id='word_1_144' title='bbox 860 1332 1079 1389; x_wconf 81' lang='lat' dir='ltr'><strong>fuerant</strong></span> <span class='ocrx_word' id='word_1_145' title='bbox 1096 1348 1194 1405; x_wconf 90' lang='lat' dir='ltr'><strong>per</strong></span> <span class='ocrx_word' id='word_1_146' title='bbox 1238 1333 1549 1404; x_wconf 82' lang='lat' dir='ltr'><strong>prophetas,</strong></span> <span class='ocrx_word' id='word_1_147' title='bbox 1595 1332 1671 1386; x_wconf 90' lang='lat' dir='ltr'><strong>ait</strong></span> <span class='ocrx_word' id='word_1_148' title='bbox 1715 1352 1730 1387; x_wconf 86' lang='lat'><strong>:</strong></span> <span class='ocrx_word' id='word_1_149' title='bbox 1781 1351 1798 1383; x_wconf 75' lang='grc' dir='ltr'><strong>ι</strong></span> <span class='ocrx_word' id='word_1_150' title='bbox 1844 1331 2108 1386; x_wconf 85' lang='lat' dir='ltr'><strong>Memores</strong></span> <span class='ocrx_word' id='word_1_151' title='bbox 2211 1354 2231 1389; x_wconf 75' lang='grc' dir='ltr'><strong>ι</strong></span> <span class='ocrx_word' id='word_1_152' title='bbox 2277 1334 3816 1407; x_wconf 81' lang='lat' dir='ltr'><strong>tabcrnaculaCedar,sicutpellesSalomonis.Noliteme</strong></span> 
     </span>
    </p>
   </div>
   <div class='ocr_carea' id='block_1_12' title="bbox 512 1423 3816 1498">
    <p class='ocr_par' dir='ltr' id='par_1_12' title="bbox 512 1423 3816 1498">
     <span class='ocr_line' id='line_1_12' title="bbox 512 1423 3816 1498; baseline -0.001 -14"><span class='ocrx_word' id='word_1_153' title='bbox 512 1424 742 1484; x_wconf 75' lang='lat' dir='ltr'><strong>uberum</strong></span> <span class='ocrx_word' id='word_1_154' title='bbox 793 1434 1007 1481; x_wconf 91' lang='lat' dir='ltr'><strong>tuorum</strong></span> <span class='ocrx_word' id='word_1_155' title='bbox 1053 1440 1214 1495; x_wconf 85' lang='lat' dir='ltr'><strong>super</strong></span> <span class='ocrx_word' id='word_1_156' title='bbox 1239 1424 1456 1496; x_wconf 51' lang='lat' dir='ltr'><strong>vinum;</strong></span> <span class='ocrx_word' id='word_1_157' title='bbox 1497 1444 1512 1476; x_wconf 72' lang='grc' dir='ltr'><strong>ι</strong></span> <span class='ocrx_word' id='word_1_158' title='bbox 1542 1423 1678 1490; x_wconf 86' lang='lat' dir='ltr'><strong>Quia</strong></span> <span class='ocrx_word' id='word_1_159' title='bbox 1710 1423 1801 1493; x_wconf 89' lang='lat' dir='ltr'><strong>qui</strong></span> <span class='ocrx_word' id='word_1_160' title='bbox 1832 1423 1937 1478; x_wconf 90' lang='lat' dir='ltr'><strong>ista</strong></span> <span class='ocrx_word' id='word_1_161' title='bbox 1974 1436 2105 1492; x_wconf 81' lang='lat' dir='ltr'><strong>pos-</strong></span> <span class='ocrx_word' id='word_1_162' title='bbox 2212 1446 2232 1479; x_wconf 77' lang='grc' dir='ltr'><strong>ι</strong></span> <span class='ocrx_word' id='word_1_163' title='bbox 2278 1427 2625 1481; x_wconf 88' lang='lat' dir='ltr'><strong>considerare</strong></span> <span class='ocrx_word' id='word_1_164' title='bbox 2652 1428 2817 1497; x_wconf 83' lang='lat' dir='ltr'><strong>quod,</strong></span> <span class='ocrx_word' id='word_1_165' title='bbox 2859 1448 2877 1481; x_wconf 70' lang='grc' dir='ltr'><strong>ι</strong></span> <span class='ocrx_word' id='word_1_166' title='bbox 2907 1437 3012 1483; x_wconf 89' lang='lat' dir='ltr'><strong>etc.</strong></span> <span class='ocrx_word' id='word_1_167' title='bbox 3062 1428 3280 1483; x_wconf 87' lang='lat' dir='ltr'><strong>Scimus</strong></span> <span class='ocrx_word' id='word_1_168' title='bbox 3308 1428 3432 1498; x_wconf 87' lang='lat' dir='ltr'><strong>quia</strong></span> <span class='ocrx_word' id='word_1_169' title='bbox 3464 1427 3515 1481; x_wconf 90' lang='lat' dir='ltr'><strong>in</strong></span> <span class='ocrx_word' id='word_1_170' title='bbox 3557 1427 3816 1495; x_wconf 77' lang='lat' dir='ltr'><strong>primor-</strong></span> 
     </span>
    </p>
   </div>
   <div class='ocr_carea' id='block_1_13' title="bbox 520 1514 3815 1591">
    <p class='ocr_par' dir='ltr' id='par_1_13' title="bbox 520 1514 3815 1591">
     <span class='ocr_line' id='line_1_13' title="bbox 520 1514 3815 1591; baseline 0.001 -21"><span class='ocrx_word' id='word_1_171' title='bbox 520 1524 650 1575; x_wconf 86' lang='lat' dir='ltr'><strong>sunt</strong></span> <span class='ocrx_word' id='word_1_172' title='bbox 676 1514 899 1587; x_wconf 90' lang='lat' dir='ltr'><strong>implere</strong></span> <span class='ocrx_word' id='word_1_173' title='bbox 920 1531 1041 1586; x_wconf 69' lang='lat' dir='ltr'><strong>qua:</strong></span> <span class='ocrx_word' id='word_1_174' title='bbox 1066 1515 1122 1571; x_wconf 91' lang='lat' dir='ltr'><strong>in</strong></span> <span class='ocrx_word' id='word_1_175' title='bbox 1142 1515 1294 1571; x_wconf 83' lang='lat' dir='ltr'><strong>Novo</strong></span> <span class='ocrx_word' id='word_1_176' title='bbox 1308 1515 1654 1570; x_wconf 88' lang='lat' dir='ltr'><strong>Testamento</strong></span> <span class='ocrx_word' id='word_1_177' title='bbox 1683 1515 1936 1569; x_wconf 87' lang='lat' dir='ltr'><strong>mandata</strong></span> <span class='ocrx_word' id='word_1_178' title='bbox 1959 1523 2106 1581; x_wconf 87' lang='lat' dir='ltr'><strong>sunt,</strong></span> <span class='ocrx_word' id='word_1_179' title='bbox 2209 1518 2313 1574; x_wconf 87' lang='lat' dir='ltr'><strong>diis</strong></span> <span class='ocrx_word' id='word_1_180' title='bbox 2342 1518 2601 1573; x_wconf 68' lang='lat' dir='ltr'><strong>Ecclesia:</strong></span> <span class='ocrx_word' id='word_1_181' title='bbox 2630 1519 2756 1573; x_wconf 91' lang='lat' dir='ltr'><strong>dum</strong></span> <span class='ocrx_word' id='word_1_182' title='bbox 2787 1521 3077 1589; x_wconf 67' lang='lat' dir='ltr'><strong>praedicata</strong></span> <span class='ocrx_word' id='word_1_183' title='bbox 3122 1520 3300 1576; x_wconf 80' lang='lat' dir='ltr'><strong>fuerat</strong></span> <span class='ocrx_word' id='word_1_184' title='bbox 3323 1519 3494 1591; x_wconf 85' lang='lat' dir='ltr'><strong>gratia</strong></span> <span class='ocrx_word' id='word_1_185' title='bbox 3524 1519 3815 1588; x_wconf 77' lang='lat' dir='ltr'><strong>Redemp-</strong></span> 
     </span>
    </p>
   </div>
   <div class='ocr_carea' id='block_1_14' title="bbox 516 1604 3814 1678">
    <p class='ocr_par' dir='ltr' id='par_1_14' title="bbox 516 1604 3814 1678">
     <span class='ocr_line' id='line_1_14' title="bbox 516 1604 3814 1678; baseline 0.003 -24"><span class='ocrx_word' id='word_1_186' title='bbox 516 1606 595 1663; x_wconf 82' lang='lat' dir='ltr'><strong>iui</strong></span> <span class='ocrx_word' id='word_1_187' title='bbox 625 1608 907 1664; x_wconf 70' lang='lat' dir='ltr'><strong>scientiam</strong></span> <span class='ocrx_word' id='word_1_188' title='bbox 948 1607 1083 1678; x_wconf 72' lang='lat' dir='ltr'><strong>legis</strong></span> <span class='ocrx_word' id='word_1_189' title='bbox 1124 1608 1240 1663; x_wconf 80' lang='lat' dir='ltr'><strong>sine</strong></span> <span class='ocrx_word' id='word_1_190' title='bbox 1287 1607 1448 1663; x_wconf 83' lang='lat' dir='ltr'><strong>dubio</strong></span> <span class='ocrx_word' id='word_1_191' title='bbox 1494 1608 1900 1663; x_wconf 80' lang='lat' dir='ltr'><strong>transcendunt.</strong></span> <span class='ocrx_word' id='word_1_192' title='bbox 1956 1604 2110 1672; x_wconf 84' lang='lat' dir='ltr'><strong>Quod</strong></span> <span class='ocrx_word' id='word_1_193' title='bbox 2209 1612 2346 1667; x_wconf 88' lang='lat' dir='ltr'><strong>toris</strong></span> <span class='ocrx_word' id='word_1_194' title='bbox 2372 1611 2562 1673; x_wconf 85' lang='lat' dir='ltr'><strong>nostri,</strong></span> <span class='ocrx_word' id='word_1_195' title='bbox 2596 1611 2687 1666; x_wconf 88' lang='lat' dir='ltr'><strong>alii</strong></span> <span class='ocrx_word' id='word_1_196' title='bbox 2713 1612 3056 1668; x_wconf 88' lang='lat' dir='ltr'><strong>crediderunt</strong></span> <span class='ocrx_word' id='word_1_197' title='bbox 3082 1629 3148 1668; x_wconf 79' lang='lat' dir='ltr'><strong>ex</strong></span> <span class='ocrx_word' id='word_1_198' title='bbox 3171 1612 3376 1678; x_wconf 72' lang='lat' dir='ltr'><strong>Judzea,</strong></span> <span class='ocrx_word' id='word_1_199' title='bbox 3415 1612 3503 1667; x_wconf 86' lang='lat' dir='ltr'><strong>alii</strong></span> <span class='ocrx_word' id='word_1_200' title='bbox 3529 1627 3639 1665; x_wconf 90' lang='lat' dir='ltr'><strong>non</strong></span> <span class='ocrx_word' id='word_1_201' title='bbox 3672 1624 3814 1665; x_wconf 69' lang='lat' dir='ltr'><strong>cre-</strong></span> 
     </span>
    </p>
   </div>
   <div class='ocr_carea' id='block_1_15' title="bbox 521 1700 3821 1775">
    <p class='ocr_par' dir='ltr' id='par_1_15' title="bbox 521 1700 3821 1775">
     <span class='ocr_line' id='line_1_15' title="bbox 521 1700 3821 1775; baseline 0.002 -20"><span class='ocrx_word' id='word_1_202' title='bbox 521 1706 703 1755; x_wconf 89' lang='lat' dir='ltr'><strong>tamen</strong></span> <span class='ocrx_word' id='word_1_203' title='bbox 750 1700 1050 1772; x_wconf 82' lang='lat' dir='ltr'><strong>intelligere</strong></span> <span class='ocrx_word' id='word_1_204' title='bbox 1108 1708 1164 1756; x_wconf 93' lang='lat' dir='ltr'><strong>et</strong></span> <span class='ocrx_word' id='word_1_205' title='bbox 1221 1700 1379 1755; x_wconf 82' lang='lat' dir='ltr'><strong>aliter</strong></span> <span class='ocrx_word' id='word_1_206' title='bbox 1407 1716 1739 1772; x_wconf 61' lang='lat' dir='ltr'><strong>possumus:</strong></span> <span class='ocrx_word' id='word_1_207' title='bbox 1779 1719 1797 1753; x_wconf 70' lang='grc' dir='ltr'><strong>ι</strong></span> <span class='ocrx_word' id='word_1_208' title='bbox 1844 1700 2110 1756; x_wconf 85' lang='lat' dir='ltr'><strong>Memores</strong></span> <span class='ocrx_word' id='word_1_209' title='bbox 2212 1705 2481 1762; x_wconf 85' lang='lat' dir='ltr'><strong>diderunt.</strong></span> <span class='ocrx_word' id='word_1_210' title='bbox 2541 1705 2647 1761; x_wconf 85' lang='lat' dir='ltr'><strong>Sed</strong></span> <span class='ocrx_word' id='word_1_211' title='bbox 2696 1706 2754 1761; x_wconf 91' lang='lat' dir='ltr'><strong>hi</strong></span> <span class='ocrx_word' id='word_1_212' title='bbox 2801 1707 2892 1775; x_wconf 89' lang='lat' dir='ltr'><strong>qui</strong></span> <span class='ocrx_word' id='word_1_213' title='bbox 2945 1705 3327 1771; x_wconf 87' lang='lat' dir='ltr'><strong>crediderunt,</strong></span> <span class='ocrx_word' id='word_1_214' title='bbox 3374 1707 3441 1761; x_wconf 86' lang='lat' dir='ltr'><strong>ab</strong></span> <span class='ocrx_word' id='word_1_215' title='bbox 3490 1704 3821 1761; x_wconf 72' lang='lat' dir='ltr'><strong>inﬁdelibus</strong></span> 
     </span>
    </p>
   </div>
   <div class='ocr_carea' id='block_1_16' title="bbox 518 1792 3817 1873">
    <p class='ocr_par' dir='ltr' id='par_1_16' title="bbox 518 1792 3817 1873">
     <span class='ocr_line' id='line_1_16' title="bbox 518 1792 3817 1873; baseline -0.001 -17"><span class='ocrx_word' id='word_1_216' title='bbox 518 1793 749 1851; x_wconf 84' lang='lat' dir='ltr'><strong>uberum</strong></span> <span class='ocrx_word' id='word_1_217' title='bbox 779 1802 995 1849; x_wconf 89' lang='lat' dir='ltr'><strong>tuorum</strong></span> <span class='ocrx_word' id='word_1_218' title='bbox 1034 1808 1195 1864; x_wconf 83' lang='lat' dir='ltr'><strong>super</strong></span> <span class='ocrx_word' id='word_1_219' title='bbox 1228 1793 1448 1857; x_wconf 80' lang='lat' dir='ltr'><strong>viuum;</strong></span> <span class='ocrx_word' id='word_1_220' title='bbox 1483 1813 1501 1844; x_wconf 81' lang='grc' dir='ltr'><strong>ι</strong></span> <span class='ocrx_word' id='word_1_221' title='bbox 1543 1801 1669 1848; x_wconf 85' lang='lat' dir='ltr'><strong>sunt</strong></span> <span class='ocrx_word' id='word_1_222' title='bbox 1704 1792 1857 1847; x_wconf 78' lang='lat' dir='ltr'><strong>multi</strong></span> <span class='ocrx_word' id='word_1_223' title='bbox 1891 1792 1985 1863; x_wconf 88' lang='lat' dir='ltr'><strong>qui</strong></span> <span class='ocrx_word' id='word_1_224' title='bbox 2030 1792 2111 1847; x_wconf 82' lang='lat' dir='ltr'><strong>vi-</strong></span> <span class='ocrx_word' id='word_1_225' title='bbox 2135 1863 2178 1873; x_wconf 89' lang='lat'><strong><em>_</em></strong></span> <span class='ocrx_word' id='word_1_226' title='bbox 2213 1799 2452 1869; x_wconf 78' lang='lat' dir='ltr'><strong>despecti</strong></span> <span class='ocrx_word' id='word_1_227' title='bbox 2484 1807 2612 1873; x_wconf 78' lang='lat' dir='ltr'><strong>sunt</strong></span> <span class='ocrx_word' id='word_1_228' title='bbox 2634 1807 2691 1853; x_wconf 87' lang='lat' dir='ltr'><strong>et</strong></span> <span class='ocrx_word' id='word_1_229' title='bbox 2716 1801 3149 1869; x_wconf 79' lang='lat' dir='ltr'><strong>persecutionem</strong></span> <span class='ocrx_word' id='word_1_230' title='bbox 3180 1800 3349 1871; x_wconf 83' lang='lat' dir='ltr'><strong>passi,</strong></span> <span class='ocrx_word' id='word_1_231' title='bbox 3377 1800 3530 1870; x_wconf 87' lang='lat' dir='ltr'><strong>quasi</strong></span> <span class='ocrx_word' id='word_1_232' title='bbox 3560 1800 3615 1854; x_wconf 86' lang='lat' dir='ltr'><strong>in</strong></span> <span class='ocrx_word' id='word_1_233' title='bbox 3652 1798 3817 1853; x_wconf 77' lang='lat' dir='ltr'><strong>viam</strong></span> 
     </span>
    </p>
   </div>
   <div class='ocr_carea' id='block_1_17' title="bbox 520 1863 3821 1960">
    <p class='ocr_par' dir='ltr' id='par_1_17' title="bbox 520 1863 3821 1960">
     <span class='ocr_line' id='line_1_17' title="bbox 520 1863 3821 1960; baseline -0.001 -16"><span class='ocrx_word' id='word_1_234' title='bbox 520 1904 649 1944; x_wconf 88' lang='lat' dir='ltr'><strong>num</strong></span> <span class='ocrx_word' id='word_1_235' title='bbox 676 1888 895 1960; x_wconf 88' lang='lat' dir='ltr'><strong>quidem</strong></span> <span class='ocrx_word' id='word_1_236' title='bbox 920 1863 1199 1958; x_wconf 58' lang='lat' dir='ltr'><strong>sapientiae</strong></span> <span class='ocrx_word' id='word_1_237' title='bbox 1224 1887 1447 1954; x_wconf 87' lang='lat' dir='ltr'><strong>habent,</strong></span> <span class='ocrx_word' id='word_1_238' title='bbox 1472 1887 1566 1943; x_wconf 90' lang='lat' dir='ltr'><strong>sed</strong></span> <span class='ocrx_word' id='word_1_239' title='bbox 1613 1885 1977 1958; x_wconf 84' lang='lat' dir='ltr'><strong>cognitionem</strong></span> <span class='ocrx_word' id='word_1_240' title='bbox 2006 1888 2106 1942; x_wconf 85' lang='lat' dir='ltr'><strong>hu-</strong></span> <span class='ocrx_word' id='word_1_241' title='bbox 2134 1863 2185 1928; x_wconf 74' lang='grc' dir='ltr'><strong>Β</strong></span> <span class='ocrx_word' id='word_1_242' title='bbox 2210 1863 2452 1960; x_wconf 74' lang='lat' dir='ltr'><strong>gentium</strong></span> <span class='ocrx_word' id='word_1_243' title='bbox 2479 1863 2797 1946; x_wconf 71' lang='lat' dir='ltr'><strong>discessisse</strong></span> <span class='ocrx_word' id='word_1_244' title='bbox 2823 1890 3051 1959; x_wconf 79' lang='lat' dir='ltr'><strong>iudicati</strong></span> <span class='ocrx_word' id='word_1_245' title='bbox 3082 1863 3232 1947; x_wconf 66' lang='lat' dir='ltr'><strong>sunt.</strong></span> <span class='ocrx_word' id='word_1_246' title='bbox 3269 1863 3425 1947; x_wconf 73' lang='lat' dir='ltr'><strong>Unde</strong></span> <span class='ocrx_word' id='word_1_247' title='bbox 3468 1890 3719 1945; x_wconf 81' lang='lat' dir='ltr'><strong>Ecclesia</strong></span> <span class='ocrx_word' id='word_1_248' title='bbox 3756 1880 3821 1943; x_wconf 72' lang='lat' dir='ltr'><strong>ili</strong></span> 
     </span>
    </p>
   </div>
   <div class='ocr_carea' id='block_1_18' title="bbox 519 1979 3817 2051">
    <p class='ocr_par' dir='ltr' id='par_1_18' title="bbox 519 1979 3817 2051">
     <span class='ocr_line' id='line_1_18' title="bbox 519 1979 3817 2051; baseline -0.002 -15"><span class='ocrx_word' id='word_1_249' title='bbox 519 1980 769 2036; x_wconf 89' lang='lat' dir='ltr'><strong>militatis</strong></span> <span class='ocrx_word' id='word_1_250' title='bbox 796 1995 905 2037; x_wconf 90' lang='lat' dir='ltr'><strong>non</strong></span> <span class='ocrx_word' id='word_1_251' title='bbox 934 1980 1157 2036; x_wconf 84' lang='lat' dir='ltr'><strong>habent.</strong></span> <span class='ocrx_word' id='word_1_252' title='bbox 1199 1980 1306 2036; x_wconf 90' lang='lat' dir='ltr'><strong>ista</strong></span> <span class='ocrx_word' id='word_1_253' title='bbox 1335 1980 1564 2035; x_wconf 89' lang='lat' dir='ltr'><strong>scientia</strong></span> <span class='ocrx_word' id='word_1_254' title='bbox 1604 1979 1775 2046; x_wconf 84' lang='lat' dir='ltr'><strong>inﬂat,</strong></span> <span class='ocrx_word' id='word_1_255' title='bbox 1813 1979 1940 2051; x_wconf 85' lang='lat' dir='ltr'><strong>quia</strong></span> <span class='ocrx_word' id='word_1_256' title='bbox 1970 1981 2105 2035; x_wconf 88' lang='lat' dir='ltr'><strong>cha-</strong></span> <span class='ocrx_word' id='word_1_257' title='bbox 2209 1981 2415 2037; x_wconf 86' lang='lat' dir='ltr'><strong>eisdem</strong></span> <span class='ocrx_word' id='word_1_258' title='bbox 2444 1981 2647 2037; x_wconf 88' lang='lat' dir='ltr'><strong>clamat</strong></span> <span class='ocrx_word' id='word_1_259' title='bbox 2680 1981 2969 2036; x_wconf 89' lang='lat' dir='ltr'><strong>adversum</strong></span> <span class='ocrx_word' id='word_1_260' title='bbox 2998 1997 3094 2036; x_wconf 88' lang='lat' dir='ltr'><strong>eos</strong></span> <span class='ocrx_word' id='word_1_261' title='bbox 3113 1982 3205 2051; x_wconf 93' lang='lat' dir='ltr'><strong>qui</strong></span> <span class='ocrx_word' id='word_1_262' title='bbox 3230 1980 3478 2037; x_wconf 86' lang='lat' dir='ltr'><strong>conversi</strong></span> <span class='ocrx_word' id='word_1_263' title='bbox 3510 1997 3615 2036; x_wconf 88' lang='lat' dir='ltr'><strong>non</strong></span> <span class='ocrx_word' id='word_1_264' title='bbox 3648 1986 3817 2034; x_wconf 82' lang='lat' dir='ltr'><strong>sunt.</strong></span> 
     </span>
    </p>
   </div>
   <div class='ocr_carea' id='block_1_19' title="bbox 521 2068 3821 2145">
    <p class='ocr_par' dir='ltr' id='par_1_19' title="bbox 521 2068 3821 2145">
     <span class='ocr_line' id='line_1_19' title="bbox 521 2068 3821 2145; baseline -0.002 -15"><span class='ocrx_word' id='word_1_265' title='bbox 521 2075 658 2130; x_wconf 82' lang='lat' dir='ltr'><strong>ritas</strong></span> <span class='ocrx_word' id='word_1_266' title='bbox 687 2089 797 2130; x_wconf 91' lang='lat' dir='ltr'><strong>non</strong></span> <span class='ocrx_word' id='word_1_267' title='bbox 825 2074 1080 2132; x_wconf 80' lang='lat' dir='ltr'><strong>tcdiiicat.</strong></span> <span class='ocrx_word' id='word_1_268' title='bbox 1117 2073 1258 2130; x_wconf 87' lang='lat' dir='ltr'><strong>Sunt</strong></span> <span class='ocrx_word' id='word_1_269' title='bbox 1281 2090 1409 2131; x_wconf 86' lang='lat' dir='ltr'><strong>vero</strong></span> <span class='ocrx_word' id='word_1_270' title='bbox 1437 2075 1593 2131; x_wconf 91' lang='lat' dir='ltr'><strong>multi</strong></span> <span class='ocrx_word' id='word_1_271' title='bbox 1641 2076 1734 2145; x_wconf 88' lang='lat' dir='ltr'><strong>qui</strong></span> <span class='ocrx_word' id='word_1_272' title='bbox 1780 2076 1861 2131; x_wconf 87' lang='lat' dir='ltr'><strong>sic</strong></span> <span class='ocrx_word' id='word_1_273' title='bbox 1909 2073 2111 2131; x_wconf 84' lang='lat' dir='ltr'><strong>habent</strong></span> <span class='ocrx_word' id='word_1_274' title='bbox 2216 2091 2237 2125; x_wconf 79' lang='grc' dir='ltr'><strong>ι</strong></span> <span class='ocrx_word' id='word_1_275' title='bbox 2276 2072 2439 2143; x_wconf 87' lang='lat' dir='ltr'><strong>Nigra</strong></span> <span class='ocrx_word' id='word_1_276' title='bbox 2463 2086 2605 2137; x_wconf 90' lang='lat' dir='ltr'><strong>sum,</strong></span> <span class='ocrx_word' id='word_1_277' title='bbox 2631 2072 2724 2127; x_wconf 89' lang='lat' dir='ltr'><strong>sed</strong></span> <span class='ocrx_word' id='word_1_278' title='bbox 2751 2072 2990 2129; x_wconf 90' lang='lat' dir='ltr'><strong>lormosa</strong></span> <span class='ocrx_word' id='word_1_279' title='bbox 3028 2071 3137 2127; x_wconf 81' lang='lat' dir='ltr'><strong>lilia</strong></span> <span class='ocrx_word' id='word_1_280' title='bbox 3167 2070 3527 2128; x_wconf 84' lang='lat' dir='ltr'><strong>Hierusalem.</strong></span> <span class='ocrx_word' id='word_1_281' title='bbox 3572 2089 3593 2122; x_wconf 72' lang='grc' dir='ltr'><strong>ι</strong></span> <span class='ocrx_word' id='word_1_282' title='bbox 3640 2068 3821 2140; x_wconf 80' lang='lat' dir='ltr'><strong>Nigra</strong></span> 
     </span>
    </p>
   </div>
   <div class='ocr_carea' id='block_1_20' title="bbox 522 2160 3819 2235">
    <p class='ocr_par' dir='ltr' id='par_1_20' title="bbox 522 2160 3819 2235">
     <span class='ocr_line' id='line_1_20' title="bbox 522 2160 3819 2235; baseline -0.002 -13"><span class='ocrx_word' id='word_1_283' title='bbox 522 2166 707 2222; x_wconf 87' lang='lat' dir='ltr'><strong>vinum</strong></span> <span class='ocrx_word' id='word_1_284' title='bbox 731 2166 989 2233; x_wconf 64' lang='lat' dir='ltr'><strong>scientias,</strong></span> <span class='ocrx_word' id='word_1_285' title='bbox 1012 2176 1075 2222; x_wconf 93' lang='lat' dir='ltr'><strong>ut</strong></span> <span class='ocrx_word' id='word_1_286' title='bbox 1098 2167 1273 2223; x_wconf 85' lang='lat' dir='ltr'><strong>sciant</strong></span> <span class='ocrx_word' id='word_1_287' title='bbox 1297 2167 1648 2223; x_wconf 90' lang='lat' dir='ltr'><strong>considerare</strong></span> <span class='ocrx_word' id='word_1_288' title='bbox 1662 2168 1802 2224; x_wconf 87' lang='lat' dir='ltr'><strong>dona</strong></span> <span class='ocrx_word' id='word_1_289' title='bbox 1827 2168 2106 2223; x_wconf 85' lang='lat' dir='ltr'><strong>doctrinae.</strong></span> <span class='ocrx_word' id='word_1_290' title='bbox 2212 2165 2429 2235; x_wconf 84' lang='lat' dir='ltr'><strong>quidem</strong></span> <span class='ocrx_word' id='word_1_291' title='bbox 2457 2180 2589 2220; x_wconf 88' lang='lat' dir='ltr'><strong>vero</strong></span> <span class='ocrx_word' id='word_1_292' title='bbox 2612 2162 2838 2232; x_wconf 86' lang='lat' dir='ltr'><strong>judicio,</strong></span> <span class='ocrx_word' id='word_1_293' title='bbox 2871 2164 2967 2220; x_wconf 90' lang='lat' dir='ltr'><strong>sed</strong></span> <span class='ocrx_word' id='word_1_294' title='bbox 2998 2163 3232 2223; x_wconf 79' lang='lat' dir='ltr'><strong>formosa</strong></span> <span class='ocrx_word' id='word_1_295' title='bbox 3260 2179 3356 2232; x_wconf 91' lang='lat' dir='ltr'><strong>per</strong></span> <span class='ocrx_word' id='word_1_296' title='bbox 3380 2160 3819 2217; x_wconf 79' lang='lat' dir='ltr'><strong>illustrationeln</strong></span> 
     </span>
    </p>
   </div>
   <div class='ocr_carea' id='block_1_21' title="bbox 525 2250 3815 2336">
    <p class='ocr_par' dir='ltr' id='par_1_21' title="bbox 525 2250 3815 2336">
     <span class='ocr_line' id='line_1_21' title="bbox 525 2250 3815 2336; baseline -0.004 -21"><span class='ocrx_word' id='word_1_297' title='bbox 525 2258 676 2315; x_wconf 88' lang='lat' dir='ltr'><strong>Dona</strong></span> <span class='ocrx_word' id='word_1_298' title='bbox 702 2259 847 2315; x_wconf 89' lang='lat' dir='ltr'><strong>enim</strong></span> <span class='ocrx_word' id='word_1_299' title='bbox 870 2258 1168 2330; x_wconf 86' lang='lat' dir='ltr'><strong>spiritualis</strong></span> <span class='ocrx_word' id='word_1_300' title='bbox 1188 2258 1376 2329; x_wconf 72' lang='lat' dir='ltr'><strong>gratiae</strong></span> <span class='ocrx_word' id='word_1_301' title='bbox 1401 2259 1555 2330; x_wconf 89' lang='lat' dir='ltr'><strong>quasi</strong></span> <span class='ocrx_word' id='word_1_302' title='bbox 1585 2261 1833 2330; x_wconf 64' lang='lat' dir='ltr'><strong>quaedam</strong></span> <span class='ocrx_word' id='word_1_303' title='bbox 1857 2260 2111 2316; x_wconf 69' lang='lat' dir='ltr'><strong>mamilla:</strong></span> <span class='ocrx_word' id='word_1_304' title='bbox 2212 2257 2419 2329; x_wconf 66' lang='lat' dir='ltr'><strong>gratiae.</strong></span> <span class='ocrx_word' id='word_1_305' title='bbox 2443 2256 2723 2336; x_wconf 70' lang='lat' dir='ltr'><strong>Quomodo</strong></span> <span class='ocrx_word' id='word_1_306' title='bbox 2743 2255 2936 2328; x_wconf 82' lang='lat' dir='ltr'><strong>nigra?</strong></span> <span class='ocrx_word' id='word_1_307' title='bbox 2955 2273 2973 2308; x_wconf 77' lang='lat' dir='ltr'><strong>t</strong></span> <span class='ocrx_word' id='word_1_308' title='bbox 2997 2255 3149 2311; x_wconf 88' lang='lat' dir='ltr'><strong>Sicut</strong></span> <span class='ocrx_word' id='word_1_309' title='bbox 3171 2251 3515 2310; x_wconf 88' lang='lat' dir='ltr'><strong>tabernacula</strong></span> <span class='ocrx_word' id='word_1_310' title='bbox 3542 2250 3749 2306; x_wconf 86' lang='lat' dir='ltr'><strong>Cedar.</strong></span> <span class='ocrx_word' id='word_1_311' title='bbox 3790 2267 3815 2302; x_wconf 72' lang='grc' dir='ltr'><strong>ι</strong></span> 
     </span>
    </p>
   </div>
   <div class='ocr_carea' id='block_1_22' title="bbox 526 2342 3822 2421">
    <p class='ocr_par' dir='ltr' id='par_1_22' title="bbox 526 2342 3822 2421">
     <span class='ocr_line' id='line_1_22' title="bbox 526 2342 3822 2421; baseline -0.003 -15"><span class='ocrx_word' id='word_1_312' title='bbox 526 2358 655 2406; x_wconf 88' lang='lat' dir='ltr'><strong>sunt</strong></span> <span class='ocrx_word' id='word_1_313' title='bbox 705 2349 761 2406; x_wconf 91' lang='lat' dir='ltr'><strong>in</strong></span> <span class='ocrx_word' id='word_1_314' title='bbox 803 2358 1042 2421; x_wconf 87' lang='lat' dir='ltr'><strong>pectore,</strong></span> <span class='ocrx_word' id='word_1_315' title='bbox 1094 2366 1215 2421; x_wconf 84' lang='lat' dir='ltr'><strong>quae</strong></span> <span class='ocrx_word' id='word_1_316' title='bbox 1252 2351 1525 2407; x_wconf 84' lang='lat' dir='ltr'><strong>subtiliter</strong></span> <span class='ocrx_word' id='word_1_317' title='bbox 1564 2351 1798 2408; x_wconf 90' lang='lat' dir='ltr'><strong>occultis</strong></span> <span class='ocrx_word' id='word_1_318' title='bbox 1839 2351 2112 2408; x_wconf 87' lang='lat' dir='ltr'><strong>meatibus</strong></span> <span class='ocrx_word' id='word_1_319' title='bbox 2213 2348 2390 2405; x_wconf 87' lang='lat' dir='ltr'><strong>Cedar</strong></span> <span class='ocrx_word' id='word_1_320' title='bbox 2408 2347 2554 2403; x_wconf 90' lang='lat' dir='ltr'><strong>enim</strong></span> <span class='ocrx_word' id='word_1_321' title='bbox 2583 2347 2851 2403; x_wconf 90' lang='lat' dir='ltr'><strong>secundus</strong></span> <span class='ocrx_word' id='word_1_322' title='bbox 2874 2346 2976 2402; x_wconf 80' lang='lat' dir='ltr'><strong>fuit</strong></span> <span class='ocrx_word' id='word_1_323' title='bbox 2999 2346 3067 2402; x_wconf 91' lang='lat' dir='ltr'><strong>de</strong></span> <span class='ocrx_word' id='word_1_324' title='bbox 3088 2360 3289 2416; x_wconf 79' lang='lat' dir='ltr'><strong>genere</strong></span> <span class='ocrx_word' id='word_1_325' title='bbox 3310 2343 3522 2409; x_wconf 87' lang='lat' dir='ltr'><strong>lsmael,</strong></span> <span class='ocrx_word' id='word_1_326' title='bbox 3548 2351 3606 2399; x_wconf 90' lang='lat' dir='ltr'><strong>et</strong></span> <span class='ocrx_word' id='word_1_327' title='bbox 3628 2342 3822 2398; x_wconf 74' lang='lat' dir='ltr'><strong>Cedat</strong></span> 
     </span>
    </p>
   </div>
   <div class='ocr_carea' id='block_1_23' title="bbox 528 2434 3821 2512">
    <p class='ocr_par' dir='ltr' id='par_1_23' title="bbox 528 2434 3821 2512">
     <span class='ocr_line' id='line_1_23' title="bbox 528 2434 3821 2512; baseline -0.002 -16"><span class='ocrx_word' id='word_1_328' title='bbox 528 2441 899 2512; x_wconf 86' lang='lat' dir='ltr'><strong>spiritualibus</strong></span> <span class='ocrx_word' id='word_1_329' title='bbox 926 2436 1253 2509; x_wconf 83' lang='lat' dir='ltr'><strong>ministrant,</strong></span> <span class='ocrx_word' id='word_1_330' title='bbox 1282 2452 1339 2499; x_wconf 93' lang='lat' dir='ltr'><strong>et</strong></span> <span class='ocrx_word' id='word_1_331' title='bbox 1361 2459 1457 2500; x_wconf 91' lang='lat' dir='ltr'><strong>eos</strong></span> <span class='ocrx_word' id='word_1_332' title='bbox 1501 2444 1770 2499; x_wconf 84' lang='lat' dir='ltr'><strong>nutriunt.</strong></span> <span class='ocrx_word' id='word_1_333' title='bbox 1820 2444 1949 2500; x_wconf 86' lang='lat' dir='ltr'><strong>ideo</strong></span> <span class='ocrx_word' id='word_1_334' title='bbox 1991 2444 2110 2500; x_wconf 89' lang='lat' dir='ltr'><strong>ait:</strong></span> <span class='ocrx_word' id='word_1_335' title='bbox 2214 2440 2564 2499; x_wconf 87' lang='lat' dir='ltr'><strong>tabernacula</strong></span> <span class='ocrx_word' id='word_1_336' title='bbox 2610 2441 2752 2496; x_wconf 84' lang='lat' dir='ltr'><strong>Esau</strong></span> <span class='ocrx_word' id='word_1_337' title='bbox 2800 2439 3040 2495; x_wconf 80' lang='lat' dir='ltr'><strong>fuerunt.</strong></span> <span class='ocrx_word' id='word_1_338' title='bbox 3090 2437 3371 2507; x_wconf 84' lang='lat' dir='ltr'><strong>Quomodo</strong></span> <span class='ocrx_word' id='word_1_339' title='bbox 3421 2451 3554 2508; x_wconf 86' lang='lat' dir='ltr'><strong>ergo</strong></span> <span class='ocrx_word' id='word_1_340' title='bbox 3610 2434 3821 2506; x_wconf 68' lang='lat' dir='ltr'><strong>nigra?</strong></span> 
     </span>
    </p>
   </div>
   <div class='ocr_carea' id='block_1_24' title="bbox 533 2529 3824 2607">
    <p class='ocr_par' dir='ltr' id='par_1_24' title="bbox 533 2529 3824 2607">
     <span class='ocr_line' id='line_1_24' title="bbox 533 2529 3824 2607; baseline -0.001 -21"><span class='ocrx_word' id='word_1_341' title='bbox 533 2554 553 2586; x_wconf 74' lang='grc' dir='ltr'><strong>ι</strong></span> <span class='ocrx_word' id='word_1_342' title='bbox 581 2533 845 2592; x_wconf 81' lang='lat' dir='ltr'><strong>Memores</strong></span> <span class='ocrx_word' id='word_1_343' title='bbox 857 2536 1081 2591; x_wconf 87' lang='lat' dir='ltr'><strong>uberum</strong></span> <span class='ocrx_word' id='word_1_344' title='bbox 1098 2545 1313 2592; x_wconf 90' lang='lat' dir='ltr'><strong>tuorum</strong></span> <span class='ocrx_word' id='word_1_345' title='bbox 1331 2550 1493 2607; x_wconf 86' lang='lat' dir='ltr'><strong>super</strong></span> <span class='ocrx_word' id='word_1_346' title='bbox 1519 2537 1722 2591; x_wconf 89' lang='lat' dir='ltr'><strong>vinum.</strong></span> <span class='ocrx_word' id='word_1_347' title='bbox 1747 2555 1765 2589; x_wconf 72' lang='grc' dir='ltr'><strong>ι</strong></span> <span class='ocrx_word' id='word_1_348' title='bbox 1787 2535 1923 2604; x_wconf 88' lang='lat' dir='ltr'><strong>Quia</strong></span> <span class='ocrx_word' id='word_1_349' title='bbox 1941 2537 1993 2592; x_wconf 91' lang='lat' dir='ltr'><strong>hi</strong></span> <span class='ocrx_word' id='word_1_350' title='bbox 2021 2536 2115 2607; x_wconf 88' lang='lat' dir='ltr'><strong>qui</strong></span> <span class='ocrx_word' id='word_1_351' title='bbox 2217 2532 2371 2591; x_wconf 83' lang='lat' dir='ltr'><strong>Sicut</strong></span> <span class='ocrx_word' id='word_1_352' title='bbox 2396 2530 2742 2590; x_wconf 83' lang='lat' dir='ltr'><strong>tabernacula</strong></span> <span class='ocrx_word' id='word_1_353' title='bbox 2785 2530 2979 2587; x_wconf 88' lang='lat' dir='ltr'><strong>Cedar.</strong></span> <span class='ocrx_word' id='word_1_354' title='bbox 3023 2529 3160 2598; x_wconf 85' lang='lat' dir='ltr'><strong>Quia</strong></span> <span class='ocrx_word' id='word_1_355' title='bbox 3196 2530 3253 2585; x_wconf 91' lang='lat' dir='ltr'><strong>in</strong></span> <span class='ocrx_word' id='word_1_356' title='bbox 3291 2536 3584 2598; x_wconf 85' lang='lat' dir='ltr'><strong>conspectu</strong></span> <span class='ocrx_word' id='word_1_357' title='bbox 3624 2532 3824 2581; x_wconf 55' lang='lat' dir='ltr'><strong>vestr.</strong></span> 
     </span>
    </p>
   </div>
   <div class='ocr_carea' id='block_1_25' title="bbox 531 2619 3823 2697">
    <p class='ocr_par' dir='ltr' id='par_1_25' title="bbox 531 2619 3823 2697">
     <span class='ocr_line' id='line_1_25' title="bbox 531 2619 3823 2697; baseline -0.001 -17"><span class='ocrx_word' id='word_1_358' title='bbox 531 2624 1159 2682; x_wconf 83' lang='lat' dir='ltr'><strong>recordarisciuntdona</strong></span> <span class='ocrx_word' id='word_1_359' title='bbox 1184 2626 1591 2696; x_wconf 61' lang='lat' dir='ltr'><strong>gratiaetuaemt</strong></span> <span class='ocrx_word' id='word_1_360' title='bbox 1611 2625 1711 2681; x_wconf 89' lang='lat' dir='ltr'><strong>sibi</strong></span> <span class='ocrx_word' id='word_1_361' title='bbox 1741 2642 1849 2682; x_wconf 91' lang='lat' dir='ltr'><strong>non</strong></span> <span class='ocrx_word' id='word_1_362' title='bbox 1873 2626 2116 2682; x_wconf 88' lang='lat' dir='ltr'><strong>tribuant</strong></span> <span class='ocrx_word' id='word_1_363' title='bbox 2217 2626 2286 2683; x_wconf 85' lang='lat' dir='ltr'><strong>ad</strong></span> <span class='ocrx_word' id='word_1_364' title='bbox 2313 2625 2723 2682; x_wconf 82' lang='lat' dir='ltr'><strong>similitudinem</strong></span> <span class='ocrx_word' id='word_1_365' title='bbox 2764 2625 3008 2697; x_wconf 87' lang='lat' dir='ltr'><strong>gentium</strong></span> <span class='ocrx_word' id='word_1_366' title='bbox 3054 2623 3295 2695; x_wconf 73' lang='lat' dir='ltr'><strong>iudicata</strong></span> <span class='ocrx_word' id='word_1_367' title='bbox 3343 2637 3482 2689; x_wconf 85' lang='lat' dir='ltr'><strong>sum,</strong></span> <span class='ocrx_word' id='word_1_368' title='bbox 3528 2621 3583 2678; x_wconf 90' lang='lat' dir='ltr'><strong>id</strong></span> <span class='ocrx_word' id='word_1_369' title='bbox 3624 2628 3714 2678; x_wconf 83' lang='lat' dir='ltr'><strong>est</strong></span> <span class='ocrx_word' id='word_1_370' title='bbox 3744 2619 3823 2679; x_wconf 70' lang='lat' dir='ltr'><strong>ad</strong></span> 
     </span>
    </p>
   </div>
   <div class='ocr_carea' id='block_1_26' title="bbox 530 2713 3823 2789">
    <p class='ocr_par' dir='ltr' id='par_1_26' title="bbox 530 2713 3823 2789">
     <span class='ocr_line' id='line_1_26' title="bbox 530 2713 3823 2789; baseline -0 -19"><span class='ocrx_word' id='word_1_371' title='bbox 530 2716 674 2785; x_wconf 85' lang='lat' dir='ltr'><strong>quod</strong></span> <span class='ocrx_word' id='word_1_372' title='bbox 696 2716 914 2786; x_wconf 90' lang='lat' dir='ltr'><strong>sapiunt</strong></span> <span class='ocrx_word' id='word_1_373' title='bbox 931 2725 988 2772; x_wconf 90' lang='lat' dir='ltr'><strong>et</strong></span> <span class='ocrx_word' id='word_1_374' title='bbox 1012 2718 1079 2773; x_wconf 90' lang='lat' dir='ltr'><strong>de</strong></span> <span class='ocrx_word' id='word_1_375' title='bbox 1103 2718 1294 2773; x_wconf 91' lang='lat' dir='ltr'><strong>eadem</strong></span> <span class='ocrx_word' id='word_1_376' title='bbox 1316 2717 1581 2788; x_wconf 85' lang='lat' dir='ltr'><strong>sapientia</strong></span> <span class='ocrx_word' id='word_1_377' title='bbox 1603 2733 1766 2788; x_wconf 88' lang='lat' dir='ltr'><strong>quam</strong></span> <span class='ocrx_word' id='word_1_378' title='bbox 1790 2727 2119 2789; x_wconf 81' lang='lat' dir='ltr'><strong>acceperunt</strong></span> <span class='ocrx_word' id='word_1_379' title='bbox 2218 2718 2624 2777; x_wconf 83' lang='lat' dir='ltr'><strong>similitudinem</strong></span> <span class='ocrx_word' id='word_1_380' title='bbox 2655 2726 3021 2787; x_wconf 82' lang='lat' dir='ltr'><strong>peccatorum.</strong></span> <span class='ocrx_word' id='word_1_381' title='bbox 3060 2715 3339 2784; x_wconf 88' lang='lat' dir='ltr'><strong>Quomodo</strong></span> <span class='ocrx_word' id='word_1_382' title='bbox 3366 2729 3494 2786; x_wconf 82' lang='lat' dir='ltr'><strong>ergo</strong></span> <span class='ocrx_word' id='word_1_383' title='bbox 3534 2713 3823 2771; x_wconf 74' lang='lat' dir='ltr'><strong>fomosa!</strong></span> 
     </span>
    </p>
   </div>
   <div class='ocr_carea' id='block_1_27' title="bbox 528 2805 3821 2881">
    <p class='ocr_par' dir='ltr' id='par_1_27' title="bbox 528 2805 3821 2881">
     <span class='ocr_line' id='line_1_27' title="bbox 528 2805 3821 2881; baseline -0.001 -18"><span class='ocrx_word' id='word_1_384' title='bbox 528 2807 981 2865; x_wconf 81' lang='lat' dir='ltr'><strong>nonextolluntur</strong></span> <span class='ocrx_word' id='word_1_385' title='bbox 1000 2825 1163 2880; x_wconf 86' lang='lat' dir='ltr'><strong>super</strong></span> <span class='ocrx_word' id='word_1_386' title='bbox 1184 2809 1327 2877; x_wconf 90' lang='lat' dir='ltr'><strong>illos,</strong></span> <span class='ocrx_word' id='word_1_387' title='bbox 1342 2810 1435 2879; x_wconf 89' lang='lat' dir='ltr'><strong>qui</strong></span> <span class='ocrx_word' id='word_1_388' title='bbox 1456 2810 1524 2865; x_wconf 93' lang='lat' dir='ltr'><strong>de</strong></span> <span class='ocrx_word' id='word_1_389' title='bbox 1544 2809 1809 2881; x_wconf 90' lang='lat' dir='ltr'><strong>sapientia</strong></span> <span class='ocrx_word' id='word_1_390' title='bbox 1823 2826 1921 2866; x_wconf 89' lang='lat' dir='ltr'><strong>sua</strong></span> <span class='ocrx_word' id='word_1_391' title='bbox 1945 2811 2121 2866; x_wconf 81' lang='lat' dir='ltr'><strong>extol-</strong></span> <span class='ocrx_word' id='word_1_392' title='bbox 2226 2827 2246 2862; x_wconf 70' lang='grc' dir='ltr'><strong>ι</strong></span> <span class='ocrx_word' id='word_1_393' title='bbox 2277 2808 2429 2865; x_wconf 87' lang='lat' dir='ltr'><strong>Sicut</strong></span> <span class='ocrx_word' id='word_1_394' title='bbox 2454 2808 2623 2879; x_wconf 87' lang='lat' dir='ltr'><strong>pelles</strong></span> <span class='ocrx_word' id='word_1_395' title='bbox 2650 2807 2973 2864; x_wconf 84' lang='lat' dir='ltr'><strong>Salomonis.</strong></span> <span class='ocrx_word' id='word_1_396' title='bbox 3016 2828 3036 2861; x_wconf 75' lang='grc' dir='ltr'><strong>ι</strong></span> <span class='ocrx_word' id='word_1_397' title='bbox 3072 2806 3269 2863; x_wconf 84' lang='lat' dir='ltr'><strong>Fertur</strong></span> <span class='ocrx_word' id='word_1_398' title='bbox 3299 2807 3556 2863; x_wconf 86' lang='lat' dir='ltr'><strong>Salomon</strong></span> <span class='ocrx_word' id='word_1_399' title='bbox 3588 2805 3821 2876; x_wconf 81' lang='lat' dir='ltr'><strong>quando</strong></span> 
     </span>
    </p>
   </div>
   <div class='ocr_carea' id='block_1_28' title="bbox 528 2897 3823 2972">
    <p class='ocr_par' dir='ltr' id='par_1_28' title="bbox 528 2897 3823 2972">
     <span class='ocr_line' id='line_1_28' title="bbox 528 2897 3823 2972; baseline -0 -17"><span class='ocrx_word' id='word_1_400' title='bbox 528 2897 715 2955; x_wconf 83' lang='lat' dir='ltr'><strong>luatur</strong></span> <span class='ocrx_word' id='word_1_401' title='bbox 746 2907 802 2954; x_wconf 92' lang='lat' dir='ltr'><strong>et</strong></span> <span class='ocrx_word' id='word_1_402' title='bbox 826 2898 1151 2957; x_wconf 73' lang='lat' dir='ltr'><strong>eiieruntur.</strong></span> <span class='ocrx_word' id='word_1_403' title='bbox 1188 2900 1317 2956; x_wconf 89' lang='lat' dir='ltr'><strong>Plus</strong></span> <span class='ocrx_word' id='word_1_404' title='bbox 1341 2909 1424 2957; x_wconf 89' lang='lat' dir='ltr'><strong>est</strong></span> <span class='ocrx_word' id='word_1_405' title='bbox 1448 2901 1595 2957; x_wconf 90' lang='lat' dir='ltr'><strong>enim</strong></span> <span class='ocrx_word' id='word_1_406' title='bbox 1618 2900 1895 2957; x_wconf 90' lang='lat' dir='ltr'><strong>humiliter</strong></span> <span class='ocrx_word' id='word_1_407' title='bbox 1928 2914 2120 2972; x_wconf 80' lang='lat' dir='ltr'><strong>sapere</strong></span> <span class='ocrx_word' id='word_1_408' title='bbox 2221 2898 2481 2970; x_wconf 88' lang='lat' dir='ltr'><strong>templum</strong></span> <span class='ocrx_word' id='word_1_409' title='bbox 2510 2898 2815 2965; x_wconf 80' lang='lat' dir='ltr'><strong>aediﬁcavit,</strong></span> <span class='ocrx_word' id='word_1_410' title='bbox 2846 2899 3030 2955; x_wconf 89' lang='lat' dir='ltr'><strong>omnia</strong></span> <span class='ocrx_word' id='word_1_411' title='bbox 3055 2915 3186 2955; x_wconf 89' lang='lat' dir='ltr'><strong>vasa</strong></span> <span class='ocrx_word' id='word_1_412' title='bbox 3215 2899 3397 2971; x_wconf 89' lang='lat' dir='ltr'><strong>templi</strong></span> <span class='ocrx_word' id='word_1_413' title='bbox 3422 2899 3655 2971; x_wconf 84' lang='lat' dir='ltr'><strong>pellibus</strong></span> <span class='ocrx_word' id='word_1_414' title='bbox 3687 2912 3823 2954; x_wconf 84' lang='lat' dir='ltr'><strong>coo-</strong></span> 
     </span>
    </p>
   </div>
   <div class='ocr_carea' id='block_1_29' title="bbox 529 2989 3823 3066">
    <p class='ocr_par' dir='ltr' id='par_1_29' title="bbox 529 2989 3823 3066">
     <span class='ocr_line' id='line_1_29' title="bbox 529 2989 3823 3066; baseline 0 -21"><span class='ocrx_word' id='word_1_415' title='bbox 529 3006 691 3061; x_wconf 88' lang='lat' dir='ltr'><strong>quam</strong></span> <span class='ocrx_word' id='word_1_416' title='bbox 729 2994 962 3063; x_wconf 87' lang='lat' dir='ltr'><strong>superbe</strong></span> <span class='ocrx_word' id='word_1_417' title='bbox 989 3008 1198 3066; x_wconf 86' lang='lat' dir='ltr'><strong>sapere.</strong></span> <span class='ocrx_word' id='word_1_418' title='bbox 1225 2993 1413 3066; x_wconf 88' lang='lat' dir='ltr'><strong>Neque</strong></span> <span class='ocrx_word' id='word_1_419' title='bbox 1446 2995 1594 3050; x_wconf 90' lang='lat' dir='ltr'><strong>enim</strong></span> <span class='ocrx_word' id='word_1_420' title='bbox 1628 3008 1757 3049; x_wconf 80' lang='lat' dir='ltr'><strong>vere</strong></span> <span class='ocrx_word' id='word_1_421' title='bbox 1797 3010 1990 3066; x_wconf 86' lang='lat' dir='ltr'><strong>sapere</strong></span> <span class='ocrx_word' id='word_1_422' title='bbox 2013 3003 2117 3063; x_wconf 64' lang='lat' dir='ltr'><strong>est,</strong></span> <span class='ocrx_word' id='word_1_423' title='bbox 2221 2991 2484 3063; x_wconf 89' lang='lat' dir='ltr'><strong>peruisse.</strong></span> <span class='ocrx_word' id='word_1_424' title='bbox 2510 2989 2617 3048; x_wconf 90' lang='lat' dir='ltr'><strong>Sed</strong></span> <span class='ocrx_word' id='word_1_425' title='bbox 2638 2991 2893 3047; x_wconf 85' lang='lat' dir='ltr'><strong>nimirum</strong></span> <span class='ocrx_word' id='word_1_426' title='bbox 2920 2991 3090 3062; x_wconf 90' lang='lat' dir='ltr'><strong>pelles</strong></span> <span class='ocrx_word' id='word_1_427' title='bbox 3119 2991 3427 3050; x_wconf 87' lang='lat' dir='ltr'><strong>Salomonis</strong></span> <span class='ocrx_word' id='word_1_428' title='bbox 3450 2992 3667 3048; x_wconf 64' lang='lat' dir='ltr'><strong>decorae</strong></span> <span class='ocrx_word' id='word_1_429' title='bbox 3694 3003 3823 3046; x_wconf 78' lang='lat' dir='ltr'><strong>esse</strong></span> 
     </span>
    </p>
   </div>
   <div class='ocr_carea' id='block_1_30' title="bbox 529 3080 3822 3161">
    <p class='ocr_par' dir='ltr' id='par_1_30' title="bbox 529 3080 3822 3161">
     <span class='ocr_line' id='line_1_30' title="bbox 529 3080 3822 3161; baseline 0 -24"><span class='ocrx_word' id='word_1_430' title='bbox 529 3081 809 3140; x_wconf 80' lang='lat' dir='ltr'><strong>humiliter</strong></span> <span class='ocrx_word' id='word_1_431' title='bbox 836 3100 944 3141; x_wconf 89' lang='lat' dir='ltr'><strong>non</strong></span> <span class='ocrx_word' id='word_1_432' title='bbox 972 3101 1186 3156; x_wconf 88' lang='lat' dir='ltr'><strong>sapere,</strong></span> <span class='ocrx_word' id='word_1_433' title='bbox 1212 3086 1287 3142; x_wconf 86' lang='lat' dir='ltr'><strong>ait</strong></span> <span class='ocrx_word' id='word_1_434' title='bbox 1320 3103 1335 3139; x_wconf 89' lang='lat'><strong>:</strong></span> <span class='ocrx_word' id='word_1_435' title='bbox 1375 3106 1393 3139; x_wconf 73' lang='grc' dir='ltr'><strong>ε</strong></span> <span class='ocrx_word' id='word_1_436' title='bbox 1430 3085 1701 3144; x_wconf 77' lang='lat' dir='ltr'><strong>Memores</strong></span> <span class='ocrx_word' id='word_1_437' title='bbox 1731 3102 1863 3161; x_wconf 82' lang='lat' dir='ltr'><strong>ergo</strong></span> <span class='ocrx_word' id='word_1_438' title='bbox 1886 3089 2120 3144; x_wconf 88' lang='lat' dir='ltr'><strong>uberum</strong></span> <span class='ocrx_word' id='word_1_439' title='bbox 2223 3091 2536 3155; x_wconf 81' lang='lat' dir='ltr'><strong>potuerunt,</strong></span> <span class='ocrx_word' id='word_1_440' title='bbox 2570 3098 2689 3155; x_wconf 79' lang='lat' dir='ltr'><strong>quae</strong></span> <span class='ocrx_word' id='word_1_441' title='bbox 2724 3081 3074 3139; x_wconf 82' lang='lat' dir='ltr'><strong>tabernaculo</strong></span> <span class='ocrx_word' id='word_1_442' title='bbox 3111 3094 3248 3154; x_wconf 64' lang='lat' dir='ltr'><strong>aptae</strong></span> <span class='ocrx_word' id='word_1_443' title='bbox 3277 3092 3476 3140; x_wconf 86' lang='lat' dir='ltr'><strong>essent.</strong></span> <span class='ocrx_word' id='word_1_444' title='bbox 3511 3081 3647 3151; x_wconf 77' lang='lat' dir='ltr'><strong>Qua:</strong></span> <span class='ocrx_word' id='word_1_445' title='bbox 3684 3080 3733 3137; x_wconf 87' lang='lat' dir='ltr'><strong>si</strong></span> <span class='ocrx_word' id='word_1_446' title='bbox 3762 3081 3822 3137; x_wconf 76' lang='lat' dir='ltr'><strong>in</strong></span> 
     </span>
    </p>
   </div>
   <div class='ocr_carea' id='block_1_31' title="bbox 535 3175 3823 3248">
    <p class='ocr_par' dir='ltr' id='par_1_31' title="bbox 535 3175 3823 3248">
     <span class='ocr_line' id='line_1_31' title="bbox 535 3175 3823 3248; baseline 0.002 -22"><span class='ocrx_word' id='word_1_447' title='bbox 535 3181 752 3228; x_wconf 91' lang='lat' dir='ltr'><strong>tuorum</strong></span> <span class='ocrx_word' id='word_1_448' title='bbox 790 3190 954 3246; x_wconf 88' lang='lat' dir='ltr'><strong>super</strong></span> <span class='ocrx_word' id='word_1_449' title='bbox 990 3176 1198 3231; x_wconf 90' lang='lat' dir='ltr'><strong>vinum.</strong></span> <span class='ocrx_word' id='word_1_450' title='bbox 1252 3196 1271 3229; x_wconf 72' lang='grc' dir='ltr'><strong>ι</strong></span> <span class='ocrx_word' id='word_1_451' title='bbox 1312 3176 1449 3244; x_wconf 89' lang='lat' dir='ltr'><strong>Quia</strong></span> <span class='ocrx_word' id='word_1_452' title='bbox 1497 3179 1735 3234; x_wconf 80' lang='lat' dir='ltr'><strong>scientes</strong></span> <span class='ocrx_word' id='word_1_453' title='bbox 1767 3179 2117 3234; x_wconf 85' lang='lat' dir='ltr'><strong>considerare</strong></span> <span class='ocrx_word' id='word_1_454' title='bbox 2150 3227 2196 3248; x_wconf 79' lang='grc'><strong>,,</strong></span> <span class='ocrx_word' id='word_1_455' title='bbox 2229 3177 2578 3233; x_wconf 86' lang='lat' dir='ltr'><strong>tabernaculo</strong></span> <span class='ocrx_word' id='word_1_456' title='bbox 2597 3175 2715 3248; x_wconf 67' lang='lat' dir='ltr'><strong>eius</strong></span> <span class='ocrx_word' id='word_1_457' title='bbox 2740 3176 2957 3233; x_wconf 80' lang='lat' dir='ltr'><strong>fuerunt</strong></span> <span class='ocrx_word' id='word_1_458' title='bbox 2982 3193 3090 3233; x_wconf 89' lang='lat' dir='ltr'><strong>non</strong></span> <span class='ocrx_word' id='word_1_459' title='bbox 3118 3178 3224 3233; x_wconf 87' lang='lat' dir='ltr'><strong>nisi</strong></span> <span class='ocrx_word' id='word_1_460' title='bbox 3248 3178 3459 3233; x_wconf 77' lang='lat' dir='ltr'><strong>decora:</strong></span> <span class='ocrx_word' id='word_1_461' title='bbox 3478 3191 3602 3232; x_wconf 85' lang='lat' dir='ltr'><strong>esse</strong></span> <span class='ocrx_word' id='word_1_462' title='bbox 3628 3185 3823 3246; x_wconf 87' lang='lat' dir='ltr'><strong>potue-</strong></span> 
     </span>
    </p>
   </div>
   <div class='ocr_carea' id='block_1_32' title="bbox 2147 3227 2199 3295">
    <p class='ocr_par' dir='ltr' id='par_1_32' title="bbox 2147 3227 2199 3295">
     <span class='ocr_line' id='line_1_32' title="bbox 2147 3227 2199 3295; baseline 0 0"><span class='ocrx_word' id='word_1_463' title='bbox 2147 3227 2199 3295; x_wconf 74' lang='grc' dir='ltr'><strong>ο</strong></span> 
     </span>
    </p>
   </div>
   <div class='ocr_carea' id='block_1_33' title="bbox 535 3268 3824 3344">
    <p class='ocr_par' dir='ltr' id='par_1_33' title="bbox 535 3268 3824 3344">
     <span class='ocr_line' id='line_1_33' title="bbox 535 3268 3824 3344; baseline 0 -22"><span class='ocrx_word' id='word_1_464' title='bbox 535 3268 677 3323; x_wconf 80' lang='lat' dir='ltr'><strong>dona</strong></span> <span class='ocrx_word' id='word_1_465' title='bbox 694 3268 1206 3342; x_wconf 75' lang='lat' dir='ltr'><strong>spiritualisgratize,</strong></span> <span class='ocrx_word' id='word_1_466' title='bbox 1226 3272 2121 3344; x_wconf 79' lang='lat' dir='ltr'><strong>transcendunteosquiscientiam</strong></span> <span class='ocrx_word' id='word_1_467' title='bbox 2147 3268 2199 3295; x_wconf 89' lang='lat'>&quot;&quot;</span> <span class='ocrx_word' id='word_1_468' title='bbox 2230 3280 2359 3326; x_wconf 89' lang='lat' dir='ltr'><strong>runt</strong></span> <span class='ocrx_word' id='word_1_469' title='bbox 2383 3272 2440 3326; x_wconf 91' lang='lat' dir='ltr'><strong>in</strong></span> <span class='ocrx_word' id='word_1_470' title='bbox 2464 3271 2783 3341; x_wconf 85' lang='lat' dir='ltr'><strong>obsequium</strong></span> <span class='ocrx_word' id='word_1_471' title='bbox 2812 3271 2975 3340; x_wconf 86' lang='lat' dir='ltr'><strong>regis.</strong></span> <span class='ocrx_word' id='word_1_472' title='bbox 3016 3271 3123 3326; x_wconf 82' lang='lat' dir='ltr'><strong>Sed</strong></span> <span class='ocrx_word' id='word_1_473' title='bbox 3171 3271 3297 3342; x_wconf 86' lang='lat' dir='ltr'><strong>quia</strong></span> <span class='ocrx_word' id='word_1_474' title='bbox 3336 3270 3590 3326; x_wconf 87' lang='lat' dir='ltr'><strong>Salomon</strong></span> <span class='ocrx_word' id='word_1_475' title='bbox 3644 3269 3824 3324; x_wconf 83' lang='lat' dir='ltr'><strong>inter-</strong></span> 
     </span>
    </p>
   </div>
   <div class='ocr_carea' id='block_1_34' title="bbox 535 3360 2120 3437">
    <p class='ocr_par' dir='ltr' id='par_1_34' title="bbox 535 3360 2120 3437">
     <span class='ocr_line' id='line_1_34' title="bbox 535 3360 2120 3437; baseline 0.005 -22"><span class='ocrx_word' id='word_1_476' title='bbox 535 3360 755 3430; x_wconf 86' lang='lat' dir='ltr'><strong>quidem</strong></span> <span class='ocrx_word' id='word_1_477' title='bbox 786 3362 1012 3428; x_wconf 85' lang='lat' dir='ltr'><strong>habent,</strong></span> <span class='ocrx_word' id='word_1_478' title='bbox 1043 3364 1141 3421; x_wconf 88' lang='lat' dir='ltr'><strong>sed</strong></span> <span class='ocrx_word' id='word_1_479' title='bbox 1169 3365 1531 3437; x_wconf 72' lang='lat' dir='ltr'><strong>cognitionem</strong></span> <span class='ocrx_word' id='word_1_480' title='bbox 1556 3366 1613 3421; x_wconf 93' lang='lat' dir='ltr'><strong>in</strong></span> <span class='ocrx_word' id='word_1_481' title='bbox 1649 3367 1909 3423; x_wconf 86' lang='lat' dir='ltr'><strong>memoria</strong></span> <span class='ocrx_word' id='word_1_482' title='bbox 1947 3367 2120 3423; x_wconf 90' lang='lat' dir='ltr'><strong>dono-</strong></span> 
     </span>
    </p>
   </div>
   <div class='ocr_carea' id='block_1_35' title="bbox 537 3453 2123 3529">
    <p class='ocr_par' dir='ltr' id='par_1_35' title="bbox 537 3453 2123 3529">
     <span class='ocr_line' id='line_1_35' title="bbox 537 3453 2123 3529; baseline 0.003 -20"><span class='ocrx_word' id='word_1_483' title='bbox 537 3468 659 3509; x_wconf 90' lang='lat' dir='ltr'><strong>rum</strong></span> <span class='ocrx_word' id='word_1_484' title='bbox 689 3468 795 3509; x_wconf 90' lang='lat' dir='ltr'><strong>non</strong></span> <span class='ocrx_word' id='word_1_485' title='bbox 824 3453 1045 3511; x_wconf 81' lang='lat' dir='ltr'><strong>habent.</strong></span> <span class='ocrx_word' id='word_1_486' title='bbox 1074 3456 1275 3527; x_wconf 81' lang='lat' dir='ltr'><strong>Aperte</strong></span> <span class='ocrx_word' id='word_1_487' title='bbox 1300 3471 1430 3529; x_wconf 83' lang='lat' dir='ltr'><strong>ergo</strong></span> <span class='ocrx_word' id='word_1_488' title='bbox 1458 3458 1639 3515; x_wconf 88' lang='lat' dir='ltr'><strong>dicere</strong></span> <span class='ocrx_word' id='word_1_489' title='bbox 1667 3466 1784 3515; x_wconf 86' lang='lat' dir='ltr'><strong>est:</strong></span> <span class='ocrx_word' id='word_1_490' title='bbox 1807 3478 1825 3511; x_wconf 84' lang='lat' dir='ltr'><strong>t</strong></span> <span class='ocrx_word' id='word_1_491' title='bbox 1857 3458 2123 3515; x_wconf 77' lang='lat' dir='ltr'><strong>Memores</strong></span> 
     </span>
    </p>
   </div>
   <div class='ocr_carea' id='block_1_36' title="bbox 538 3549 2126 3624">
    <p class='ocr_par' dir='ltr' id='par_1_36' title="bbox 538 3549 2126 3624">
     <span class='ocr_line' id='line_1_36' title="bbox 538 3549 2126 3624; baseline -0.001 -15"><span class='ocrx_word' id='word_1_492' title='bbox 538 3563 670 3621; x_wconf 79' lang='lat' dir='ltr'><strong>ergo</strong></span> <span class='ocrx_word' id='word_1_493' title='bbox 691 3549 917 3606; x_wconf 83' lang='lat' dir='ltr'><strong>uberum</strong></span> <span class='ocrx_word' id='word_1_494' title='bbox 953 3558 1167 3607; x_wconf 87' lang='lat' dir='ltr'><strong>tuorum</strong></span> <span class='ocrx_word' id='word_1_495' title='bbox 1211 3566 1376 3622; x_wconf 89' lang='lat' dir='ltr'><strong>super</strong></span> <span class='ocrx_word' id='word_1_496' title='bbox 1422 3551 1632 3619; x_wconf 88' lang='lat' dir='ltr'><strong>vinum,</strong></span> <span class='ocrx_word' id='word_1_497' title='bbox 1691 3571 1712 3606; x_wconf 73' lang='grc' dir='ltr'><strong>ι</strong></span> <span class='ocrx_word' id='word_1_498' title='bbox 1761 3554 1889 3624; x_wconf 85' lang='lat' dir='ltr'><strong>quia</strong></span> <span class='ocrx_word' id='word_1_499' title='bbox 1932 3552 2126 3608; x_wconf 79' lang='lat' dir='ltr'><strong>fortior</strong></span> 
     </span>
    </p>
   </div>
   <div class='ocr_carea' id='block_1_37' title="bbox 539 3640 2126 3712">
    <p class='ocr_par' dir='ltr' id='par_1_37' title="bbox 539 3640 2126 3712">
     <span class='ocr_line' id='line_1_37' title="bbox 539 3640 2126 3712; baseline 0 -16"><span class='ocrx_word' id='word_1_500' title='bbox 539 3640 819 3697; x_wconf 87' lang='lat' dir='ltr'><strong>humilitas</strong></span> <span class='ocrx_word' id='word_1_501' title='bbox 851 3648 1123 3712; x_wconf 83' lang='lat' dir='ltr'><strong>estquam</strong></span> <span class='ocrx_word' id='word_1_502' title='bbox 1145 3642 1392 3698; x_wconf 77' lang='lat' dir='ltr'><strong>scientia.</strong></span> <span class='ocrx_word' id='word_1_503' title='bbox 1417 3641 1615 3698; x_wconf 81' lang='lat' dir='ltr'><strong>Vinum</strong></span> <span class='ocrx_word' id='word_1_504' title='bbox 1646 3653 1731 3700; x_wconf 90' lang='lat' dir='ltr'><strong>est</strong></span> <span class='ocrx_word' id='word_1_505' title='bbox 1757 3644 1983 3699; x_wconf 88' lang='lat' dir='ltr'><strong>scientia</strong></span> <span class='ocrx_word' id='word_1_506' title='bbox 2004 3656 2126 3712; x_wconf 63' lang='lat' dir='ltr'><strong>quas</strong></span> 
     </span>
    </p>
   </div>
   <div class='ocr_carea' id='block_1_38' title="bbox 540 3731 2127 3805">
    <p class='ocr_par' dir='ltr' id='par_1_38' title="bbox 540 3731 2127 3805">
     <span class='ocr_line' id='line_1_38' title="bbox 540 3731 2127 3805; baseline 0.001 -18"><span class='ocrx_word' id='word_1_507' title='bbox 540 3731 776 3789; x_wconf 88' lang='lat' dir='ltr'><strong>inebriat</strong></span> <span class='ocrx_word' id='word_1_508' title='bbox 798 3734 1121 3790; x_wconf 86' lang='lat' dir='ltr'><strong>memoriam</strong></span> <span class='ocrx_word' id='word_1_509' title='bbox 1143 3735 1393 3801; x_wconf 86' lang='lat' dir='ltr'><strong>uberum,</strong></span> <span class='ocrx_word' id='word_1_510' title='bbox 1424 3750 1544 3805; x_wconf 59' lang='lat' dir='ltr'><strong>qua:</strong></span> <span class='ocrx_word' id='word_1_511' title='bbox 1588 3735 1822 3791; x_wconf 85' lang='lat' dir='ltr'><strong>inebriat</strong></span> <span class='ocrx_word' id='word_1_512' title='bbox 1858 3748 2019 3805; x_wconf 89' lang='lat' dir='ltr'><strong>quem</strong></span> <span class='ocrx_word' id='word_1_513' title='bbox 2057 3732 2127 3788; x_wconf 83' lang='lat' dir='ltr'><strong>ad</strong></span> 
     </span>
    </p>
   </div>
   <div class='ocr_carea' id='block_1_39' title="bbox 540 3825 2128 3895">
    <p class='ocr_par' dir='ltr' id='par_1_39' title="bbox 540 3825 2128 3895">
     <span class='ocr_line' id='line_1_39' title="bbox 540 3825 2128 3895; baseline 0 -16"><span class='ocrx_word' id='word_1_514' title='bbox 540 3825 901 3895; x_wconf 79' lang='lat' dir='ltr'><strong>cognitionem</strong></span> <span class='ocrx_word' id='word_1_515' title='bbox 952 3825 1216 3881; x_wconf 87' lang='lat' dir='ltr'><strong>donorum</strong></span> <span class='ocrx_word' id='word_1_516' title='bbox 1242 3836 1480 3882; x_wconf 87' lang='lat' dir='ltr'><strong>revocat.</strong></span> <span class='ocrx_word' id='word_1_517' title='bbox 1532 3826 1734 3882; x_wconf 88' lang='lat' dir='ltr'><strong>Dicat:</strong></span> <span class='ocrx_word' id='word_1_518' title='bbox 1790 3845 1809 3880; x_wconf 72' lang='grc' dir='ltr'><strong>ι</strong></span> <span class='ocrx_word' id='word_1_519' title='bbox 1858 3826 2128 3881; x_wconf 81' lang='lat' dir='ltr'><strong>Memores</strong></span> 
     </span>
    </p>
   </div>
   <div class='ocr_carea' id='block_1_40' title="bbox 541 3917 2130 3991">
    <p class='ocr_par' dir='ltr' id='par_1_40' title="bbox 541 3917 2130 3991">
     <span class='ocr_line' id='line_1_40' title="bbox 541 3917 2130 3991; baseline -0.002 -15"><span class='ocrx_word' id='word_1_520' title='bbox 541 3934 672 3990; x_wconf 88' lang='lat' dir='ltr'><strong>ergo</strong></span> <span class='ocrx_word' id='word_1_521' title='bbox 711 3920 942 3976; x_wconf 87' lang='lat' dir='ltr'><strong>uberum</strong></span> <span class='ocrx_word' id='word_1_522' title='bbox 984 3928 1200 3975; x_wconf 90' lang='lat' dir='ltr'><strong>tuorum</strong></span> <span class='ocrx_word' id='word_1_523' title='bbox 1242 3935 1403 3991; x_wconf 89' lang='lat' dir='ltr'><strong>super</strong></span> <span class='ocrx_word' id='word_1_524' title='bbox 1447 3923 1660 3986; x_wconf 88' lang='lat' dir='ltr'><strong>vinum,</strong></span> <span class='ocrx_word' id='word_1_525' title='bbox 1715 3941 1735 3974; x_wconf 70' lang='grc' dir='ltr'><strong>ι</strong></span> <span class='ocrx_word' id='word_1_526' title='bbox 1780 3920 1907 3991; x_wconf 91' lang='lat' dir='ltr'><strong>quia</strong></span> <span class='ocrx_word' id='word_1_527' title='bbox 1960 3917 2130 3974; x_wconf 86' lang='lat' dir='ltr'><strong>vincit</strong></span> 
     </span>
    </p>
   </div>
   <div class='ocr_carea' id='block_1_41' title="bbox 547 4009 2124 4078">
    <p class='ocr_par' dir='ltr' id='par_1_41' title="bbox 547 4009 2124 4078">
     <span class='ocr_line' id='line_1_41' title="bbox 547 4009 2124 4078; baseline -0.003 -11"><span class='ocrx_word' id='word_1_528' title='bbox 547 4009 829 4067; x_wconf 86' lang='lat' dir='ltr'><strong>humilitas</strong></span> <span class='ocrx_word' id='word_1_529' title='bbox 854 4010 1239 4067; x_wconf 84' lang='lat' dir='ltr'><strong>abundantiam</strong></span> <span class='ocrx_word' id='word_1_530' title='bbox 1283 4011 1540 4067; x_wconf 64' lang='lat' dir='ltr'><strong>scientiae.</strong></span> <span class='ocrx_word' id='word_1_531' title='bbox 1580 4010 1735 4065; x_wconf 85' lang='lat' dir='ltr'><strong>Recti</strong></span> <span class='ocrx_word' id='word_1_532' title='bbox 1773 4009 2006 4078; x_wconf 85' lang='lat' dir='ltr'><strong>diligunt</strong></span> <span class='ocrx_word' id='word_1_533' title='bbox 2050 4015 2124 4063; x_wconf 91' lang='lat' dir='ltr'><strong>tc.</strong></span> 
     </span>
    </p>
   </div>
   <div class='ocr_carea' id='block_1_42' title="bbox 544 4100 2130 4174">
    <p class='ocr_par' dir='ltr' id='par_1_42' title="bbox 544 4100 2130 4174">
     <span class='ocr_line' id='line_1_42' title="bbox 544 4100 2130 4174; baseline -0.002 -18"><span class='ocrx_word' id='word_1_534' title='bbox 544 4100 754 4169; x_wconf 81' lang='lat' dir='ltr'><strong>Nullus,</strong></span> <span class='ocrx_word' id='word_1_535' title='bbox 795 4101 999 4173; x_wconf 86' lang='lat' dir='ltr'><strong>inquit,</strong></span> <span class='ocrx_word' id='word_1_536' title='bbox 1030 4111 1082 4158; x_wconf 89' lang='lat' dir='ltr'><strong>te</strong></span> <span class='ocrx_word' id='word_1_537' title='bbox 1111 4102 1286 4174; x_wconf 88' lang='lat' dir='ltr'><strong>diligit</strong></span> <span class='ocrx_word' id='word_1_538' title='bbox 1331 4102 1433 4158; x_wconf 87' lang='lat' dir='ltr'><strong>nisi</strong></span> <span class='ocrx_word' id='word_1_539' title='bbox 1476 4111 1677 4158; x_wconf 90' lang='lat' dir='ltr'><strong>rectus.</strong></span> <span class='ocrx_word' id='word_1_540' title='bbox 1708 4102 1772 4156; x_wconf 87' lang='lat' dir='ltr'><strong>Et</strong></span> <span class='ocrx_word' id='word_1_541' title='bbox 1814 4100 1996 4156; x_wconf 88' lang='lat' dir='ltr'><strong>nullus</strong></span> <span class='ocrx_word' id='word_1_542' title='bbox 2043 4104 2130 4153; x_wconf 87' lang='lat' dir='ltr'><strong>est</strong></span> 
     </span>
    </p>
   </div>
   <div class='ocr_carea' id='block_1_43' title="bbox 543 4192 2128 4266">
    <p class='ocr_par' dir='ltr' id='par_1_43' title="bbox 543 4192 2128 4266">
     <span class='ocr_line' id='line_1_43' title="bbox 543 4192 2128 4266; baseline 0 -18"><span class='ocrx_word' id='word_1_543' title='bbox 543 4202 751 4259; x_wconf 83' lang='lat' dir='ltr'><strong>rectus,</strong></span> <span class='ocrx_word' id='word_1_544' title='bbox 779 4193 884 4250; x_wconf 85' lang='lat' dir='ltr'><strong>nisi</strong></span> <span class='ocrx_word' id='word_1_545' title='bbox 930 4194 1022 4265; x_wconf 82' lang='lat' dir='ltr'><strong>qui</strong></span> <span class='ocrx_word' id='word_1_546' title='bbox 1075 4201 1129 4251; x_wconf 85' lang='lat' dir='ltr'><strong>te</strong></span> <span class='ocrx_word' id='word_1_547' title='bbox 1181 4194 1374 4266; x_wconf 86' lang='lat' dir='ltr'><strong>diligit.</strong></span> <span class='ocrx_word' id='word_1_548' title='bbox 1432 4194 1623 4250; x_wconf 88' lang='lat' dir='ltr'><strong>Omnis</strong></span> <span class='ocrx_word' id='word_1_549' title='bbox 1668 4193 1813 4250; x_wconf 86' lang='lat' dir='ltr'><strong>enim</strong></span> <span class='ocrx_word' id='word_1_550' title='bbox 1856 4192 1949 4264; x_wconf 90' lang='lat' dir='ltr'><strong>qui</strong></span> <span class='ocrx_word' id='word_1_551' title='bbox 1984 4193 2128 4248; x_wconf 84' lang='lat' dir='ltr'><strong>bona</strong></span> 
     </span>
    </p>
   </div>
   <div class='ocr_carea' id='block_1_44' title="bbox 544 4283 2128 4357">
    <p class='ocr_par' dir='ltr' id='par_1_44' title="bbox 544 4283 2128 4357">
     <span class='ocr_line' id='line_1_44' title="bbox 544 4283 2128 4357; baseline -0.001 -18"><span class='ocrx_word' id='word_1_552' title='bbox 544 4292 711 4354; x_wconf 83' lang='lat' dir='ltr'><strong>opera</strong></span> <span class='ocrx_word' id='word_1_553' title='bbox 740 4298 838 4356; x_wconf 91' lang='lat' dir='ltr'><strong>per</strong></span> <span class='ocrx_word' id='word_1_554' title='bbox 874 4284 1123 4341; x_wconf 83' lang='lat' dir='ltr'><strong>timorem</strong></span> <span class='ocrx_word' id='word_1_555' title='bbox 1146 4286 1276 4356; x_wconf 84' lang='lat' dir='ltr'><strong>agit,</strong></span> <span class='ocrx_word' id='word_1_556' title='bbox 1308 4294 1364 4342; x_wconf 88' lang='lat' dir='ltr'><strong>et</strong></span> <span class='ocrx_word' id='word_1_557' title='bbox 1390 4286 1435 4341; x_wconf 86' lang='lat' dir='ltr'><strong>si</strong></span> <span class='ocrx_word' id='word_1_558' title='bbox 1466 4287 1518 4341; x_wconf 91' lang='lat' dir='ltr'><strong>in</strong></span> <span class='ocrx_word' id='word_1_559' title='bbox 1540 4299 1704 4357; x_wconf 87' lang='lat' dir='ltr'><strong>opere</strong></span> <span class='ocrx_word' id='word_1_560' title='bbox 1728 4283 1998 4354; x_wconf 80' lang='lat' dir='ltr'><strong>perfectus</strong></span> <span class='ocrx_word' id='word_1_561' title='bbox 2024 4292 2128 4350; x_wconf 90' lang='lat' dir='ltr'><strong>est,</strong></span> 
     </span>
    </p>
   </div>
   <div class='ocr_carea' id='block_1_45' title="bbox 544 4374 2133 4439">
    <p class='ocr_par' dir='ltr' id='par_1_45' title="bbox 544 4374 2133 4439">
     <span class='ocr_line' id='line_1_45' title="bbox 544 4374 2133 4439; baseline 0.001 -7"><span class='ocrx_word' id='word_1_562' title='bbox 544 4374 603 4432; x_wconf 86' lang='lat' dir='ltr'><strong>in</strong></span> <span class='ocrx_word' id='word_1_563' title='bbox 633 4376 905 4434; x_wconf 87' lang='lat' dir='ltr'><strong>desiderio</strong></span> <span class='ocrx_word' id='word_1_564' title='bbox 934 4387 1116 4439; x_wconf 80' lang='lat' dir='ltr'><strong>rectus</strong></span> <span class='ocrx_word' id='word_1_565' title='bbox 1142 4395 1253 4435; x_wconf 86' lang='lat' dir='ltr'><strong>non</strong></span> <span class='ocrx_word' id='word_1_566' title='bbox 1293 4386 1395 4436; x_wconf 87' lang='lat' dir='ltr'><strong>est.</strong></span> <span class='ocrx_word' id='word_1_567' title='bbox 1448 4379 1620 4437; x_wconf 83' lang='lat' dir='ltr'><strong>Vellet</strong></span> <span class='ocrx_word' id='word_1_568' title='bbox 1653 4378 1795 4433; x_wconf 90' lang='lat' dir='ltr'><strong>enim</strong></span> <span class='ocrx_word' id='word_1_569' title='bbox 1846 4393 1949 4433; x_wconf 89' lang='lat' dir='ltr'><strong>non</strong></span> <span class='ocrx_word' id='word_1_570' title='bbox 2009 4392 2133 4433; x_wconf 89' lang='lat' dir='ltr'><strong>esse</strong></span> 
     </span>
    </p>
   </div>
   <div class='ocr_carea' id='block_1_46' title="bbox 547 4469 2133 4545">
    <p class='ocr_par' dir='ltr' id='par_1_46' title="bbox 547 4469 2133 4545">
     <span class='ocr_line' id='line_1_46' title="bbox 547 4469 2133 4545; baseline 0.003 -22"><span class='ocrx_word' id='word_1_571' title='bbox 547 4469 691 4541; x_wconf 86' lang='lat' dir='ltr'><strong>quod</strong></span> <span class='ocrx_word' id='word_1_572' title='bbox 720 4470 937 4528; x_wconf 82' lang='lat' dir='ltr'><strong>timeret</strong></span> <span class='ocrx_word' id='word_1_573' title='bbox 966 4483 1027 4527; x_wconf 80' lang='lat' dir='ltr'><strong>ut</strong></span> <span class='ocrx_word' id='word_1_574' title='bbox 1070 4488 1238 4545; x_wconf 86' lang='lat' dir='ltr'><strong>opera</strong></span> <span class='ocrx_word' id='word_1_575' title='bbox 1263 4473 1407 4528; x_wconf 85' lang='lat' dir='ltr'><strong>bona</strong></span> <span class='ocrx_word' id='word_1_576' title='bbox 1436 4486 1543 4527; x_wconf 91' lang='lat' dir='ltr'><strong>non</strong></span> <span class='ocrx_word' id='word_1_577' title='bbox 1592 4469 1817 4526; x_wconf 84' lang='lat' dir='ltr'><strong>faceret.</strong></span> <span class='ocrx_word' id='word_1_578' title='bbox 1856 4470 1961 4538; x_wconf 87' lang='lat' dir='ltr'><strong>Qui</strong></span> <span class='ocrx_word' id='word_1_579' title='bbox 2002 4485 2133 4527; x_wconf 88' lang='lat' dir='ltr'><strong>vero</strong></span> 
     </span>
    </p>
   </div>
   <div class='ocr_carea' id='block_1_47' title="bbox 2225 3360 3826 3435">
    <p class='ocr_par' dir='ltr' id='par_1_47' title="bbox 2225 3360 3826 3435">
     <span class='ocr_line' id='line_1_47' title="bbox 2225 3360 3826 3435; baseline -0.001 -17"><span class='ocrx_word' id='word_1_580' title='bbox 2225 3371 2471 3435; x_wconf 83' lang='lat' dir='ltr'><strong>pretatur</strong></span> <span class='ocrx_word' id='word_1_581' title='bbox 2489 3364 2768 3434; x_wconf 77' lang='lat' dir='ltr'><strong>paciﬁcus,</strong></span> <span class='ocrx_word' id='word_1_582' title='bbox 2795 3379 2898 3421; x_wconf 87' lang='lat' dir='ltr'><strong>nos</strong></span> <span class='ocrx_word' id='word_1_583' title='bbox 2926 3362 3101 3433; x_wconf 89' lang='lat' dir='ltr'><strong>ipsum</strong></span> <span class='ocrx_word' id='word_1_584' title='bbox 3135 3362 3480 3419; x_wconf 85' lang='lat' dir='ltr'><strong>Salomonem</strong></span> <span class='ocrx_word' id='word_1_585' title='bbox 3516 3376 3713 3417; x_wconf 83' lang='lat' dir='ltr'><strong>verum</strong></span> <span class='ocrx_word' id='word_1_586' title='bbox 3740 3360 3826 3416; x_wconf 81' lang='lat' dir='ltr'><strong>in-</strong></span> 
     </span>
    </p>
   </div>
   <div class='ocr_carea' id='block_1_48' title="bbox 2227 3452 3824 3527">
    <p class='ocr_par' dir='ltr' id='par_1_48' title="bbox 2227 3452 3824 3527">
     <span class='ocr_line' id='line_1_48' title="bbox 2227 3452 3824 3527; baseline 0 -19"><span class='ocrx_word' id='word_1_587' title='bbox 2227 3452 2541 3527; x_wconf 88' lang='lat' dir='ltr'><strong>telligimus,</strong></span> <span class='ocrx_word' id='word_1_588' title='bbox 2584 3453 2713 3524; x_wconf 90' lang='lat' dir='ltr'><strong>quia</strong></span> <span class='ocrx_word' id='word_1_589' title='bbox 2767 3470 2961 3510; x_wconf 88' lang='lat' dir='ltr'><strong>omnes</strong></span> <span class='ocrx_word' id='word_1_590' title='bbox 3018 3453 3214 3508; x_wconf 75' lang='lat' dir='ltr'><strong>animae</strong></span> <span class='ocrx_word' id='word_1_591' title='bbox 3261 3453 3601 3509; x_wconf 67' lang='lat' dir='ltr'><strong>adhaerentes</strong></span> <span class='ocrx_word' id='word_1_592' title='bbox 3662 3452 3824 3519; x_wconf 83' lang='lat' dir='ltr'><strong>Deo.</strong></span> 
     </span>
    </p>
   </div>
   <div class='ocr_carea' id='block_1_49' title="bbox 2225 3544 3827 3620">
    <p class='ocr_par' dir='ltr' id='par_1_49' title="bbox 2225 3544 3827 3620">
     <span class='ocr_line' id='line_1_49' title="bbox 2225 3544 3827 3620; baseline -0.001 -19"><span class='ocrx_word' id='word_1_593' title='bbox 2225 3546 2396 3620; x_wconf 87' lang='lat' dir='ltr'><strong>pelles</strong></span> <span class='ocrx_word' id='word_1_594' title='bbox 2430 3545 2737 3603; x_wconf 86' lang='lat' dir='ltr'><strong>Salomonis</strong></span> <span class='ocrx_word' id='word_1_595' title='bbox 2771 3557 2901 3602; x_wconf 90' lang='lat' dir='ltr'><strong>sunt</strong></span> <span class='ocrx_word' id='word_1_596' title='bbox 2940 3554 3284 3604; x_wconf 85' lang='lat' dir='ltr'><strong>macerantes</strong></span> <span class='ocrx_word' id='word_1_597' title='bbox 3312 3547 3520 3618; x_wconf 84' lang='lat' dir='ltr'><strong>seipsas</strong></span> <span class='ocrx_word' id='word_1_598' title='bbox 3546 3552 3603 3601; x_wconf 90' lang='lat' dir='ltr'><strong>et</strong></span> <span class='ocrx_word' id='word_1_599' title='bbox 3632 3545 3691 3600; x_wconf 84' lang='lat' dir='ltr'><strong>in</strong></span> <span class='ocrx_word' id='word_1_600' title='bbox 3724 3544 3827 3600; x_wconf 84' lang='lat' dir='ltr'><strong>ob-</strong></span> 
     </span>
    </p>
   </div>
   <div class='ocr_carea' id='block_1_50' title="bbox 2228 3633 3828 3710">
    <p class='ocr_par' dir='ltr' id='par_1_50' title="bbox 2228 3633 3828 3710">
     <span class='ocr_line' id='line_1_50' title="bbox 2228 3633 3828 3710; baseline -0.002 -15"><span class='ocrx_word' id='word_1_601' title='bbox 2228 3640 2479 3710; x_wconf 88' lang='lat' dir='ltr'><strong>sequium</strong></span> <span class='ocrx_word' id='word_1_602' title='bbox 2524 3637 2668 3709; x_wconf 87' lang='lat' dir='ltr'><strong>regis</strong></span> <span class='ocrx_word' id='word_1_603' title='bbox 2710 3638 2862 3710; x_wconf 83' lang='lat' dir='ltr'><strong>pacis</strong></span> <span class='ocrx_word' id='word_1_604' title='bbox 2902 3638 3237 3709; x_wconf 84' lang='lat' dir='ltr'><strong>redigentes.</strong></span> <span class='ocrx_word' id='word_1_605' title='bbox 3277 3638 3409 3693; x_wconf 86' lang='lat' dir='ltr'><strong>Sum</strong></span> <span class='ocrx_word' id='word_1_606' title='bbox 3445 3651 3579 3693; x_wconf 88' lang='lat' dir='ltr'><strong>vero</strong></span> <span class='ocrx_word' id='word_1_607' title='bbox 3613 3633 3828 3704; x_wconf 83' lang='lat' dir='ltr'><strong>judicio</strong></span> 
     </span>
    </p>
   </div>
   <div class='ocr_carea' id='block_1_51' title="bbox 2228 3728 3830 3801">
    <p class='ocr_par' dir='ltr' id='par_1_51' title="bbox 2228 3728 3830 3801">
     <span class='ocr_line' id='line_1_51' title="bbox 2228 3728 3830 3801; baseline -0.002 -14"><span class='ocrx_word' id='word_1_608' title='bbox 2228 3739 2416 3787; x_wconf 87' lang='lat' dir='ltr'><strong>vestro</strong></span> <span class='ocrx_word' id='word_1_609' title='bbox 2445 3730 2587 3788; x_wconf 87' lang='lat' dir='ltr'><strong>sicut</strong></span> <span class='ocrx_word' id='word_1_610' title='bbox 2614 3731 2965 3787; x_wconf 81' lang='lat' dir='ltr'><strong>tabernacula</strong></span> <span class='ocrx_word' id='word_1_611' title='bbox 3007 3730 3203 3798; x_wconf 85' lang='lat' dir='ltr'><strong>Cedar,</strong></span> <span class='ocrx_word' id='word_1_612' title='bbox 3236 3730 3363 3801; x_wconf 89' lang='lat' dir='ltr'><strong>quia</strong></span> <span class='ocrx_word' id='word_1_613' title='bbox 3396 3729 3551 3800; x_wconf 84' lang='lat' dir='ltr'><strong>quasi</strong></span> <span class='ocrx_word' id='word_1_614' title='bbox 3576 3728 3633 3784; x_wconf 90' lang='lat' dir='ltr'><strong>in</strong></span> <span class='ocrx_word' id='word_1_615' title='bbox 3682 3728 3830 3784; x_wconf 71' lang='lat' dir='ltr'><strong>viam</strong></span> 
     </span>
    </p>
   </div>
   <div class='ocr_carea' id='block_1_52' title="bbox 2228 3821 3828 3896">
    <p class='ocr_par' dir='ltr' id='par_1_52' title="bbox 2228 3821 3828 3896">
     <span class='ocr_line' id='line_1_52' title="bbox 2228 3821 3828 3896; baseline -0.001 -18"><span class='ocrx_word' id='word_1_616' title='bbox 2228 3823 2470 3896; x_wconf 89' lang='lat' dir='ltr'><strong>gentium</strong></span> <span class='ocrx_word' id='word_1_617' title='bbox 2512 3823 2829 3881; x_wconf 79' lang='lat' dir='ltr'><strong>discessisse</strong></span> <span class='ocrx_word' id='word_1_618' title='bbox 2866 3823 3115 3894; x_wconf 88' lang='lat' dir='ltr'><strong>judicor;</strong></span> <span class='ocrx_word' id='word_1_619' title='bbox 3163 3823 3259 3880; x_wconf 90' lang='lat' dir='ltr'><strong>sed</strong></span> <span class='ocrx_word' id='word_1_620' title='bbox 3315 3821 3471 3893; x_wconf 84' lang='lat' dir='ltr'><strong>juxta</strong></span> <span class='ocrx_word' id='word_1_621' title='bbox 3532 3821 3828 3878; x_wconf 70' lang='lat' dir='ltr'><strong>veritatem</strong></span> 
     </span>
    </p>
   </div>
   <div class='ocr_carea' id='block_1_53' title="bbox 2233 3915 3831 3991">
    <p class='ocr_par' dir='ltr' id='par_1_53' title="bbox 2233 3915 3831 3991">
     <span class='ocr_line' id='line_1_53' title="bbox 2233 3915 3831 3991; baseline -0.004 -15"><span class='ocrx_word' id='word_1_622' title='bbox 2233 3921 2379 3976; x_wconf 88' lang='lat' dir='ltr'><strong>sicut</strong></span> <span class='ocrx_word' id='word_1_623' title='bbox 2426 3920 2597 3991; x_wconf 89' lang='lat' dir='ltr'><strong>pelles</strong></span> <span class='ocrx_word' id='word_1_624' title='bbox 2650 3919 2964 3976; x_wconf 87' lang='lat' dir='ltr'><strong>Salomonis</strong></span> <span class='ocrx_word' id='word_1_625' title='bbox 3010 3934 3166 3987; x_wconf 89' lang='lat' dir='ltr'><strong>sum,</strong></span> <span class='ocrx_word' id='word_1_626' title='bbox 3222 3918 3351 3990; x_wconf 83' lang='lat' dir='ltr'><strong>quia</strong></span> <span class='ocrx_word' id='word_1_627' title='bbox 3400 3918 3455 3974; x_wconf 88' lang='lat' dir='ltr'><strong>in</strong></span> <span class='ocrx_word' id='word_1_628' title='bbox 3502 3915 3831 3987; x_wconf 77' lang='lat' dir='ltr'><strong>obsequium</strong></span> 
     </span>
    </p>
   </div>
   <div class='ocr_carea' id='block_1_54' title="bbox 2232 4008 3835 4086">
    <p class='ocr_par' dir='ltr' id='par_1_54' title="bbox 2232 4008 3835 4086">
     <span class='ocr_line' id='line_1_54' title="bbox 2232 4008 3835 4086; baseline -0.002 -17"><span class='ocrx_word' id='word_1_629' title='bbox 2232 4013 2379 4086; x_wconf 83' lang='lat' dir='ltr'><strong>regis</strong></span> <span class='ocrx_word' id='word_1_630' title='bbox 2402 4014 2683 4070; x_wconf 62' lang='lat' dir='ltr'><strong>adhaeret).</strong></span> <span class='ocrx_word' id='word_1_631' title='bbox 2737 4012 2916 4070; x_wconf 83' lang='lat' dir='ltr'><strong>Nolite</strong></span> <span class='ocrx_word' id='word_1_632' title='bbox 2957 4028 3045 4069; x_wconf 88' lang='lat' dir='ltr'><strong>me</strong></span> <span class='ocrx_word' id='word_1_633' title='bbox 3083 4012 3434 4069; x_wconf 88' lang='lat' dir='ltr'><strong>considerare</strong></span> <span class='ocrx_word' id='word_1_634' title='bbox 3478 4009 3629 4081; x_wconf 89' lang='lat' dir='ltr'><strong>quod</strong></span> <span class='ocrx_word' id='word_1_635' title='bbox 3676 4008 3835 4065; x_wconf 80' lang='lat' dir='ltr'><strong>fusca</strong></span> 
     </span>
    </p>
   </div>
   <div class='ocr_carea' id='block_1_55' title="bbox 2233 4099 3837 4177">
    <p class='ocr_par' dir='ltr' id='par_1_55' title="bbox 2233 4099 3837 4177">
     <span class='ocr_line' id='line_1_55' title="bbox 2233 4099 3837 4177; baseline -0.004 -15"><span class='ocrx_word' id='word_1_636' title='bbox 2233 4106 2360 4172; x_wconf 90' lang='lat' dir='ltr'><strong>sim,</strong></span> <span class='ocrx_word' id='word_1_637' title='bbox 2380 4107 2507 4177; x_wconf 88' lang='lat' dir='ltr'><strong>quia</strong></span> <span class='ocrx_word' id='word_1_638' title='bbox 2535 4105 2865 4163; x_wconf 86' lang='lat' dir='ltr'><strong>decoloravit</strong></span> <span class='ocrx_word' id='word_1_639' title='bbox 2886 4120 2974 4161; x_wconf 89' lang='lat' dir='ltr'><strong>me</strong></span> <span class='ocrx_word' id='word_1_640' title='bbox 2994 4105 3094 4162; x_wconf 90' lang='lat' dir='ltr'><strong>sol.</strong></span> <span class='ocrx_word' id='word_1_641' title='bbox 3120 4104 3491 4161; x_wconf 81' lang='lat' dir='ltr'><strong>Peccalricem</strong></span> <span class='ocrx_word' id='word_1_642' title='bbox 3514 4099 3837 4158; x_wconf 79' lang='lat' dir='ltr'><strong>attendebat</strong></span> 
     </span>
    </p>
   </div>
   <div class='ocr_carea' id='block_1_56' title="bbox 2234 4192 3839 4268">
    <p class='ocr_par' dir='ltr' id='par_1_56' title="bbox 2234 4192 3839 4268">
     <span class='ocr_line' id='line_1_56' title="bbox 2234 4192 3839 4268; baseline -0.003 -15"><span class='ocrx_word' id='word_1_643' title='bbox 2234 4196 2384 4253; x_wconf 87' lang='lat' dir='ltr'><strong>illam</strong></span> <span class='ocrx_word' id='word_1_644' title='bbox 2412 4204 2625 4268; x_wconf 86' lang='lat' dir='ltr'><strong>partem</strong></span> <span class='ocrx_word' id='word_1_645' title='bbox 2664 4211 2787 4267; x_wconf 61' lang='grc' dir='ltr'><strong>φη</strong></span> <span class='ocrx_word' id='word_1_646' title='bbox 2821 4195 3041 4252; x_wconf 87' lang='lat' dir='ltr'><strong>Christo</strong></span> <span class='ocrx_word' id='word_1_647' title='bbox 3070 4195 3400 4262; x_wconf 87' lang='lat' dir='ltr'><strong>crediderat,</strong></span> <span class='ocrx_word' id='word_1_648' title='bbox 3428 4208 3561 4264; x_wconf 85' lang='lat' dir='ltr'><strong>pars</strong></span> <span class='ocrx_word' id='word_1_649' title='bbox 3590 4192 3685 4248; x_wconf 81' lang='lat' dir='ltr'><strong>illa</strong></span> <span class='ocrx_word' id='word_1_650' title='bbox 3712 4206 3839 4264; x_wconf 61' lang='lat' dir='ltr'><strong>qua</strong></span> 
     </span>
    </p>
   </div>
   <div class='ocr_carea' id='block_1_57' title="bbox 2234 4284 3673 4364">
    <p class='ocr_par' dir='ltr' id='par_1_57' title="bbox 2234 4284 3673 4364">
     <span class='ocr_line' id='line_1_57' title="bbox 2234 4284 3673 4364; baseline -0.001 -22"><span class='ocrx_word' id='word_1_651' title='bbox 2234 4302 2345 4344; x_wconf 88' lang='lat' dir='ltr'><strong>non</strong></span> <span class='ocrx_word' id='word_1_652' title='bbox 2371 4286 2706 4343; x_wconf 88' lang='lat' dir='ltr'><strong>crediderat.</strong></span> <span class='ocrx_word' id='word_1_653' title='bbox 2735 4284 2845 4342; x_wconf 84' lang='lat' dir='ltr'><strong>Sed</strong></span> <span class='ocrx_word' id='word_1_654' title='bbox 2864 4287 3012 4342; x_wconf 87' lang='lat' dir='ltr'><strong>dicat</strong></span> <span class='ocrx_word' id='word_1_655' title='bbox 3033 4285 3136 4342; x_wconf 81' lang='lat' dir='ltr'><strong>ista</strong></span> <span class='ocrx_word' id='word_1_656' title='bbox 3171 4304 3186 4341; x_wconf 87' lang='lat'><strong>:</strong></span> <span class='ocrx_word' id='word_1_657' title='bbox 3660 4359 3673 4364; x_wconf 89' lang='lat'>_</span> 
     </span>
    </p>
   </div>
   <div class='ocr_carea' id='block_1_58' title="bbox 2314 4370 3832 4448">
    <p class='ocr_par' dir='ltr' id='par_1_58' title="bbox 2314 4370 3832 4448">
     <span class='ocr_line' id='line_1_58' title="bbox 2314 4370 3832 4448; baseline -0.003 -17"><span class='ocrx_word' id='word_1_658' title='bbox 2314 4398 2333 4431; x_wconf 72' lang='grc' dir='ltr'><strong>ι</strong></span> <span class='ocrx_word' id='word_1_659' title='bbox 2369 4377 2547 4434; x_wconf 84' lang='lat' dir='ltr'><strong>Nolite</strong></span> <span class='ocrx_word' id='word_1_660' title='bbox 2572 4393 2660 4434; x_wconf 89' lang='lat' dir='ltr'><strong>me</strong></span> <span class='ocrx_word' id='word_1_661' title='bbox 2682 4377 3031 4434; x_wconf 85' lang='lat' dir='ltr'><strong>considerare</strong></span> <span class='ocrx_word' id='word_1_662' title='bbox 3057 4376 3201 4448; x_wconf 90' lang='lat' dir='ltr'><strong>quod</strong></span> <span class='ocrx_word' id='word_1_663' title='bbox 3226 4375 3377 4432; x_wconf 81' lang='lat' dir='ltr'><strong>fusca</strong></span> <span class='ocrx_word' id='word_1_664' title='bbox 3405 4375 3508 4430; x_wconf 86' lang='lat' dir='ltr'><strong>sim</strong></span> <span class='ocrx_word' id='word_1_665' title='bbox 3524 4415 3541 4441; x_wconf 94' lang='lat'><strong>,</strong></span> <span class='ocrx_word' id='word_1_666' title='bbox 3578 4372 3713 4443; x_wconf 86' lang='lat' dir='ltr'><strong>quia</strong></span> <span class='ocrx_word' id='word_1_667' title='bbox 3736 4370 3832 4428; x_wconf 84' lang='lat' dir='ltr'><strong>de-</strong></span> 
     </span>
    </p>
   </div>
   <div class='ocr_carea' id='block_1_59' title="bbox 2242 4466 3834 4542">
    <p class='ocr_par' dir='ltr' id='par_1_59' title="bbox 2242 4466 3834 4542">
     <span class='ocr_line' id='line_1_59' title="bbox 2242 4466 3834 4542; baseline -0.002 -17"><span class='ocrx_word' id='word_1_668' title='bbox 2242 4490 2262 4525; x_wconf 76' lang='lat' dir='ltr'><strong>r</strong></span> <span class='ocrx_word' id='word_1_669' title='bbox 2290 4471 2551 4527; x_wconf 87' lang='lat' dir='ltr'><strong>coloravit</strong></span> <span class='ocrx_word' id='word_1_670' title='bbox 2588 4486 2675 4527; x_wconf 90' lang='lat' dir='ltr'><strong>me</strong></span> <span class='ocrx_word' id='word_1_671' title='bbox 2714 4471 2813 4529; x_wconf 87' lang='lat' dir='ltr'><strong>sol.</strong></span> <span class='ocrx_word' id='word_1_672' title='bbox 2853 4490 2873 4524; x_wconf 75' lang='grc' dir='ltr'><strong>ι</strong></span> <span class='ocrx_word' id='word_1_673' title='bbox 2907 4469 2999 4527; x_wconf 86' lang='lat' dir='ltr'><strong>Sol</strong></span> <span class='ocrx_word' id='word_1_674' title='bbox 3028 4470 3144 4542; x_wconf 81' lang='lat' dir='ltr'><strong>ipse</strong></span> <span class='ocrx_word' id='word_1_675' title='bbox 3169 4469 3433 4525; x_wconf 84' lang='lat' dir='ltr'><strong>Dominus</strong></span> <span class='ocrx_word' id='word_1_676' title='bbox 3458 4468 3577 4539; x_wconf 86' lang='lat' dir='ltr'><strong>ipse</strong></span> <span class='ocrx_word' id='word_1_677' title='bbox 3602 4466 3834 4523; x_wconf 74' lang='lat' dir='ltr'><strong>veniens</strong></span> 
     </span>
    </p>
   </div>
   <div class='ocr_carea' id='block_1_60' title="bbox 550 4557 3841 4659">
    <p class='ocr_par' dir='ltr' id='par_1_60' title="bbox 550 4557 3841 4659">
     <span class='ocr_line' id='line_1_60' title="bbox 550 4557 3841 4659; baseline -0.002 -41"><span class='ocrx_word' id='word_1_678' title='bbox 550 4562 691 4618; x_wconf 83' lang='lat' dir='ltr'><strong>bona</strong></span> <span class='ocrx_word' id='word_1_679' title='bbox 714 4576 879 4634; x_wconf 85' lang='lat' dir='ltr'><strong>opera</strong></span> <span class='ocrx_word' id='word_1_680' title='bbox 905 4578 1005 4636; x_wconf 90' lang='lat' dir='ltr'><strong>per</strong></span> <span class='ocrx_word' id='word_1_681' title='bbox 1032 4578 1274 4620; x_wconf 85' lang='lat' dir='ltr'><strong>amorem</strong></span> <span class='ocrx_word' id='word_1_682' title='bbox 1305 4564 1437 4635; x_wconf 79' lang='lat' dir='ltr'><strong>agit,</strong></span> <span class='ocrx_word' id='word_1_683' title='bbox 1465 4572 1522 4618; x_wconf 90' lang='lat' dir='ltr'><strong>et</strong></span> <span class='ocrx_word' id='word_1_684' title='bbox 1550 4564 1606 4618; x_wconf 92' lang='lat' dir='ltr'><strong>in</strong></span> <span class='ocrx_word' id='word_1_685' title='bbox 1634 4577 1798 4632; x_wconf 89' lang='lat' dir='ltr'><strong>opere</strong></span> <span class='ocrx_word' id='word_1_686' title='bbox 1829 4569 1884 4617; x_wconf 86' lang='lat' dir='ltr'><strong>et</strong></span> <span class='ocrx_word' id='word_1_687' title='bbox 1919 4561 2132 4618; x_wconf 87' lang='lat' dir='ltr'><strong>deside-</strong></span> <span class='ocrx_word' id='word_1_688' title='bbox 2156 4596 2212 4659; x_wconf 68' lang='grc' dir='ltr'><strong><em>Β</em></strong></span> <span class='ocrx_word' id='word_1_689' title='bbox 2237 4565 2571 4622; x_wconf 89' lang='lat' dir='ltr'><strong>decoloravit</strong></span> <span class='ocrx_word' id='word_1_690' title='bbox 2598 4579 2713 4632; x_wconf 89' lang='lat' dir='ltr'><strong>me,</strong></span> <span class='ocrx_word' id='word_1_691' title='bbox 2746 4564 3030 4637; x_wconf 66' lang='lat' dir='ltr'><strong>praeceptis</strong></span> <span class='ocrx_word' id='word_1_692' title='bbox 3073 4564 3188 4620; x_wconf 89' lang='lat' dir='ltr'><strong>suis</strong></span> <span class='ocrx_word' id='word_1_693' title='bbox 3227 4561 3495 4625; x_wconf 85' lang='lat' dir='ltr'><strong>ostendit,</strong></span> <span class='ocrx_word' id='word_1_694' title='bbox 3540 4559 3674 4631; x_wconf 87' lang='lat' dir='ltr'><strong>quia</strong></span> <span class='ocrx_word' id='word_1_695' title='bbox 3719 4557 3841 4659; x_wconf 72' lang='lat' dir='ltr'><strong>pul-</strong></span> 
     </span>
    </p>
   </div>
   <div class='ocr_carea' id='block_1_61' title="bbox 550 4656 2134 4717">
    <p class='ocr_par' dir='ltr' id='par_1_61' title="bbox 550 4656 2134 4717">
     <span class='ocr_line' id='line_1_61' title="bbox 550 4656 2134 4717; baseline 0 -4"><span class='ocrx_word' id='word_1_696' title='bbox 550 4656 637 4713; x_wconf 91' lang='lat' dir='ltr'><strong>rio</strong></span> <span class='ocrx_word' id='word_1_697' title='bbox 697 4666 881 4714; x_wconf 84' lang='lat' dir='ltr'><strong>rectus</strong></span> <span class='ocrx_word' id='word_1_698' title='bbox 942 4668 1045 4717; x_wconf 84' lang='lat' dir='ltr'><strong>est.</strong></span> <span class='ocrx_word' id='word_1_699' title='bbox 1110 4658 1218 4715; x_wconf 86' lang='lat' dir='ltr'><strong>Sed</strong></span> <span class='ocrx_word' id='word_1_700' title='bbox 1282 4658 1514 4713; x_wconf 79' lang='lat' dir='ltr'><strong>dulcedo</strong></span> <span class='ocrx_word' id='word_1_701' title='bbox 1565 4656 1771 4711; x_wconf 88' lang='lat' dir='ltr'><strong>amoris</strong></span> <span class='ocrx_word' id='word_1_702' title='bbox 1818 4656 2134 4713; x_wconf 88' lang='lat' dir='ltr'><strong>timentibus</strong></span> 
     </span>
    </p>
   </div>
   <div class='ocr_carea' id='block_1_62' title="bbox 552 4747 2134 4820">
    <p class='ocr_par' dir='ltr' id='par_1_62' title="bbox 552 4747 2134 4820">
     <span class='ocr_line' id='line_1_62' title="bbox 552 4747 2134 4820; baseline 0.001 -18"><span class='ocrx_word' id='word_1_703' title='bbox 552 4747 920 4807; x_wconf 74' lang='lat' dir='ltr'><strong>absconditur.</strong></span> <span class='ocrx_word' id='word_1_704' title='bbox 968 4750 1121 4808; x_wconf 87' lang='lat' dir='ltr'><strong>Unde</strong></span> <span class='ocrx_word' id='word_1_705' title='bbox 1176 4751 1440 4820; x_wconf 85' lang='lat' dir='ltr'><strong>scriptum</strong></span> <span class='ocrx_word' id='word_1_706' title='bbox 1488 4755 1609 4804; x_wconf 88' lang='lat' dir='ltr'><strong>est:</strong></span> <span class='ocrx_word' id='word_1_707' title='bbox 1646 4766 1666 4801; x_wconf 71' lang='grc' dir='ltr'><strong>ι</strong></span> <span class='ocrx_word' id='word_1_708' title='bbox 1713 4747 1887 4817; x_wconf 87' lang='lat' dir='ltr'><strong>Quam</strong></span> <span class='ocrx_word' id='word_1_709' title='bbox 1940 4765 2134 4820; x_wconf 86' lang='lat' dir='ltr'><strong>magna</strong></span> 
     </span>
    </p>
   </div>
   <div class='ocr_carea' id='block_1_63' title="bbox 549 4840 2137 4911">
    <p class='ocr_par' dir='ltr' id='par_1_63' title="bbox 549 4840 2137 4911">
     <span class='ocr_line' id='line_1_63' title="bbox 549 4840 2137 4911; baseline 0 -13"><span class='ocrx_word' id='word_1_710' title='bbox 549 4840 839 4898; x_wconf 75' lang='lat' dir='ltr'><strong>multitudo</strong></span> <span class='ocrx_word' id='word_1_711' title='bbox 879 4841 1179 4898; x_wconf 88' lang='lat' dir='ltr'><strong>dulcedinis</strong></span> <span class='ocrx_word' id='word_1_712' title='bbox 1226 4852 1353 4908; x_wconf 69' lang='lat' dir='ltr'><strong>tum,</strong></span> <span class='ocrx_word' id='word_1_713' title='bbox 1407 4840 1654 4907; x_wconf 89' lang='lat' dir='ltr'><strong>Domine,</strong></span> <span class='ocrx_word' id='word_1_714' title='bbox 1686 4857 1853 4911; x_wconf 82' lang='lat' dir='ltr'><strong>quam</strong></span> <span class='ocrx_word' id='word_1_715' title='bbox 1902 4843 2137 4898; x_wconf 85' lang='lat' dir='ltr'><strong>abscon-</strong></span> 
     </span>
    </p>
   </div>
   <div class='ocr_carea' id='block_1_64' title="bbox 551 4932 2137 5006">
    <p class='ocr_par' dir='ltr' id='par_1_64' title="bbox 551 4932 2137 5006">
     <span class='ocr_line' id='line_1_64' title="bbox 551 4932 2137 5006; baseline 0.001 -17"><span class='ocrx_word' id='word_1_716' title='bbox 551 4932 677 4989; x_wconf 88' lang='lat' dir='ltr'><strong>disti</strong></span> <span class='ocrx_word' id='word_1_717' title='bbox 705 4932 1024 4989; x_wconf 88' lang='lat' dir='ltr'><strong>timentibus</strong></span> <span class='ocrx_word' id='word_1_718' title='bbox 1056 4943 1132 4999; x_wconf 91' lang='lat' dir='ltr'><strong>te,</strong></span> <span class='ocrx_word' id='word_1_719' title='bbox 1160 4942 1220 4989; x_wconf 88' lang='lat' dir='ltr'><strong>et</strong></span> <span class='ocrx_word' id='word_1_720' title='bbox 1259 4932 1533 5006; x_wconf 81' lang='lat' dir='ltr'><strong>periecisti</strong></span> <span class='ocrx_word' id='word_1_721' title='bbox 1575 4948 1639 4989; x_wconf 89' lang='lat' dir='ltr'><strong>ea</strong></span> <span class='ocrx_word' id='word_1_722' title='bbox 1687 4935 2034 5005; x_wconf 85' lang='lat' dir='ltr'><strong>sperantibus</strong></span> <span class='ocrx_word' id='word_1_723' title='bbox 2082 4934 2137 4990; x_wconf 89' lang='lat' dir='ltr'><strong>in</strong></span> 
     </span>
    </p>
   </div>
   <div class='ocr_carea' id='block_1_65' title="bbox 553 5022 2136 5097">
    <p class='ocr_par' dir='ltr' id='par_1_65' title="bbox 553 5022 2136 5097">
     <span class='ocr_line' id='line_1_65' title="bbox 553 5022 2136 5097; baseline -0.002 -16"><span class='ocrx_word' id='word_1_724' title='bbox 553 5032 605 5081; x_wconf 87' lang='lat' dir='ltr'><strong>te</strong></span> <span class='ocrx_word' id='word_1_725' title='bbox 630 5022 745 5096; x_wconf 81' lang='lat' dir='ltr'><strong>(Ps.</strong></span> <span class='ocrx_word' id='word_1_726' title='bbox 776 5024 933 5097; x_wconf 79' lang='grc' dir='ltr'><strong>ιιι).</strong></span> <span class='ocrx_word' id='word_1_727' title='bbox 978 5044 998 5079; x_wconf 75' lang='grc' dir='ltr'><strong>ι</strong></span> <span class='ocrx_word' id='word_1_728' title='bbox 1032 5023 1271 5081; x_wconf 84' lang='lat' dir='ltr'><strong>Dulcedo</strong></span> <span class='ocrx_word' id='word_1_729' title='bbox 1298 5025 1443 5083; x_wconf 91' lang='lat' dir='ltr'><strong>enim</strong></span> <span class='ocrx_word' id='word_1_730' title='bbox 1474 5026 1643 5081; x_wconf 84' lang='lat' dir='ltr'><strong>Deum</strong></span> <span class='ocrx_word' id='word_1_731' title='bbox 1687 5025 2004 5081; x_wconf 89' lang='lat' dir='ltr'><strong>timentibus</strong></span> <span class='ocrx_word' id='word_1_732' title='bbox 2048 5024 2136 5078; x_wconf 84' lang='lat' dir='ltr'><strong>in-</strong></span> 
     </span>
    </p>
   </div>
   <div class='ocr_carea' id='block_1_66' title="bbox 552 5119 2138 5191">
    <p class='ocr_par' dir='ltr' id='par_1_66' title="bbox 552 5119 2138 5191">
     <span class='ocr_line' id='line_1_66' title="bbox 552 5119 2138 5191; baseline -0.001 -16"><span class='ocrx_word' id='word_1_733' title='bbox 552 5120 767 5191; x_wconf 78' lang='lat' dir='ltr'><strong>cognita</strong></span> <span class='ocrx_word' id='word_1_734' title='bbox 789 5126 896 5183; x_wconf 86' lang='lat' dir='ltr'><strong>est,</strong></span> <span class='ocrx_word' id='word_1_735' title='bbox 923 5119 1233 5175; x_wconf 82' lang='lat' dir='ltr'><strong>amantibus</strong></span> <span class='ocrx_word' id='word_1_736' title='bbox 1273 5119 1333 5175; x_wconf 87' lang='lat' dir='ltr'><strong>iit</strong></span> <span class='ocrx_word' id='word_1_737' title='bbox 1377 5128 1523 5176; x_wconf 87' lang='lat' dir='ltr'><strong>nota.</strong></span> <span class='ocrx_word' id='word_1_738' title='bbox 1556 5120 1658 5188; x_wconf 87' lang='lat' dir='ltr'><strong>Qui</strong></span> <span class='ocrx_word' id='word_1_739' title='bbox 1684 5132 1815 5190; x_wconf 81' lang='lat' dir='ltr'><strong>ergo</strong></span> <span class='ocrx_word' id='word_1_740' title='bbox 1852 5132 1951 5188; x_wconf 89' lang='lat' dir='ltr'><strong>per</strong></span> <span class='ocrx_word' id='word_1_741' title='bbox 1981 5132 2138 5173; x_wconf 38' lang='lat' dir='ltr'><strong>amo;</strong></span> 
     </span>
    </p>
   </div>
   <div class='ocr_carea' id='block_1_67' title="bbox 550 5210 2135 5286">
    <p class='ocr_par' dir='ltr' id='par_1_67' title="bbox 550 5210 2135 5286">
     <span class='ocr_line' id='line_1_67' title="bbox 550 5210 2135 5286; baseline -0.004 -16"><span class='ocrx_word' id='word_1_742' title='bbox 550 5227 667 5270; x_wconf 87' lang='lat' dir='ltr'><strong>rem</strong></span> <span class='ocrx_word' id='word_1_743' title='bbox 697 5212 967 5269; x_wconf 88' lang='lat' dir='ltr'><strong>studuerit</strong></span> <span class='ocrx_word' id='word_1_744' title='bbox 984 5222 1168 5269; x_wconf 82' lang='lat' dir='ltr'><strong>rectus</strong></span> <span class='ocrx_word' id='word_1_745' title='bbox 1187 5226 1331 5280; x_wconf 86' lang='lat' dir='ltr'><strong>esse,</strong></span> <span class='ocrx_word' id='word_1_746' title='bbox 1355 5213 1595 5286; x_wconf 82' lang='lat' dir='ltr'><strong>perfecta</strong></span> <span class='ocrx_word' id='word_1_747' title='bbox 1623 5211 1842 5268; x_wconf 86' lang='lat' dir='ltr'><strong>dilectio</strong></span> <span class='ocrx_word' id='word_1_748' title='bbox 1863 5210 2011 5267; x_wconf 78' lang='lat' dir='ltr'><strong>illius</strong></span> <span class='ocrx_word' id='word_1_749' title='bbox 2030 5217 2135 5275; x_wconf 65' lang='lat' dir='ltr'><strong>est,</strong></span> 
     </span>
    </p>
   </div>
   <div class='ocr_carea' id='block_1_68' title="bbox 551 5300 2139 5376">
    <p class='ocr_par' dir='ltr' id='par_1_68' title="bbox 551 5300 2139 5376">
     <span class='ocr_line' id='line_1_68' title="bbox 551 5300 2139 5376; baseline -0.003 -15"><span class='ocrx_word' id='word_1_750' title='bbox 551 5305 865 5376; x_wconf 85' lang='lat' dir='ltr'><strong>utjudicem</strong></span> <span class='ocrx_word' id='word_1_751' title='bbox 914 5305 1219 5363; x_wconf 86' lang='lat' dir='ltr'><strong>venientem</strong></span> <span class='ocrx_word' id='word_1_752' title='bbox 1275 5320 1382 5362; x_wconf 92' lang='lat' dir='ltr'><strong>non</strong></span> <span class='ocrx_word' id='word_1_753' title='bbox 1431 5305 1641 5369; x_wconf 89' lang='lat' dir='ltr'><strong>timeat,</strong></span> <span class='ocrx_word' id='word_1_754' title='bbox 1695 5311 1759 5359; x_wconf 88' lang='lat' dir='ltr'><strong>ut</strong></span> <span class='ocrx_word' id='word_1_755' title='bbox 1798 5301 2027 5373; x_wconf 88' lang='lat' dir='ltr'><strong>quiquid</strong></span> <span class='ocrx_word' id='word_1_756' title='bbox 2070 5300 2139 5356; x_wconf 85' lang='lat' dir='ltr'><strong>de</strong></span> 
     </span>
    </p>
   </div>
   <div class='ocr_carea' id='block_1_69' title="bbox 555 5394 2142 5471">
    <p class='ocr_par' dir='ltr' id='par_1_69' title="bbox 555 5394 2142 5471">
     <span class='ocr_line' id='line_1_69' title="bbox 555 5394 2142 5471; baseline -0.003 -19"><span class='ocrx_word' id='word_1_757' title='bbox 555 5397 775 5453; x_wconf 58' lang='lat' dir='ltr'><strong>alternis</strong></span> <span class='ocrx_word' id='word_1_758' title='bbox 807 5397 1083 5471; x_wconf 83' lang='lat' dir='ltr'><strong>suppliciis</strong></span> <span class='ocrx_word' id='word_1_759' title='bbox 1128 5398 1386 5466; x_wconf 89' lang='lat' dir='ltr'><strong>audierit,</strong></span> <span class='ocrx_word' id='word_1_760' title='bbox 1437 5413 1547 5454; x_wconf 90' lang='lat' dir='ltr'><strong>non</strong></span> <span class='ocrx_word' id='word_1_761' title='bbox 1578 5395 1853 5452; x_wconf 81' lang='lat' dir='ltr'><strong>formidet.</strong></span> <span class='ocrx_word' id='word_1_762' title='bbox 1898 5394 2052 5451; x_wconf 89' lang='lat' dir='ltr'><strong>Unde</strong></span> <span class='ocrx_word' id='word_1_763' title='bbox 2085 5400 2142 5450; x_wconf 91' lang='lat' dir='ltr'><strong>et</strong></span> 
     </span>
    </p>
   </div>
   <div class='ocr_carea' id='block_1_70' title="bbox 553 5486 2138 5561">
    <p class='ocr_par' dir='ltr' id='par_1_70' title="bbox 553 5486 2138 5561">
     <span class='ocr_line' id='line_1_70' title="bbox 553 5486 2138 5561; baseline -0.003 -17"><span class='ocrx_word' id='word_1_764' title='bbox 553 5488 755 5546; x_wconf 82' lang='lat' dir='ltr'><strong>Paulus</strong></span> <span class='ocrx_word' id='word_1_765' title='bbox 806 5490 933 5548; x_wconf 89' lang='lat' dir='ltr'><strong>dum</strong></span> <span class='ocrx_word' id='word_1_766' title='bbox 990 5489 1287 5548; x_wconf 85' lang='lat' dir='ltr'><strong>adventum</strong></span> <span class='ocrx_word' id='word_1_767' title='bbox 1339 5488 1541 5561; x_wconf 77' lang='lat' dir='ltr'><strong>iudicis</strong></span> <span class='ocrx_word' id='word_1_768' title='bbox 1600 5493 1964 5560; x_wconf 82' lang='lat' dir='ltr'><strong>exspectaret.</strong></span> <span class='ocrx_word' id='word_1_769' title='bbox 2009 5486 2138 5541; x_wconf 86' lang='lat' dir='ltr'><strong>dum</strong></span> 
     </span>
    </p>
   </div>
   <div class='ocr_carea' id='block_1_71' title="bbox 554 5581 2141 5659">
    <p class='ocr_par' dir='ltr' id='par_1_71' title="bbox 554 5581 2141 5659">
     <span class='ocr_line' id='line_1_71' title="bbox 554 5581 2141 5659; baseline -0.003 -20"><span class='ocrx_word' id='word_1_770' title='bbox 554 5586 779 5655; x_wconf 73' lang='lat' dir='ltr'><strong>prmia</strong></span> <span class='ocrx_word' id='word_1_771' title='bbox 804 5596 1021 5643; x_wconf 62' lang='lat' dir='ltr'><strong>retunso</strong></span> <span class='ocrx_word' id='word_1_772' title='bbox 1047 5586 1173 5643; x_wconf 66' lang='lat' dir='ltr'><strong>vitae</strong></span> <span class='ocrx_word' id='word_1_773' title='bbox 1198 5594 1487 5659; x_wconf 61' lang='lat' dir='ltr'><strong>quaereret,</strong></span> <span class='ocrx_word' id='word_1_774' title='bbox 1515 5584 1687 5640; x_wconf 87' lang='lat' dir='ltr'><strong>dixit:</strong></span> <span class='ocrx_word' id='word_1_775' title='bbox 1719 5602 1741 5636; x_wconf 74' lang='grc' dir='ltr'><strong>ι</strong></span> <span class='ocrx_word' id='word_1_776' title='bbox 1771 5581 1905 5650; x_wconf 62' lang='lat' dir='ltr'><strong>Quae</strong></span> <span class='ocrx_word' id='word_1_777' title='bbox 1928 5596 2141 5652; x_wconf 83' lang='lat' dir='ltr'><strong>praepa-</strong></span> 
     </span>
    </p>
   </div>
   <div class='ocr_carea' id='block_1_72' title="bbox 556 5677 2146 5753">
    <p class='ocr_par' dir='ltr' id='par_1_72' title="bbox 556 5677 2146 5753">
     <span class='ocr_line' id='line_1_72' title="bbox 556 5677 2146 5753; baseline -0.003 -16"><span class='ocrx_word' id='word_1_778' title='bbox 556 5683 701 5737; x_wconf 82' lang='lat' dir='ltr'><strong>ravit</strong></span> <span class='ocrx_word' id='word_1_779' title='bbox 726 5682 866 5739; x_wconf 88' lang='lat' dir='ltr'><strong>Deus</strong></span> <span class='ocrx_word' id='word_1_780' title='bbox 889 5698 998 5739; x_wconf 91' lang='lat' dir='ltr'><strong>non</strong></span> <span class='ocrx_word' id='word_1_781' title='bbox 1022 5683 1196 5739; x_wconf 90' lang='lat' dir='ltr'><strong>solum</strong></span> <span class='ocrx_word' id='word_1_782' title='bbox 1226 5684 1382 5753; x_wconf 89' lang='lat' dir='ltr'><strong>mihi,</strong></span> <span class='ocrx_word' id='word_1_783' title='bbox 1410 5683 1507 5740; x_wconf 86' lang='lat' dir='ltr'><strong>sed</strong></span> <span class='ocrx_word' id='word_1_784' title='bbox 1528 5682 1781 5738; x_wconf 90' lang='lat' dir='ltr'><strong>omnibus</strong></span> <span class='ocrx_word' id='word_1_785' title='bbox 1800 5679 1892 5751; x_wconf 91' lang='lat' dir='ltr'><strong>qui</strong></span> <span class='ocrx_word' id='word_1_786' title='bbox 1917 5677 2146 5749; x_wconf 84' lang='lat' dir='ltr'><strong>diligunt</strong></span> 
     </span>
    </p>
   </div>
   <div class='ocr_carea' id='block_1_73' title="bbox 557 5772 2146 5849">
    <p class='ocr_par' dir='ltr' id='par_1_73' title="bbox 557 5772 2146 5849">
     <span class='ocr_line' id='line_1_73' title="bbox 557 5772 2146 5849; baseline -0.003 -21"><span class='ocrx_word' id='word_1_787' title='bbox 557 5772 851 5828; x_wconf 73' lang='lat' dir='ltr'><strong>adventum</strong></span> <span class='ocrx_word' id='word_1_788' title='bbox 877 5773 996 5844; x_wconf 80' lang='lat' dir='ltr'><strong>ejus</strong></span> <span class='ocrx_word' id='word_1_789' title='bbox 1027 5772 1114 5846; x_wconf 88' lang='grc'><strong>(11</strong></span> <span class='ocrx_word' id='word_1_790' title='bbox 1147 5775 1284 5831; x_wconf 80' lang='lat' dir='ltr'><strong>Tim.</strong></span> <span class='ocrx_word' id='word_1_791' title='bbox 1313 5776 1412 5849; x_wconf 81' lang='lat' dir='ltr'><strong>iv).</strong></span> <span class='ocrx_word' id='word_1_792' title='bbox 1443 5796 1465 5830; x_wconf 73' lang='grc' dir='ltr'><strong>ι</strong></span> <span class='ocrx_word' id='word_1_793' title='bbox 1506 5774 1737 5832; x_wconf 86' lang='lat' dir='ltr'><strong>Praemia</strong></span> <span class='ocrx_word' id='word_1_794' title='bbox 1767 5772 1911 5828; x_wconf 88' lang='lat' dir='ltr'><strong>enim</strong></span> <span class='ocrx_word' id='word_1_795' title='bbox 1942 5779 2146 5827; x_wconf 67' lang='lat' dir='ltr'><strong>atterna</strong></span> 
     </span>
    </p>
   </div>
   <div class='ocr_carea' id='block_1_74' title="bbox 556 5861 2147 5945">
    <p class='ocr_par' dir='ltr' id='par_1_74' title="bbox 556 5861 2147 5945">
     <span class='ocr_line' id='line_1_74' title="bbox 556 5861 2147 5945; baseline 0 -20"><span class='ocrx_word' id='word_1_796' title='bbox 926 5864 1169 5945; x_wconf 70' lang='lat' dir='ltr'><strong>iudicem</strong></span> <span class='ocrx_word' id='word_1_797' title='bbox 1188 5876 1586 5943; x_wconf 67' lang='lat' dir='ltr'><strong>praeparantur,</strong></span> <span class='ocrx_word' id='word_1_798' title='bbox 1618 5868 1747 5942; x_wconf 77' lang='lat' dir='ltr'><strong>quia</strong></span> <span class='ocrx_word' id='word_1_799' title='bbox 1771 5865 1949 5925; x_wconf 88' lang='lat' dir='ltr'><strong>omnis</strong></span> <span class='ocrx_word' id='word_1_800' title='bbox 1971 5865 2147 5941; x_wconf 76' lang='lat' dir='ltr'><strong>quise</strong></span> 
     </span>
    </p>
   </div>
   <div class='ocr_carea' id='block_1_75' title="bbox 2236 4651 3843 4730">
    <p class='ocr_par' dir='ltr' id='par_1_75' title="bbox 2236 4651 3843 4730">
     <span class='ocr_line' id='line_1_75' title="bbox 2236 4651 3843 4730; baseline -0.007 -13"><span class='ocrx_word' id='word_1_801' title='bbox 2236 4661 2369 4717; x_wconf 89' lang='lat' dir='ltr'><strong>chra</strong></span> <span class='ocrx_word' id='word_1_802' title='bbox 2410 4674 2517 4717; x_wconf 90' lang='lat' dir='ltr'><strong>non</strong></span> <span class='ocrx_word' id='word_1_803' title='bbox 2566 4660 2640 4714; x_wconf 81' lang='lat' dir='ltr'><strong>iui</strong></span> <span class='ocrx_word' id='word_1_804' title='bbox 2689 4658 2743 4714; x_wconf 90' lang='lat' dir='ltr'><strong>in</strong></span> <span class='ocrx_word' id='word_1_805' title='bbox 2792 4659 3077 4730; x_wconf 72' lang='lat' dir='ltr'><strong>prazceptis</strong></span> <span class='ocrx_word' id='word_1_806' title='bbox 3114 4657 3269 4729; x_wconf 82' lang='lat' dir='ltr'><strong>legis.</strong></span> <span class='ocrx_word' id='word_1_807' title='bbox 3303 4654 3397 4712; x_wconf 91' lang='lat' dir='ltr'><strong>Sol</strong></span> <span class='ocrx_word' id='word_1_808' title='bbox 3441 4668 3605 4726; x_wconf 83' lang='lat' dir='ltr'><strong>quem</strong></span> <span class='ocrx_word' id='word_1_809' title='bbox 3634 4651 3843 4708; x_wconf 77' lang='lat' dir='ltr'><strong>arctius</strong></span> 
     </span>
    </p>
   </div>
   <div class='ocr_carea' id='block_1_76' title="bbox 2237 4746 3843 4828">
    <p class='ocr_par' dir='ltr' id='par_1_76' title="bbox 2237 4746 3843 4828">
     <span class='ocr_line' id='line_1_76' title="bbox 2237 4746 3843 4828; baseline -0.008 -16"><span class='ocrx_word' id='word_1_810' title='bbox 2237 4756 2443 4828; x_wconf 81' lang='lat' dir='ltr'><strong>tangit,</strong></span> <span class='ocrx_word' id='word_1_811' title='bbox 2471 4756 2645 4825; x_wconf 88' lang='lat' dir='ltr'><strong>ipsum</strong></span> <span class='ocrx_word' id='word_1_812' title='bbox 2667 4752 3049 4811; x_wconf 84' lang='lat' dir='ltr'><strong>decoloravit:</strong></span> <span class='ocrx_word' id='word_1_813' title='bbox 3095 4753 3171 4808; x_wconf 85' lang='lat' dir='ltr'><strong>ita</strong></span> <span class='ocrx_word' id='word_1_814' title='bbox 3219 4758 3276 4807; x_wconf 89' lang='lat' dir='ltr'><strong>et</strong></span> <span class='ocrx_word' id='word_1_815' title='bbox 3319 4749 3581 4806; x_wconf 83' lang='lat' dir='ltr'><strong>Dominus</strong></span> <span class='ocrx_word' id='word_1_816' title='bbox 3612 4746 3843 4801; x_wconf 81' lang='lat' dir='ltr'><strong>veniens</strong></span> 
     </span>
    </p>
   </div>
   <div class='ocr_carea' id='block_1_77' title="bbox 2237 4837 3831 4919">
    <p class='ocr_par' dir='ltr' id='par_1_77' title="bbox 2237 4837 3831 4919">
     <span class='ocr_line' id='line_1_77' title="bbox 2237 4837 3831 4919; baseline -0.01 -14"><span class='ocrx_word' id='word_1_817' title='bbox 2237 4862 2400 4919; x_wconf 86' lang='lat' dir='ltr'><strong>quem</strong></span> <span class='ocrx_word' id='word_1_818' title='bbox 2428 4862 2526 4918; x_wconf 89' lang='lat' dir='ltr'><strong>per</strong></span> <span class='ocrx_word' id='word_1_819' title='bbox 2544 4847 2775 4917; x_wconf 86' lang='lat' dir='ltr'><strong>gratiam</strong></span> <span class='ocrx_word' id='word_1_820' title='bbox 2802 4861 2959 4903; x_wconf 89' lang='lat' dir='ltr'><strong>suam</strong></span> <span class='ocrx_word' id='word_1_821' title='bbox 2984 4844 3227 4902; x_wconf 84' lang='lat' dir='ltr'><strong>strictius</strong></span> <span class='ocrx_word' id='word_1_822' title='bbox 3250 4842 3427 4913; x_wconf 87' lang='lat' dir='ltr'><strong>tetigit</strong></span> <span class='ocrx_word' id='word_1_823' title='bbox 3453 4837 3793 4897; x_wconf 84' lang='lat' dir='ltr'><strong>decoloravit</strong></span> <span class='ocrx_word' id='word_1_824' title='bbox 3813 4877 3831 4902; x_wconf 87' lang='lat'><strong>,</strong></span> 
     </span>
    </p>
   </div>
   <div class='ocr_carea' id='block_1_78' title="bbox 2241 4931 3844 5015">
    <p class='ocr_par' dir='ltr' id='par_1_78' title="bbox 2241 4931 3844 5015">
     <span class='ocr_line' id='line_1_78' title="bbox 2241 4931 3844 5015; baseline -0.009 -16"><span class='ocrx_word' id='word_1_825' title='bbox 2241 4944 2368 5015; x_wconf 87' lang='lat' dir='ltr'><strong>quia</strong></span> <span class='ocrx_word' id='word_1_826' title='bbox 2396 4943 2523 4998; x_wconf 89' lang='lat' dir='ltr'><strong>dum</strong></span> <span class='ocrx_word' id='word_1_827' title='bbox 2548 4941 2665 5013; x_wconf 89' lang='lat' dir='ltr'><strong>plus</strong></span> <span class='ocrx_word' id='word_1_828' title='bbox 2687 4941 3188 5012; x_wconf 86' lang='lat' dir='ltr'><strong>appropinquamus</strong></span> <span class='ocrx_word' id='word_1_829' title='bbox 3210 4937 3278 4992; x_wconf 88' lang='lat' dir='ltr'><strong>ad</strong></span> <span class='ocrx_word' id='word_1_830' title='bbox 3306 4936 3538 5010; x_wconf 80' lang='lat' dir='ltr'><strong>gratiam</strong></span> <span class='ocrx_word' id='word_1_831' title='bbox 3559 4975 3572 4997; x_wconf 91' lang='lat'><strong>,</strong></span> <span class='ocrx_word' id='word_1_832' title='bbox 3596 4931 3723 5004; x_wconf 86' lang='lat' dir='ltr'><strong>plus</strong></span> <span class='ocrx_word' id='word_1_833' title='bbox 3743 4944 3844 4985; x_wconf 86' lang='lat' dir='ltr'><strong>nos</strong></span> 
     </span>
    </p>
   </div>
   <div class='ocr_carea' id='block_1_79' title="bbox 2240 5024 3844 5107">
    <p class='ocr_par' dir='ltr' id='par_1_79' title="bbox 2240 5024 3844 5107">
     <span class='ocr_line' id='line_1_79' title="bbox 2240 5024 3844 5107; baseline -0.009 -16"><span class='ocrx_word' id='word_1_834' title='bbox 2240 5040 2562 5107; x_wconf 87' lang='lat' dir='ltr'><strong>peccatores</strong></span> <span class='ocrx_word' id='word_1_835' title='bbox 2599 5030 2981 5105; x_wconf 86' lang='lat' dir='ltr'><strong>cognoscimus</strong></span> <span class='ocrx_word' id='word_1_836' title='bbox 3007 5042 3151 5086; x_wconf 88' lang='lat' dir='ltr'><strong>esse.</strong></span> <span class='ocrx_word' id='word_1_837' title='bbox 3184 5026 3478 5083; x_wconf 75' lang='lat' dir='ltr'><strong>Videamus</strong></span> <span class='ocrx_word' id='word_1_838' title='bbox 3502 5024 3735 5080; x_wconf 79' lang='lat' dir='ltr'><strong>Paulum</strong></span> <span class='ocrx_word' id='word_1_839' title='bbox 3776 5034 3844 5077; x_wconf 73' lang='lat' dir='ltr'><strong>ex</strong></span> 
     </span>
    </p>
   </div>
   <div class='ocr_carea' id='block_1_80' title="bbox 2241 5116 3845 5187">
    <p class='ocr_par' dir='ltr' id='par_1_80' title="bbox 2241 5116 3845 5187">
     <span class='ocr_line' id='line_1_80' title="bbox 2241 5116 3845 5187; baseline -0.008 -5"><span class='ocrx_word' id='word_1_840' title='bbox 2241 5124 2426 5182; x_wconf 71' lang='lat' dir='ltr'><strong>Iudaea</strong></span> <span class='ocrx_word' id='word_1_841' title='bbox 2450 5126 2757 5181; x_wconf 86' lang='lat' dir='ltr'><strong>venientem</strong></span> <span class='ocrx_word' id='word_1_842' title='bbox 2788 5125 2843 5180; x_wconf 91' lang='lat' dir='ltr'><strong>in</strong></span> <span class='ocrx_word' id='word_1_843' title='bbox 2873 5123 2988 5180; x_wconf 85' lang='lat' dir='ltr'><strong>sole</strong></span> <span class='ocrx_word' id='word_1_844' title='bbox 3024 5122 3418 5179; x_wconf 85' lang='lat' dir='ltr'><strong>decoloratum.</strong></span> <span class='ocrx_word' id='word_1_845' title='bbox 3451 5116 3610 5187; x_wconf 81' lang='lat' dir='ltr'><strong>Quod</strong></span> <span class='ocrx_word' id='word_1_846' title='bbox 3656 5116 3706 5172; x_wconf 86' lang='lat' dir='ltr'><strong>si</strong></span> <span class='ocrx_word' id='word_1_847' title='bbox 3750 5124 3845 5169; x_wconf 85' lang='lat' dir='ltr'><strong>vo-</strong></span> 
     </span>
    </p>
   </div>
   <div class='ocr_carea' id='block_1_81' title="bbox 2240 5204 3843 5286">
    <p class='ocr_par' dir='ltr' id='par_1_81' title="bbox 2240 5204 3843 5286">
     <span class='ocr_line' id='line_1_81' title="bbox 2240 5204 3843 5286; baseline -0.007 -11"><span class='ocrx_word' id='word_1_848' title='bbox 2240 5219 2417 5275; x_wconf 88' lang='lat' dir='ltr'><strong>lentes</strong></span> <span class='ocrx_word' id='word_1_849' title='bbox 2461 5218 2516 5273; x_wconf 90' lang='lat' dir='ltr'><strong>in</strong></span> <span class='ocrx_word' id='word_1_850' title='bbox 2559 5216 2780 5274; x_wconf 84' lang='lat' dir='ltr'><strong>Christo</strong></span> <span class='ocrx_word' id='word_1_851' title='bbox 2818 5215 3145 5286; x_wconf 77' lang='lat' dir='ltr'><strong>iustiﬁcari,</strong></span> <span class='ocrx_word' id='word_1_852' title='bbox 3184 5212 3391 5269; x_wconf 87' lang='lat' dir='ltr'><strong>inventi</strong></span> <span class='ocrx_word' id='word_1_853' title='bbox 3437 5224 3629 5267; x_wconf 77' lang='lat' dir='ltr'><strong>sumus</strong></span> <span class='ocrx_word' id='word_1_854' title='bbox 3664 5214 3719 5265; x_wconf 82' lang='lat' dir='ltr'><strong>et</strong></span> <span class='ocrx_word' id='word_1_855' title='bbox 3746 5204 3843 5277; x_wconf 76' lang='lat' dir='ltr'><strong>Ipsi</strong></span> 
     </span>
    </p>
   </div>
   <div class='ocr_carea' id='block_1_82' title="bbox 2239 5296 3843 5383">
    <p class='ocr_par' dir='ltr' id='par_1_82' title="bbox 2239 5296 3843 5383">
     <span class='ocr_line' id='line_1_82' title="bbox 2239 5296 3843 5383; baseline -0.011 -16"><span class='ocrx_word' id='word_1_856' title='bbox 2239 5320 2576 5383; x_wconf 85' lang='lat' dir='ltr'><strong>peccatores.</strong></span> <span class='ocrx_word' id='word_1_857' title='bbox 2598 5308 2703 5377; x_wconf 87' lang='lat' dir='ltr'><strong>Qui</strong></span> <span class='ocrx_word' id='word_1_858' title='bbox 2730 5324 2790 5366; x_wconf 89' lang='lat' dir='ltr'><strong>se</strong></span> <span class='ocrx_word' id='word_1_859' title='bbox 2817 5309 2872 5363; x_wconf 90' lang='lat' dir='ltr'><strong>in</strong></span> <span class='ocrx_word' id='word_1_860' title='bbox 2898 5306 3119 5364; x_wconf 86' lang='lat' dir='ltr'><strong>Christo</strong></span> <span class='ocrx_word' id='word_1_861' title='bbox 3142 5310 3492 5377; x_wconf 86' lang='lat' dir='ltr'><strong>peccatorem</strong></span> <span class='ocrx_word' id='word_1_862' title='bbox 3515 5298 3759 5363; x_wconf 86' lang='lat' dir='ltr'><strong>invenit,</strong></span> <span class='ocrx_word' id='word_1_863' title='bbox 3790 5296 3843 5351; x_wconf 80' lang='lat' dir='ltr'><strong>il</strong></span> 
     </span>
    </p>
   </div>
   <div class='ocr_carea' id='block_1_83' title="bbox 2244 5393 3847 5465">
    <p class='ocr_par' dir='ltr' id='par_1_83' title="bbox 2244 5393 3847 5465">
     <span class='ocr_line' id='line_1_83' title="bbox 2244 5393 3847 5465; baseline -0.012 -3"><span class='ocrx_word' id='word_1_864' title='bbox 2244 5405 2359 5462; x_wconf 87' lang='lat' dir='ltr'><strong>sole</strong></span> <span class='ocrx_word' id='word_1_865' title='bbox 2383 5402 2725 5459; x_wconf 81' lang='lat' dir='ltr'><strong>decoloratus</strong></span> <span class='ocrx_word' id='word_1_866' title='bbox 2756 5401 3050 5457; x_wconf 88' lang='lat' dir='ltr'><strong>invenitur.</strong></span> <span class='ocrx_word' id='word_1_867' title='bbox 3097 5397 3208 5455; x_wconf 89' lang='lat' dir='ltr'><strong>Sed</strong></span> <span class='ocrx_word' id='word_1_868' title='bbox 3252 5409 3385 5452; x_wconf 86' lang='lat' dir='ltr'><strong>ecce</strong></span> <span class='ocrx_word' id='word_1_869' title='bbox 3428 5409 3559 5465; x_wconf 82' lang='lat' dir='ltr'><strong>pars</strong></span> <span class='ocrx_word' id='word_1_870' title='bbox 3590 5393 3697 5447; x_wconf 84' lang='lat' dir='ltr'><strong>ista</strong></span> <span class='ocrx_word' id='word_1_871' title='bbox 3726 5402 3847 5461; x_wconf 68' lang='lat' dir='ltr'><strong>qua</strong></span> 
     </span>
    </p>
   </div>
   <div class='ocr_carea' id='block_1_84' title="bbox 2243 5479 3847 5562">
    <p class='ocr_par' dir='ltr' id='par_1_84' title="bbox 2243 5479 3847 5562">
     <span class='ocr_line' id='line_1_84' title="bbox 2243 5479 3847 5562; baseline -0.012 -10"><span class='ocrx_word' id='word_1_872' title='bbox 2243 5511 2311 5552; x_wconf 85' lang='lat' dir='ltr'><strong>ex</strong></span> <span class='ocrx_word' id='word_1_873' title='bbox 2332 5494 2515 5551; x_wconf 66' lang='lat' dir='ltr'><strong>Judaea</strong></span> <span class='ocrx_word' id='word_1_874' title='bbox 2539 5493 2808 5558; x_wconf 87' lang='lat' dir='ltr'><strong>credidit,</strong></span> <span class='ocrx_word' id='word_1_875' title='bbox 2838 5489 3275 5562; x_wconf 87' lang='lat' dir='ltr'><strong>persecutionem</strong></span> <span class='ocrx_word' id='word_1_876' title='bbox 3306 5487 3375 5544; x_wconf 89' lang='lat' dir='ltr'><strong>ab</strong></span> <span class='ocrx_word' id='word_1_877' title='bbox 3408 5483 3726 5540; x_wconf 76' lang='lat' dir='ltr'><strong>inﬁdelibus</strong></span> <span class='ocrx_word' id='word_1_878' title='bbox 3752 5479 3847 5535; x_wconf 78' lang='lat' dir='ltr'><strong>Ju-</strong></span> 
     </span>
    </p>
   </div>
   <div class='ocr_carea' id='block_1_85' title="bbox 2242 5575 3846 5657">
    <p class='ocr_par' dir='ltr' id='par_1_85' title="bbox 2242 5575 3846 5657">
     <span class='ocr_line' id='line_1_85' title="bbox 2242 5575 3846 5657; baseline -0.011 -14"><span class='ocrx_word' id='word_1_879' title='bbox 2242 5586 2377 5643; x_wconf 72' lang='lat' dir='ltr'><strong>daais</strong></span> <span class='ocrx_word' id='word_1_880' title='bbox 2414 5601 2575 5657; x_wconf 84' lang='lat' dir='ltr'><strong>passa</strong></span> <span class='ocrx_word' id='word_1_881' title='bbox 2635 5592 2753 5651; x_wconf 88' lang='lat' dir='ltr'><strong>est,</strong></span> <span class='ocrx_word' id='word_1_882' title='bbox 2803 5582 3001 5640; x_wconf 80' lang='lat' dir='ltr'><strong>aﬂlicta</strong></span> <span class='ocrx_word' id='word_1_883' title='bbox 3061 5580 3250 5637; x_wconf 90' lang='lat' dir='ltr'><strong>multis</strong></span> <span class='ocrx_word' id='word_1_884' title='bbox 3298 5575 3745 5646; x_wconf 78' lang='lat' dir='ltr'><strong>tribulationibus</strong></span> <span class='ocrx_word' id='word_1_885' title='bbox 3784 5584 3846 5624; x_wconf 82' lang='lat' dir='ltr'><strong>ac</strong></span> 
     </span>
    </p>
   </div>
   <div class='ocr_carea' id='block_1_86' title="bbox 2244 5670 3845 5753">
    <p class='ocr_par' dir='ltr' id='par_1_86' title="bbox 2244 5670 3845 5753">
     <span class='ocr_line' id='line_1_86' title="bbox 2244 5670 3845 5753; baseline -0.011 -17"><span class='ocrx_word' id='word_1_886' title='bbox 2244 5694 2460 5753; x_wconf 88' lang='lat' dir='ltr'><strong>pressa.</strong></span> <span class='ocrx_word' id='word_1_887' title='bbox 2491 5678 2646 5736; x_wconf 89' lang='lat' dir='ltr'><strong>Unde</strong></span> <span class='ocrx_word' id='word_1_888' title='bbox 2670 5677 2956 5749; x_wconf 86' lang='lat' dir='ltr'><strong>sequitur:</strong></span> <span class='ocrx_word' id='word_1_889' title='bbox 2990 5695 3009 5728; x_wconf 83' lang='grc'>‹</span> <span class='ocrx_word' id='word_1_890' title='bbox 3040 5673 3167 5729; x_wconf 90' lang='lat' dir='ltr'><strong>Filii</strong></span> <span class='ocrx_word' id='word_1_891' title='bbox 3192 5670 3385 5728; x_wconf 88' lang='lat' dir='ltr'><strong>matris</strong></span> <span class='ocrx_word' id='word_1_892' title='bbox 3403 5683 3541 5725; x_wconf 66' lang='lat' dir='ltr'><strong>meat</strong></span> <span class='ocrx_word' id='word_1_893' title='bbox 3568 5676 3845 5737; x_wconf 73' lang='lat' dir='ltr'><strong>pugnave-</strong></span> 
     </span>
    </p>
   </div>
   <div class='ocr_carea' id='block_1_87' title="bbox 2245 5754 3847 5839">
    <p class='ocr_par' dir='ltr' id='par_1_87' title="bbox 2245 5754 3847 5839">
     <span class='ocr_line' id='line_1_87' title="bbox 2245 5754 3847 5839; baseline -0.011 -11"><span class='ocrx_word' id='word_1_894' title='bbox 2245 5780 2585 5828; x_wconf 88' lang='lat' dir='ltr'><strong>runtcontra</strong></span> <span class='ocrx_word' id='word_1_895' title='bbox 2614 5787 2723 5828; x_wconf 88' lang='lat' dir='ltr'><strong>me.</strong></span> <span class='ocrx_word' id='word_1_896' title='bbox 2761 5792 2781 5826; x_wconf 78' lang='grc' dir='ltr'><strong>ι</strong></span> <span class='ocrx_word' id='word_1_897' title='bbox 2812 5770 2950 5836; x_wconf 77' lang='lat' dir='ltr'><strong>Quia</strong></span> <span class='ocrx_word' id='word_1_898' title='bbox 2978 5767 3077 5823; x_wconf 86' lang='lat' dir='ltr'><strong>ﬁlii</strong></span> <span class='ocrx_word' id='word_1_899' title='bbox 3108 5778 3395 5839; x_wconf 65' lang='lat' dir='ltr'><strong>synagoga:</strong></span> <span class='ocrx_word' id='word_1_900' title='bbox 3419 5760 3514 5829; x_wconf 80' lang='lat' dir='ltr'><strong>qui</strong></span> <span class='ocrx_word' id='word_1_901' title='bbox 3550 5760 3609 5814; x_wconf 90' lang='lat' dir='ltr'><strong>in</strong></span> <span class='ocrx_word' id='word_1_902' title='bbox 3652 5754 3847 5814; x_wconf 62' lang='lat' dir='ltr'><strong>inﬁde»</strong></span> 
     </span>
    </p>
   </div>
   <div class='ocr_carea' id='block_1_88' title="bbox 2245 5857 3845 5937">
    <p class='ocr_par' dir='ltr' id='par_1_88' title="bbox 2245 5857 3845 5937">
     <span class='ocr_line' id='line_1_88' title="bbox 2245 5857 3845 5937; baseline -0.009 -10"><span class='ocrx_word' id='word_1_903' title='bbox 2245 5865 2403 5927; x_wconf 85' lang='lat' dir='ltr'><strong>litate</strong></span> <span class='ocrx_word' id='word_1_904' title='bbox 2429 5876 2847 5937; x_wconf 85' lang='lat' dir='ltr'><strong>remanserunt,</strong></span> <span class='ocrx_word' id='word_1_905' title='bbox 2882 5863 3083 5923; x_wconf 82' lang='lat' dir='ltr'><strong>bellum</strong></span> <span class='ocrx_word' id='word_1_906' title='bbox 3104 5857 3506 5937; x_wconf 74' lang='lat' dir='ltr'><strong>persecutionis</strong></span> <span class='ocrx_word' id='word_1_907' title='bbox 3529 5860 3730 5919; x_wconf 79' lang='lat' dir='ltr'><strong>contra</strong></span> <span class='ocrx_word' id='word_1_908' title='bbox 3756 5858 3845 5924; x_wconf 62' lang='lat' dir='ltr'><strong>lit-</strong></span> 
     </span>
    </p>
   </div>
  </div>
