4078 6340
268 326 401 387 ὄπ

1443 328 1699 385 ENABR.
1740 328 1808 384 IN
1844 328 2141 388 CANTICA
2178 331 2444 388 CANTIC.

3450 338 3557 395 574
3592 334 3598 339 ’

294 460 522 520 lagogat
550 446 738 502 ﬁdeles
773 454 1077 518 gesserunt.
1124 445 1231 501 Sed
1280 446 1405 500 dum
1449 444 1877 515 persecutionem
1904 445 1957 507 Α
1984 446 2067 519 (ll
2099 447 2277 503 Thess.
2314 449 2396 518 ιι).
2420 468 2438 499 ι
2459 447 2854 519 Cogitationum
2885 461 3105 503 consula
3135 448 3476 507 destruentes
3500 462 3557 510 et

288 538 503 610 patitur
527 552 593 593 ea
620 551 748 609 pars
776 551 897 606 quae
923 551 993 593 ex
1020 534 1201 591 Iudaea
1230 536 1377 591 venit
1424 536 1491 590 ad
1538 535 1733 601 ﬁdem,
1768 534 1877 589 dis-

284 632 466 687 cessit
510 631 577 687 ad
621 628 1060 700 praedicationem
1099 628 1356 700 gentium.
1390 627 1544 682 Unde
1586 626 1874 695 sequitur:

296 740 317 775 ι
347 722 661 778 Posuerunt
678 735 765 776 me
789 719 1068 776 custodem
1094 719 1284 775 vineis.
1310 717 1535 775 Vineam
1555 734 1730 775 meam
1769 733 1878 773 non

284 816 589 873 custodiri.
622 834 642 870 ι
670 816 829 883 Quia,
862 815 987 871 dum
1033 829 1118 870 me
1144 824 1542 887 persequuntur
1570 815 1660 885 qui
1690 815 1744 869 in
1784 813 1879 870 Ju-

288 911 411 965 daea
438 917 586 974 sunt,
634 909 689 964 in
716 907 962 964 ecclesiis
994 922 1078 961 me
1118 908 1395 962 custodem
1426 906 1690 987 fecerunt.
1722 926 1741 959 ι
1782 905 1876 961 Vi-

288 1017 454 1057 neam
480 1015 655 1056 meam
680 1015 787 1055 non
815 1000 1115 1065 custodiri,
1150 1021 1169 1053 ι
1203 1000 1328 1071 quia
1367 998 1609 1054 Iudaeam
1639 998 1873 1054 deserui.

290 1094 450 1151 Unde
471 1105 526 1150 et
552 1093 752 1149 Paulus
773 1093 936 1149 dicit:
967 1112 987 1144 ‹
1020 1091 1182 1148 Vobis
1203 1094 1423 1148 missum
1449 1091 1624 1148 fuerat
1642 1094 1866 1148 verbum

284 1185 424 1251 Dei,
467 1186 563 1242 sed
587 1187 713 1258 quia
740 1200 837 1241 vos
882 1186 1130 1258 indignos
1146 1184 1431 1255 iudicastis
1453 1227 1467 1252 ,
1498 1201 1627 1242 ecce
1651 1199 1879 1241 conver-

287 1276 465 1332 timur
493 1277 561 1332 ad
588 1284 775 1346 gentes
803 1277 940 1349 (Act.
990 1279 1134 1347 x1").
1175 1298 1194 1330 ι
1240 1279 1318 1333 Ac
1358 1278 1411 1333 si
1444 1278 1589 1333 dicat
1617 1297 1630 1332 :
1662 1276 1772 1331 Nos
1799 1276 1879 1330 vi-

287 1386 456 1426 neam
482 1378 725 1426 nostram
756 1369 1031 1424 custodire
1058 1369 1323 1425 voluimus
1342 1408 1357 1436 ,
1381 1372 1473 1425 sed
1495 1370 1620 1441 quia
1644 1384 1743 1425 nos
1776 1369 1875 1438 ipsi

284 1462 579 1533 respuistis
637 1462 705 1517 ad
764 1460 1065 1517 alienarum
1110 1477 1208 1517 uos
1252 1463 1531 1518 vinearum
1578 1460 1878 1516 custodiam

284 1554 680 1610 transmittitis.
705 1553 811 1609 Ista
838 1570 959 1625 qum
979 1555 1045 1609 de
1068 1554 1350 1628 Synagoga
1372 1556 1608 1611 diximus
1629 1556 1695 1610 ad
1717 1554 1877 1610 ﬁdem

282 1659 557 1701 conversa
575 1686 589 1711 ,
619 1645 862 1701 dicamus
894 1644 1055 1701 modo
1079 1646 1147 1701 de
1175 1646 1417 1702 Ecclesia
1442 1662 1509 1702 ex
1531 1645 1778 1718 gentibus
1809 1645 1877 1700 ad

285 1736 455 1793 ﬁdem
486 1746 693 1793 vocata.
726 1756 744 1789 ι
784 1738 948 1810 Nigra
977 1754 1095 1794 sum
1117 1780 1132 1805 ,
1163 1741 1257 1795 sed
1281 1739 1517 1795 formosa
1548 1738 1655 1794 ﬁlia
1686 1738 1879 1794 Hieru-

283 1828 481 1885 salem.
521 1850 543 1883 ι
595 1830 837 1887 Ecclesia
862 1808 953 1886 iex
994 1832 1242 1902 gentibus
1296 1832 1521 1887 veniens
1566 1830 1877 1886 considerat
1905 1808 1955 1870 Β

284 1919 532 1975 ﬁdelium
563 1921 775 1977 animas
798 1936 934 1992 quas
964 1922 1199 1987 invenit,
1246 1937 1381 1993 quas
1411 1929 1467 1978 et
1499 1921 1638 1979 ﬁlias
1677 1920 1873 1976 Hieru-

282 2011 459 2067 salem
494 2023 671 2068 vocat.
702 2012 1037 2071 Hierusalem
1068 2014 1265 2086 quippe
1310 2018 1438 2070 visio
1486 2016 1631 2085 pacis
1657 2013 1874 2069 dicitur.

283 2103 613 2161 Considerat
653 2107 781 2177 quid
823 2107 957 2173 fuit,
1000 2108 1312 2163 considerat
1343 2107 1474 2178 quid
1502 2106 1646 2162 facta
1675 2114 1790 2171 est,
1824 2112 1881 2161 et

285 2198 582 2254 conﬁtetur
607 2202 911 2271 praeteritas
956 2202 1141 2273 culpas
1167 2218 1235 2258 ne
1263 2204 1493 2273 superba
1522 2202 1611 2257 sit.
1644 2200 1880 2279 Conﬁte-

287 2296 381 2342 tur
404 2299 731 2359 praesentem
762 2291 924 2347 vitam
946 2334 961 2359 ,
992 2308 1063 2349 ne
1094 2296 1308 2363 ingrata
1340 2295 1439 2361 sit,
1462 2306 1517 2350 et
1537 2295 1707 2351 dicit:
1741 2314 1761 2347 ι
1791 2293 1879 2350 Ni-

284 2395 385 2451 gra
414 2396 565 2449 sum,
601 2382 696 2439 sed
736 2383 996 2441 formosa.
1034 2405 1053 2438 ι
1098 2386 1261 2459 Nigra
1307 2402 1406 2459 per
1451 2362 1734 2455 meritum,
1764 2386 1875 2443 for-

284 2486 441 2527 mosa
493 2488 596 2543 per
643 2476 892 2546 gratiam.
942 2476 1107 2548 Nigra
1149 2495 1245 2549 per
1291 2479 1460 2533 vitam
1507 2480 1874 2550 praeteritam,

284 2559 531 2619 formosa
577 2579 677 2635 per
704 2570 1173 2624 conversationem
1213 2578 1548 2640 sequentem.
1594 2571 1875 2639 Quomodo

284 2654 479 2726 nigra?
506 2656 661 2715 Sicut
684 2662 1033 2718 tabernacula
1057 2664 1451 2721 Cedar.’Cedar
1472 2666 1669 2738 quippe
1699 2667 1875 2723 taber-

285 2747 482 2803 uacula
527 2751 768 2822 gentium
817 2753 1070 2821 fuerunt,
1132 2757 1475 2813 tabernacula
1530 2759 1875 2816 tenebrarum

282 2834 533 2895 fuerunt.
555 2840 624 2898 Et
648 2844 901 2915 gentibus
926 2846 1130 2901 dictum
1154 2857 1239 2903 est
1265 2866 1277 2902 :
1308 2867 1327 2899 ι
1358 2849 1558 2905 Fuistis
1585 2849 1875 2921 aliquando

285 2930 561 3001 tenebrae,
608 2950 757 2991 nunc
798 2945 979 2992 autem
1028 2939 1120 2994 lux
1172 2941 1226 2993 in
1276 2940 1506 2995 Domino
1537 2940 1697 3012 (Eph.
1732 2940 1808 3014 v).
1848 2960 1869 2994 ι

282 3021 569 3090 Quomodo
597 3025 871 3084 formosa?
895 3028 1049 3087 Sicut
1074 3030 1240 3101 pelles
1271 3031 1599 3088 Salomonis.
1616 3031 1872 3088 Macerati

280 3133 474 3176 sumus
498 3136 599 3193 per
623 3124 1001 3194 ptenitentiam
1018 3166 1033 3189 ,
1068 3126 1380 3181 mortiﬁcati
1405 3141 1539 3182 vero
1564 3141 1663 3197 per
1694 3128 1871 3198 pteni-

285 3210 517 3266 tentiam
556 3213 717 3283 quasi
747 3214 903 3285 pellis
933 3215 987 3270 in
1029 3211 1347 3286 obsequium
1377 3218 1522 3289 regis
1564 3217 1866 3274 adducitur.

277 3301 488 3361 Omnes
515 3316 611 3375 per
647 3306 1024 3376 ptenitentiam
1067 3308 1277 3379 seipsos
1304 3308 1603 3382 aﬁligentes
1627 3311 1871 3366 membra

275 3395 491 3452 Christi
518 3411 576 3453 se
606 3396 837 3454 faciunt.
868 3399 1110 3457 Membra
1155 3414 1286 3473 ergo
1328 3401 1531 3458 Christi
1575 3417 1674 3473 per
1699 3403 1873 3473 poeni-

277 3488 513 3544 tentiam
542 3488 738 3547 aﬁlicta
768 3491 937 3561 pelles
964 3490 1269 3550 Salomonis
1301 3502 1459 3562 sunt,
1488 3495 1617 3565 quia
1645 3493 1872 3550 mortiﬁ-

276 3589 405 3638 cata
428 3595 559 3639 caro
583 3582 739 3640 ﬁunt.
768 3584 877 3641 Sed
904 3600 1033 3641 ecce
1061 3588 1294 3642 erantin
1319 3586 1504 3643 Iudaea
1530 3586 1717 3644 ﬁdeles
1736 3629 1752 3655 ,
1777 3588 1873 3660 qui

278 3673 716 3745 dedignabantur
744 3678 933 3734 venire
985 3681 1053 3736 ad
1100 3682 1258 3737 ﬁdem
1289 3682 1592 3753 gentilium.
1633 3682 1787 3739 Unde
1815 3690 1872 3739 et

275 3763 503 3823 Petrum
560 3764 925 3840 redarguunt,
971 3772 1114 3841 quod
1174 3772 1485 3828 Cornelium
1535 3778 1867 3843 susceperat.

280 3856 441 3915 Unde
458 3866 513 3916 et
534 3860 624 3916 hic
646 3862 888 3918 Ecclesia
916 3864 1159 3935 gentium
1185 3865 1460 3937 subjungit
1484 3883 1496 3919 :
1533 3884 1552 3918 ι
1583 3864 1759 3921 Nolite
1784 3881 1872 3922 me

276 3952 631 4010 considerare
656 3955 802 4024 quod
831 3954 981 4011 fusca
1006 3956 1132 4012 sim.
1171 3976 1191 4009 ι
1226 3956 1403 4013 Nolite
1428 3958 1709 4029 despicere
1742 3974 1873 4030 gen-

277 4043 535 4100 tilitatem
560 4045 901 4109 inﬁdelitatis
942 4063 1106 4113 meae,
1142 4048 1309 4104 nolite
1339 4049 1621 4120 despicere
1648 4060 1871 4121 peccata

275 4136 499 4210 priora,
538 4137 705 4194 nolite
748 4139 1030 4195 attendere
1078 4142 1221 4211 quod
1269 4140 1364 4196 fui.
1410 4140 1626 4208 Quare?
1676 4160 1695 4193 ι
1744 4142 1872 4211 quia

274 4228 614 4285 decoloravit
652 4244 736 4285 me
768 4230 872 4286 sol.
910 4248 931 4282 ι
982 4229 1076 4286 Sol
1122 4231 1269 4287 enim
1320 4231 1633 4298 decolorat,
1666 4232 1718 4287 in
1764 4246 1872 4302 quo

274 4321 488 4378 arctius
535 4329 592 4378 et
633 4321 932 4379 districtius
997 4338 1057 4378 se
1118 4322 1398 4393 imprimit.
1459 4323 1604 4380 Deus
1656 4325 1871 4395 quando

274 4413 589 4469 districtum
632 4413 897 4483 judicium
959 4424 1138 4482 tenet,
1189 4418 1408 4487 quando
1474 4418 1871 4476 districtiouem

273 4520 434 4560 suam
480 4507 713 4577 amplius
738 4508 963 4564 exhibet
1011 4518 1067 4565 et
1110 4508 1421 4577 decolorat,
1470 4512 1597 4567 dum
1639 4513 1870 4585 amplius

274 4596 481 4667 fulget,
531 4599 658 4669 quia
711 4599 841 4654 dum
888 4601 1287 4658 districtiouem
1337 4602 1585 4661 subtilius
1613 4612 1867 4672 exercet,

274 4689 528 4746 districto
557 4690 849 4760 adiudicat.
883 4691 1049 4761 Quasi
1086 4695 1232 4750 enim
1260 4696 1442 4751 radios
1475 4711 1601 4753 suos
1641 4712 1869 4767 suspen-

275 4780 357 4834 dit
407 4780 521 4847 sol,
570 4784 787 4853 quando
816 4784 1112 4842 clementer
1157 4802 1323 4857 opera
1359 4796 1544 4844 nostra
1576 4789 1864 4846 desiderat.

274 4873 447 4941 Quasi
468 4875 715 4931 districta
751 4877 1009 4934 virtutem
1051 4894 1205 4935 suam
1250 4880 1504 4947 exhibet,
1548 4882 1763 4952 quando
1792 4882 1870 4938 di-

274 4969 471 5025 stricte
490 4984 655 5041 opera
672 4976 857 5027 nostra
877 4979 1089 5043 pensat.
1123 4972 1279 5029 Dicat
1294 4989 1423 5046 ergo
1438 4974 1678 5032 Ecclesia
1703 4994 1715 5031 :
1738 4976 1867 5034 Inde

274 5076 401 5115 sum
410 5059 587 5129 fusca,
601 5062 724 5119 inde
734 5064 1029 5134 peccatrix,
1042 5064 1168 5134 quia
1181 5078 1268 5119 me
1280 5064 1361 5122 sol
1374 5066 1722 5131 decoldravit,
1739 5068 1867 5137 quia

272 5150 509 5207 Creator
545 5166 700 5210 meus
716 5154 847 5209 dum
889 5166 975 5211 me
1013 5156 1283 5226 deseruit,
1311 5170 1412 5230 ego
1454 5171 1690 5214 maerore
1716 5159 1866 5230 lapsa

275 5257 419 5300 sum.
451 5243 561 5303 Sed
589 5253 668 5313 tu,
715 5262 750 5303 o
775 5245 974 5303 aﬁlicta
1001 5248 1081 5304 sic
1105 5249 1382 5316 destituta,
1413 5249 1545 5320 quid
1582 5250 1869 5307 meruisti?

347 5335 493 5404 Quid
505 5350 574 5393 ex
597 5339 740 5394 dono
766 5349 1015 5397 assecuta
1042 5340 1137 5398 es?
1152 5342 1272 5398 Filii
1295 5343 1487 5399 matris
1508 5355 1641 5399 mea:
1653 5358 1862 5416 pugna-

278 5438 481 5485 verunt
507 5438 698 5486 contra
722 5446 831 5488 me.
860 5432 982 5489 Filii
1025 5435 1215 5491 matris
1259 5443 1386 5492 sunt
1425 5435 1678 5508 apostoli.
1694 5436 1867 5511 Mater

282 5523 433 5579 enim
462 5523 744 5581 hominum
764 5523 1099 5583 Hierusalem
1127 5542 1360 5600 superna
1391 5538 1493 5585 est.
1527 5528 1631 5599 Ipsi
1655 5544 1864 5602 pugna-

285 5622 484 5670 verunt
509 5622 699 5673 contra
725 5617 1045 5686 Ecclesiam,
1077 5620 1204 5677 dum
1241 5622 1309 5677 ab
1335 5622 1656 5681 inﬁdelitate
1680 5625 1733 5679 in
1762 5624 1868 5680 ﬁde

280 5706 687 5779 praedicationis
712 5724 841 5777 suat,
872 5712 1030 5785 quasi
1075 5715 1395 5784 quibusdam
1438 5716 1643 5773 lanceis
1683 5718 1869 5774 confo-

270 5797 506 5860 derunt.
524 5799 677 5859 Unde
696 5810 751 5861 et
777 5801 980 5865 Paulus
1007 5808 1164 5883 quasi
1190 5809 1411 5885 quidam
1437 5820 1710 5887 pugnator
1736 5813 1868 5873 dicit

1978 554 2190 594 omnem
2216 541 2551 596 altitudinem
2565 540 2909 597 extollentem
2921 556 2981 598 se
2992 541 3554 602 adversus'scientiaut

1979 630 2094 684 Dei.
2127 649 2144 680 ι
2184 631 2284 698 Qui
2307 630 2643 687 altitudinem
2672 633 2901 689 destruit
2928 635 3115 703 utique
3146 645 3410 706 pugnator
3436 646 3551 704 est;

1979 720 2067 776 isti
2081 736 2208 792 ergo
2234 733 2575 794 pugnatores,
2596 723 2683 780 isti
2700 724 2795 779 ﬁlii
2812 726 3000 780 matris
3018 725 3352 783 Hierusalem
3373 728 3557 784 debel-

1979 813 2228 869 laverunt
2255 816 2544 872 Ecclesiam
2568 818 2635 873 ab
2667 834 2853 874 errore
2884 834 3001 884 suo,
3024 828 3086 873 ut
3107 820 3249 875 iliam
3274 820 3561 877 fundarent

1979 904 2045 959 ad
2063 903 2329 973 justitiam
2366 925 2379 961 :
2418 924 2438 957 ι
2466 906 2587 962 Filii
2610 909 2801 964 matris
2820 925 2952 965 mea;
2976 922 3351 981 pugnaverunt
3371 919 3561 971 contra

1985 1015 2005 1048 ‹
2035 1010 2174 1051 mea
2206 998 2272 1052 Et
2291 999 2417 1068 quid
2454 999 2696 1056 fecerunt
2724 1003 3068 1073 pugnantes?
3110 1020 3127 1053 ι
3148 1003 3455 1058 Posuerunt
3474 1018 3561 1059 me

1976 1091 2255 1146 custodem
2269 1091 2321 1146 in
2337 1092 2527 1147 vineis.
2543 1112 2563 1145 ι
2592 1092 2777 1150 Vineae
2794 1093 3049 1150 Ecclesia:
3061 1095 3426 1151 suntvirtutes
3438 1110 3560 1166 quas

1978 1182 2325 1249 fructiﬁcant,
2355 1184 2480 1253 quia
2516 1186 2642 1239 dum
2671 1186 2976 1259 depugnant
3000 1187 3054 1241 in
3080 1201 3168 1242 me
3198 1187 3348 1254 vitia,
3406 1187 3563 1257 quasi

1978 1275 2119 1329 mala
2150 1290 2267 1330 mea
2298 1276 2353 1329 in
2378 1290 2464 1330 me
2492 1286 2828 1347 expugnant.
2848 1276 3344 1334 Fruetiﬁcationem
3374 1286 3430 1333 et
3453 1278 3563 1332 vir-

1981 1375 2154 1421 tutum
2187 1367 2364 1423 studia
2396 1368 2529 1422 mihi
2561 1369 2845 1435 dederunt,
2878 1369 2933 1423 in
2967 1370 3138 1425 vineis
3170 1384 3255 1426 me
3282 1371 3560 1426 custodem

1977 1459 2240 1525 fecerunt,
2280 1469 2339 1515 ut
2367 1459 2836 1516 fructiﬁcationem
2851 1461 3119 1516 aﬁ'errem.
3139 1461 3269 1517 Post
3290 1475 3563 1531 expugna-

1980 1554 2181 1609 tionem
2225 1553 2531 1624 specialiter
2569 1554 2713 1608 dicat
2754 1570 2768 1607 :
2809 1573 2827 1605 ι
2860 1552 3087 1609 Vineam
3126 1570 3301 1610 meam
3331 1568 3438 1608 non
3467 1568 3562 1609 cu-

1978 1647 2194 1703 stodiri.
2231 1666 2250 1698 ι
2278 1645 2442 1702 Vinea
2471 1646 2727 1702 Ecclesia:
2756 1647 2978 1718 antiqua
3003 1648 3337 1703 consuetudo
3361 1647 3567 1703 erroris

1979 1747 2085 1794 est.
2117 1738 2289 1806 Quem
2318 1739 2444 1793 dum
2477 1746 2660 1793 custos
2690 1739 2757 1792 ad
2799 1739 3026 1794 virtutes
3075 1741 3316 1808 ponitur,
3365 1738 3568 1794 deserit

1980 1830 2219 1897 vineam,
2250 1829 2395 1884 illaut
2423 1837 2699 1900 antiquam
2727 1829 3167 1885 consuetudinem
3196 1830 3400 1885 erroris
3445 1829 3549 1884 sui.

1982 1920 2227 1976 Diximus
2251 1921 2317 1976 de
2348 1919 2648 1991 gentilitate
2681 1935 2963 1984 conversa,
3001 1920 3245 1976 dicamus
3278 1919 3437 1977 modo
3474 1933 3569 1988 ge-

1981 2013 2242 2069 neraliter
2266 2014 2333 2069 de
2352 2022 2462 2069 tota
2490 2012 2648 2070 simul
2673 2014 2932 2080 Ecclesia,
2956 2023 3008 2068 et
3029 2013 3336 2084 specialiter
3352 2012 3482 2083 quid
3498 2012 3567 2067 de

1980 2122 2303 2178 unaquaque
2331 2108 2509 2162 anima
2534 2107 2872 2163 sentiendum
2901 2108 2990 2162 sit.
3035 2105 3221 2162 Solent
3242 2102 3394 2176 pravi
3414 2102 3568 2158 audi-

1979 2207 2126 2254 tores
2158 2198 2405 2253 doctores
2433 2213 2558 2254 suos
2586 2213 2693 2253 non
2720 2199 3066 2254 considerare
3093 2198 3235 2267 quod
3271 2205 3417 2262 sunt,
3466 2196 3562 2251 sed

1978 2289 2122 2360 quod
2145 2288 2380 2345 fuerunt.
2409 2290 2537 2345 Sani
2562 2305 2692 2345 vero
2714 2289 2965 2346 doctores
2995 2298 3051 2345 et
3069 2290 3397 2345 conﬁtentur
3418 2285 3564 2358 quod

1979 2380 2222 2447 fuerunt,
2238 2389 2293 2436 et
2310 2380 2751 2452 proferuntquod
2768 2388 2911 2446 sunt,
2926 2390 3093 2435 utnec
3119 2393 3280 2449 pecca
3288 2388 3431 2433 tores
3445 2388 3567 2431 esse

1981 2471 2337 2538 abscondant,
2364 2487 2467 2528 nec
2488 2472 2687 2526 iterum
2712 2471 2854 2527 dona
2888 2471 3034 2526 velut
3060 2468 3256 2540 ingrati
3278 2468 3563 2537 denegeut.

1976 2566 2135 2623 Dicat
2157 2582 2289 2637 ergo
2316 2566 2369 2621 in
2395 2566 2515 2622 istis
2538 2565 2800 2621 Ecclesia.
2833 2584 2852 2615 ι
2880 2563 3044 2635 Nigra
3069 2577 3210 2628 sum,
3242 2561 3335 2617 sed
3358 2558 3557 2615 formo-

1977 2676 2057 2716 sa.
2104 2681 2121 2712 ι
2157 2658 2320 2730 Nigra
2345 2674 2442 2730 per
2473 2674 2582 2725 me,
2610 2657 2846 2713 formosa
2875 2671 2974 2727 per
3025 2656 3244 2711 donum.
3280 2652 3441 2724 Nigra
3494 2651 3562 2705 de

1974 2753 2273 2825 praeterito,
2300 2753 2537 2808 formosa
2562 2766 2629 2807 ex
2652 2766 2718 2806 eo
2760 2750 2899 2805 facta
2942 2765 3062 2806 sum
3090 2748 3143 2802 in
3172 2746 3387 2802 futuris.
3420 2744 3565 2812 Quoc

1976 2856 2138 2909 modo
2163 2853 2353 2924 nigra?
2381 2856 2649 2923 quomodo
2671 2851 2944 2908 formosa?
2979 2850 3140 2923 Nigra
3176 2867 3195 2899 ι
3225 2849 3362 2904 sicut
3394 2846 3569 2902 taber-

1976 2946 2166 3004 uacula
2189 2945 2382 3011 Cedar,
2406 2944 2645 3001 formosa
2690 2943 2829 2999 sicut
2855 2943 3022 3014 pelles
3072 2940 3398 2997 Salomonis.
3434 2958 3454 2993 ι
3498 2936 3567 2993 Et

1974 3054 2085 3093 non
2113 3046 2197 3094 est
2214 3038 2421 3109 justum
2451 3044 2511 3092 ut
2544 3035 2739 3106 aliquis
2756 3050 2822 3091 ex
2849 3035 3122 3107 praeterita
3148 3034 3256 3089 vita
3284 3040 3559 3103 pensetur,

1978 3140 2033 3188 et
2057 3148 2162 3187 non
2185 3130 2361 3202 magis
2381 3129 2692 3184 attendatur
2706 3128 2848 3199 quod
2865 3127 2985 3194 fuit,
3014 3126 3109 3183 sed
3124 3126 3266 3196 quod
3281 3132 3381 3181 est.
3411 3122 3565 3179 Unde

1974 3223 2249 3296 subjungit
2266 3242 2280 3278 :
2301 3242 2321 3275 ι
2344 3221 2519 3277 Nolite
2530 3236 2618 3277 me
2630 3219 2974 3276 considerare
2984 3218 3126 3290 quod
3138 3216 3287 3273 fusca
3301 3215 3424 3281 sim,
3440 3214 3570 3284 quia

1974 3316 2304 3372 decoloravit
2326 3329 2415 3370 me
2444 3312 2544 3369 sol.
2568 3333 2586 3365 )
2607 3310 2909 3383 Aliquando
2924 3311 2979 3366 in
3003 3309 3283 3381 Scriptura
3304 3320 3457 3364 sacra
3473 3304 3555 3362 sol

1974 3408 2192 3480 ponitur
2211 3406 2413 3462 nimius
2438 3414 2603 3461 aestus
2622 3413 2957 3459 terrenarum
2979 3401 3390 3458 desideriorum.
3408 3398 3563 3456 Unde

1972 3517 2104 3571 ergo
2125 3498 2272 3555 fuisca
2292 3499 2315 3553 ?
2339 3497 2475 3567 Quia
2503 3496 2830 3552 decoloravit
2855 3510 2941 3550 me
2971 3494 3070 3550 sol.
3099 3492 3176 3547 lta
3199 3490 3518 3563 intelligitur
3544 3502 3561 3545 :

1972 3592 2149 3649 Nolite
2171 3590 2521 3647 considerare
2539 3588 2684 3659 quod
2706 3589 2859 3659 nigra
2881 3583 2957 3640 fini
2986 3593 3144 3641 antea
3159 3594 3257 3654 per
3277 3580 3564 3636 inﬁdelita-

1973 3694 2105 3750 tem,
2123 3682 2249 3754 quia
2263 3678 2344 3738 sol
2355 3681 2604 3738 Christus
2618 3680 2683 3736 de
2695 3693 2802 3749 quo
2817 3677 3075 3747 scriptum
3102 3682 3212 3732 est:
3235 3691 3254 3725 ι
3277 3670 3443 3729 Vobis
3468 3685 3564 3725 au-

1972 3787 2083 3835 tem
2134 3774 2447 3832 timentibus
2491 3786 2688 3829 nomen
2736 3785 2918 3827 meum
2971 3767 3178 3824 orietur
3229 3763 3310 3821 sol
3341 3761 3567 3836 iustitia:

1974 3868 2189 3941 (Matth.
2213 3866 2315 3938 IV),
2339 3885 2358 3918 δ
2389 3864 2718 3921 decoloravit
2743 3875 2939 3934 meper
2953 3860 3134 3917 ﬁdem.
3168 3879 3186 3911 ι
3222 3857 3345 3914 Filii
3372 3854 3566 3912 matris

1972 3973 2107 4015 mea:
2135 3968 2511 4030 pugnaverunt
2538 3964 2726 4012 contra
2747 3970 2852 4011 me.
2878 3972 2896 4007 ι
2921 3953 2981 4008 lu
3002 3950 3148 4009 omni
3174 3956 3424 4007 creatura
3447 3947 3567 4003 dua:

1976 4058 2243 4107 creatura:
2273 4048 2571 4105 rationales
2600 4058 2727 4105 sunt
2754 4041 3006 4113 conditas,
3044 4046 3279 4100 humana
3319 4049 3374 4097 et
3402 4054 3568 4112 auge—

1974 4142 2098 4199 lica.
2128 4141 2335 4199 Cecidit
2364 4140 2607 4213 angelus,
2637 4140 2910 4212 persuasit
2938 4137 3161 4196 homini.
3204 4132 3378 4192 Mater
3415 4131 3562 4188 enim

1974 4236 2152 4292 omnis
2181 4242 2449 4290 creatura:
2486 4232 2791 4304 benignitas
2829 4237 2913 4287 est
2944 4239 3000 4286 et
3029 4223 3268 4300 potentia
3294 4225 3414 4283 Dei.
3456 4222 3566 4279 Nos

1972 4343 2103 4401 ergo
2128 4337 2183 4384 et
2208 4328 2382 4400 angeli
2407 4344 2475 4384 ex
2504 4342 2571 4385 eo
2610 4327 2754 4398 quod
2797 4323 3086 4381 rationales
3131 4320 3335 4380 conditi
3363 4319 3557 4385 simus,

1975 4421 2128 4494 quasi
2167 4421 2457 4493 quamdam
2507 4419 2823 4477 societatem
2870 4412 3227 4472 fraternitatis
3280 4412 3562 4477 habemus,

1895 4552 1948 4614 Β
1973 4514 2101 4587 quia
2133 4512 2307 4586 angeli
2338 4513 2406 4569 ab
2436 4513 2626 4570 eadem
2654 4512 2896 4584 potentia
2934 4509 3137 4567 conditi
3188 4514 3315 4565 sunt
3353 4521 3458 4578 qua
3510 4510 3569 4559 et

1974 4621 2094 4662 nos.
2128 4604 2267 4673 Quia
2317 4614 2497 4661 tamen
2545 4605 2801 4662 cadentes
2852 4602 3029 4675 angeli
3075 4600 3316 4673 quotidie
3370 4604 3561 4654 contra

1972 4715 2074 4757 nos
2102 4699 2302 4756 bellum
2330 4709 2548 4771 gerunt,
2584 4699 2752 4757 dicit:
2780 4718 2799 4750 ι
2824 4697 2947 4754 Filii
2974 4696 3167 4753 matris
3192 4709 3325 4752 mea:
3356 4703 3567 4766 pugna-

1972 4802 2167 4851 verunt
2192 4801 2385 4849 contra
2425 4808 2532 4849 me.
2563 4812 2583 4845 ι
2612 4793 2750 4848 Ecce
2776 4790 2903 4847 dum
2932 4797 3178 4864 pugnant
3201 4788 3288 4845 isti
3339 4784 3566 4856 spiritus

1940 4948 1947 4957 ,
1974 4888 2235 4955 rationes,
2263 4886 2486 4957 spiritus
2518 4885 2610 4942 isti
2636 4885 2733 4940 ﬁlii
2760 4886 2951 4941 matris
2976 4884 3104 4942 dum
3120 4883 3563 4954 pugnantcontra

1972 4980 2209 5035 animam
2232 4977 2438 5035 faciunt
2460 4993 2580 5034 eam
2603 4978 2836 5034 terrenis
2861 4978 3024 5034 rebus
3039 4973 3370 5038 incumbere,
3388 4968 3563 5025 actio-

1972 5072 2133 5127 nibus
2161 5070 2342 5127 δέρουιί
2384 5086 2600 5137 vacare,
2629 5085 2718 5126 res
2746 5068 3090 5126 transitorias
3113 5078 3375 5138 quaerere.
3411 5058 3564 5117 Unde

1970 5161 2086 5233 subj
2096 5163 2245 5234 ungit
2261 5181 2274 5218 :
2299 5181 2318 5216 ι
2341 5162 2648 5219 Posuerunt
2661 5178 2747 5219 me
2760 5162 3035 5219 custodem
3053 5160 3108 5215 in
3124 5157 3297 5213 vineis
3313 5171 3329 5211 :
3346 5154 3562 5209 vineam

1975 5270 1997 5306 ι
2025 5270 2132 5310 non
2159 5254 2479 5312 custodivi.»
2514 5255 2697 5313 Vineae
2722 5255 2868 5311 enim
2895 5260 3021 5309 sunt
3046 5251 3288 5307 actiones
3307 5255 3559 5304 terrenat.

1967 5346 2050 5405 Ac
2074 5349 2120 5405 si
2148 5348 2294 5406 dicat
2344 5348 2439 5405 :lu
2491 5349 2794 5406 actionibus
2849 5343 3081 5403 terrenis
3136 5341 3421 5399 custodem
3474 5353 3562 5396 me

1973 5452 2291 5516 posuerunt.
2329 5442 2397 5499 Et
2440 5442 2603 5515 quid?
2639 5442 2853 5497 vineam
2883 5452 3078 5505 meam,
3123 5435 3178 5491 id
3200 5438 3285 5491 est
3324 5433 3562 5519 animam

1975 5551 2186 5605 meam,
2216 5536 2384 5593 vitam
2413 5550 2620 5601 meam,
2653 5542 2891 5589 mentem
2931 5545 3106 5586 meam
3151 5528 3424 5586 custodire
3471 5538 3564 5581 ne-

1974 5629 2151 5702 glexi;
2197 5630 2343 5701 quia,
2401 5630 2528 5684 dum
2579 5624 2820 5681 exterius
2871 5624 2925 5679 in
2980 5637 3160 5678 rerum
3223 5628 3562 5677 terrenarum

1975 5724 2190 5779 actione
2218 5720 2453 5778 involuta
2486 5734 2624 5784 sum,
2657 5717 2725 5772 ab
2744 5717 2959 5772 interna
2980 5716 3221 5772 custodia
3243 5714 3389 5783 lapsa
3417 5722 3559 5774 sum,

1974 5816 2218 5891 plerique
2252 5828 2320 5872 cx
2358 5828 2423 5873 eo
2451 5826 2514 5870 se
2539 5811 2885 5872 considerant
2910 5811 3055 5878 quod
3087 5810 3240 5881 iuxta
3278 5807 3425 5879 ipsos
3451 5806 3561 5874 est,
