4078 6340
654 359 764 417 575

1683 348 2035 439 gnomon!
2071 344 2247 404 ιιι]χο

2350 345 2535 404 ENSIS
2571 344 2880 405 MONACHI
3750 360 3815 418 εις

652 491 766 532 non
787 473 1090 545 exeoquod
1108 480 1254 530 sunt.
1270 473 1431 530 Juxta
1454 474 1599 544 ipsos
1609 483 1734 531 sunt
1752 475 2063 548 dignitates,
2082 470 2238 542 juxta
2264 468 2318 531 A
2341 469 2472 537 Quae
2495 480 2702 543 quanto
2728 470 2913 526 multa
2951 474 3097 534 sunt,
3129 474 3282 524 tanto
3306 464 3578 538 impeditas,
3600 477 3720 529 tanto
3739 490 3817 546 per

653 567 803 639 ipsos
827 565 1088 622 interiora
1115 565 1434 622 ministeria.
1466 566 1534 622 Et
1561 568 1689 623 dum
1740 565 2050 622 custodiunt
2093 565 2239 634 quod

650 656 808 729 juxta
839 672 900 714 se
926 657 1147 723 habent,
1180 646 1387 728 seipsos
1426 659 1699 714 custodire
1742 657 2039 731 negligunt.
2085 656 2242 713 Dicat

658 764 827 822 ergo:
867 768 887 801 ‹
921 748 1225 805 Posuerunt
1248 765 1336 805 me
1369 750 1644 807 custodem
1680 751 1736 806 in
1780 750 2242 816 vineis,‘vineam

661 855 839 896 meam
868 855 972 896 non
999 841 1282 905 custodivi,
1312 859 1332 893 ι
1360 840 1413 897 id
1441 850 1548 909 est,
1575 842 1701 897 dum
1719 842 1977 897 exteriori
1999 840 2242 896 custodia

665 930 722 985 in
738 931 1041 986 actionibus
1054 930 1401 986 saecularibus
1414 931 1678 998 deservio,
1696 931 1969 986 interioris
1983 929 2241 985 custodiae

660 1021 1072 1079 sollicitudinem
1106 1023 1281 1078 amisi.
1309 1023 1415 1079 Sed
1434 1038 1561 1080 ecce
1580 1025 1809 1080 reducta
1830 1024 2006 1079 anima
2029 1023 2097 1078 ad
2119 1037 2242 1095 gra-

664 1114 796 1170 tiam
822 1113 1097 1172 Creatoris
1119 1116 1219 1180 sui,
1259 1116 1372 1187 jam
1397 1127 1564 1184 amat,
1590 1119 1705 1189 jam
1741 1119 1971 1190 requirit
2005 1118 2096 1174 ubi
2132 1117 2243 1174 Re-

670 1204 1002 1276 demptorem
1030 1221 1183 1262 suum
1214 1207 1472 1263 inveniat.
1504 1207 1659 1264 Unde
1686 1210 1965 1281 sequitur:

744 1314 764 1346 ‹
797 1293 973 1351 Indica
1001 1294 1133 1351 mihi
1162 1310 1320 1365 quem
1344 1297 1519 1368 diligit
1543 1298 1724 1353 anima
1754 1315 1892 1357 mea.
1916 1299 2006 1355 ubi
2034 1315 2245 1371 pascas,

664 1406 686 1440 ι
705 1387 981 1455 ubicubes
1005 1388 1060 1443 in
1088 1388 1330 1444 meridie.
1345 1409 1365 1442 ι
1386 1390 1442 1444 1η
1465 1390 1692 1446 meridie
1711 1392 1792 1447 s'ol
1820 1391 2114 1449 ferventior
2126 1401 2243 1460 est;

652 1479 836 1535 omnis
860 1480 953 1550 qui
990 1479 1043 1534 in
1072 1479 1177 1535 fide
1206 1480 1398 1545 fervet,
1422 1483 1475 1537 in
1498 1497 1685 1539 amore
1722 1482 1912 1539 fervet.
1940 1484 2047 1541 lste
2087 1501 2251 1558 spon-

659 1588 753 1629 sus
782 1574 873 1644 qui
916 1573 1105 1630 subter
1128 1574 1384 1631 hinnulus
1408 1577 1750 1643 vocatur,'in
1796 1578 1961 1632 corde
2008 1577 2250 1648 ipsorum

659 1662 837 1733 pascit
880 1662 1140 1717 virtutum
1180 1664 1470 1729 viriditate,
1528 1665 1606 1720 ait
1632 1683 1646 1719 :
1674 1685 1691 1717 ι
1719 1665 1899 1722 lndica
1927 1667 2058 1721 mihi
2088 1683 2247 1739 quem

656 1752 832 1821 diligit
852 1753 1032 1809 anima
1061 1769 1198 1817 mea,
1219 1754 1307 1809 ubi
1335 1770 1552 1825 pascas,
1585 1757 1675 1812 ubi
1693 1757 1856 1812 cubes
1877 1757 1930 1812 in
1956 1758 2197 1813 meridie.
2222 1777 2241 1811 ι

2340 580 2531 621 versae.
2590 564 2814 621 Dicatur
2852 577 2988 635 ergo
3026 562 3320 619 Ecclesiae:
3349 580 3371 615 ‹
3398 559 3457 618 Si
3496 563 3680 635 ignoras
3711 576 3764 633 te,
3796 586 3818 627 o

2339 657 2564 729 pulchra
2605 657 2749 714 inter
2784 655 3068 723 mulieres,
3097 654 3354 727 egredere
3380 664 3434 710 et
3468 655 3549 710 abi
3583 666 3687 728 post
3705 662 3814 719 vesti-

2342 749 2428 820 gia
2457 754 2680 820 gregum
2711 758 2767 806 et
2793 763 2957 821 pasce
3000 747 3182 803 haedos
3221 755 3341 801 tuos
3374 744 3524 815 juxta
3563 749 3817 808 tabernamh

2342 842 2643 910 pastorum.
2677 858 2697 892 ι
2746 838 2792 895 O
2833 849 2890 895 tu
2928 853 3051 910 qua».
3092 837 3237 892 foeda
3267 851 3390 892 eras
3412 851 3503 907 per
3534 838 3817 909 ignorantiam,

2341 947 2443 1003 per
2481 931 2641 987 fidem
2688 931 2832 987 facta
2879 946 2940 987 es
2980 928 3207 1000 pulchra
3244 929 3383 984 inter
3424 928 3627 985 aliorum
3664 933 3817 990 anima.

2345 1020 2500 1088 Quod
2560 1021 2842 1076 evidenter
2904 1020 3105 1076 dicitur
3150 1019 3220 1074 ad
3262 1019 3550 1075 electorum
3589 1021 3817 1079 Ecclesiae.

2347 1110 2404 1168 Si
2443 1113 2661 1185 ignoras
2698 1121 2771 1177 te,
2806 1111 2861 1166 id
2894 1120 2979 1167 est
3017 1111 3119 1167 hoc
3157 1110 3333 1181 ipsum
3360 1110 3497 1180 quod
3528 1111 3589 1165 ad
3618 1111 3821 1183 imaginem

2347 1218 2523 1259 meam
2564 1201 2706 1258 facta
2744 1219 2805 1258 es
2838 1203 3072 1273 ignoras,
3103 1203 3381 1274 egredere,
3410 1200 3544 1256 foras
3567 1202 3657 1256 exi.
3683 1201 3726 1257 Si
3742 1219 3820 1259 vero

2346 1308 2455 1349 non
2483 1292 3017 1365 cognoscishaliqnid
3047 1292 3192 1349 facta
3219 1308 3308 1356 es,
3338 1292 3581 1363 egredere
3601 1300 3648 1347 et
3666 1293 3822 1364 abipost

2332 1384 2575 1453 vestigia
2614 1400 2863 1455 gregum.
2918 1381 3159 1454 Sequere
3210 1399 3321 1439 non
3363 1382 3593 1453 exempla
3629 1397 3734 1445 mea,
3762 1383 3820 1439 sed

2350 1475 2597 1546 exempla
2638 1476 2980 1547 populorum.
3034 1494 3052 1527 ι
3081 1475 3149 1531 Ει
3192 1489 3356 1545 pasce
3401 1473 3571 1530 haedos
3607 1483 3702 1529 tuos
3720 1473 3821 1545 juxta

2355 1565 2700 1621 tabernacula
2743 1575 3045 1636 pastorum.
3093 1585 3113 1618 ι
3170 1565 3320 1620 Haedi
3369 1563 3531 1620 nostri
3573 1574 3679 1620 sunt
3709 1574 3823 1621 motus

2352 1658 2622 1723 carnales,
2689 1659 2828 1714 haedi
2894 1667 3022 1715 sunt
3085 1668 3288 1715 nostrae
3338 1658 3639 1714 tentationes
3674 1659 3820 1715 illicita.

2328 1768 2376 1800 ,ι
2409 1748 2509 1805 Abi
2554 1760 2677 1820 post
2714 1750 2941 1824 vestigia
2983 1767 3230 1823 gregum,
3262 1771 3282 1805 ι
3329 1751 3383 1807 id
3416 1761 3496 1807 est
3530 1751 3712 1806 discede
3746 1760 3824 1822 post

657 1846 839 1912 Quare
862 1847 941 1902 sic
975 1856 1184 1918 qmeral
1205 1850 1297 1905 ubi
1321 1858 1532 1920 pascat,
1556 1850 1646 1904 ubi
1674 1850 1852 1915 cubet,
1878 1864 2098 1906 causam
2122 1851 2247 1906 red-

2355 1838 2599 1909 exempla
2628 1840 2966 1911 populorum.
3001 1859 3020 1893 ι
3050 1841 3118 1896 Et
3146 1856 3309 1912 pasce
3338 1841 3515 1897 haedos
3543 1851 3660 1905 tuos,
3685 1861 3698 1893 ι
3723 1842 3826 1897 idest

654 1940 789 1994 didit
842 1940 1206 2011 inquisitionis
1249 1958 1381 1998 suae.
1418 1961 1437 1994 ι
1467 1942 1545 2000 Ne
1590 1944 1770 2015 vagari
1816 1945 2067 2015 incipiam
2122 1954 2247 2015 post

661 2048 681 2079 ε
712 2045 903 2102 greges
937 2031 1201 2087 sodalium
1239 2042 1471 2088 tuorum.
1507 2054 1525 2086 ι
1554 2033 1789 2090 Sodales
1804 2036 1897 2092 Dei
1935 2045 2061 2091 sunt
2086 2036 2246 2092 amici

652 2117 972 2190 familiares,
988 2123 1129 2179 sicut
1141 2131 1265 2180 sunt
1277 2139 1466 2180 omnes
1476 2125 1569 2194 qui
1582 2124 1719 2181 bene
1734 2126 1939 2180 vivunt.
1956 2125 2062 2181 Sed
2091 2126 2246 2182 multi

654 2222 916 2283 apparent
943 2214 1155 2271 sodales
1183 2230 1324 2285 esse,
1348 2226 1404 2271 et
1430 2232 1534 2271 non
1558 2224 1703 2272 sunt.
1731 2215 1880 2271 Multi
1894 2217 2040 2273 enim
2063 2216 2249 2272 docto-

654 2321 743 2362 res
766 2306 894 2363 dum
917 2322 1171 2379 perversa
1193 2309 1437 2364 doctrina
1460 2309 1745 2375 suaderet,
1764 2308 1976 2365 sodales
2011 2308 2233 2380 quidem

650 2398 991 2465 videbantur,
1012 2401 1105 2458 sed
1128 2402 1330 2458 inimici
1354 2403 1698 2458 exstiterunt.
1723 2402 1859 2458 Dum
1878 2404 2075 2472 doctor
2094 2411 2242 2459 esset

653 2488 838 2557 Arius,
859 2490 1144 2559 Sabellius,
1162 2493 1468 2560 Montanus,
1484 2495 1638 2566 quasi
1666 2494 1879 2551 sodales
1901 2494 2241 2562 videbantur,

655 2581 751 2636 sed
774 2582 902 2639 dum
927 2584 1176 2641 districte
1200 2586 1429 2643 discussi
1454 2597 1606 2653 sunt,
1623 2587 1828 2643 inimici
1852 2595 2240 2659 apparuerunt.

654 2668 811 2727 Dicat
837 2688 1005 2745 ergo:
1035 2694 1055 2727 ι
1084 2675 1265 2732 Indica
1292 2677 1426 2733 mihi
1469 2693 1631 2748 quem
1659 2677 1833 2751 diligit
1873 2678 2054 2734 anima
2096 2692 2243 2746 mea,

650 2761 742 2817 ubi
763 2778 977 2833 pascas,
1007 2764 1098 2822 ubi
1124 2767 1292 2823 cubes
1317 2768 1373 2823 in
1399 2768 1647 2835 meridie,
1676 2782 1745 2822 ne
1768 2769 1955 2840 vagari
1986 2768 2241 2839 incipiam

651 2862 777 2925 post
817 2871 1010 2929 greges
1036 2859 1304 2915 sodalium
1348 2869 1588 2917 tuorum.
1614 2881 1635 2915 ι
1665 2860 1746 2917 Ac
1779 2862 1825 2917 si
1854 2862 1999 2917 dicat
2025 2880 2037 2915 :
2062 2860 2243 2916 Indica

652 2945 711 3002 in
744 2962 978 3018 quorum
1017 2952 1276 3009 cordibus
1296 2954 1567 3009 veraciter
1592 2955 1928 3024 requiescas,
1959 2969 2027 3009 ne
2057 2955 2244 3025 vagari

652 3035 907 3109 incipiam
926 3049 1050 3111 post
1072 3057 1263 3115 greges
1288 3058 1477 3100 eorum
1500 3044 1592 3114 qui
1618 3044 1831 3101 sodales
1863 3045 1939 3100 tui
1969 3045 2243 3112 videntur,

655 3126 710 3183 id
739 3136 824 3185 est
841 3131 934 3201 qui
956 3131 1255 3192 familiares
1276 3135 1352 3190 tui
1380 3135 1696 3202 creduntur,
1710 3143 1765 3191 et
1793 3151 1902 3192 non
1932 3144 2079 3193 sunt.
2110 3134 2244 3192 Om-

656 3233 757 3275 nes
780 3196 1108 3291 sacerdotes,
1130 3239 1320 3281 omnes
1333 3226 1585 3282 doctores
1606 3225 1820 3283 sodales
1831 3237 2240 3298 sunt~quantum
2269 3196 2316 3261 ε

655 3311 725 3367 ad
750 3313 1015 3384 speciem;
1043 3326 1307 3389 quantum
1330 3334 1460 3375 vero
1482 3318 1551 3373 ad
1578 3318 1766 3385 vitam,
1800 3319 1952 3375 multi
1979 3336 2089 3377 non
2119 3330 2247 3378 sunt

656 3401 891 3471 sodales,
915 3406 1011 3463 sed
1033 3407 1328 3463 adversarii
1350 3416 1496 3464 sunt.
1530 3406 1682 3464 Multi
1705 3409 1850 3465 enim
1871 3411 2081 3482 parvuli
2102 3413 2245 3468 inter

655 3491 954 3552 Ecclesiam
1006 3496 1191 3554 fideles
1233 3506 1494 3573 appetunt
1536 3500 1675 3557 bene
1718 3501 1933 3569 vivere,
1963 3511 2020 3560 et
2055 3504 2248 3561 volunt

657 3582 825 3639 vitam
853 3586 1195 3642 rectitudinis
1224 3596 1434 3655 tenere,
1462 3589 1810 3657 considerant
1849 3591 2017 3647 vitam
2057 3608 2242 3648 sacer-

658 3673 844 3731 dotum
870 3676 966 3748 qui
1010 3676 1092 3734 eis
1132 3678 1408 3750 praepositi
1437 3687 1586 3747 sunt,
1615 3688 1671 3737 et
1700 3681 1827 3737 dum
1862 3680 2002 3739 bene
2029 3682 2133 3754 ipsi
2159 3698 2246 3739 sa-

659 3769 908 3828 cerdotes
947 3788 1055 3829 non
1091 3773 1299 3840 vivunt,
1329 3774 1388 3830 hi
1427 3764 1521 3846 q'ui
1571 3783 1890 3848 sequuntur,
1918 3777 1974 3833 in
2001 3792 2244 3834 errorem

658 3860 993 3918 dilabuntur.
1040 3861 1194 3921 Unde
1228 3866 1469 3925 Ecclesia
1494 3869 1648 3940 quasi
1676 3869 1731 3925 in
1757 3870 1963 3927 eisdem
2004 3871 2247 3943 parvulis

657 3962 715 4008 et
739 3952 989 4011 fidelibus
1015 3955 1182 4012 dicit:
1209 3957 1430 4016 «Indica
1476 3961 1612 4017 mihi
1651 3976 1816 4032 quem
1859 3961 2037 4035 diligit
2061 3964 2245 4020 anima

660 4058 806 4111 mea,
828 4043 919 4100 ubi
949 4061 1163 4116 pascas,
1194 4051 1286 4107 ubi
1308 4052 1474 4110 cubes
1500 4054 1553 4109 in
1586 4053 1832 4122 meridie,
1853 4074 1874 4107 ι
1898 4055 1951 4111 id
1969 4065 2054 4112 est
2075 4057 2248 4113 vitam

664 4136 765 4192 tibi
788 4137 1059 4195 veraciter
1078 4144 1432 4200 servientium
1458 4145 1593 4201 mihi
1637 4146 1842 4213 indica,
1873 4156 1935 4203 ut
1960 4149 2131 4205 sciam
2155 4149 2250 4205 ubi

660 4230 845 4301 pascis
887 4232 1161 4291 viriditate
1204 4236 1494 4303 Virtutum,
1543 4245 1604 4292 ut
1641 4238 1809 4294 sciam
1852 4237 1946 4295 ubi
1986 4240 2153 4298 cubes
2192 4241 2249 4297 in

662 4320 913 4390 meridie,
945 4322 1000 4380 id
1039 4334 1125 4382 est
1167 4327 1466 4398 requiescis
1494 4328 1551 4383 in
1594 4326 1817 4384 fervore
1848 4329 2151 4398 cbaritatis,
2182 4347 2251 4389 ne

662 4408 794 4467 dum
835 4427 1029 4487 greges
1069 4416 1334 4472 sodalium
1383 4425 1597 4473 tuorum
1633 4416 1870 4488 aspicio,
1899 4417 2017 4489 ipsa
2061 4422 2250 4492 vagari

661 4504 919 4579 incipiam
942 4549 960 4576 ,
1008 4510 1258 4568 nesciens
1302 4510 1457 4585 cujus
1498 4511 1685 4569 verbis
1724 4513 1948 4568 credere
1987 4510 2246 4581 debeam,

2350 1931 2496 1986 nutri
2536 1940 2715 1987 motus
2750 1932 3047 1999 carnales,
3074 1948 3183 1990 non
3212 1934 3326 2005 jam
3368 1933 3822 2003 scnsus,spiritua|es,
3932 1978 3933 2005 ἦ

2352 2023 2446 2079 sed
2490 2024 2985 2080 motus—carnales.
3035 2024 3234 2081 Abires
3266 2025 3421 2095 juxta
3458 2024 3742 2081 tabernacula
3765 2040 3825 2095 ρι-
3934 2082 3935 2097 χ

2348 2124 2580 2182 storum,
2610 2116 2727 2172 sive
2761 2132 2932 2189 agnos
2956 2132 3207 2188 pascere,
3239 2117 3293 2171 id
3321 2126 3404 2173 est
3440 2117 3492 2173 in
3515 2115 3731 2173 doctrinis
3751 2130 3825 2170 ιιι-
3934 2152 3935 2155 η

2348 2210 2663 2281 gistrorum,
2715 2210 2770 2266 in
2818 2211 3082 2268 doctrinis
3139 2210 3518 2281 apostolorum,
3563 2210 3610 2265 in
3641 2208 3824 2265 doctrinis

2328 2303 2751 2373 prophetarum.
2803 2300 2929 2358 Sive
2961 2301 3146 2358 haedos
3184 2302 3366 2373 pascis
3401 2301 3546 2372 juxta
3573 2296 3824 2355 tabernacula

2347 2404 2625 2467 pastorum
2676 2410 2861 2465 pasce,
2908 2403 2968 2451 ut
2992 2394 3098 2451 fide
3147 2396 3362 2452 voceris
3389 2394 3663 2450 Christiana
3700 2401 3824 2446 etnon

2346 2485 2620 2557 operibus,
2671 2487 2799 2556 quia
2830 2485 2974 2541 intra
3008 2484 3211 2542 videris
3252 2502 3374 2543 esse
3405 2500 3498 2557 per
3520 2484 3676 2548 fidem,
3698 2490 3824 2537 etnon

2347 2577 2493 2633 intra
2521 2592 2614 2648 per
2638 2592 2823 2649 opera.
2872 2576 3012 2635 Ecce
3043 2577 3360 2650 increpasti,
3410 2591 3530 2634 ecce
3564 2569 3823 2644 redargnisti.

2347 2668 2488 2738 Quid
2518 2669 2664 2725 enim
2704 2686 2811 2726 non
2844 2670 2999 2727 dicis.
3039 2668 3178 2738 Quid
3207 2680 3266 2725 tu
3298 2670 3520 2742 benigne
3552 2668 3601 2724 in
3625 2677 3826 2735 διοικη-

2347 2774 2435 2822 tus
2463 2766 2563 2823 es?
2591 2765 2687 2822 Dic
2714 2766 2892 2837 plane.
2921 2765 3056 2822 Nam
3080 2767 3361 2837 sequitur:

2421 2879 2441 2913 ί
2488 2860 2763 2930 Είιιιίιιιιιιί
2812 2875 2937 2923 meo,
2986 2860 3043 2916 in
3089 2861 3344 2918 curribus
3372 2857 3640 2916 Pharaonis
3679 2850 3826 2909 assim-

2351 2970 2372 3003 ‹
2415 2951 2520 3007 lavi
2548 2960 2625 3018 te,
2652 2952 2826 3009 amica
2854 2967 2999 3009 mea.
3031 2972 3052 3007 ι
3086 2951 3293 3010 Omnes
3315 2952 3407 3024 qui
3431 2950 3652 3012 luxuriat,
3683 2944 3826 3016 quisn-

2345 3045 2565 3117 perbiae,
2603 3045 2699 3116 qui
2729 3028 3011 3112 avaritiae:
3036 3045 3128 3117 qui
3170 3045 3410 3111 invidiae,
3440 3042 3527 3114 qui
3559 3039 3741 3095 fallacie
3764 3031 3825 3086 de-

2347 3140 2612 3204 serviunt,
2663 3139 2842 3195 adhuc
2891 3139 2994 3196 sub
3040 3154 3205 3195 curru
3231 3136 3522 3195 Pharaonis
3561 3140 3684 3194 sunt,
3714 3126 3825 3181 idest

2346 3231 2461 3289 sub'
2487 3231 2748 3304 regimine
2787 3230 3009 3298 diaboli,
3041 3233 3133 3302 qui
3161 3232 3320 3302 quasi
3350 3228 3447 3287 sub
3488 3238 3631 3283 curru
3653 3221 3822 3276 Pharao-

2345 3325 2431 3381 nis
2456 3332 2601 3382 sunt.
2635 3323 2826 3380 Omnis
2853 3337 2979 3379 vero
3005 3322 3098 3394 qui
3139 3322 3193 3377 in
3217 3320 3532 3383 humilitate,
3559 3316 3608 3370 in
3631 3310 3825 3369 castitate.

2347 3419 2403 3475 in
2438 3419 2704 3486 doctrina,
2743 3419 2800 3474 in
2839 3416 3106 3474 cbaritate
3149 3414 3326 3472 fervet
3356 3413 3467 3484 jam
3499 3401 3825 3480 equuscllecws

2344 3521 2428 3570 est
2454 3512 2729 3569 Creatoris
2767 3511 2965 3576 nostri,
2994 3510 3111 3581 jam
3151 3509 3208 3564 in
3263 3522 3425 3565 curru
3456 3503 3543 3560 Dei
3566 3497 3733 3588 positus
3755 3496 3825 3588 est.

2341 3604 2455 3675 jam
2487 3618 2752 3660 sessorem
2782 3602 2951 3657 Deum
2981 3601 3163 3657 habet.
3210 3599 3368 3657 Unde
3396 3595 3592 3654 cuidam
3617 3585 3825 3680 cui

2346 3712 2449 3752 nus
2476 3694 2797 3767 praesidebat
2823 3693 3024 3750 dicitur
3048 3710 3061 3747 :
3089 3711 3108 3745 ι
3138 3693 3347 3748 Durum
3375 3697 3457 3746 est
3480 3684 3569 3742 tibi
3592 3679 3827 3767 contrita"-

2346 3763 2555 3845 mnlum
2587 3787 2874 3844 calcitrare
2911 3786 3049 3860 (Act.
3085 3784 3185 3859 ix).
3216 3805 3238 3839 ι
3288 3784 3368 3841 Ac
3417 3781 3463 3838 si
3504 3763 3826 3841 dicentium

2347 3896 2520 3952 equus
2555 3896 2637 3946 es,
2671 3877 2785 3948 jam
2824 3877 3001 3934 calces
3039 3885 3229 3934 contra
3261 3890 3349 3932 me
3372 3862 3828 3959 jactare-1192.99?

2342 3950 2457 4044 illm
2488 3971 2585 4027 tibi
2623 3985 2723 4043 ego
2750 3966 3032 4041 praesideo.
3077 3966 3154 4022 De
3192 3966 3315 4023 istis
3350 3961 3498 4034 equis
3530 3954 3641 4013 alibi
3663 3950 3826 4044 dicitur:

2355 4030 2375 4117 ἓ
2422 4063 2614 4120 Misisti
2643 4030 2699 4119 {£1
2728 4030 2879 4118 mare
2907 4074 3075 4131 equos
3107 4067 3252 4124 tuos,
3283 4030 3549 4114 turbantes
3571 4055 3711 4116 aquas
3736 4030 3828 4132 mul-

2352 4165 2435 4211 tas
2465 4153 2693 4228 (Habac.
2740 4152 2848 4225 ιιι).
2881 4171 2899 4205 ι
2950 4150 3124 4207 Habet
3158 4164 3290 4221 ergo
3331 4157 3540 4204 currum
3576 4136 3709 4196 Deus,

2353 4222 2639 4301 animabus
2671 4222 2875 4300 sanctis
2917 4241 3191 4313 praesidet,
3234 4249 3294 4296 et
3330 4252 3425 4310 per
3466 4230 3653 4289 animas

2352 4338 2776 4410 circumquaque
2808 4308 3083 4393 discurrit.
3114 4332 3274 4392 Unde
3301 4308 3548 4402 scriptum
3573 4328 3673 4379 es“
3699 4308 3831 4413 ac"?

2353 4445 2449 4486 rus
2486 4401 2599 4485 θεῖ’
2632 4401 2821 4485 decem
2870 4425 3041 4483 millia
3089 4422 3262 4499 (Psal.
3305 4401 3487 4493 mn),
3520 4433 3559 4491 ι,
3591 4418 3640 4468 et
3668 4401 3830 4497 telis“?-

2355 4519 2529 4576 Habet
2568 4528 2748 4576 tamen
2787 4533 2980 4575 currus
3009 4516 3243 4583 Pharao,
3291 4514 3385 4587 qui
3425 4521 3591 4568 tamen
3628 4507 3775 4558 cum“
3797 4500 3831 4540 ¹³

660 4574 817 4669 cujus
840 4574 1149 4675 magisterio
1169 4604 1250 4661 uti
1276 4574 1525 4661 debeam.
1550 4602 1693 4660 Ecce
1714 4603 1883 4661 verba
1910 4603 2097 4676 sponsi
2125 4574 2246 4662 red;
2274 4574 2329 4637 Β
2548 4574 2735 4670 Rubro
2785 4574 3053 4669 submersi
3105 4574 3253 4666 sunt.
3484 4614 3601 4673 ergo
3643 4592 3830 4663 δΡ⁰¹¹⁵⁰⁸²

662 4693 866 4753 duntur
888 4698 957 4754 ad
980 4713 1257 4769 sponsam.
2090 4740 2097 4747 .
2222 4766 2227 4773 ε

739 4807 758 4841 ι
805 4788 864 4845 Si
903 4790 1123 4861 ignoras
1158 4799 1231 4857 te,
1267 4805 1302 4846 o
1325 4788 1553 4862 pulchra
1593 4789 1737 4847 inter
1780 4789 2062 4861 mulieres,
2096 4807 2253 4865 egre-

668 4896 689 4930 ι
735 4879 889 4947 dere,
924 4888 981 4935 et
1005 4879 1094 4937 abi
1126 4889 1251 4952 post
1272 4882 1501 4954 vestigia
1527 4897 1752 4954 gregum
1791 4890 2034 4951 tuorum,
2066 4893 2124 4941 et
2150 4878 2252 4956 pa-

670 4987 691 5021 ι
735 4984 828 5027 see
872 4971 1058 5028 haedos
1108 4980 1229 5030 tuos
1268 4971 1423 5042 juxta
1476 4974 1822 5032 tabernacula
1874 4988 2176 5048 pastorum.
2221 4996 2248 5033 ›

667 5062 857 5121 Omnis
900 5066 1080 5120 anima
1115 5066 1249 5122 nihil
1293 5067 1455 5123 debet
1495 5067 1729 5140 amplius
1760 5083 1956 5125 curare
1989 5085 2152 5141 quam
2192 5078 2254 5126 ut

667 5156 903 5227 seipsam
930 5157 1087 5214 sciat.
1117 5158 1219 5228 Qui
1248 5161 1393 5216 enim
1422 5161 1659 5233 seipsum
1694 5161 1816 5228 scit,
1844 5163 2102 5237 cognovit
2125 5162 2253 5233 quia

670 5247 737 5303 ad
768 5247 1055 5321 imaginem
1078 5248 1172 5307 Dei
1202 5251 1377 5310 factus
1403 5261 1506 5309 est.
1539 5252 1597 5310 Si
1627 5253 1697 5310 ad
1725 5253 2019 5325 imaginem
2045 5254 2140 5309 Dei
2170 5254 2254 5310 fa-

671 5350 792 5399 ctus
819 5352 931 5412 est,
962 5361 1070 5401 non
1102 5347 1262 5403 debet
1295 5348 1706 5406 similitudinem
1748 5349 2125 5420 iumentorum
2165 5363 2255 5405 se-

672 5434 786 5504 qui,
820 5436 935 5493 sive
978 5439 1033 5494 in
1073 5438 1306 5507 luxuria,
1344 5441 1457 5498 sive
1500 5443 1554 5497 in
1586 5441 1828 5514 appetitu
1873 5444 2128 5515 praesenti
2158 5444 2255 5500 de-

673 5526 834 5583 volvi.
862 5528 937 5585 De
962 5546 1068 5601 qua
1100 5532 1404 5603 ignorantia
1435 5533 1562 5589 alibi
1605 5534 1809 5590 dicitur
1837 5552 1852 5589 :
1882 5553 1902 5586 ι
1930 5534 2106 5590 Homo
2133 5550 2258 5592 cum

676 5616 731 5671 in
762 5618 965 5676 honore
1000 5632 1163 5688 esset,
1195 5640 1302 5679 non
1350 5623 1631 5691 intellexit.
1669 5636 2016 5698 comparatus
2048 5635 2131 5683 est
2166 5627 2259 5698 ju-

677 5711 877 5767 meutis
904 5712 1305 5785 insipientibus,
1336 5728 1391 5773 et
1422 5719 1613 5775 similis
1637 5719 1813 5775 factus
1834 5732 1917 5775 εει
1951 5719 2057 5775 illis
2082 5718 2256 5792 (Psal.

677 5799 890 5873 sunt).
922 5822 942 5856 ι
975 5802 1213 5880 Vestigia
1243 5824 1469 5880 gregum
1497 5818 1627 5866 sunt
1648 5809 1889 5867 actiones
1917 5809 2258 5884 populorum.

2356 4726 2376 4760 ι
2396 4704 2673 4778 Equitatui
2699 4719 2817 4761 meo
2841 4704 2895 4760 in
2916 4703 3168 4760 curribus
3183 4697 3478 4758 Pharaonis
3499 4679 3743 4750 assimthi

2348 4767 2490 4863 Dum
2521 4797 2699 4852 adhuc
2726 4795 2981 4868 operibus
3020 4793 3366 4851 daemoniacis
3402 4780 3687 4846 deservires,

2354 4888 2618 4961 equitatui
2668 4861 2790 4944 meo
2834 4886 3128 4944 assimilavi
3168 4905 3181 4940 :
3230 4886 3358 4958 quia
3396 4874 3586 4939 ειιθοίίί
3625 4861 3835 4965 “Md,

2356 4954 2886 5056 praedestinationem
2921 4979 2977 5035 in
3026 4989 3081 5037 te
3118 4954 3361 5045 fecerim,
3405 4983 3459 5033 et
3500 4965 3636 5039 θίιυίε

2360 5037 2692 5144 comparavi.
2723 5071 2823 5128 Ubi
2858 5071 3249 5128 consideranda
3285 5037 3409 5127 sunt
3435 5063 3524 5121 Dei
3547 5037 3836 5144 ὸοουιυὶυάξζ

2360 5165 2446 5222 cia
2463 5137 2501 5231 ,-
2520 5179 2684 5236 quam
2729 5162 2885 5219 multi
2932 5163 3184 5219 videntur
3215 5177 3314 5236 per
3347 5137 3836 5236 praedicationem:

2360 5229 2724 5329 sapientiam,
2772 5271 2871 5328 per
2916 5229 3264 5323 castitatem,
3308 5229 3405 5327 per
3447 5243 3745 5315 Ῑθτείυίθων

2362 5310 2846 5423 longanimita'tei‘n,
2893 5348 3019 5420 equi
3066 5348 3162 5404 Dei
3396 5351 3451 5399 et
3488 5310 3837 5423 ,ιεωθηᾷοοεέξξξξ

2900 5400 3616 5497 διέιξοέὴζέέίωἱιιιηωι.
3643 5417 3699 5473 Et

2359 5504 2614 5589 videntur
2654 5549 2753 5606 per
2778 5504 3093 5599 avaritiam,
3142 5548 3240 5603 per
3285 5523 3591 5601 superbiam.
3635 5504 3838 5606 Pal

2362 5627 2534 5687 diam.
2576 5594 2675 5697 per
2713 5626 2984 5681 luxuriam
3018 5594 3617 5725 equi'PbaraonisueSSfo
3642 5594 3839 5725 “:3:

2363 5811 2486 5869 illos
2516 5810 2662 5868 videt
2695 5787 2763 5867 de
2801 5813 2944 5869 bono
2975 5787 3045 5867 ad
3080 5809 3223 5866 mala
3249 5811 3497 5868 converti,
3523 5802 3572 5852 et
3604 5787 3758 5844 isto"

3914 1208 3919 1337 π
