4078 6340
220 351 330 407 577

1373 347 1629 405 ENARR.
1668 345 1736 403 1N
1775 341 2073 403 CANTICA
2106 307 2372 402 (arma.
2782 333 2810 344 ’·
2877 346 2900 356 ε·
2955 339 2988 350 ~
3021 352 3040 358 --

3385 361 3490 417 578

217 471 290 526 de
322 467 467 524 malo
505 467 575 524 ad
612 466 811 524 bonum
859 463 1063 520 reduci.
1116 463 1270 520 Sicut
1300 463 1444 520 enim
1471 479 1569 535 per
1604 463 1808 533 prinde-
1835 466 1885 525 Α
1910 465 2065 533 bore,
2095 473 2152 523 et
2175 467 2516 524 verecundia
2550 468 2788 525 candore
2811 467 3160 537 decorantur,
3191 476 3246 525 et
3273 469 3324 524 in
3351 468 3493 528 facie

219 560 582 618 stinationem
625 558 780 614 multi
816 558 908 628 qui
940 558 1064 627 equi
1094 557 1345 612 videntur
1367 556 1492 622 Dei,
1534 557 1657 626 equi
1686 565 1812 612 sunt

219 651 527 708 Pharaonis
553 665 651 720 per
675 650 960 720 reprobam
981 649 1146 703 vitam
1169 664 1288 719 qua
1313 648 1556 719 sequitur
1579 662 1703 702 eos:
1735 647 1810 702 ita

218 754 278 800 et
321 759 418 799 uer
451 743 712 814 pietatem
751 741 902 812 multi
937 741 1028 810 qui
1073 741 1197 810 equi
1228 740 1528 796 Pharaonis
1572 755 1692 795 esse
1731 741 1811 795 vi-

219 838 442 901 dentur,
474 848 572 906 per
605 841 851 890 sanctam
887 833 1053 887 vitam
1081 847 1243 902 quam
1286 832 1339 885 in
1368 831 1472 886 ﬁne
1503 847 1600 887 suo
1629 846 1812 886 serva-

220 929 336 984 turi
372 936 519 994 sunt,
548 927 704 997 equis
733 927 826 981 Dei
857 925 1243 980 assimilantur.
1286 924 1439 980 Unde
1464 924 1734 980 blanditur
1757 931 1813 979 et

221 1021 395 1075 dicit:
427 1037 445 1070 ι
475 1019 749 1089 Equitatui
769 1034 888 1074 meo
918 1019 972 1072 in
999 1018 1248 1073 curribus
1271 1017 1570 1073 Pharaonis
1601 1019 1814 1074 assimi-

221 1112 332 1166 lavi
376 1122 449 1177 te,
487 1111 660 1166 amica
705 1125 843 1174 mea,
882 1130 902 1163 ι
947 1110 999 1164 id
1035 1117 1118 1164 est
1170 1118 1228 1164 tu
1266 1110 1442 1166 adhuc
1479 1109 1536 1164 in
1566 1109 1813 1164 curribus

219 1201 527 1256 Pharaonis
554 1201 702 1256 vitiis
721 1200 1082 1266 deserviebas,
1116 1198 1216 1254 sub
1239 1198 1388 1254 vitiis
1413 1199 1687 1265 currebas,
1719 1199 1813 1254 sed

229 1307 338 1364 ego
387 1292 591 1348 attendi
633 1291 761 1362 quid
805 1306 901 1361 per
926 1290 1455 1361 pradestinationem
1481 1292 1546 1346 de
1589 1299 1641 1344 te
1687 1289 1808 1344 feci.

223 1383 509 1452 Equitatui
545 1397 669 1437 meo
705 1381 997 1437 assimilavi
1027 1390 1096 1446 te,
1137 1382 1190 1436 id
1221 1390 1326 1447 est,
1357 1381 1544 1436 electis
1574 1382 1708 1436 meis
1743 1381 1814 1435 si-

227 1477 422 1531 milem
465 1483 520 1530 te
549 1475 776 1529 attendi.
831 1474 969 1528 Ecce
993 1473 1206 1528 tandem
1255 1473 1494 1528 advertis
1531 1472 1815 1545 magniﬁce

223 1566 432 1630 Caesar,
459 1580 622 1635 quam
657 1564 711 1617 in
742 1563 956 1635 isagoge
986 1561 1194 1633 prafati
1235 1579 1420 1617 sumus
1449 1563 1592 1632 quod
1621 1562 1696 1616 nil
1728 1562 1814 1616 hi-

225 1659 526 1714 storialiter
573 1658 628 1712 in
679 1658 784 1712 hoc
829 1655 1103 1710 volumine
1149 1655 1438 1725 reperitur,
1491 1655 1586 1710 sed
1634 1655 1814 1710 omnia

227 1751 615 1822 allegoriarum
677 1748 1026 1803 allusionibus
1091 1747 1360 1812 redolent,
1413 1756 1468 1802 et
1510 1749 1813 1801 dramatum

1915 567 2042 613 sunt
2069 557 2516 631 corporis:nihil
2562 560 2760 616 mirum
2801 559 2847 616 si
2876 575 3064 616 eorum
3109 575 3354 632 persona
3397 561 3492 632 qui

1912 650 2107 707 faciem
2157 652 2412 708 Ecclesia:
2465 660 2730 708 exornant
2785 661 3186 723 comparentur.
3239 652 3390 709 Unde
3435 653 3492 709 in

1913 741 2065 814 genis
2089 741 2343 798 Ecclesia
2385 750 2510 798 sunt
2546 742 2733 798 Patres
2769 742 3006 814 antiqui,
3034 743 3129 814 qui
3163 743 3222 798 in
3251 741 3366 813 ipsa
3396 743 3494 798 ho-

1913 835 2062 890 noris
2106 835 2243 890 facie
2281 835 2442 906 primi
2481 835 2786 891 consistunt
2823 842 2986 905 atque
3024 835 3269 906 martyrii
3298 835 3494 890 decore

1915 924 2132 980 rubent.
2179 924 2402 980 Turturi
2446 940 2577 980 vero
2623 924 2866 980 Ecclesia
2907 935 3129 996 propter
3174 924 3496 981 varietatem

1916 1013 2257 1070 diversorum
2299 1015 2600 1083 bonorum,
2644 1015 2756 1070 sive
2805 1015 3110 1071 castitatem
3152 1023 3498 1088 comparatur

1914 1106 2194 1162 virtutum.
2244 1106 2374 1174 Qua
2418 1107 2535 1163 avis
2582 1106 2694 1162 sola
2740 1123 2851 1178 pra
2904 1108 3118 1164 cateris
3168 1109 3359 1165 avibus
3411 1120 3499 1164 re-

1915 1207 2061 1254 mota
2103 1213 2133 1253 a
2167 1197 2471 1269 frequentia
2519 1199 2796 1254 hominum
2849 1199 3022 1272 diligit
3085 1200 3322 1256 incolere
3377 1200 3494 1257 loca

1915 1298 2148 1357 secreta,
2194 1299 2250 1346 et
2296 1291 2369 1346 ibi
2414 1291 2698 1347 constituit
2740 1293 2948 1360 nidum,
2974 1293 3168 1349 educat
3205 1294 3380 1366 pullos
3407 1293 3499 1351 ubi

1915 1383 2089 1439 hostis
2141 1383 2258 1454 ejus
2313 1392 2407 1438 aut
2462 1398 2772 1453 nunquam,
2822 1393 2914 1439 aut
2957 1385 3048 1440 vix
3096 1386 3263 1441 habet
3311 1401 3499 1442 acces-

1916 1494 2055 1536 sum.
2112 1478 2204 1534 Sic
2245 1479 2502 1534 nimirum
2542 1479 2717 1534 sancti
2757 1479 2965 1545 Patres,
2993 1481 3070 1537 sic
3106 1481 3284 1536 anima
3315 1489 3501 1536 sancta

1915 1578 1972 1625 et
1999 1569 2194 1635 ﬁdelis,
2226 1586 2345 1640 qua
2391 1571 2565 1625 amica
2613 1569 2910 1642 appellatur
2963 1585 2994 1625 a
3034 1571 3201 1627 verbo
3239 1571 3357 1637 Dei,
3392 1584 3500 1641 quo

1917 1661 2102 1732 utique
2140 1661 2394 1733 fugiendo
2424 1661 2796 1731 malorumque
2839 1661 3111 1718 consortia
3155 1661 3496 1731 respuendo,

1917 1752 2180 1822 quidquid
2227 1753 2524 1822 pretiosum
2571 1752 2624 1806 in
2671 1751 2924 1821 prasenti
2971 1750 3215 1806 cernitur
3255 1752 3404 1818 vita,
3439 1764 3506 1806 eo

225 1842 640 1900 decursionibus
665 1882 681 1907 ,
727 1841 1118 1910 moraliumque
1163 1841 1521 1895 suavitatibus
1565 1839 1810 1911 ﬂagrant.
1843 1831 1892 1890 Β
1922 1843 2081 1899 modo
2107 1844 2455 1914 cognoscitur
2487 1842 2763 1897 calestem
2787 1841 2968 1898 facere
2992 1842 3219 1912 prolem,
3244 1842 3505 1900 doctrina

223 1935 491 2004 Quocirca
538 1933 767 1988 suadere
797 1974 812 2000 ,
877 1932 989 1987 imo
1033 1946 1341 2004 suggerere,
1382 1948 1690 2003 quanquam
1737 1941 1816 1986 te—

225 2043 403 2092 mere,
454 2025 783 2082 excellentia
829 2024 1078 2080 culminis
1125 2025 1294 2080 vestri
1343 2033 1570 2094 exopto,
1601 2033 1659 2080 ut
1686 2025 1812 2095 quia

225 2136 482 2191 magnam
514 2119 746 2174 solertia
777 2119 1094 2188 sapientiam
1122 2127 1335 2183 nactus,
1367 2129 1421 2174 et
1444 2117 1815 2173 defensionem

227 2215 626 2284 tuitionemque
677 2222 876 2267 sancta
902 2211 1154 2267 Ecclesia
1190 2212 1462 2283 indeptus,
1492 2220 1552 2265 ut
1588 2228 1696 2266 non
1729 2226 1816 2266 so-

224 2307 340 2361 lum
383 2322 659 2362 armorum
701 2303 956 2376 suffragio
988 2305 1041 2359 in
1075 2304 1355 2374 procinctu
1391 2303 1650 2358 bellorum
1688 2319 1816 2358 con-

227 2400 470 2464 stitutus,
508 2398 694 2454 cuneis
727 2413 1014 2469 procerum
1053 2396 1302 2462 vallatus,
1349 2404 1403 2450 et
1441 2396 1634 2450 turmis
1675 2395 1815 2450 mili-

225 2501 342 2548 tum
390 2491 743 2561 constipatus,
779 2489 848 2544 ab
881 2488 1278 2544 incursionibus
1328 2496 1638 2542 exterarum
1686 2502 1818 2558 gen-

225 2580 363 2634 tium
393 2581 825 2635 adversariorum
851 2587 1124 2650 protegas,
1149 2593 1336 2632 verum
1364 2594 1532 2633 sacra
1557 2578 1815 2634 doctrina

224 2680 282 2726 et
325 2671 687 2741 intelligentia
729 2669 1029 2724 divinarum
1066 2667 1468 2740 Scripturarum
1499 2669 1721 2723 devotus
1760 2677 1816 2724 et

225 2763 444 2820 sedulus
479 2764 756 2834 persistas,
791 2771 850 2816 ut
875 2762 1119 2816 eamdem
1169 2770 1409 2816 sanctam
1435 2761 1729 2817 Ecclesiam
1759 2763 1814 2817 in

226 2853 491 2923 subjectis
519 2855 586 2909 ab
616 2855 949 2909 internorum
979 2852 1228 2908 videlicet
1255 2852 1611 2923 malignorum
1648 2854 1812 2925 spiri-

225 2957 378 3002 tuum
407 2947 673 3002 ancilibus
707 2945 1122 3017 Evangeliorum
1159 2946 1422 3011 munitus,
1456 2945 1648 3016 gladiis
1679 2945 1814 3000 divi-

225 3053 420 3093 narum
461 3037 869 3106 Scripturarum
906 3036 1215 3100 accinctus,
1256 3037 1480 3108 spiculis
1516 3036 1814 3092 sententia-

225 3146 346 3184 rum
372 3138 619 3194 ornatus,
651 3127 940 3183 defendere
963 3128 1174 3198 possis:
1201 3127 1293 3198 qui
1319 3144 1534 3199 semper
1560 3144 1666 3184 non
1698 3143 1812 3184 cor-

223 3239 380 3293 pora,
408 3223 502 3278 sed
523 3223 733 3278 animas
756 3221 988 3276 ﬁdelium
1006 3222 1348 3292 exstinguere
1363 3231 1630 3290 quarunt.
1660 3221 1813 3280 Unde

221 3318 419 3373 Petrus
441 3320 709 3381 hortatur,
741 3318 962 3371 dicens:
995 3336 1012 3367 ‹
1041 3316 1292 3387 Vigilate,
1319 3318 1446 3388 quia
1469 3319 1812 3374 adversarius

221 3420 410 3463 vester
455 3407 697 3462 diabolus
746 3416 1002 3477 tanquam
1053 3407 1135 3462 leo
1167 3409 1387 3480 rugiens
1423 3409 1639 3474 circuit,
1668 3425 1814 3478 qua-

223 3515 354 3554 rens
402 3515 558 3568 quem
607 3499 848 3564 devoret;
903 3498 989 3553 cui
1045 3498 1282 3554 resistite
1321 3499 1488 3554 fortes
1535 3499 1590 3554 in
1628 3501 1730 3554 ﬁde
1759 3499 1812 3572 (I

227 3593 373 3646 Petr.
407 3593 478 3663 v).
522 3614 538 3646 ι
591 3593 656 3648 Et
699 3603 759 3648 ut
799 3594 970 3648 hostis
1008 3593 1232 3650 insidias
1268 3595 1475 3666 antiqui
1519 3612 1730 3661 cavere,
1760 3602 1815 3651 et

225 3680 349 3739 aliis
389 3685 684 3754 pradicare
717 3694 894 3741 vestra
935 3687 1187 3742 nobilitas
1229 3688 1386 3743 docte
1415 3687 1622 3754 valeat,
1655 3689 1814 3757 hujus

224 3775 539 3841 voluminis,
571 3776 908 3847 aliorumque
943 3777 1205 3833 librorum
1235 3779 1666 3849 expositionibus
1695 3789 1813 3834 stu-

225 3867 356 3922 dere
384 3867 637 3937 congruis
659 3876 782 3937 post
809 3869 1215 3942 dispositionem
1247 3869 1459 3939 imperii
1485 3869 1634 3924 horis
1669 3877 1814 3924 sata-

223 3971 340 4028 gas,
371 3965 430 4011 ut
457 3958 649 4013 merito
675 3958 855 4014 dicere
895 3959 1286 4031 gratulabunda
1310 3969 1493 4030 queat,
1518 3961 1662 4032 quod
1692 3961 1816 4017 istic

224 4048 470 4120 legitur:
508 4067 526 4100 ‹
554 4049 854 4105 Introduxit
907 4066 990 4105 me
1035 4068 1130 4107 rex
1185 4051 1243 4106 in
1288 4051 1477 4107 cellam
1523 4052 1810 4120 vinariam,

224 4141 500 4198 ordinavit
549 4143 602 4198 in
649 4159 735 4199 me
781 4145 1126 4200 charitatem.
1160 4165 1178 4197 ι
1228 4145 1294 4199 Et
1339 4144 1471 4200 illud
1519 4162 1532 4199 :
1586 4146 1814 4202 «Indica

225 4231 380 4294 mihi,
430 4232 519 4287 ubi
559 4248 772 4302 pascas,
823 4236 914 4290 ubi
945 4236 1109 4292 cubes
1157 4236 1210 4290 in
1254 4237 1500 4302 meridie,
1533 4252 1600 4291 ne
1630 4238 1814 4309 vagari

227 4325 486 4394 incipiam
529 4336 653 4396 post
698 4344 888 4399 greges
938 4329 1200 4386 sodalium
1257 4339 1493 4396 tuorum,
1527 4351 1545 4384 ι
1600 4340 1658 4386 ut
1701 4332 1816 4403 ipse

225 4431 484 4485 sponsus,
529 4417 787 4474 Dominus
827 4421 1032 4477 scilicet
1071 4423 1161 4491 qui
1211 4421 1396 4477 subter
1432 4423 1681 4478 hinnulus
1724 4439 1817 4493 ap-

221 4506 482 4577 pellatur,
522 4525 619 4579 per
647 4511 946 4567 custodiam
990 4513 1067 4567 tui
1114 4513 1450 4584 aliorumque
1482 4515 1814 4586 vigilantiam

221 4575 278 4650 et
327 4575 741 4670 intelligentiam
806 4617 1084 4657 sacrarum
1132 4575 1567 4673 Scripturarum“
1591 4575 1895 4676 pascereD

223 4688 624 4756 quodammodo
653 4690 926 4747 viriditate
955 4693 1008 4747 in
1033 4693 1187 4749 vobis
1217 4694 1502 4761 virtutum,
1528 4701 1584 4751 et
1612 4697 1812 4752 cubare

221 4779 278 4835 in
302 4778 520 4836 fervore
541 4781 825 4838 charitatis
846 4784 1113 4856 dignetur.
1143 4784 1432 4856 Sequitur:

299 4890 320 4922 ε
371 4871 619 4929 Pulchra
671 4884 797 4930 sunt
841 4891 991 4946 gena
1038 4886 1143 4933 tua
1197 4887 1258 4933 ut
1311 4881 1556 4936 turturis.
1615 4900 1634 4934 ι
1684 4881 1815 4939 Post

220 4965 410 5022 oscula
455 4976 643 5022 sancta
691 4978 963 5039 suscepta,
1001 4981 1122 5040 post
1147 4987 1362 5027 omnem
1390 4973 1630 5028 laetitiam
1668 4984 1813 5032 retro

222 5058 648 5122 dinumeratam,
699 5071 820 5130 post
865 5078 1096 5133 pugnam
1148 5065 1526 5134 pradictorum
1575 5066 1812 5124 ﬁliorum

222 5149 442 5215 matris,
477 5161 600 5220 post
635 5152 965 5223 agnitionem
1006 5154 1119 5220 sui,
1148 5163 1270 5225 post
1293 5171 1500 5222 curam,
1534 5157 1708 5227 qualis
1735 5158 1820 5215 vel

223 5257 254 5295 a
300 5255 414 5311 quo
442 5251 625 5297 creata
659 5245 750 5308 sit,
781 5253 903 5314 post
938 5245 1193 5301 virtutem
1228 5247 1492 5317 equitatui
1539 5249 1818 5306 Dominico

225 5344 624 5404 comparatam,
670 5352 772 5392 vox
803 5337 1004 5392 Christi
1031 5338 1270 5408 loquitur
1298 5341 1366 5395 ad
1395 5340 1713 5396 Ecclesiam.
1753 5342 1821 5396 Et

222 5440 372 5480 nunc
423 5425 576 5481 initia
620 5427 1041 5498 pulchritudinis
1085 5445 1196 5501 pra
1231 5431 1445 5487 cateris
1491 5433 1752 5489 membris
1779 5449 1810 5489 a

223 5517 378 5588 genis
411 5515 528 5586 ejus
554 5519 706 5574 nosci
743 5519 1017 5576 docemur.
1050 5520 1118 5576 Et
1147 5523 1228 5577 ha
1256 5537 1356 5592 pro
1387 5537 1580 5594 magna
1613 5524 1812 5583 turturi

224 5617 630 5676 comparantur,
673 5618 729 5663 ut
762 5625 858 5680 per
888 5610 1172 5682 anigmata
1203 5612 1320 5683 ejus
1354 5630 1383 5667 a
1411 5613 1814 5682 perturbatione

224 5699 414 5756 saculi
455 5699 610 5756 istius
651 5702 978 5757 tumultuosa
1019 5704 1442 5776 prolongandam
1479 5707 1837 5762 ostenderet»

224 5788 357 5855 Hac
403 5806 533 5866 ergo
581 5793 927 5864 pulchritudo
961 5811 1219 5868 genarum
1268 5813 1386 5866 qua
1419 5797 1687 5854 castitatis
1725 5815 1816 5854 ru-

1919 1949 2031 1989 sua
2081 1948 2333 1988 sermone
2382 1933 2618 2006 genitam
2666 1940 2724 1987 et
2768 1933 2893 1987 vita
2943 1932 3190 2002 exemplo
3244 1933 3506 1988 nutritam

1920 2026 2240 2080 transmittit
2267 2024 2332 2078 ad
2365 2025 2587 2079 coelum.
2632 2023 2767 2078 Nam
2799 2032 3014 2091 turtur,
3046 2024 3185 2080 sicut
3225 2023 3280 2080 in
3314 2023 3506 2096 prafa-

1919 2115 2067 2171 tione
2096 2116 2520 2187 pralibavimus,
2551 2126 2714 2172 tanta
2735 2117 3000 2172 castitatis
3025 2118 3094 2173 ab
3119 2117 3201 2172 eis
3225 2117 3318 2188 qui
3343 2124 3505 2171 natu-

1920 2223 2009 2263 ras
2038 2209 2216 2264 avium
2248 2209 2653 2280 descripserunt
2699 2218 2980 2273 narratur,
3021 2218 3081 2264 ut
3114 2218 3312 2281 prater
3339 2223 3506 2263 unum

1919 2299 2203 2372 coniugem
2233 2303 2456 2358 nesciat.
2490 2302 2566 2356 De
2608 2303 2804 2373 quibus
2845 2304 2889 2358 si
2919 2302 3055 2358 alter
3095 2317 3224 2358 casu
3267 2302 3508 2358 defectus

1882 2391 1888 2396 ’
1917 2394 2046 2460 erit,
2082 2393 2238 2448 alteri
2274 2397 2386 2464 jam
2416 2410 2692 2465 nunquam
2718 2395 2820 2449 alia
2849 2396 3114 2460 societur,
3156 2394 3248 2450 sed
3277 2394 3330 2449 in
3359 2393 3508 2449 omni

1918 2487 2027 2540 vita
2050 2487 2330 2558 proprium
2356 2487 2638 2559 conjugcm
2666 2487 2925 2542 amissum
2953 2487 3308 2543 desiderando
3335 2485 3512 2556 requi-

1919 2578 2009 2632 rit.
2043 2577 2140 2633 Cui
2170 2593 2271 2649 per
2293 2580 2560 2634 castitatis
2579 2589 2635 2633 et
2659 2579 2998 2634 verecundia
3026 2580 3298 2647 decorem,
3327 2578 3510 2635 Eccle-

1918 2670 1996 2726 sia
2024 2670 2077 2724 in
2118 2686 2380 2741 genarum
2419 2671 2819 2740 pulchritudine
2862 2687 3098 2741 congrue
3139 2679 3506 2740 comparatur.

1915 2761 2008 2817 Ait
2029 2762 2174 2818 enim
2201 2780 2215 2816 :
2257 2782 2275 2814 ‹
2314 2763 2558 2818 Pulchra
2584 2773 2709 2818 sunt
2733 2780 2882 2835 gena
2908 2773 3012 2819 tua
3034 2763 3174 2819 sicut
3203 2753 3450 2818 turturis.
3480 2780 3502 2817 ι

1916 2854 1994 2908 Ac
2027 2855 2073 2908 si
2103 2870 2133 2908 a
2159 2853 2375 2909 Christo
2399 2855 2647 2908 dicatur:
2682 2853 2852 2908 Tanta
2885 2865 2937 2909 te
2968 2854 3228 2910 varietate
3247 2853 3507 2908 virtutum

1917 2948 2205 3014 decoravi,
2252 2956 2312 3002 ut
2351 2948 2658 3002 castitatem
2700 2947 2980 3017 promissa
3007 2947 3140 3001 mihi
3189 2945 3313 3001 ﬁdei
3361 2945 3510 3000 nulla

1916 3054 2206 3110 pravorum
2259 3039 2537 3093 doctorum
2584 3039 2897 3094 seductioue
2937 3051 3333 3107 corrumperes.
3382 3035 3509 3092 Hac

1919 3130 2136 3200 quidem
2167 3130 2467 3185 secundum
2498 3129 2738 3184 historia
2763 3117 3007 3184 ordinem
3047 3129 3190 3185 dicta
3227 3137 3381 3193 sunt,
3414 3127 3508 3183 sed

1842 3203 1887 3265 Ο
1921 3227 2215 3283 secundum
2261 3225 2569 3294 opinionem
2619 3224 2920 3293 aliquorum
2966 3222 3276 3292 pracelsior
3317 3235 3510 3276 sensus

1916 3317 1971 3371 in
2001 3318 2105 3371 hac
2127 3315 2531 3386 comparatione
2559 3313 2725 3368 latere
2761 3313 2981 3368 dicitur.
3013 3311 3147 3368 Nam
3183 3313 3506 3382 quihusdam
3579 3361 3595 3376 ,

1913 3407 2127 3464 videtur
2155 3408 2298 3462 illius
2327 3406 2552 3461 turturis
2587 3405 3000 3474 pulchritudinis
3029 3419 3197 3475 genas
3247 3403 3504 3458 Ecclesia

1917 3498 2247 3570 comparari,
2281 3499 2346 3554 de
2371 3513 2476 3568 qua
2501 3497 2552 3550 in
2579 3495 2794 3551 Psalmo
2827 3496 3057 3551 dicitur:
3093 3515 3112 3546 ς
3147 3495 3358 3550 Etenim
3385 3509 3510 3564 pas-

1916 3607 2005 3648 ser
2032 3589 2241 3645 invenit
2283 3589 2384 3643 sibi
2427 3587 2665 3652 domum,
2699 3595 2753 3643 et
2811 3595 2988 3642 turtur
3029 3586 3214 3640 nidum
3256 3586 3378 3647 sibi.
3417 3584 3509 3640 ubi

1914 3689 2142 3752 reponat
2180 3680 2352 3750 pullos
2396 3694 2522 3734 suos
2549 3675 2731 3750 (Psal.
2781 3677 3042 3742 Lxxxm).
3079 3697 3098 3728 ι
3147 3676 3244 3734 Ubi
3275 3676 3505 3748 ﬁguram

1917 3773 2151 3842 Spiritus
2177 3772 2348 3826 sancti
2380 3771 2434 3825 in
2461 3785 2701 3840 passere,
2739 3777 2794 3824 et
2821 3769 3179 3825 immaculata
3199 3769 3381 3824 carnis
3411 3783 3502 3823 as-

1915 3871 2144 3934 sumpta
2169 3863 2222 3917 in
2253 3869 2464 3916 turture
2493 3862 2858 3928 nominatam,
2902 3877 3062 3916 nemo
3100 3861 3318 3931 sapiens
3349 3861 3506 3931 iguo-

1916 3954 2077 4008 rabit.
2108 3953 2258 4008 Tunc
2295 3953 2542 4008 videlicet
2565 3952 2806 4007 Ecclesia
2839 3969 2893 4006 tn
2925 3953 3077 4024 genis
3103 3969 3223 4024 qua
3253 3952 3506 4008 omnibus

1918 4045 1972 4098 in
2002 4043 2290 4114 propatulo
2317 4051 2462 4108 sunt,
2497 4058 2527 4096 a
2557 4043 2714 4099 bonis
2741 4053 2796 4098 et
2820 4044 2975 4098 malis
3015 4046 3083 4100 ab
3125 4055 3353 4114 utroque
3383 4045 3502 4115 pul-
3553 4077 3556 4080 ~

1919 4137 2052 4192 chra
2081 4136 2360 4201 laudatur,
2387 4137 2602 4207 quando
2626 4138 2885 4206 assumpti
2917 4138 3151 4192 hominis
3175 4137 3374 4194 Christi
3411 4152 3510 4207 per

1919 4226 2189 4281 castitatis
2216 4225 2452 4279 maxima
2484 4227 2620 4279 bona
2649 4226 3183 4296 quantulummnque
3223 4228 3276 4281 in
3309 4227 3506 4281 simili-

1920 4301 2106 4372 tudine
2139 4318 2384 4371 traxerit.
2415 4317 2566 4372 Tunc
2595 4317 3018 4388 pulcherrimum
3051 4327 3222 4372 totum
3249 4318 3508 4375 Ecclesia

1925 4425 2118 4479 corpus
2147 4411 2411 4475 cernitur,
2437 4419 2498 4465 ut
2541 4426 2664 4466 cum
2689 4410 3026 4467 verecundus
3061 4428 3318 4482 genarum
3351 4429 3511 4484 aspe-

1923 4509 2043 4555 ctus
2063 4515 2160 4571 per
2183 4500 2457 4570 pudicitia
2479 4500 2706 4571 gloriam
2728 4503 2796 4556 ab
2819 4501 3000 4572 impiis
3021 4502 3340 4558 admiratur.
3360 4503 3512 4560 Tunc

1923 4593 2070 4647 enim
2095 4608 2305 4664 magna
2332 4593 2553 4648 virtutis
2588 4592 2656 4646 ab
2684 4593 2932 4649 hostibus
2969 4594 3082 4649 suis
3122 4596 3347 4651 castitas
3381 4611 3511 4666 pro-

1923 4690 2103 4754 batur,
2140 4704 2264 4744 cum
2293 4703 2416 4743 eam
2441 4689 2821 4760 impugnantes
2847 4689 3064 4746 vincere
3095 4705 3204 4746 non
3234 4698 3509 4761 poterunt.

1922 4780 2061 4835 Nam
2104 4780 2243 4836 sicut
2273 4781 2514 4836 membra
2544 4796 2664 4850 qua
2691 4789 2818 4836 sunt
2859 4782 2910 4836 in
2953 4783 3157 4853 capite,
3203 4784 3248 4839 si
3286 4783 3511 4854 pulchra

1922 4871 2146 4937 fuerint,
2176 4879 2496 4926 caterorum
2528 4873 2895 4927 membrorum
2924 4887 3044 4943 qua
3065 4873 3307 4928 vestibus
3329 4880 3512 4926 conte-

1922 4973 2120 5038 guntur
2151 4964 2451 5019 faditatem
2475 4974 2772 5020 excusant:
2820 4965 2895 5020 ita
2921 4974 2974 5021 et
3014 4965 3104 5020 illa
3149 4981 3268 5036 qua
3302 4980 3400 5034 per
3425 4979 3512 5019 sa-

1924 5057 2248 5114 cerdotalem
2287 5047 2548 5112 honorem
2597 5058 2839 5113 membra
2873 5057 3066 5128 capitis
3094 5055 3352 5112 Ecclesia
3391 5068 3512 5110 esse

1923 5158 2255 5215 noscuntur,
2298 5148 2471 5219 plebis
2499 5148 2838 5220 negligentia
2880 5149 3178 5206 faditatem
3221 5163 3316 5202 sua
3344 5148 3510 5202 casti-

1923 5253 2034 5300 tate
2077 5245 2356 5299 decorant.
2388 5241 2456 5296 Et
2479 5256 2510 5296 e
2539 5243 2814 5297 contrario
2839 5242 2914 5296 nil
2946 5251 3054 5296 tam
3093 5239 3366 5305 deforme,
3399 5249 3508 5296 tam

1920 5331 2189 5400 abjectum
2222 5331 2276 5386 in
2311 5330 2570 5386 Ecclesia
2592 5346 2840 5401 corpore,
2875 5331 2980 5386 nisi
3008 5345 3130 5384 cum
3169 5329 3223 5384 in
3264 5331 3511 5400 supradi-

1920 5427 2022 5483 ctis
2050 5425 2308 5482 membris
2349 5425 2662 5496 turpissima
2700 5426 2809 5480 vita
2848 5424 2930 5480 vel
2967 5423 3109 5478 fama
3149 5425 3408 5480 cernitur.
3440 5423 3510 5481 Et

1921 5521 2047 5590 quia
2083 5527 2270 5576 sancta
2306 5517 2546 5574 Ecclesia
2578 5518 2629 5572 in
2677 5518 2789 5572 suis
2817 5515 3137 5587 praesulibus
3179 5525 3234 5571 et
3269 5516 3509 5574 doctori-

1921 5615 2023 5670 bus
2053 5614 2302 5670 castitate
2331 5621 2386 5667 et
2413 5613 2675 5667 varietate
2706 5612 2984 5678 virtutum,
3022 5612 3280 5678 turturis,
3326 5611 3380 5666 id
3421 5617 3506 5665 est

1921 5706 2123 5762 Christi
2155 5706 2444 5778 imaginem
2466 5704 2730 5769 imitatur,
2761 5703 3070 5760 necessario
3089 5705 3158 5760 ab
3183 5705 3299 5776 ipso
3321 5701 3506 5757 lauda-

1921 5806 2014 5856 tur
2034 5797 2298 5856 dicendo:
2345 5815 2362 5847 ι
2394 5794 2565 5862 Quam
2605 5793 2844 5866 pulchra
2873 5802 3000 5852 sunt
3037 5809 3186 5866 gena
3223 5803 3326 5850 tua
3364 5792 3505 5850 sicut
