4078 6340
593 352 701 412 579
1654 343 2005 404 ANGELOMI
2040 338 2500 400 LUXOVIENSIS
2538 337 2847 400 ΜΟΝᾹοΗί
3749 332 3859 402 τίω

594 465 843 524 turturis.
877 483 899 519 ι
935 463 1233 536 Sequitur:
1278 481 1299 515 ι
1334 460 1546 518 Collum
1582 468 1730 516 tuum
1761 462 1901 516 sicut
1936 458 2175 515 monilia.
2204 458 2257 521 Α
2282 462 2468 517 orbem
2526 459 2845 532 gloriantur,
2896 464 2953 514 et
2995 457 3226 514 dicunt:
3265 458 3379 514 Deo
3426 465 3604 514 autem
3656 458 3873 532 gratias

601 586 621 619 ι
650 563 960 620 lilurenulas
1007 576 1197 617 aureas
1246 559 1505 616 faciemus
1536 559 1631 614 tibi
1661 556 2038 614 vermiculatas
2085 570 2178 610 ar-

601 674 622 709 r
654 663 866 726 gemo.»
885 653 941 708 ln
968 653 1106 708 collo
1127 653 1379 707 videntur
1400 648 1626 715 laudari,
1644 649 1737 719 qui
1757 649 1924 704 verbo
1944 646 2181 703 aediﬁca-

597 748 760 805 tionis
782 755 1013 803 caeteros
1044 746 1318 801 instruunt
1347 742 1415 797 ad
1448 741 1676 797 salutem
1710 740 1801 810 qui
1844 737 2181 809 spiritualem

598 841 775 898 cibum
813 838 1079 895 sermonis
1100 837 1167 892 ad
1190 834 1433 891 membra
1462 833 1709 905 corporis
1736 831 1962 898 Christi,
1984 831 2180 902 quibus

598 930 894 988 credulitas
922 928 1035 985 sola
1069 926 1393 997 suﬁ'ragatur
1420 938 1743 996 quocunque
1774 920 2180 991 interpretando

602 1022 991 1088 transmittunt,
1023 1020 1116 1091 qui
1144 1034 1243 1089 per
1277 1019 1581 1074 doctrinam
1611 1030 1831 1073 auream
1870 1023 1928 1070 et
1960 1029 2058 1084 per
2085 1029 2181 1069 ex-

597 1114 830 1185 emplum
858 1113 983 1168 vitae
1009 1125 1315 1185 gemmeum
1342 1109 1397 1165 in
1427 1108 1684 1164 Ecclesiae
1711 1106 1850 1163 collo
1882 1105 2176 1161 ostendun-

598 1208 706 1261 tur.
734 1203 917 1259 Monili
941 1216 1175 1273 namque
1205 1214 1539 1272 gemmarum
1568 1206 1792 1254 ornatus
1820 1195 2176 1267 dignoscitur.

597 1293 704 1352 Sed
729 1302 788 1349 ut
815 1294 1093 1365 pulchrior
1119 1292 1214 1347 ﬁat
1238 1304 1425 1347 earum
1453 1297 1704 1361 aspectus
1739 1288 1855 1343 auri
1895 1287 2179 1342 materiam

597 1386 964 1442 necessariam
984 1384 1207 1450 habent,
1224 1398 1321 1455 per
1341 1397 1462 1453 qum
1486 1395 1744 1437 connexa:
1766 1380 1821 1435 in
1844 1395 1942 1435 suo
1966 1388 2183 1435 tenean-

596 1484 688 1533 tur
720 1476 858 1531 loco.
906 1474 1022 1530 Hoc
1056 1484 1113 1530 et
1152 1476 1326 1546 ipsum
1370 1484 1579 1529 naturae
1620 1479 1823 1527 nostrae
1866 1472 2177 1543 ingenium,

596 1566 741 1637 quod
769 1566 824 1621 in
852 1565 1258 1621 similitudinem
1281 1580 1506 1636 gemmae
1529 1565 1596 1619 de
1618 1563 1832 1635 lapideo
1853 1564 2016 1618 corde
2036 1562 2183 1619 exci-

596 1656 761 1722 ditur,
792 1655 1160 1713 necessarium
1188 1656 1351 1711 habet
1375 1654 1832 1726 fulgentissimum
1862 1654 2033 1710 sancti
2062 1652 2183 1724 Spi-

594 1752 736 1808 ritus
766 1750 1158 1821 adjumentum,
1185 1764 1285 1822 per
1316 1764 1477 1821 quem
1515 1748 1650 1805 Novi
1677 1756 1732 1805 et
1756 1747 1969 1805 Veteris
1996 1749 2184 1804 Testa-

2278 554 2369 623 qui
2431 569 2647 624 semper
2691 552 2992 623 triumphat
3050 568 3151 613 nos
3200 553 3255 607 in
3294 553 3439 608 omni
3492 553 3633 620 loco,
3670 573 3691 605 ι
3739 556 3869 625 quia

2279 643 2481 702 Christi
2526 647 2700 702 bonus
2728 650 2862 702 odor
2887 661 3073 703 sumus
3100 645 3233 702 Deo.
3268 667 3288 700 ι
3332 647 3462 715 Quae
3505 664 3626 703 cum
3675 657 3873 719 poten-

2280 737 2411 792 tiam
2441 738 2635 794 divinae
2654 738 2869 795 virtutis
2897 740 3015 809 ejus
3041 754 3161 810 qure
3188 739 3264 794 illi
3287 754 3391 794 una
3416 754 3540 795 cum
3564 739 3734 796 Patre
3763 750 3869 809 est,

2281 830 2440 902 digna
2496 833 2797 887 reverentia
2852 832 3170 899 conﬁtetur,
3234 832 3419 888 laudat
3467 842 3523 888 et
3578 833 3871 906 praedicat,

2280 930 2442 991 caput
2496 922 2741 993 profecto
2788 923 2931 980 illius
2968 934 3242 997 unguento
3278 926 3551 997 perfundit
3599 928 3868 999 pretioso.

2281 1010 2414 1067 Cum
2435 1028 2566 1069 vero
2597 1024 2888 1086 assumptus
2923 1017 3186 1090 mysteria
3214 1018 3565 1077 humanitatis
3604 1035 3769 1091 mque
3795 1022 3872 1076 di-

2280 1119 2387 1177 gna
2430 1107 2733 1162 reverentia
2779 1109 3032 1180 suscipit,
3084 1112 3139 1166 in
3194 1111 3359 1182 pedes
3407 1113 3595 1185 utique
3652 1113 3871 1171 Domini

2280 1210 2615 1271 unguentum
2652 1203 2807 1259 nardi
2854 1203 3132 1275 pisticum,
3162 1204 3215 1261 id
3243 1214 3328 1261 est
3373 1205 3527 1263 ﬁdele
3567 1223 3635 1264 ac
3684 1224 3869 1263 verum

2280 1290 2524 1364 perfudit
2554 1311 2567 1347 :
2599 1292 2725 1363 quia
2766 1293 2915 1349 illam
2945 1295 3061 1365 ejus
3090 1303 3343 1353 naturam
3382 1314 3483 1369 qua
3514 1308 3723 1355 terram
3755 1315 3871 1355 con-

2282 1383 2514 1454 tingere,
2549 1383 2652 1438 hoc
2678 1393 2765 1439 est
2798 1384 2941 1442 inter
2971 1386 3219 1443 homines
3255 1389 3568 1445 conversari
3614 1388 3872 1459 dignatus

2281 1482 2385 1539 est,
2417 1476 2505 1545 pia
2535 1476 2921 1547 praedicatione
2956 1479 3321 1546 commendat,
3350 1496 3415 1536 ac
3457 1480 3671 1537 devotis
3716 1496 3872 1537 vene-

2282 1574 2440 1621 ratur
2480 1567 2772 1638 obsequiis.
2806 1569 2961 1626 Unde
3005 1570 3292 1627 accubitus
3346 1571 3617 1644 sepultura
3672 1570 3872 1627 Christi

2284 1658 2628 1730 intelligitur,
2685 1676 2993 1732 quanquam
3046 1671 3175 1719 tunc
3230 1663 3587 1719 discubuisset
3626 1663 3688 1717 in
3717 1662 3873 1718 domo

2285 1748 2523 1806 Simonis
2566 1750 2789 1822 leprosi.
2845 1750 3057 1809 Nardus
3110 1767 3240 1809 vero
3284 1754 3415 1824 ipsas
3469 1754 3733 1809 mulieres
3760 1768 3872 1824 qua

599 1841 771 1897 menti
790 1818 957 1897 verba
982 1840 1118 1912 legis
1158 1818 1370 1905 divinae,
1414 1855 1534 1912 qum
1567 1841 2055 1912 pronuntiaverunt
2095 1840 2182 1896 vel
2210 1818 2259 1881 Β
2286 1842 2463 1913 primo
2499 1818 2734 1899 diluculo
2786 1843 2854 1898 ad
2898 1818 3322 1899 monumentum
3358 1859 3479 1899 eum
3538 1818 3874 1899 aromatibus

594 1932 950 1989 ostenderunt
973 1932 1310 1988 Salvatorem
1334 1932 1520 1988 mundi
1540 1933 1912 1999 venisse,cum
1934 1940 2184 1989 catenata

594 2022 754 2094 quasi
775 2034 883 2077 una
912 2022 1157 2078 veritatis
1176 2022 1424 2078 catenula
1451 2037 1632 2079 sermo
1657 2021 1900 2089 effectus,
1924 2022 2183 2093 gemmeis

597 2115 904 2172 animarum
929 2122 1234 2172 transactus
1254 2116 1524 2171 mentibus
1547 2110 1643 2186 per
1662 2116 2012 2173 concordiam
2033 2115 2179 2183 ﬁdei,

594 2222 693 2279 per
719 2207 1096 2263 unanimitatis
1140 2221 1358 2263 sensum
1397 2206 1655 2263 Ecclesiae
1700 2207 1895 2264 collum
1938 2209 2177 2264 decorat.

596 2298 666 2354 Et
693 2299 821 2370 quia
851 2301 1026 2356 sancti
1055 2301 1324 2366 doctores,
1348 2300 1441 2369 qui
1464 2313 1561 2370 per
1581 2299 1780 2355 collum
1807 2301 2180 2373 designantur,

593 2393 820 2449 verbum
848 2394 1264 2464 praedicationis,
1306 2395 1484 2450 ornati
1515 2394 1810 2451 virtutibus
1851 2396 1970 2451 aliis
2004 2396 2180 2452 admi-

592 2483 850 2550 nistrant,
873 2492 929 2539 et
952 2499 1073 2556 quae
1093 2484 1287 2540 docent
1311 2484 1480 2540 verbo
1507 2486 1762 2555 operibus
1790 2498 2178 2558 exsequuntur.

594 2574 727 2643 Quae
758 2591 923 2647 opera
970 2575 1258 2632 monilibus
1301 2577 1713 2647 exprimuntur,
1756 2586 1812 2634 et
1841 2578 2182 2651 Scripturam

594 2673 881 2744 utriusque
914 2671 1284 2739 Testamenti,
1332 2688 1453 2743 quae
1480 2674 1781 2730 murenulis
1827 2674 2008 2731 aureis
2040 2675 2184 2731 desi-

595 2771 822 2835 gnatur,
872 2764 1126 2820 videlicet
1164 2764 1289 2835 quia
1338 2779 1472 2821 auro
1519 2765 1877 2837 spiritualium
1923 2781 2182 2823 sensuum

592 2855 764 2930 fulget
801 2858 1053 2925 interius,
1084 2866 1140 2913 et
1177 2867 1404 2930 argento
1437 2858 1676 2916 caelestis
1699 2859 1901 2930 eloquii
1932 2859 2066 2916 nitet
2087 2876 2185 2915 ex-

591 2950 765 3005 terius
791 2950 1109 3019 praedicant,
1141 2959 1291 3006 recte
1311 2951 1367 3006 in
1401 2951 1480 3007 eis
1508 2951 1755 3008 Ecclesia
1780 2952 2028 3008 laudatur
2055 2953 2182 3008 dum

595 3038 835 3094 dicitur:
879 3059 899 3092 ‹
932 3040 1144 3097 Collum
1172 3051 1321 3097 tuum
1362 3042 1503 3098 sicut
1546 3043 1787 3099 monilia.
1816 3043 2123 3101 Murenulas
2157 3064 2179 3097 ι

2284 1947 2574 2003 venerunt,
2597 1943 2657 1992 ut
2685 1944 2954 2008 ungerent
2975 1935 3273 2001 Christum,
3306 1945 3362 1991 et
3385 1936 3583 1992 famam
3612 1935 3769 1992 illius
3796 1951 3874 1992 re-

2284 2028 2639 2085 surrectionis
2678 2030 3026 2085 credentibus
3066 2028 3424 2100 divulgarent.
3468 2028 3622 2086 Unde
3669 2030 3755 2084 eis
3802 2029 3874 2084 di-

2284 2128 2431 2177 ctum
2452 2130 2574 2177 est:
2604 2140 2624 2174 ι
2649 2120 2746 2186 Ite,
2776 2121 3022 2176 nuntiate
3046 2119 3302 2176 fratribus
3331 2120 3485 2187 meis,
3516 2120 3647 2190 quia
3679 2134 3873 2191 praece-

2288 2213 2367 2269 dit
2408 2228 2505 2269 vos
2564 2213 2620 2269 in
2670 2212 2978 2279 Galilaeam,
3030 2212 3105 2269 ibi
3167 2228 3287 2267 eum
3335 2211 3591 2268 videbitis
3644 2209 3872 2281 (Haut.

2288 2304 2505 2377 xxvm).
2548 2324 2568 2357 ι
2608 2303 2716 2362 Seu
2759 2306 3037 2362 accubitus
3082 2304 3290 2361 Christi
3335 2304 3616 2362 beatitudo
3661 2313 3755 2361 est
3796 2319 3873 2359 se-

2289 2397 2425 2453 creti
2448 2397 2705 2454 cmlestis.
2735 2398 2825 2453 Ait
2862 2399 3008 2453 enim
3040 2416 3053 2452 :
3088 2416 3108 2450 ‹
3140 2396 3274 2454 Cum
3300 2406 3446 2454 esset
3469 2412 3562 2453 rex
3607 2397 3667 2451 in
3718 2411 3873 2451 accn-

2282 2489 2400 2546 bitu
2442 2504 2564 2556 suo,
2602 2490 2804 2546 nardus
2851 2504 2972 2545 mea
3003 2489 3150 2546 dedit
3182 2490 3403 2546 odorem
3452 2504 3656 2545 suum:
3696 2507 3719 2541 »
3755 2486 3872 2558 quia

2286 2581 2541 2637 videlicet
2597 2580 2817 2638 Christo
2878 2597 3007 2653 rege
3062 2582 3364 2653 quiescenti
3422 2581 3478 2636 in
3536 2579 3873 2636 beatitudine

2284 2673 2482 2729 secreti
2528 2673 2787 2739 cmlestis,
2842 2674 3046 2729 nardus
3090 2674 3183 2728 dat
3226 2675 3446 2730 odorem
3476 2688 3660 2738 suum,
3700 2671 3757 2727 id
3798 2679 3873 2727 est

2282 2764 2512 2821 virtutes
2546 2772 2856 2821 sanctorum
2900 2764 2959 2820 in
2992 2764 3271 2843 Ecclesia,
3304 2778 3515 2836 magna:
3560 2762 3730 2818 nobis
3760 2778 3873 2834 gra-

2284 2861 2416 2916 tiam
2464 2858 2745 2915 suavitatis
2795 2852 3196 2913 administi‘ant.
3233 2854 3328 2912 Vel
3382 2856 3547 2911 etiam
3595 2855 3873 2910 accubitus

2285 2951 2430 3021 regis
2485 2959 2672 3005 sancta
2717 2948 3013 3004 electorum
3062 2948 3383 3019 intelligitur
3425 2946 3695 3003 Ecclesia.
3733 2946 3789 3001 In
3816 2961 3872 3002 α

2285 3041 2534 3098 Christus
2562 3041 2807 3113 requiem
2850 3041 2953 3097 sibi
2983 3041 3209 3107 invenit,
3239 3041 3381 3097 sicut
3415 3054 3513 3114 per
3536 3040 3869 3112 Prophetam

595 3128 685 3184 vel
717 3131 995 3187 catenulas
1043 3151 1062 3184 ι
1109 3147 1304 3190 aureas
1346 3133 1605 3198 faciemus
1644 3135 1772 3201 tibi,
1804 3136 2182 3193 vermiculatas
2213 3186 2255 3205 ,,
2286 3134 2403 3205 ipse
2460 3133 2750 3204 loquitur:
2797 3151 2819 3186 r
2866 3132 2993 3190 Haec
3052 3133 3268 3204 requies
3319 3148 3438 3188 mea
3505 3132 3563 3187 in
3618 3132 3872 3189 saeculum

594 3228 843 3290 argento,
880 3241 901 3275 ι
943 3222 1072 3293 quia
1112 3224 1252 3280 dona
1281 3227 1528 3295 superius
1564 3226 1824 3298 praidicta
1866 3228 2040 3282 sancti
2083 3228 2182 3283 do-

593 3319 771 3367 etores
795 3313 995 3369 habere
1020 3330 1129 3371 non
1154 3325 1382 3387 possunt
1404 3317 1511 3373 nisi
1538 3318 1605 3374 ab
1630 3317 1750 3389 ipso
1774 3320 2100 3390 percipiant,
2124 3319 2181 3373 in

596 3418 704 3474 quo
729 3413 856 3461 sunt
882 3422 1073 3465 omnes
1102 3409 1341 3468 thesauri
1379 3410 1657 3482 sapientiae
1686 3420 1744 3467 et
1770 3412 2025 3478 scientiae
2059 3412 2182 3468 abs-

594 3497 815 3553 conditi.
844 3496 1104 3568 Sequitur
1128 3517 1143 3556 :

667 3606 688 3641 ‹
722 3590 859 3645 Dum
888 3598 1034 3648 esset
1058 3607 1155 3649 rex
1176 3593 1229 3648 in
1257 3593 1509 3650 accubitu
1536 3609 1634 3651 suo
1661 3594 1865 3650 nardus
1889 3608 2007 3649 mea
2029 3594 2178 3651 dedit

595 3700 613 3735 ι
650 3683 869 3740 odorem
924 3699 1102 3740 suum.
1149 3705 1168 3739 ι
1222 3683 1436 3743 Nardus
1482 3696 1569 3743 est
1610 3685 1791 3743 frutex
1837 3687 2172 3755 aromatica,

589 3773 769 3845 gravi,
802 3782 863 3829 ut
907 3775 1092 3841 aiunt,
1136 3784 1192 3832 et
1218 3792 1401 3833 crassa
1444 3778 1648 3846 radice,
1690 3778 1786 3834 sed
1816 3778 1969 3834 brevi
1993 3793 2059 3833 ac
2092 3777 2175 3833 ni-

588 3880 683 3935 gra
735 3864 1023 3937 fragilique
1068 3868 1318 3937 quamvis
1362 3870 1579 3941 pinguis
1625 3871 1733 3925 situ
1778 3869 2060 3925 redolente
2114 3878 2175 3926 ut

591 3968 944 4025 cypressum,
1004 3971 1196 4028 aspero
1250 3975 1473 4030 sapore,
1525 3960 1656 4017 folio
1720 3976 1916 4032 parvo,
1978 3960 2174 4019 denso-

590 4062 737 4120 que;
808 4049 959 4119 cujus
1024 4053 1303 4109 cacumina
1368 4054 1425 4109 in
1486 4056 1683 4111 aristas
1752 4069 1813 4110 se
1877 4064 2169 4126 spargunt,

590 4141 818 4212 ideoque
860 4143 1071 4217 gemina
1100 4146 1245 4219 idote
1292 4147 1640 4219 pigmentarii
1690 4147 1849 4203 nardi
1899 4148 2079 4218 spicas
2107 4162 2173 4204 ac

590 4234 717 4291 folia
744 4238 1039 4295 celebrant.
1078 4218 1144 4296 Et
1171 4218 1390 4298 hociest
1426 4242 1571 4314 quod
1601 4242 1676 4297 ait
1706 4241 1921 4298 Marcus
1949 4266 1961 4296 :
1994 4262 2013 4293 ‹
2062 4241 2233 4300 Una;

589 4335 772 4402 guenti
800 4336 952 4390 nardi
984 4337 1175 4408 spicati
1208 4338 1429 4409 pretiosi
1460 4336 1657 4409 (Marc.
1685 4336 1821 4409 xrv).
1859 4358 1878 4390 ι
1910 4335 2173 4392 Videlicet

588 4423 714 4501 quia
742 4425 869 4481 illud
918 4436 1251 4500 unguentum
1303 4430 1447 4501 quod
1475 4427 1654 4483 attulit
1704 4428 1868 4483 Maria
1920 4429 2169 4495 Domino,

588 4528 695 4568 non
726 4512 898 4571 solum
928 4518 993 4573 de
1017 4518 1200 4574 radice
1224 4517 1528 4575 confectum
1559 4518 1740 4583 nardi,
1764 4533 1951 4574 verum
1983 4520 2168 4587 etiam,

588 4617 695 4673 quo
729 4607 1020 4675 pretiosius
1056 4617 1221 4676 esset,
1271 4609 1542 4679 spicarum
1583 4624 1801 4681 quoque
1841 4620 1893 4665 et
1920 4608 2169 4667 foliorum

588 4693 703 4764 ejus
731 4699 1054 4771 adjectione,
1079 4702 1265 4757 odoris
1294 4717 1359 4757 ac
1400 4701 1618 4758 virtutis
1657 4702 1801 4759 illius
1838 4712 1958 4759 erat
2008 4719 2170 4761 accu-

588 4787 788 4843 mulata
838 4792 1031 4863 gratia.
1086 4791 1291 4848 Ferunt
1344 4794 1508 4850 etiam
1558 4795 1624 4851 de
1661 4797 1831 4852 nardo
1871 4797 2173 4871 physiologi

587 4880 731 4949 quod
761 4880 1058 4951 principale
1099 4884 1169 4938 sit
1198 4895 1550 4957 unguentum,
1582 4888 1724 4942 unde
1749 4887 1943 4944 merito
1989 4888 2172 4943 unctio

589 4971 780 5041 capitis
819 4983 874 5027 et
920 4974 1116 5044 pedum
1165 4976 1379 5033 Domini
1425 4979 1608 5034 oblata
1644 4988 1745 5035 est.
1785 4979 1924 5035 Sunt
1954 4981 2172 5050 quidem

587 5060 703 5129 ejus
739 5063 906 5119 multa
941 5079 1162 5137 genera,
1195 5070 1287 5125 sed
1339 5071 1521 5126 omnia
1570 5072 1775 5139 herbae,
1806 5082 2002 5145 prazter
2028 5073 2172 5128 Indi-

587 5167 707 5207 cum
739 5156 881 5226 quod
916 5161 1207 5231 pretiosius
1227 5170 1331 5218 est.
1362 5162 1588 5235 Mystice
1608 5174 1789 5222 autem
1819 5167 2032 5221 devotio
2056 5167 2173 5223 haec

588 5241 771 5300 Mariae
810 5248 1035 5306 Domino
1078 5251 1442 5310 ministrantis
1474 5254 1636 5311 ﬁdem
1687 5270 1752 5311 ac
1796 5256 2054 5327 pietatem
2084 5257 2173 5314 de-

588 5333 768 5407 signat
792 5338 1045 5398 Ecclesiae
1078 5355 1297 5412 sanctae,
1327 5363 1449 5419 qua:
1490 5346 1732 5419 loquitur
1757 5348 1847 5405 hic
1884 5350 1937 5405 in
1969 5350 2171 5407 amoris

590 5429 820 5495 cantico,
858 5433 1042 5504 dicens
1070 5454 1087 5493 :
1125 5457 1143 5490 ι
1176 5436 1315 5493 Cum
1344 5447 1491 5495 esset
1521 5454 1619 5495 rex
1662 5440 1716 5495 in
1743 5441 1995 5498 accubitu
2049 5455 2197 5509 suo,‘

591 5522 794 5579 nardus
843 5539 962 5581 mea
1006 5529 1154 5585 dedit
1204 5530 1426 5586 odorem
1472 5547 1649 5588 suum.
1687 5552 1705 5586 ι
1740 5532 1870 5601 Qua:
1915 5535 2172 5591 nimirum

594 5614 755 5669 verba
777 5624 832 5671 et
858 5620 1023 5675 semel
1060 5616 1215 5692 juxta
1252 5622 1491 5680 litteram
1519 5624 1769 5683 manibus
1800 5625 1983 5683 Mariae
2026 5643 2174 5684 com-

594 5706 774 5778 plevit,
823 5718 877 5766 et
915 5714 1155 5784 quotidie
1185 5715 1241 5771 in
1280 5717 1531 5776 omnibus
1565 5721 1677 5776 suis
1710 5719 1974 5776 membris
2013 5721 2173 5792 spiri-

594 5800 807 5861 tualiter
831 5805 1055 5877 implere
1080 5822 1188 5864 non
1214 5808 1434 5866 desinit.
1476 5811 1606 5881 Qua:
1644 5821 1813 5868 totum
1841 5811 2037 5869 diﬁ‘usa
2075 5826 2173 5885 per

2209 3186 2256 3251 G

2288 3225 2471 3282 saeculi
2514 3223 2708 3299 (Paul.
2762 3223 2990 3298 cxxxr).
3031 3243 3050 3277 ι
3109 3224 3322 3280 Nardus
3372 3222 3631 3279 Ecclesiae
3682 3225 3875 3279 dicitur

2289 3328 2517 3391 prepter
2563 3317 2787 3375 odorem
2849 3318 3133 3374 virtutum.
3180 3316 3335 3375 Unde
3385 3315 3681 3388 Apostolus
3739 3318 3811 3373 ait
3857 3330 3872 3370 :

2289 3426 2309 3460 ι
2340 3408 2543 3465 Christi
2588 3409 2765 3464 bonus
2807 3408 2942 3464 odor
2984 3423 3174 3464 sumus
3214 3408 3326 3464 Deo
3362 3408 3420 3463 in
3451 3410 3599 3463 omni
3645 3408 3773 3465 loco
3796 3406 3873 3481 (ff

2286 3494 2413 3555 Cor.
2435 3498 2519 3572 ll).
2565 3518 2586 3552 ι
2630 3497 2806 3566 Quam
2842 3497 3163 3554 ‘Ecclesiam
3211 3513 3334 3554 cum
3380 3497 3582 3555 viderit
3630 3499 3873 3555 diabolus

2280 3589 2768 3648 innumerabilibus
2826 3590 3219 3645 charismatum
3278 3589 3571 3645 monilibus
3624 3598 3868 3645 ornatam

2278 3680 2461 3747 ditari,
2499 3688 2557 3736 et
2579 3680 2822 3736 omnium
2868 3680 3109 3735 dulcium
3154 3678 3539 3735 blandimentis
3590 3679 3869 3750 praesentis

2276 3771 2405 3828 vita:
2428 3772 2752 3844 contemptis
2769 3771 2837 3828 ad
2856 3787 3023 3827 unam
3044 3771 3193 3827 illam
3217 3780 3434 3828 aeternae
3457 3772 3663 3843 quietis
3690 3772 3867 3827 dulce-

2279 3866 2459 3922 dinem
2523 3863 2903 3931 festinantem,
2957 3863 3382 3920 innumerabiles
3439 3864 3867 3919 amaritudinum

2279 3956 2663 4023 immissiones,
2705 3966 2814 4012 tam
2832 3971 2959 4028 aper
2998 3970 3057 4014 se
3097 3970 3261 4027 quam
3302 3971 3404 4028 per
3447 3955 3871 4011 satellites-suos

2276 4063 2376 4119 per
2409 4058 2683 4104 momenta
2714 4047 2974 4105 immittit.
3011 4047 3119 4105 Sed
3142 4050 3269 4121 quia
3290 4050 3434 4105 Deus
3457 4048 3795 4120 Redemptor
3820 4050 3867 4102 in

2277 4140 2455 4195 medio
2480 4139 2600 4211 ejus
2624 4149 2708 4197 est
2737 4156 2976 4212 semper,
3005 4146 3113 4198 non
3143 4150 3521 4199 commovetur
3542 4141 3614 4198 de
3640 4142 3867 4214 vestigio

2276 4230 2541 4297 veritatis,
2594 4246 2769 4303 neque
2818 4232 3168 4304 perturbatur
3220 4242 3443 4306 pr0pter
3474 4248 3644 4303 super
3684 4250 3747 4290 se
3791 4234 3862 4287 ir-

2277 4323 2549 4377 ruentium
2592 4322 2826 4394 impetus
2857 4324 3165 4395 impiorum,
3215 4326 3344 4396 quia
3395 4333 3450 4380 et
3500 4325 3689 4379 omnia
3721 4333 3775 4380 et
3812 4324 3864 4379 in

2276 4416 2528 4471 omnibus
2553 4414 2822 4472 Christus.
2855 4415 2987 4471 Nam
3025 4418 3071 4472 si
3113 4432 3299 4473 amara
3327 4433 3427 4489 pro
3472 4416 3679 4473 Christi
3728 4416 3861 4473 infe-

2276 4517 2470 4563 rantur
2514 4524 2731 4576 amore,
2784 4508 3159 4566 indulcescunt
3207 4527 3331 4567 rore
3393 4512 3511 4582 spei
3558 4510 3761 4567 futura:
3812 4518 3865 4566 et

2279 4599 2480 4656 laetitiae
2518 4602 2881 4671 sempiternae.
2916 4600 3042 4657 ideo
3073 4603 3319 4673 sequitur
3350 4622 3364 4657 :

2358 4709 2377 4742 ι
2406 4690 2719 4746 Fasciculus
2768 4691 3007 4763 myrrhae
3050 4692 3278 4749 dilectus
3316 4708 3469 4750 meus
3517 4694 3679 4762 mihi,
3728 4695 3865 4749 inter

2286 4813 2304 4845 ι
2341 4794 2506 4849 ubera
2558 4809 2679 4849 mea
2724 4793 3171 4850 commorabitur.
3222 4816 3240 4848 ι
3295 4794 3622 4852 Perseverat
3685 4802 3861 4854 sancta

2279 4892 2546 4962 Ecclesia,
2576 4895 2663 4951 vel
2699 4897 2881 4951 anima
2918 4895 3094 4953 ﬁdelis
3144 4896 3197 4952 in
3242 4897 3400 4954 laude
3446 4900 3531 4956 sui
3569 4896 3859 4961 Creatoris,

2279 5011 2440 5069 quem
2464 4996 2751 5067 perpendit
2776 5014 3000 5069 passum
3025 4998 3080 5054 in
3120 5000 3481 5056 amaritudine
3503 5017 3618 5057 sua:
3658 4998 3861 5073 passio—

2280 5099 2387 5159 nis.
2424 5098 2579 5156 Unde
2602 5114 2817 5171 semper
2842 5100 3047 5157 habens
3075 5100 3129 5155 in
3164 5103 3427 5159 memoria
3476 5097 3860 5161 recordationis

2281 5212 2442 5269 quam
2487 5199 2789 5270 propinqua
2834 5207 2921 5256 est
2944 5199 3203 5257 uberibus
3228 5200 3489 5273 pectoris,
3534 5208 3593 5257 et
3638 5198 3860 5272 qualiter

2277 5316 2472 5373 passus
2516 5309 2602 5359 est
2644 5317 2746 5373 pro
2776 5302 2891 5374 ipsa
2934 5301 2991 5358 in
3037 5302 3265 5373 gloriam
3302 5320 3416 5360 sua:
3457 5302 3861 5375 redempturis

2280 5404 2413 5462 dicit
2442 5419 2498 5459 ς(
2524 5404 2837 5461 Fasciculus
2856 5406 3090 5478 myrrha
3110 5402 3341 5463 dilectus
3365 5420 3519 5464 meus
3540 5406 3699 5473 mihi,
3726 5404 3863 5460 inter

2277 5510 2447 5567 ubera
2471 5524 2590 5565 mea
2613 5509 3059 5567 commorabitur.
3090 5529 3113 5563 ο
3144 5510 3222 5566 Ac
3243 5511 3288 5567 si
3318 5511 3586 5567 dixisset:
3614 5508 3757 5565 Hora
3776 5506 3859 5561 die

2278 5613 2403 5669 lecti
2439 5613 2543 5669 mei
2578 5628 2739 5684 quam
2786 5627 2887 5683 pro
2928 5612 3105 5669 salute
3150 5628 3272 5669 mea
3304 5612 3489 5679 subiit,
3549 5626 3762 5684 semper
3804 5608 3855 5663 in

2278 5730 2399 5772 mea
2425 5716 2686 5772 memoria
2717 5714 3159 5781 commorabitur,
3188 5715 3255 5771 ad
3284 5715 3643 5771 imitationem
3668 5724 3721 5769 et
3745 5711 3855 5783 glo-

2281 5815 2419 5871 riam
2452 5814 2792 5874 laudationis.
2835 5816 2903 5873 Et
2941 5816 3066 5891 quia
3097 5817 3295 5889 gaudet
3323 5831 3445 5872 eum
3478 5830 3718 5888 passum,
3746 5812 3854 5885 glo-

4043 0 4045 43 l

4044 90 4045 115 ι

4044 904 4045 959 l

4044 1020 4045 1043 ι

4044 1126 4045 1161 l
