4078 6340
1385 333 1646 392 ENARR.
1687 331 1752 386 ΙΝ
1793 331 2086 388 CANTICA
2129 331 2398 390 CANTIC.

237 461 420 516 riatnr
473 457 638 514 etiam
695 469 822 510 eum
871 453 1238 512 resurrexisse
1287 467 1318 508 a
1367 452 1618 520 mortuis,
1681 461 1828 506 recte
1853 453 1904 514 Α
1932 449 2110 504 cordis
2159 449 2242 504 sui
2277 463 2572 516 recessum,
2607 457 2865 520 tanquam
2905 449 3046 506 intra
3097 451 3266 508 ubera
3305 467 3400 510 sua
3429 456 3508 510 di-

237 551 524 622 suhjunxit
553 567 566 604 :

319 663 340 694 ί
373 643 568 696 Botrns
593 639 746 710 cypri
777 637 1008 694 dilectus
1039 653 1194 694 meus
1239 639 1392 704 mihi,
1431 637 1484 692 in
1523 639 1694 692 vineis
1723 639 1830 692 En-

247 755 266 786 σ
305 733 488 806 gaddi.
533 751 552 782 ι
583 730 730 784 Bene
767 730 882 784 ait:
915 749 934 782 ι
971 729 1166 786 Botrus
1207 730 1358 800 cypri
1403 729 1632 786 dilectus
1677 745 1830 784 meus

239 825 404 890 mihi,
441 843 460 876 ι
493 839 556 876 ac
589 823 636 878 si
667 829 854 892 aperte
897 821 1204 878 exclamet:
1243 821 1344 890 Qui
1391 821 1492 876 fuit
1541 823 1830 878 fasciculus

235 917 482 990 myrrhae
531 917 584 968 in
629 915 1014 980 amaritudine,
1039 925 1096 972 et
1121 915 1340 972 tristitia
1379 915 1664 986 passionis,
1713 915 1830 986 ipse

235 1017 328 1066 est
361 1009 550 1062 botrus
589 1005 738 1077 cypri
783 1005 840 1060 in
875 1005 1159 1062 dulcedine
1187 1006 1638 1072 resurrectionis;
1683 1021 1830 1077 myr-

237 1103 342 1158 rha
407 1099 704 1164 tristitiam,
763 1097 946 1154 vinum
1013 1099 1254 1154 laetitiam
1319 1099 1590 1170 signiﬁcat
1639 1117 1652 1154 :
1701 1099 1830 1169 quia

235 1189 496 1248 videlicet
563 1188 812 1244 Chrisuts
877 1203 942 1244 ex
995 1187 1196 1244 Iudaeis
1253 1191 1548 1246 secundum
1607 1203 1828 1244 carnem

235 1285 484 1354 genitus,
547 1291 710 1352 atque
769 1281 840 1336 ab
897 1281 1030 1352 ipsis
1079 1281 1134 1336 in
1195 1281 1398 1354 lignum
1449 1281 1628 1338 crucis
1683 1281 1832 1336 velut

233 1375 432 1430 botrus
449 1389 762 1444 suspensus,
797 1373 890 1428 sed
913 1375 1070 1428 tertia
1093 1375 1178 1430 die
1199 1383 1324 1444 post
1345 1373 1584 1430 torcular
1611 1375 1824 1439 mortis,

235 1465 482 1520 laetitiam
523 1465 938 1520 resurrectionis
973 1465 1088 1520 suis
1133 1467 1374 1520 ostendit
1421 1465 1726 1536 discipulis.
1759 1465 1828 1520 Et

235 1556 382 1612 bene
415 1575 434 1608 ι
487 1557 542 1614 in
571 1555 747 1610 vineis
783 1553 1052 1626 Engaddi,
1109 1573 1126 1605 ι
1173 1563 1394 1624 propter
1437 1555 1826 1610 charismatum

233 1647 400 1712 dona,
431 1663 550 1718 quae
575 1657 697 1720 post
747 1647 1200 1702 resurrectionem
1241 1645 1468 1718 largitus
1509 1655 1592 1702 est
1635 1645 1688 1700 in
1733 1647 1827 1700 ba-

233 1741 442 1810 ptismo
459 1739 834 1810 participibus.
865 1739 1118 1810 Engaddi
1147 1753 1380 1808 namque
1407 1739 1525 1808 fons
1553 1739 1710 1804 lardi,
1739 1737 1824 1792 vel

1931 551 2140 596 centem
2173 541 2228 596 in
2253 541 2544 612 Evangelio
2575 559 2586 595 :
2623 561 2642 594 ι
2681 543 2794 614 Ego
2830 551 2886 598 et
2927 541 3090 598 Pater
3121 547 3420 610 veniemus,
3451 555 3508 604 et

1931 635 2266 688 mansionem
2303 633 2444 702 apud
2479 649 2602 688 eum
2643 633 2906 688 faciemus
2953 633 3136 704 (Jama.
3181 637 3316 708 xw.)
3347 657 3366 688 ι
3397 637 3504 694 Seu

1929 727 2094 778 etiam
2147 727 2204 780 in
2259 725 2426 780 ubera
2465 741 2562 780 sua
2599 725 2836 780 Ecclesia
2885 727 3214 782 commorari
3257 729 3508 796 laatatur,

1931 817 2072 870 inter
2115 817 2234 872 illos
2261 815 2448 886 procul
2475 817 2638 870 dubio
2663 817 2808 870 viros
2836 817 2928 886 qui
2965 831 3066 886 pro
3095 825 3274 884 aetate,
3305 819 3388 874 vel
3411 835 3510 890 pro

1929 911 2284 982 possibilitate
2333 911 2470 964 lacte
2507 911 2766 972 doctrinas
2797 927 2908 966 suae
2947 911 3214 981 spirituali
3257 913 3510 986 parvulos

1929 1005 2195 1060 nutriunt.
2239 1005 2312 1058 De
2361 1005 2558 1074 quibus
2585 1005 2700 1076 ipse
2747 1005 3006 1060 Dominus
3029 1005 3158 1060 dicit
3189 1023 3202 1060 :
3243 1025 3262 1056 ι
3293 1007 3348 1062 Si
3379 1008 3512 1062 duo.

1931 1097 2032 1152 bus
2059 1097 2142 1152 vel
2165 1097 2336 1152 tribus
2359 1097 2670 1153 convenerit
2697 1113 2858 1168 super
2879 1107 3108 1162 terram,
3126 1099 3384 1170 quidquid
3411 1115 3508 1170 pe-

1929 1189 2114 1244 tierint
2139 1191 2194 1244 in
2223 1191 2438 1246 nomine
2463 1205 2586 1244 meo
2609 1189 2700 1244 ﬁet
2727 1191 2824 1246 cis.
2841 1209 2860 1242 ι
2891 1189 2960 1244 Et
2987 1209 3002 1244 :
3031 1209 3048 1242 ι
3071 1189 3172 1246 Ubi
3199 1193 3508 1262 congregati

1929 1279 2130 1334 fuerint
2159 1281 2264 1336 duo
2299 1281 2384 1336 vel
2429 1291 2540 1336 tres
2566 1281 2620 1336 in
2657 1281 2874 1338 nomine
2901 1299 3040 1350 meo,
3085 1299 3186 1356 ego
3237 1285 3290 1338 in
3323 1287 3506 1342 medio

1929 1387 2116 1426 eorum
2149 1389 2268 1428 sum
2291 1371 2504 1444 (Matth.
2531 1373 2705 1444 xvm).
2747 1393 2764 1426 ι
2801 1373 3040 1442 Quorum
3067 1391 3204 1432 unus
3243 1391 3306 1430 ex
3333 1375 3512 1430 uberi-

1929 1463 2030 1516 bus
2053 1463 2166 1518 suis
2185 1463 2524 1518 auditoribus
2543 1465 2752 1520 dicebat
2783 1483 2794 1520 :
2829 1485 2848 1516 ε
2881 1465 2988 1522 Lac
3009 1469 3160 1522 vobis
3183 1479 3368 1539 potum
3385 1467 3510 1522 dedi

1929 1569 2036 1610 non
2079 1569 2258 1610 escam
2291 1553 2340 1626 (Ι
2371 1555 2494 1610 Cor.
2527 1557 2632 1626 tu).
2667 1573 2686 1608 ι
2719 1557 2954 1612 Possunt
2979 1559 3140 1612 etiam
3173 1559 3218 1614 si
3253 1560 3340 1614 cui
3393 1559 3512 1628 pla-

1929 1645 2104 1700 cuerit
2131 1647 2234 1702 duo
2263 1647 2428 1702 ubera
2457 1647 2710 1702 Ecclesiae
2753 1647 2962 1720 Moyses
3001 1657 3056 1703 et
3087 1649 3232 1704 Elias
3261 1649 3508 1722 intelligi,

1929 1739 1982 1792 in
2005 1753 2234 1807 quarunt
2265 1737 2440 1792 Inedio
2471 1739 2884 1810 transﬁguratus
2917 1741 2970 1794 in
3007 1751 3190 1796 monte
3227 1741 3404 1808 Jesus,
3433 1743 3514 1798 di-

233 1829 424 1886 oculus
447 1831 586 1890 [ια’άὶ
613 1831 828 1896 dicitur,
859 1831 1108 1884 videlicet
1139 1831 1464 1902 baptismum
1493 1829 1828 1902 signiﬁcans,
1857 1823 1908 1884 Β
1933 1827 2104 1884 lectus
2145 1827 2400 1884 Ecclesia:
2435 1829 2490 1884 in
2539 1827 2776 1884 futuram
2811 1831 3036 1900 gloriam
3069 1833 3236 1900 ipsius
3261 1833 3514 1888 Ecclesiae

233 1921 328 1979 ubi
367 1939 438 1978 ex
471 1923 636 1979 haedis
685 1925 806 1996 agni
845 1923 1168 1980 eiiiciuntur.
1213 1925 1367 1992 Quod
1415 1933 1596 1980 autem
1643 1927 1826 1980 oculus

235 2017 376 2070 hicat
401 2015 810 2086 interpretatur,
859 2017 1034 2088 ipsum
1063 2017 1344 2074 Christum
1391 2019 1586 2086 innuit,
1621 2019 1712 2090 qui
1741 2029 1826 2076 est

235 2109 330 2164 lux
373 2109 616 2164 omnium
659 2117 1006 2178 peccatorum
1055 2109 1388 2164 venientium
1441 2111 1508 2166 ad
1567 2125 1646 2166 se.
1685 2111 1826 2168 Ecce

233 2199 524 2256 brevitatis
555 2215 716 2256 causa
747 2201 850 2254 ista
895 2201 1172 2256 succincte
1213 2201 1356 2256 dicta
1381 2207 1528 2266 sunt,
1559 2209 1618 2254 ut
1657 2203 1824 2256 menti

233 2289 460 2346 lectoris
483 2291 778 2348 mei'citius
809 2291 1170 2348 inculcantur.
1205 2291 1312 2348 Sed
1341 2293 1468 2364 quia
1497 2301 1686 2350 sancta
1717 2295 1822 2350 Ec-

233 2381 402 2436 clesia
429 2383 482 2436 in
531 2383 790 2438 membris
817 2385 930 2438 suis
977 2387 1296 2456 mysterium
1329 2385 1596 2454 passionis
1621 2385 1824 2442 Christi

237 2471 442 2528 imitari
485 2475 772 2540 desiderat,
801 2483 860 2528 ut
887 2475 954 2530 ad
983 2475 1208 2546 gloriam
1239 2477 1654 2534 resurrectionis
1701 2491 1824 2532 cum

233 2560 454 2620 Christo
473 2565 750 2636 perveniat
767 2575 824 2620 et
845 2581 950 2620 non
971 2579 1094 2620 cum
1121 2567 1288 2620 haedis
1315 2566 1380 2620 ad
1403 2565 1698 2632 sinistram,
1731 2567 1824 2622 sed

233 2669 364 2710 cum
391 2655 584 2712 ovibus
611 2657 886 2726 segregari
915 2665 1190 2712 mereatur
1227 2657 1296 2712 ad
1325 2657 1626 2722 dexteram,
1671 2657 1822 2712 dica-

235 2763 360 2804 mus
403 2749 632 2820 plenius.
691 2747 934 2820 Denique
975 2763 1098 2804 cum
1153 2749 1398 2812 dixisset,
1451 2769 1472 2802 σ
1535 2749 1824 2804 fasciculus

235 2839 474 2910 myrrha:
525 2841 756 2896 dilectus
785 2855 968 2906 meus,
1007 2861 1026 2893 ι
1071 2841 1280 2896 addidit
1319 2841 1454 2894 mihi
1507 2859 1520 2894 :
1563 2839 1826 2896 intellexit

235 2945 336 3000 pro
371 2945 466 2984 sua
491 2931 662 2986 salute
693 2931 858 2986 fuisse
883 2947 1118 3002 passum,
1163 2947 1368 3000 suaque
1417 2947 1516 3001 pro
1537 2931 1706 3002 gloria
1735 2947 1820 2986 re-

231 3021 540 3078 sin-rexisse
585 3037 616 3076 a
669 3023 920 3078 mortuis.
965 3023 1062 3078 "Ait
1105 3037 1386 3092 namque:
1439 3041 1458 3074 ‹
1511 3023 1824 3080 Fasciculus

229 3113 474 3184 myrrhae
501 3115 728 3170 dilectus
759 3129 908 3172 meus
945 3113 1094 3176 mihi,
1127 3113 1268 3170 inter
1299 3113 1466 3170 ubera
1507 3129 1628 3170 mea
1669 3130 1822 3170 com-

1927 1935 2294 1976 commorasse
2339 1921 2604 1988 probatur
2653 1939 2664 1973 :
2719 1935 2946 1990 quorum
2997 1921 3134 1976 alter
3185 1923 3513 1992 promissum

1925 2013 2181 2078 ostendit,
2218 2011 2356 2068 alter
2395 2011 2508 2080 jam
2547 2013 2760 2068 venisse
2799 2013 3114 2084 praedicavit
3145 2015 3198 2070 in
3237 2015 3512 2086 signiﬁca-

1925 2109 2128 2162 tionem
2179 2107 2406 2162 duorum
2457 2105 2946 2162 Testamentorum.
2981 2107 3134 2164 Unde
3171 2107 3410 2164 dicitur:
3455 2107 3515 2164 in

1929 2199 2110 2254 medio
2141 2199 2368 2252 duorum
2399 2197 2712 2252 animalium
2739 2199 3098 2270 cognosceris.
3131 2199 3260 2268 Qua:
3281 2201 3388 2256 duo
3409 2201 3516 2256 Te-

1927 2297 2192 2346 stamenta
2235 2289 2402 2344 ubera
2447 2299 2574 2346 sunt
2619 2289 2892 2346 Ecclesiae.
2947 2291 3188 2360 Quorum
3243 2293 3296 2350 in
3331 2294 3516 2350 medio

1925 2385 2172 2440 Christus
2207 2393 2590 2438 commoratur.
2623 2383 2690 2438 Et
2727 2385 2852 2454 quia
2891 2385 3170 2454 lcgislator
3201 2385 3432 2458 Moyses,
3455 2395 3514 2442 et

1927 2475 2160 2530 eximius
2189 2477 2576 2546 prophetarum
2611 2475 2778 2542 Elias,
2819 2477 3248 2532 sermocinantes
3297 2477 3514 2533 fuerunt

1928 2567 1994 2622 de
2019 2583 2244 2622 excessu
2265 2565 2532 2636 passionis
2557 2565 3022 2636 illius,propterea
3045 2567 3288 2636 sequitur
3321 2583 3332 2622 :
3365 2589 3382 2620 ι
3411 2567 3516 2622 Βο-

1931 2667 2052 2712 trus
2077 2657 2242 2730 Cypri
2267 2657 2496 2712 dilectus
2525 2673 2678 2712 ntcus
2705 2657 2862 2722 mihi,
2893 2657 2946 2712 in
2983 2657 3156 2712 vineis
3183 2657 3444 2728 Engaddi.
3481 2677 3500 2708 ι

1929 2747 2048 2802 Prae
2081 2747 2332 2802 omnibus
2385 2747 2566 2812 terris,
2599 2755 2660 2800 ut
2701 2745 2891 2812 fertur,
2921 2747 3096 2802 insula
3123 2747 3332 2818 Cyprus
3361 2749 3514 2804 mirae

1929 2837 2316 2910 magnitudinis
2353 2839 2536 2892 botros
2571 2853 2798 2892 uvarum
2841 2839 3060 2910 gignere
3107 2841 3506 2910 comprobatur.

1929 2930 2092 3000 Cujus
2121 2931 2506 3002 magnitudinis
2549 2929 2640 2984 ille
2677 2931 2886 2994 botrus,
2925 2929 3016 2998 qui
3059 2945 3090 2984 a
3119 2931 3328 2986 duobus
3351 2931 3510 3002 juve-

1929 3025 2088 3080 nibus
2119 3025 2186 3080 de
2219 3035 2362 3080 terra
2393 3023 2836 3094 repromissionis
2873 3023 2928 3076 in
2967 3021 3242 3078 desertum
3273 3023 3512 3094 perlatus

1929 3118 2098 3174 fuisse
2139 3117 2358 3188 legitur,
2395 3123 2450 3170 et
2495 3115 2588 3186 qui
2618 3113 2930 3170 omnimodo
2971 3111 3200 3185 ﬁguram
3249 3113 3516 3184 assutnpti

231 3207 560 3262 morabitur.
609 3227 630 3260 ι
665 3207 880 3278 Myrrha
911 3207 1178 3276 siquidem
1209 3223 1392 3260 amara
1413 3207 1818 3276 interpretatur,
1851 3192 1898 3256 Ε
1929 3211 2166 3266 hominis
2201 3209 2404 3264 Christi
2445 3207 2824 3278 Redemptoris
2863 3207 3032 3262 nostri
3069 3207 3322 3278 signabat
3357 3223 3516 3278 :quae

231 3311 356 3366 qua:
381 3297 438 3352 in
483 3313 542 3354 se
591 3299 888 3354 salutarem
923 3299 1194 3368 signiﬁcat
1241 3297 1608 3368 disciplinam,
1653 3315 1822 3372 quam

233 3389 292 3444 in
317 3387 536 3448 Christo
579 3391 818 3462 suscepit
845 3391 1114 3456 Ecclesia,
1149 3405 1268 3461 qua:
1317 3405 1416 3462 pro
1443 3389 1560 3458 ejus
1607 3393 1826 3448 nomine

235 3479 292 3536 in
327 3479 556 3536 diversis
587 3481 846 3538 membris
873 3481 1116 3538 diversas
1145 3489 1540 3538 tormentorum
1569 3482 1828 3538 amaritu-

231 3571 392 3626 diues
423 3571 718 3640 tolerando,
751 3571 1040 3630 fasciculus
1075 3573 1312 3644 myrrhae
1331 3573 1562 3628 ellicitur
1591 3573 1644 3628 ei
1665 3573 1828 3630 Chri-

237 3667 376 3716 stus.
399 3661 578 3720 Arbor
605 3679 736 3734 ergo
759 3665 1014 3734 myrrhae,
1049 3661 1118 3718 de
1143 3679 1248 3734 qua
1273 3663 1460 3718 multis
1489 3663 1828 3720 inﬁrmitati-

235 3755 342 3812 bus
371 3759 618 3828 corporis
645 3757 962 3826 profuturus
1005 3757 1246 3828 gignitur
1277 3771 1496 3824 succus,
1527 3757 1720 3814 similis
1743 3767 1828 3814 est

235 3849 414 3914 salici,
447 3849 814 3904 subtilissimis
839 3849 1208 3918 contortisque
1249 3849 1474 3920 virgulis
1517 3849 1572 3906 in
1609 3849 1828 3904 modum

237 3941 640 4006 fasciculorum,
681 3941 1026 3998 rumusculos
1055 3941 1124 3998 ab
1143 3941 1224 3998 eis
1251 3941 1342 4012 qui
1387 3941 1642 3996 arborum
1671 3951 1828 3996 natu-

239 4047 332 4086 ras
375 4033 800 4104 descripserunt,
853 4031 1100 4104 proferre
1145 4035 1430 4090 asseritur.
1481 4033 1608 4090 Haec
1663 4035 1830 4104 igitur

235 4127 494 4194 przedicta
541 4127 802 4192 Ecclesia,
839 4127 924 4182 vel
977 4135 1166 4184 sancta
1219 4127 1472 4198 quaelibet
1503 4129 1684 4182 anima
1737 4129 1828 4184 ubi

235 4233 336 4286 per
361 4229 578 4274 aeternae
615 4221 738 4274 vita:
777 4220 1022 4276 auditum
1049 4219 1388 4276 dulcedinem
1427 4229 1618 4290 gustus
1659 4219 1830 4274 susci-

237 4311 318 4380 pit
353 4311 410 4364 in
459 4313 640 4380 sponsi
671 4311 906 4368 adventu
937 4331 950 4366 :
987 4311 1332 4366 multimodas
1363 4317 1418 4366 et
1451 4327 1668 4366 amaras
1713 4325 1830 4380 pas-

235 4404 422 4460 siones
451 4405 626 4460 illatas
669 4421 774 4460 non
815 4407 1014 4472 sentit,
1061 4407 1166 4461 hoc
1191 4413 1278 4462 est
1305 4421 1576 4472 carceres,
1617 4405 1826 4472 exsilia,

235 4497 700 4568 proscriptiones,
741 4515 924 4554 rerum
975 4499 1324 4570 praesentium
1375 4499 1698 4564 nuditatem,
1745 4499 1826 4554 l‘a-

235 4603 408 4652 mem,
441 4589 612 4652 sitim,
657 4589 888 4656 vincula,
943 4591 1118 4646 caedes
1169 4589 1418 4660 injustas,
1471 4589 1818 4660 improperia,

233 4679 508 4750 pericula,
553 4681 864 4754 naufragia,
911 4682 1112 4738 imbres
1137 4681 1398 4752 lapidum,
1437 4681 1862 4752 praecipitatio—-

237 4789 366 4828 nem
405 4773 686 4844 profundi,
735 4775 1118 4846 variarumque
1159 4789 1444 4846 pinnarum
1507 4773 1724 4830 aculeos
1769 4783 1826 4830 et

235 4865 344 4920 alia
385 4867 570 4921 multa.
597 4865 732 4922 Cum
761 4867 878 4924 lucc
905 4867 1206 4938 susceperit
1231 4879 1456 4938 pmpter
1485 4877 1716 4924 mortem
1739 4867 1824 4923 sui

237 4957 640 5028 Redemptoris,
673 4973 794 5014 cum
829 4975 1024 5030 magna
1069 4959 1256 5014 laetitia
1305 4959 1436 5014 dicit
1469 4977 1484 5014 :
1523 4979 1540 5010 ι
1573 4959 1828 5014 Fascicu-

233 5047 324 5104 lus
375 5051 614 5124 myrrhae
661 5051 890 5107 dilectus
933 5067 1086 5106 meus
1139 5051 1292 5106 mihi.
1341 5071 1362 5104 ι
1415 5049 1550 5106 Cum
1593 5067 1722 5124 ergo
1757 5051 1824 5106 ad

237 5138 442 5196 multas
497 5141 842 5197 inﬁrmitates
883 5155 916 5196 a
965 5139 1178 5197 diabolo
1231 5139 1464 5196 inﬂictas
1517 5143 1822 5209 sanandas,

237 5231 446 5288 multas
473 5247 504 5286 a
549 5233 660 5288 Deo
693 5233 1068 5304 correptiones
1107 5233 1378 5304 patienter
1405 5233 1714 5304 pertulerit,
1740 5235 1826 5290 vel

233 5329 514 5396 diversas,
541 5337 602 5384 ut
627 5347 794 5402 supra
821 5332 1022 5388 dictum
1051 5341 1156 5398 est,
1191 5347 1292 5402 pro
1325 5331 1442 5402 ejus
1463 5333 1682 5388 nomine
1711 5331 1826 5386 illa-

237 5429 350 5488 tas,
377 5423 620 5494 gaudens
665 5423 982 5480 sustinuerit
1029 5424 1330 5494 passiones,
1369 5423 1660 5482 fasciculus
1685 5439 1828 5496 myr-

237 5515 356 5570 rhae
387 5513 506 5584 ejus
535 5515 766 5572 eliicitur
785 5515 1052 5584 Christus,
1083 5517 1152 5573 ad
1177 5533 1372 5572 omnes
1393 5517 1652 5572 vitiorum
1681 5533 1826 5572 mor-

237 5609 342 5664 bos
363 5609 434 5664 de
461 5607 578 5676 ejus
603 5621 824 5682 pectore
859 5611 1224 5682 expellendos.
1265 5611 1416 5666 Tunc
1447 5611 1560 5682 jam
1595 5611 1826 5666 mundus

237 5711 300 5760 et
327 5719 452 5758 cum
475 5705 810 5760 orationibus
835 5713 1076 5776 paratus,
1117 5705 1412 5776 hospitium
1441 5707 1682 5760 divinum
1719 5713 1822 5764 est.

239 5803 308 5852 ut
331 5795 510 5864 ipsum
531 5795 644 5864 jam
669 5805 778 5852 tam
807 5813 1002 5870 magna
1033 5797 1228 5854 ﬁducia
1253 5797 1528 5854 Christum
1553 5799 1740 5852 invitet
1769 5799 1822 5852 in

1929 3303 2120 3372 utique
2147 3315 2248 3370 pro
2269 3301 2408 3364 loco,
2445 3299 2526 3354 vel
2559 3307 2820 3370 tempore,
2851 3299 2936 3353 vel
2967 3313 3155 3364 causa,
3187 3313 3308 3356 esca
3339 3307 3396 3354 et
3419 3315 3518 3370 po-

1931 3401 2018 3447 tus
2041 3391 2294 3446 Ecclesiae
2329 3389 2504 3444 factus
2525 3397 2610 3444 est
2633 3403 2730 3458 per
2757 3388 3003 3456 corporis
3033 3389 3114 3444 sui
3147 3397 3203 3442 et
3238 3387 3515 3458 sanguinis

1931 3491 2355 3541 sacramentum.
2383 3481 2596 3552 Cyprus
2619 3495 2750 3536 vero
2777 3479 2992 3534 tristitia
3025 3479 3108 3534 vel
3133 3495 3324 3532 mteror
3349 3479 3516 3532 inter-

1929 3585 2194 3648 pretatur.
2227 3575 2470 3648 Engaddi
2523 3575 2662 3630 sicut
2693 3561 2898 3628 dictum
2947 3581 3034 3628 est
3081 3571 3198 3640 {ous
3233 3571 3394 3626 hrrdi.
3421 3571 3518 3626 Est

1929 3687 2059 3743 ergo
2087 3673 2274 3726 botrus
2305 3669 2466 3740 Cypri
2495 3669 2684 3722 amicae
2705 3681 2818 3722 sum
2851 3665 3123 3728 Ecclesiae,
3157 3664 3282 3718 dum
3315 3677 3510 3732 pecca-

1933 3763 2140 3818 toribus
2177 3760 2478 3824 tristitiam,
2507 3759 2594 3814 vel
2619 3771 2910 3812 mmroretn
2935 3753 3268 3826 ptenitentize
3289 3753 3342 3806 in
3373 3767 3518 3806 Illell-

1933 3857 2076 3912 tibus
2103 3857 2358 3920 seminat,
2403 3863 2460 3906 ut
2505 3867 2600 3906 cos
2631 3851 2698 3904 ad
2743 3849 2890 3904 illam
2931 3845 3318 3902 beatitudinem
3353 3843 3518 3898 subli-

1933 3959 2065 4014 met,
2091 3949 2158 4004 de
2181 3963 2288 4018 qua
2317 3947 2430 4016 ipse
2461 3945 2513 4000 in
2545 3941 2840 4014 Evangelio
2875 3941 3012 4022 dixit
3041 3957 3054 3994 :
3091 3959 3110 3992 ε
3145 3937 3294 3992 Beati
3319 3935 3411 4007 qui
3437 3934 3516 3990 lu-

1931 4047 2060 4112 gent
2107 4053 2272 4104 nunc,
2321 4037 2448 4106 quia
2503 4037 2604 4106 ipsi
2651 4033 3074 4090 consolabuntur
3125 4029 3340 4102 (Matth.
3375 4027 3450 4100 v).
3491 4045 3510 4080 ο

1931 4131 2036 4199 Qui
2063 4139 2122 4184 ut
2163 4129 2254 4183 ille
2295 4143 2454 4198 quem
2483 4127 2720 4180 diximus
2761 4139 2792 4178 a
2827 4123 3036 4178 duobus
3059 4119 3294 4192 p0pulis,
3323 4117 3512 4174 Judteo

1933 4223 2142 4280 scilicet
2171 4209 2538 4292 persecutore,
2563 4225 2618 4274 et
2661 4217 2908 4272 Romano
2937 4213 3110 4269 milite
3131 4213 3454 4282 imperante,
3483 4225 3514 4264 a

1931 4315 2280 4386 phalange‘in
2309 4313 2486 4368 crucis
2515 4311 2812 4382 patibulum
2837 4307 3044 4362 levatus
3067 4313 3170 4360 est.
3199 4303 3300 4370 Qui
3347 4315 3518 4372 usque

1931 4407 2092 4462 hodie
2125 4421 2222 4476 per
2269 4403 2542 4460 tristitiam
2591 4413 2988 4469 maeroremque
3019 4397 3188 4452 vitam
3235 4393 3518 4450 conferen-

1935 4509 2042 4554 tem
2081 4509 2338 4556 aeternam
2369 4497 2626 4554 Ecclesiae
2655 4495 2861 4568 genuit,
2893 4501 2952 4548 ut
2979 4491 3296 4563 praedictum
3327 4497 3434 4556 est,
3461 4489 3518 4544 in

1933 4595 2012 4649 eis
2039 4593 2130 4664 qui
2153 4601 2270 4662 post
2301 4593 2614 4646 innumeras
2635 4587 2914 4660 congeries
2937 4583 3226 4640 criminum
3253 4583 3306 4638 in
3329 4583 3512 4638 sinum

1931 4687 2184 4742 Ecclesize
2209 4691 2622 4756 congregantur.
2651 4681 2844 4736 Cibum
2865 4691 2994 4734 vero
3017 4675 3314 4748 spiritalem
3339 4681 3394 4728 et
3421 4687 3520 4743 po-

1931 4791 2044 4836 tum
2085 4779 2276 4834 botrus
2315 4777 2608 4848 prtedictus
2659 4775 2714 4828 in
2765 4787 2826 4828 se
2879 4769 3228 4828 credentibus
3273 4767 3518 4838 quotidie

1931 4871 2328 4932 subministrat,
2367 4869 2450 4924 his
2475 4869 2738 4924 duntaxat
2777 4865 2870 4936 qui
2905 4871 3304 4934 congregantur
3337 4859 3394 4912 in
3435 4857 3518 4912 vi-

1935 4965 2050 5020 nei's
2101 4961 2366 5034 Engaddi,
2395 4961 2484 5016 ubi
2513 4967 2596 5014 est
2623 4959 2742 5014 ions
2767 4957 2928 5022 inedi,
2957 4957 3050 5026 qui
3079 4963 3162 5012 est
3187 4949 3518 5008 sacrosancti

1933 5055 2272 5128 baptismatis
2299 5055 2440 5118 fons,
2467 5053 2558 5108 ubi
2589 5053 2724 5108 haedi
2747 5051 3080 5108 descendunt
3117 5047 3210 5118 qui
3239 5053 3396 5100 erant
3423 5043 3518 5098 de-

1933 5149 2157 5222 putandi
2185 5165 2216 5204 a
2245 5147 2480 5204 sinistris
2507 5155 2632 5200 ante
2664 5141 2902 5202 tribunal
2931 5141 3150 5214 judicis,
3177 5147 3380 5194 aeterno
3405 5133 3518 5206 igni

1881 5253 1888 5260 '
1935 5243 2202 5308 tradendi,
2243 5247 2298 5296 et
2333 5238 2636 5296 ascendunt
2661 5237 2786 5308 agni
2823 5232 3176 5296 immaculati,
3219 5229 3368 5301 quia
3393 5229 3520 5284 dex-

1935 5333 2036 5390 tris
2081 5333 2280 5402 judicis
2339 5339 2734 5404 congregentur
2783 5337 2990 5382 aeterno
3045 5337 3212 5394 regno
3255 5319 3516 5376 donandi.

1927 5427 2156 5483 Certum
2181 5431 2266 5480 est
2297 5437 2450 5494 ergo,
2493 5431 2550 5476 ut
2575 5421 2716 5476 sicut
2739 5433 2846 5474 una
2873 5431 3006 5488 gens
3033 5413 3214 5470 Judaea
3255 5427 3351 5484 per
3371 5411 3518 5466 noti-

1937 5517 2064 5572 tiam
2111 5515 2248 5586 legis
2277 5513 2472 5570 divina:
2515 5513 2672 5566 vinea
2715 5509 2930 5566 Domini
2963 5513 3330 5576 nuncupatur,
3363 5503 3436 5558 ita
3465 5509 3520 5560 et

1933 5611 2164 5664 diversa:
2187 5617 2374 5680 gentes
2415 5609 2484 5662 ad
2508 5607 2664 5660 tidem
2687 5603 2890 5658 Christi
2915 5601 3154 5656 advectae
3183 5613 3280 5669 per
3305 5605 3520 5668 aposto-

1935 5703 2108 5758 lorum
2143 5703 2408 5758 culturam
2441 5709 2494 5754 et
2535 5699 2814 5754 doctorum
2855 5697 3178 5762 doctrinam,
3209 5693 3392 5750 multae
3433 5691 3518 5746 vi-

1893 5813 2048 5874 zneae
2079 5797 2432 5868 appellantur.
2479 5793 2532 5846 in
2573 5805 2800 5862 quarum
2841 5789 3038 5856 medio,
3087 5797 3146 5844 ut
3183 5787 3382 5844 dictum
3411 5793 3518 5852 est,
