4078 6340
558 318 666 380 583

1591 319 1948 379 ANGELOMI
1984 317 2449 379 LUXOVlENSlS
2487 318 2800 378 MONACHI

3719 319 3848 379 584

561 435 734 494 sancti
755 433 1102 505 baptismatis
1143 432 1264 490 fons
1287 440 1371 490 est
1400 449 1574 504 aqua),
1601 434 1668 490 ad
1690 449 1851 504 quem
1877 432 2017 489 haedi
2045 433 2140 488 ad-
2167 438 2218 499 Α
2246 436 2351 490 tior
2376 435 2668 491 invenitur.
2707 433 2861 492 Oculi
2883 448 3015 504 ergo
3043 434 3210 491 duces
3239 435 3408 492 totius
3431 435 3677 508 corporis
3701 449 3850 494 esse

563 529 810 593 veniunt,
842 535 903 582 ut
930 527 1052 597 agni
1075 525 1396 582 efficiantur.
1421 528 1549 593 Qua:
1568 527 1740 582 vineae
1766 525 2007 598 Engaddi
2034 540 2140 580 non

561 619 768 684 vinum,
809 618 902 674 sed
923 617 1164 673 balsama
1191 617 1434 688 gignunt.
1465 617 1706 686 Engaddi
1730 617 1883 671 vicus
1899 623 1983 672 est
2006 630 2145 686 prae-

565 728 793 784 magnus
819 713 872 767 in
906 719 1049 766 terra
1074 709 1284 776 Iudaea,
1306 709 1462 779 juxta
1511 725 1658 764 mare
1703 709 1989 764 Mortuum.
2017 706 2146 774 Quae

511 841 531 876 π
565 812 710 862 terra
732 804 960 876 ﬁguram
990 811 1138 859 tenet
1160 811 1320 858 terrae
1355 802 1670 868 viventium,
1703 801 1793 856 ubi
1823 809 1951 857 sunt
1975 800 2146 856 vincat

503 892 536 957 ’,τ’
566 895 817 961 balsami,
845 895 989 950 intra
1013 894 1271 951 terminos
1295 901 1502 948 tantum
1532 893 1660 949 olim
1686 893 1874 964 viginti
1897 892 2146 964 jugerum

565 1000 738 1045 erant.
793 987 1152 1058 Posteaquam
1205 987 1396 1043 eadem
1443 986 1664 1057 regione
1711 984 1941 1040 Romani
1991 983 2148 1055 potiti

567 1089 714 1147 sunt,
772 1079 936 1136 etiam
983 1078 1038 1133 in
1085 1077 1360 1134 latissimis
1406 1078 1634 1134 collibus
1678 1084 1979 1148 propagata
2031 1083 2146 1142 est,

572 1172 746 1242 stirpe
785 1153 976 1226 similis
995 1169 1120 1235 viti,
1162 1167 1307 1225 foliis
1339 1169 1531 1224 similis
1559 1176 1716 1235 rutae,
1747 1170 1841 1224 sed
1879 1167 2151 1238 albidiori-

564 1265 667 1321 bus
693 1278 1014 1334 semperque
1032 1262 1400 1319 manentibus.
1421 1262 1596 1318 Arbor
1619 1270 1800 1318 autem
1825 1261 2148 1327 balsamum,

565 1356 768 1428 lignum
797 1355 1274 1420 cbirobalsamum,
1306 1355 1359 1410 id
1383 1364 1467 1410 est
1499 1355 1842 1410 ramusculus
1872 1354 1990 1426 ejus
2016 1353 2151 1408 dici-

567 1457 679 1514 tur,
706 1447 915 1503 fructus
934 1447 1048 1502 sive
1071 1463 1257 1503 semen
1288 1447 1774 1518 carpobalsamum,
1810 1462 2005 1503 succus
2027 1461 2154 1516 opo-

565 1537 889 1596 balsamum.
938 1537 1092 1606 Quod
1129 1538 1251 1594 ideo
1289 1554 1413 1594 cum
1454 1537 1754 1608 adiectione
1793 1538 2150 1610 signiﬁcatur,

2243 527 2566 598 probantur,
2629 526 2745 582 sine
2796 525 2996 596 quibus
3041 533 3134 581 aut
3178 542 3287 582 non
3342 535 3520 599 potest
3569 526 3849 584 incedere

2244 631 2469 688 corpus,
2499 626 2595 672 aut
2616 617 2707 671 vix
2735 615 3055 673 offendendo
3079 617 3298 672 incedit.
3335 617 3393 672 ln
3419 619 3612 687 quibus
3648 618 3848 675 sancti

2245 709 2498 766 doctores
2541 709 2914 780 intelliguntur
2955 708 3220 781 spirituali
3246 710 3366 764 visu
3405 710 3649 766 ctelestia
3689 724 3848 765 wu-

2245 799 2588 870 templantes,
2631 799 2723 869 qui
2771 809 2992 870 propter
3030 798 3432 869 simplicitatem
3474 806 3530 854 et
3565 799 3852 854 innocen-

2246 891 2378 947 tiam
2407 889 2667 947 columbce
2707 897 3112 960 comparantur.
3145 889 3380 945 Possunt
3421 887 3584 944 etiam
3632 897 3689 944 et
3751 903 3854 944 sa-

2247 981 2496 1039 cerdotes
2535 989 2686 1037 recto
2725 981 2917 1036 ordine
2965 980 3216 1052 intelligi,
3244 981 3442 1050 quibus
3480 987 3852 1036 sacrosancta

2247 1073 2507 1144 mysteria
2533 1073 2826 1128 commissa
2865 1080 3012 1138 sunt,
3049 1072 3106 1128 in
3135 1086 3369 1142 quorum
3408 1069 3513 1126 ﬁde
3538 1070 3852 1126 decoratur

2248 1164 2514 1231 Ecclesia,
2558 1163 2613 1218 in
2653 1179 2884 1234 quorum
2911 1164 3021 1218 vita
3063 1161 3409 1217 immaculata
3455 1159 3850 1232 frequentibus

2250 1257 2500 1312 laudibus
2529 1256 2870 1312 sublimatur.
2911 1255 3158 1328 Pulchra.
3186 1269 3423 1327 namque
3467 1262 3552 1311 est
3585 1254 3854 1310 mundis-

2251 1349 2447 1405 simam
2486 1348 2596 1405 Deo
2644 1348 2931 1404 scientiam
2976 1348 3302 1413 exhibendo,
3341 1345 3562 1418 pulchra
3601 1345 3855 1402 inimicis

2252 1447 2310 1492 et
2337 1438 2530 1494 alienis
2558 1453 2589 1491 a
2623 1437 2729 1493 ﬁde
2757 1436 2960 1492 Christi
2986 1436 3519 1507 irreprehensibilem
3543 1451 3856 1494 conversa-

2254 1529 2457 1585 tionem
2507 1529 2880 1584 monstrando.
2923 1527 3225 1584 Adducitur
3249 1537 3306 1583 et
3337 1529 3500 1584 tertia
3538 1529 3856 1599 pulchritu-

566 1644 633 1686 eo
659 1630 802 1700 quod
837 1645 1128 1701 percussus
1169 1629 1364 1686 ferreis
1395 1630 1608 1701 ungulis
1652 1636 1842 1685 cortex
1873 1629 2005 1701 ligni
2055 1643 2152 1700 per
2254 1621 2397 1678 dinis
2424 1621 2542 1677 laus
2578 1621 2632 1676 in
2659 1620 2907 1676 acumine
2931 1620 3233 1676 oculorum.
3280 1619 3668 1676 Columbarum
3691 1621 3858 1686 enim

568 1736 831 1778 cavernas
883 1721 1069 1776 eximii
1124 1721 1306 1777 odoris
1356 1729 1564 1791 guttam
1622 1719 1862 1776 distillat.
1910 1718 2156 1775 Caverna
2259 1723 2480 1780 natura,
2525 1727 2689 1783 super
2720 1712 2810 1767 illa
2856 1712 3282 1784 quae‘diximus,
3325 1719 3380 1767 et
3417 1713 3523 1768 hoc
3559 1712 3858 1784 peculiare

568 1811 715 1868 enim
765 1811 954 1866 Grteco
1006 1825 1258 1866 sermone
1313 1812 1408 1888 ὀρὴ
1462 1810 1677 1865 dicitur.
1735 1795 1902 1880 Cujus
1949 1817 2154 1882 guttam
2185 1815 2234 1876 Β
2260 1808 2462 1864 habere
2497 1807 2781 1878 probatur,
2835 1814 2897 1862 ut
2939 1806 3111 1861 hostis
3162 1805 3453 1860 adventum
3497 1813 3625 1874 post
3671 1820 3736 1862 se
3789 1804 3866 1862 de

581 1901 888 1956 adulterant
914 1901 1147 1956 admisto
1170 1899 1404 1973 Cyprino
1435 1900 1554 1956 oleo
1582 1899 1668 1954 vel
1693 1899 1870 1955 melle.
1903 1898 2157 1955 Balsama
2261 1903 2442 1974 longe,
2473 1911 2600 1958 ante
2625 1916 2683 1957 se
2712 1901 2768 1956 in
2793 1915 2934 1972 aqua
2957 1899 3284 1970 speculetur,
3328 1898 3619 1954 adventum
3644 1895 3866 1953 scilicet

570 1999 754 2047 autem
783 1990 829 2045 si
856 2005 990 2060 pura
1017 1987 1241 2055 fuerint,
1285 1999 1492 2044 tantam
1518 1990 1626 2044 vim
1667 1990 1890 2054 habent,
1915 1997 1976 2045 ut
2001 1989 2048 2046 si
2075 1987 2161 2044 sol

569 2081 948 2147 excanduerit,
972 2081 1228 2137 sustineri
1258 2082 1313 2136 in
1343 2097 1504 2136 manu
1536 2097 1642 2136 non
1670 2081 1895 2151 possint.
1937 2083 2011 2136 De
2039 2080 2159 2151 qui-

569 2173 674 2234 bus
694 2172 867 2227 vineis
894 2169 1049 2226 multi
1099 2187 1256 2243 reges
1283 2173 1821 2243 transplantaverunt
1871 2171 2159 2228 arbuscula

570 2262 801 2320 balsami
845 2262 901 2318 in
927 2263 1049 2319 aliis
1075 2263 1210 2320 locis
1239 2264 1322 2318 vel
1353 2265 1532 2328 terris,
1588 2265 1732 2336 quod
1781 2275 1836 2320 et
1872 2264 2152 2320 Romanos

571 2355 766 2412 fecisse
789 2353 1006 2426 legitur,
1033 2363 1087 2410 et
1111 2355 1329 2426 penitus
1351 2356 1596 2411 radicare
1625 2363 1720 2410 aut
1747 2357 1932 2411 vivere
1967 2355 2160 2425 nequi-

578 2457 797 2505 verunt.
827 2447 1200 2505 Undefacturn
1215 2456 1325 2516 est,
1357 2449 1500 2504 sicut
1522 2463 1684 2520 supra
1703 2448 1998 2516 innuimus,
2027 2455 2086 2501 ut
2107 2447 2162 2503 in

573 2541 762 2597 eodem
789 2540 874 2596 vel
903 2541 1022 2596 loco
1066 2540 1152 2595 vel
1181 2540 1235 2595 in
1274 2540 1481 2595 eisdem
1523 2539 1722 2594 ﬁnibus
1767 2554 2021 2610 magnum
2050 2546 2166 2595 stu-

573 2635 722 2692 dium
752 2636 1102 2690 adhiberetur
1139 2650 1171 2688 a
1203 2635 1420 2706 regibus
1456 2633 1510 2688 in
1548 2633 1858 2705 plantandis
1888 2633 2060 2688 vineis
2086 2632 2166 2704 gi-

571 2726 853 2796 gnentium
897 2725 1161 2782 balsama.
1210 2726 1278 2780 Et
1315 2740 1436 2794 qum
1483 2725 1554 2780 sit
1605 2739 1792 2789 causa,
1835 2731 1895 2778 ut
1926 2724 1982 2778 in
2018 2723 2165 2780 nullo

573 2817 778 2888 cespite
801 2818 1127 2889 proveniant
1157 2818 1327 2872 vineae
1356 2817 1458 2872 nisi
1490 2817 1545 2871 in
1575 2817 1688 2872 sola
1710 2816 1954 2888 Engaddi
1987 2831 2167 2886 operae

574 2909 812 2981 pretium
847 2918 933 2966 est
967 2910 1290 2982 intelligere.
1327 2910 1494 2975 Reor,
1529 2918 1588 2964 ut
1616 2910 1836 2981 quidam
1879 2909 1956 2963 ait
1981 2909 2168 2964 docto-

575 3017 720 3068 rum,
765 3001 911 3057 hunc
963 3017 1184 3059 succum
1237 3003 1431 3056 harum
1483 3001 1790 3066 vinearum,
1849 3001 2012 3054 unius
2039 2999 2165 3055 fidei

579 3093 978 3150 confessionem
1029 3093 1257 3164 intelligi
1310 3103 1494 3164 typum
1545 3102 1748 3157 tenere,
1805 3091 1861 3145 in
1903 3106 2010 3161 qua
2045 3105 2167 3162 spes

2263 1993 2560 2066 accipitris,
2607 2008 2675 2048 ne
2723 1992 2898 2063 pullos
2950 2005 3142 2063 rapere
3192 1991 3366 2062 possit
3402 1989 3736 2046 considerat.
3767 1986 3866 2043 Sic

2262 2086 2524 2142 nimirum
2573 2083 2746 2139 sancti
2786 2084 3035 2138 doctores
3076 2081 3422 2152 simplicitate
3446 2089 3501 2136 et
3541 2078 3865 2136 innocentia

2260 2177 2493 2252 praediti,
2519 2177 2599 2232 sic
2629 2176 2950 2232 sacerdotes
2977 2174 3236 2231 Ecclesim
3274 2174 3528 2230 acumine
3565 2187 3686 2228 sum
3725 2186 3868 2226 eon-

2261 2269 2635 2342 templationis
2673 2267 2919 2324 coelestia
2951 2267 3406 2337 contemplantur.
3449 2265 3629 2336 Super
3656 2264 3866 2320 fluenta

2265 2360 2670 2432 Scripturarum
2716 2360 3029 2416 meditando
3056 2359 3322 2426 resident,
3365 2367 3422 2414 et
3457 2358 3694 2414 insidias
3742 2357 3867 2412 dia-

2272 2453 2400 2519 boli,
2418 2453 2510 2522 qui
2537 2453 2747 2507 animas
2774 2451 3109 2527 credentium
3129 2465 3320 2522 rapere
3343 2448 3588 2513 festinat,
3616 2462 3866 2505 commo-

2270 2547 2479 2602 nitione
2517 2558 2833 2623 sermonum
2850 2543 2965 2599 suis
2992 2542 3329 2599 auditoribus
3359 2549 3421 2596 ut
3455 2548 3692 2596 caveant
3730 2553 3862 2610 pro-

2267 2641 2522 2696 nuntiare
2577 2645 2856 2710 satagunt,
2904 2637 3132 2708 ideoque
3167 2638 3221 2692 in
3267 2636 3464 2692 talibus
3510 2633 3864 2706 pulchritudo

2266 2730 2526 2788 Ecclesiae
2581 2733 2650 2787 ab
2707 2745 2908 2801 sponso
2952 2728 3218 2784 laudatur.
3277 2725 3430 2782 Unde
3472 2725 3766 2797 pulchram
3809 2730 3866 2778 et

2267 2824 2554 2894 pulchram
2584 2823 2800 2892 repetit,
2845 2820 2972 2892 quia
3000 2819 3141 2875 hanc
3180 2819 3234 2874 in
3261 2818 3342 2873 eis
3380 2825 3436 2872 et
3473 2815 3864 2888 praedicatione

2269 2925 2326 2973 et
2355 2916 2568 2972 actione
2593 2913 2919 2969 laudabilem
2942 2912 3100 2968 vidit.
3130 2911 3388 2980 Sequitur
3416 2927 3430 2963 :

2346 3037 2365 3070 ι
2397 3017 2537 3073 Ecce
2561 3024 2617 3071 tu
2641 3015 2868 3087 pulcher
2887 3029 2969 3082 es,
2994 3014 3190 3070 dilecte
3211 3013 3307 3076 mi,
3330 3020 3386 3067 et
3412 3009 3680 3075 decorus;
3699 3008 3867 3064 lectu.

2277 3131 2296 3164 ι
2333 3111 2416 3168 lus
2444 3119 2630 3166 noster
2659 3108 2902 3165 floridus.
2939 3128 2959 3161 ι
2995 3106 3114 3162 Vox
3156 3104 3412 3161 Ecclesiae
3451 3105 3517 3160 ad
3549 3102 3864 3159 Christum.

581 3187 832 3244 consistit
859 3187 1122 3255 ﬁdelium,
1163 3188 1219 3242 in
1253 3202 1359 3257 qua
1393 3185 1602 3258 singula
1649 3185 1984 3240 medicinalis
2031 3187 2167 3241 odor

2270 3205 2350 3260 Ac
2377 3204 2422 3259 si
2451 3202 2596 3258 dicat
2620 3217 2634 3255 :
2663 3202 2742 3256 Tu
2765 3200 2911 3257 solus
2938 3199 3168 3271 pulcher
3193 3213 3276 3264 es,
3300 3212 3402 3269 ego
3425 3213 3494 3253 ex
3531 3205 3587 3251 te
3615 3194 3862 3266 pulchra.

579 3279 755 3335 bonus
815 3277 1051 3346 Christi,
1109 3279 1279 3332 vitam
1327 3277 1559 3331 mortuis
1603 3276 1887 3330 animabus
1933 3275 2170 3332 reddens

581 3369 886 3444 germinare
911 3372 1192 3440 probatur.
1223 3371 1299 3424 De
1329 3384 1436 3440 qua
1459 3368 1800 3424 confessione
1829 3383 2168 3441 quaecunque

576 3478 714 3536 egens
741 3463 825 3519 vel
869 3463 1051 3518 anima
1091 3462 1248 3517 malis
1287 3461 1612 3528 cultoribus,
1661 3461 1744 3514 vcl
1780 3461 2050 3516 haereticis
2079 3462 2172 3518 de-

583 3563 767 3625 cerpta
795 3554 881 3611 vel
911 3553 1303 3625 transplantata
1341 3552 1506 3607 fuerit
1549 3553 1767 3609 arescit.
1800 3553 1955 3620 Quod
1986 3553 2172 3608 multis

587 3648 872 3702 animabus
916 3647 1166 3702 evenisse
1202 3645 1480 3716 probatur,
1521 3662 1628 3717 qua
1673 3661 1732 3701 se
1758 3646 1826 3700 ab
1860 3662 1968 3701 una
2000 3646 2172 3700 veris-

587 3737 723 3794 sima
749 3736 1006 3808 praedicta
1036 3733 1376 3792 confessione
1417 3735 1541 3791 ﬁdei
1576 3736 1776 3791 evulsa:
1817 3746 1874 3791 et
1921 3734 2174 3790 arefacta:

588 3829 849 3900 gehennm
894 3827 1149 3898 pabulum
1194 3828 1562 3896 praebuerunt.
1616 3826 1748 3882 Nam
1800 3827 1940 3882 sicut
1977 3840 2176 3896 corpus

585 3923 704 3978 sine
729 3936 852 3976 esca
887 3929 944 3976 et
971 3928 1101 3990 potu
1149 3921 1446 3978 subsistere
1492 3937 1603 3976 non
1641 3928 1841 3991 potest,
1875 3920 1950 3974 ita
1991 3918 2178 3974 Eccle-

587 4014 687 4071 sim
716 4028 848 4069 voce
896 4013 1203 4069 declaratur
1261 4015 1379 4070 sine
1431 4017 1590 4072 botro
1634 4015 1727 4085 qui
1770 4024 1856 4068 est
1905 4013 2172 4078 Christus,

589 4114 794 4162 aeterna
830 4106 941 4163 vita
969 4107 1037 4164 de
1078 4108 1216 4166 cmlo
1253 4109 1610 4175 descendens,
1637 4109 1823 4164 vivere
1867 4123 1974 4163 non
1997 4122 2171 4178 posse,

589 4199 719 4270 quia
750 4198 805 4254 in
833 4199 977 4254 nulla
1009 4200 1113 4255 alia
1149 4210 1296 4257 terra
1321 4199 1783 4273 repromissionis,
1807 4199 1862 4254 in
1891 4199 2036 4254 nulla
2071 4198 2179 4253 alia

577 4291 750 4346 .vinea
780 4292 882 4347 nisi
910 4293 964 4347 in
989 4293 1161 4349 vineis
1179 4293 1419 4366 Engaddi
1443 4293 1512 4348 ab
1534 4293 1896 4349 esurientibus
1918 4301 1974 4348 et
1997 4291 2182 4347 sitien-

594 4382 741 4438 tibus
761 4380 969 4451 justitia
990 4383 1287 4451 invenitur,
1317 4385 1371 4439 id
1392 4394 1475 4439 est
1501 4385 1554 4438 in
1580 4383 1726 4438 nulla
1758 4383 2182 4454 congregatione

2271 3294 2340 3350 Et
2374 3293 2501 3366 quia
2531 3291 2780 3364 intelligit
2809 3285 2920 3346 no’n
2967 3290 3082 3345 suis
3129 3288 3341 3344 meritis
3373 3285 3766 3359 justiﬁcatam,
3815 3289 3868 3338 et

2270 3384 2729 3457 pulchritudinem
2751 3383 3014 3437 virtutum
3045 3382 3114 3436 ab
3135 3381 3254 3451 ipso
3274 3379 3574 3450 accepisse,
3603 3389 3869 3433 succensa

2273 3475 2328 3532 in
2357 3475 2478 3547 ejus
2507 3489 2710 3540 amore,
2748 3473 2933 3529 laudat
2961 3472 3081 3542 ejus
3101 3472 3582 3544 pulchritudinem.
3616 3468 3742 3524 Non
3779 3485 3870 3540 po-

2275 3575 2382 3623 test
2425 3567 2621 3636 aliquis
2657 3564 2956 3636 cujuspiam
2999 3580 3161 3635 quem
3197 3558 3376 3634 diligit
3413 3562 3664 3626 minime,
3713 3561 3870 3616 deeo'

2275 3673 2393 3714 rem
2427 3657 2670 3724 laudare,
2717 3673 2819 3713 nec
2863 3665 3044 3729 potest
3094 3672 3219 3713 eum
3249 3654 3405 3726 cujus
3456 3656 3707 3711 moribus
3763 3665 3868 3706 non

2277 3750 2572 3805 concordat
2609 3749 2855 3821 diligere,
2908 3749 3050 3806 sicut
3093 3748 3386 3821 Apostolus
3430 3747 3590 3803 docet
3634 3745 3868 3800 dicens:

2284 3859 2302 3892 ι
2336 3839 2528 3906 Nemo,
2561 3839 2755 3910 inquit,
2795 3841 3022 3912 loquens
3063 3841 3120 3895 in
3159 3839 3368 3911 Spiritu
3399 3839 3518 3904 Dei,
3571 3836 3710 3894 dicit
3739 3851 3870 3891 ana-

2277 3935 2463 3990 thema
2514 3931 2686 3989 Jesu.
2711 3934 2780 3988 Et
2813 3933 2994 3990 nullus
3025 3933 3162 3990 dicit
3203 3933 3490 3988 Dominum
3528 3930 3740 3995 Iesum,
3772 3928 3875 3985 nisi

2281 4025 2336 4081 in
2365 4024 2571 4095 Spiritu
2602 4035 2791 4081 sancto
2820 4023 2873 4096 (1
2910 4023 3036 4080 Cor.
3065 4024 3188 4096 xu).
3237 4044 3256 4078 ι
3285 4023 3380 4079 llle
3409 4037 3539 4094 ergo
3561 4021 3872 4093 pulchritu-

2285 4119 2465 4174 dinem
2505 4119 2850 4189 speciemquc
2873 4119 3054 4174 dilecti
3093 4118 3218 4174 Filii
3243 4118 3340 4174 Dei
3378 4125 3435 4174 et
3465 4117 3654 4172 videre
3695 4121 3878 4186 potest

2281 4217 2338 4264 et
2361 4209 2630 4264 laudando
2655 4207 2934 4275 extollere,
2972 4209 3067 4279 qui
3097 4208 3300 4263 sanctis
3335 4207 3591 4278 operibus
3621 4205 3878 4277 spiritum

2284 4300 2402 4368 ejus
2424 4301 2478 4354 in
2503 4316 2600 4356 sua
2633 4301 2920 4356 retinuerit
2948 4308 3155 4366 mente,
3198 4301 3424 4370 ideoque
3448 4299 3709 4370 prasenti
3737 4298 3876 4363 loco,

2283 4391 2530 4448 Ecclesia
2567 4391 2727 4462 plena
2777 4392 2970 4463 spiritu
3004 4391 3271 4458 veritatis,
3305 4391 3444 4447 sicut
3485 4405 3604 4461 Ipse
3647 4404 3881 4469 sponsus

594 4475 992 4541 haereticorum,
1025 4477 1080 4532 in
1106 4478 1252 4532 nulla
1283 4487 1431 4532 secta
1459 4477 1924 4550 philosophorum,
1949 4477 2006 4532 in
2037 4476 2182 4531 nulla
2286 4485 2536 4554 superius
2582 4483 2849 4550 ostendit,
2896 4483 3084 4539 dicens
3127 4498 3141 4537 :
3181 4501 3201 4535 ‹
3235 4483 3375 4539 Ecce
3427 4491 3486 4538 tu
3537 4481 3774 4552 pulchra
3801 4496 3878 4544 es,

597 4565 904 4623 adulatione
947 4568 1423 4624 schismaticorum
1442 4609 1456 4634 ,
1502 4569 1592 4624 ubi
1651 4571 1696 4625 si
1752 4568 2180 4640 transplantatus
2207 4556 2258 4616 D
2283 4577 2456 4632 amica
2481 4592 2620 4643 mea,
2651 4596 2670 4629 ι
2703 4576 2796 4632 ille
2815 4577 2909 4647 qui
2942 4577 3258 4648 inspeciem
3279 4575 3541 4632 columba
3563 4575 3621 4628 in
3642 4573 3882 4630 Iordane

597 4655 760 4713 fuerit
783 4659 998 4730 aliquis,
1029 4661 1286 4730 deceptus
1331 4661 1704 4731 perversitatis
1733 4677 1844 4718 sum
1881 4661 2050 4723 fama.
2082 4661 2180 4717 de-

595 4752 738 4821 perit
781 4753 1075 4809 arefactus.
1127 4752 1254 4808 Haec
1304 4752 1546 4824 profecto
1597 4755 1900 4828 intelligens
1939 4755 2183 4811 Ecclesia

597 4843 674 4896 ait
703 4858 719 4897 :
751 4862 770 4895 ι
803 4845 998 4899 Botrus
1034 4843 1217 4915 Cypri,
1253 4845 1480 4903 dilectus
1523 4861 1674 4903 meus
1718 4849 1872 4916 mihi,
1917 4849 1974 4903 in
2012 4848 2186 4904 vineis

598 4931 866 5005 Engaddi.
903 4955 923 4989 ι
954 4935 1213 5006 Sequitur
1242 4956 1254 4992 :

581 5073 588 5080 .
675 5042 695 5075 ι
731 5023 868 5080 Ecce
893 5033 950 5080 tu
973 5025 1196 5095 pulchra
1228 5043 1307 5094 es,
1329 5029 1502 5084 amica
1516 5043 1655 5095 mea,
1685 5044 1812 5086 ecce
1835 5038 1892 5084 tu
1921 5030 2180 5101 pulchra:

606 5133 626 5167 ι
660 5116 802 5171 oculi
835 5118 913 5172 tui
934 5118 1324 5175 columbarum.
1362 5141 1382 5174 ι
1413 5121 1542 5178 Post
1568 5137 1828 5194 genarum
1860 5130 1915 5177 et
1939 5123 2060 5179 colli
2093 5125 2186 5179 de-

604 5225 790 5266 coram
818 5227 1030 5281 sponsae
1069 5213 1243 5268 vicem
1291 5214 1568 5269 reddendo
1613 5213 1893 5270 oculorum
1941 5214 2185 5284 pulchri-

605 5305 734 5362 tudo
777 5304 1028 5360 laudatur
1057 5306 1113 5361 in
1155 5307 1438 5362 doctorum
1467 5305 1811 5378 simplicitate
1856 5322 2100 5374 suorum,
2132 5317 2190 5366 et

602 5398 878 5470 geminato
935 5397 1206 5466 praeconio
1264 5397 1548 5453 absconso.
1603 5397 1670 5452 Et
1724 5397 1892 5453 totius
1943 5399 2187 5470 corporis

607 5487 976 5559 pulchritudo,
1007 5498 1062 5544 et
1099 5489 1322 5555 lumina,
1371 5489 1739 5545 columbarum
1769 5489 1942 5548 oculis
1973 5506 2190 5561 compa-

609 5587 823 5634 rantur.
873 5579 941 5635 Et
979 5581 1056 5636 illi
1098 5589 1486 5652 comparantur
1531 5593 1825 5652 creatum,
1877 5601 1997 5656 qua
2039 5601 2192 5641 man-

583 5671 924 5739 .suetudine,
991 5673 1340 5743 fecunditate,
1400 5676 1648 5734 acumine
1696 5677 1860 5744 visus,
1907 5677 2194 5734 velocitate

607 5774 933 5831 pennarum,
977 5766 1230 5824 omnibus
1271 5767 1489 5844 aligeris
1526 5769 1893 5826 animantibus
1933 5778 2192 5844 praestan-

2230 4688 2240 4701 ·
2287 4670 2353 4725 de
2399 4668 2537 4724 coelo
2584 4684 2747 4740 super
2775 4679 3114 4740 assumptum
3149 4668 3425 4724 hominem
3469 4665 3781 4730 descendit,
3828 4671 3883 4719 et

2285 4762 2747 4832 pulchritudinem
2783 4763 3028 4835 corporis
3054 4761 3172 4830 ejus
3199 4763 3319 4817 sine
3345 4770 3597 4832 peccato,
3641 4771 3700 4814 et
3725 4762 3884 4816 deco-

2288 4869 2404 4909 rem
2426 4868 2571 4908 verae
2603 4853 2798 4909 animte
2839 4853 2959 4909 sine
3004 4853 3286 4908 mendacio
3309 4859 3366 4908 et
3391 4851 3516 4907 dolo
3550 4865 3881 4922 agnoscens,

2290 4944 2570 5015 reciproca
2593 4944 2978 5016 geminataque
3008 4942 3165 5000 effert
3192 4943 3351 4998 laude
3377 4942 3607 4998 dicendo
3634 4961 3648 4996 :
3682 4961 3703 4994 ‹
3745 4943 3884 4997 Ecce

2289 5046 2350 5091 tu
2378 5036 2602 5107 pulcher
2629 5051 2710 5102 es,
2746 5036 2940 5092 dilecte
2967 5037 3064 5103 mi,
3093 5045 3149 5092 et
3169 5035 3400 5091 decorus
3425 5035 3659 5090 lectulus
3697 5043 3884 5088 noster

2291 5127 2512 5183 ﬂoridus
2536 5127 2750 5199 (Ephes.
2777 5127 2856 5200 v).
2895 5147 2914 5180 ι
2949 5127 3207 5195 Quamvis
3229 5126 3440 5182 scilicet
3462 5126 3664 5181 decora
3687 5121 3878 5187 facies,

2293 5221 2379 5276 vel
2401 5221 2638 5291 pretiosa
2669 5221 2838 5275 vestis
2866 5219 3164 5290 pretiosum
3193 5219 3446 5274 ostendat
3473 5229 3693 5287 sponsa:
3721 5227 3882 5284 spon-

2295 5327 2414 5367 sum
2459 5310 2648 5381 procul
2678 5310 2935 5382 positum,
2974 5318 3156 5366 tamen
3204 5325 3378 5382 usque
3417 5308 3486 5365 ad
3535 5307 3722 5364 lectuli
3752 5319 3880 5362 con-

2291 5403 2628 5474 iunctionem
2658 5413 2980 5462 ceterorum
3021 5405 3388 5460 membrorum
3436 5403 3690 5458 decorem
3735 5400 3883 5471 ἰαιν-

2294 5507 2398 5553 rat.
2437 5497 2545 5554 Sed
2576 5499 2670 5555 ubi
2715 5499 2986 5554 celebrata
3030 5496 3193 5552 fuerit
3219 5496 3410 5569 legalis
3447 5493 3788 5564 conjunctio,
3828 5495 3885 5546 et

2295 5592 2402 5646 duo
2427 5588 2605 5646 effecti
2652 5589 2855 5646 fuerint
2884 5606 3012 5647 caro
3056 5605 3164 5646 una
3215 5589 3520 5646 secundum
3559 5586 3879 5646 sententiam

2296 5684 2460 5755 primi
2491 5685 2746 5753 hominis,
2783 5687 2925 5756 quod
2965 5692 3365 5743 sacramentum
3389 5684 3656 5755 magister
3689 5678 3880 5737 Paulus

2300 5779 2354 5833 in
2383 5777 2600 5835 Christo
2629 5788 2686 5835 et
2722 5779 2775 5835 in
2826 5779 3067 5836 Ecclesia
3108 5779 3376 5850 perlatum
3428 5778 3703 5836 asseruit:
3731 5775 3802 5830 ita
3827 5777 3879 5826 et
