4078 6340
257 329 376 388 585

1411 313 1674 376 ENARR.
1719 319 1785 376 IN
1823 316 2120 376 CANTICA
2159 317 2434 374 CANTIC.

3439 323 3546 382 586

255 443 522 520 praedicta
569 439 746 514 amica
791 453 960 510 usque
1005 437 1076 494 ad
1121 437 1414 510 sepulturae
1467 437 1606 494 diem
1665 437 1852 492 dilexit
1877 442 1928 506 Α
1955 435 2200 490 membra
2230 442 2420 499 sanet,
2449 449 2662 490 vermes
2699 435 2940 490 ulcerum
2967 444 3154 504 necet,
3189 445 3242 492 et
3269 452 3300 494 a
3327 454 3544 496 musca-

255 533 488 608 quidem
527 530 886 588 desiderando
934 530 1054 601 ejus
1099 530 1412 594 adventum,
1441 529 1618 584 visum
1647 529 1856 584 oscula-

255 636 490 698 tumque
515 623 776 687 laudavit,
807 621 902 676 sed
940 629 1120 676 tamen
1153 621 1330 675 omnis
1367 635 1540 684 amor,
1573 621 1856 692 omnisque

255 717 480 790 Species
509 713 724 770 decoris
753 713 870 784 ejus
899 727 929 766 a
955 721 1194 782 tempore
1225 711 1641 766 resurrectionis
1683 727 1854 782 usque

257 809 336 866 ad
363 805 720 864 constitutum
753 803 1064 870 terminum,
1111 803 1180 857 ad
1219 801 1550 858 effusionem
1579 805 1854 874 sanguinis

251 913 364 972 pro
389 897 506 968 ejus
537 896 758 952 nomine
785 893 1095 964 pervenisse
1121 894 1402 964 probatur.
1445 893 1670 950 Lectum
1700 910 1854 950 nam-

255 1009 370 1064 que
391 985 666 1056 ﬂoi'idum,
705 989 758 1044 id
785 995 870 1044 est
917 1002 1166 1058 sparsum
1189 985 1434 1054 ﬂoribus,
1464 987 1556 1042 ubi
1589 985 1706 1056 ejus
1731 989 1852 1058 pul-

253 1081 662 1144 chritudinem,
719 1079 1080 1148 decoremque
1149 1077 1204 1132 in
1265 1077 1518 1134 omnibus
1597 1077 1855 1134 membris

251 1175 506 1246 agnovit,
533 1171 842 1244 sepulcrum
873 1171 1088 1228 Domini
1127 1187 1226 1242 per
1253 1169 1540 1244 aenigmata
1567 1171 1635 1226 ab
1666 1171 1854 1226 Eccle-

253 1265 346 1320 sia
371 1263 695 1334 intelligitur
718 1261 944 1328 dictum,
971 1263 1064 1318 ubi
1087 1261 1231 1332 quod
1261 1271 1632 1332 assumpserat
1655 1277 1853 1332 corpus

251 1353 500 1411 Verbum
527 1355 726 1420 Patris,
755 1355 1044 1411 recubasse
1072 1355 1354 1426 probatur.
1389 1355 1642 1410 Floridus
1669 1365 1850 1410 autem

251 1447 434 1504 lectus
451 1447 601 1518 justa
628 1447 838 1502 ratione
876 1447 1226 1518 praedicatur,
1253 1447 1310 1500 in
1337 1461 1444 1516 quo
1479 1455 1724 1502 aromata
1762 1447 1850 1504 vel

249 1538 382 1594 aloe
405 1553 524 1608 quae
561 1537 626 1592 de
655 1537 838 1592 multis
883 1537 1166 1608 speciebus
1197 1527 1488 1592 herbarum
1534 1533 1716 1594 succis
1763 1537 1852 1594 vel

253 1627 489 1683 ﬂoribus
537 1635 654 1682 arte
699 1627 1057 1698 pigmentaria
1103 1627 1426 1696 composita,
1469 1641 1592 1682 cum
1649 1625 1850 1682 Christi

253 1736 488 1792 corpore
509 1723 820 1778 intromissa
842 1731 986 1788 sunt,
1016 1721 1210 1792 quibus
1239 1737 1304 1778 eo
1333 1727 1646 1792 resurgente
1669 1721 1846 1794 sepul-

253 1829 416 1870 crum
445 1824 526 1870 est
549 1831 852 1886 aspersum.
884 1814 942 1870 In
987 1815 1142 1886 cujus
1185 1815 1430 1870 doctrina
1477 1813 1742 1882 Ecclesia,
1793 1815 1848 1870 id
1873 1827 1924 1888 Β

249 1911 344 1964 erit
366 1907 604 1964 ﬁdelium
633 1909 811 1976 turba,
859 1907 1166 1964 libertatem
1199 1909 1424 1975 invenit,
1457 1909 1510 1963 in
1554 1917 1732 1964 morte
1759 1909 1844 1964 vi-

251 2005 406 2070 tam,
453 1999 510 2055 in
551 1999 829 2070 sepultura
877 1999 1182 2064 silentium,
1245 1999 1300 2054 in
1351 1997 1502 2053 duris
1569 1999 1848 2056 laboribus

251 2091 524 2160 requiem,
579 2105 716 2162 quos
771 2089 1076 2146 daemonum
1129 2089 1314 2162 ﬂagris
1362 2097 1482 2144 acta
1535 2088 1850 2144 exsolvcbat

251 2181 532 2254 qu0tidie,
577 2179 666 2236 ubi
720 2196 884 2238 verus
937 2182 1100 2237 homo
1149 2196 1248 2252 per
1313 2179 1672 2236 inclusionem
1717 2196 1843 2236 cor-

251 2275 430 2344 poris,
459 2273 560 2330 sub
597 2273 886 2344 impiorum
933 2273 1216 2346 signaculo
1243 2283 1596 2328 conversatus
1647 2289 1847 2344 cogno-

253 2365 448 2432 scitur,
471 2375 526 2422 et
549 2380 712 2422 verus
741 2365 885 2422 Deus
921 2365 1206 2436 designato
1231 2363 1484 2434 sepulcro
1513 2363 1846 2436 resurgendo

253 2469 526 2528 egressus.
555 2455 656 2514 Ubi
701 2455 800 2512 sub
843 2455 1106 2512 vocabulo
1135 2457 1318 2512 lectuli
1365 2457 1486 2512 Filii
1525 2457 1622 2511 Dei
1667 2465 1721 2512 et
1747 2457 1848 2512 Ec-

253 2547 440 2604 clesiae
485 2545 796 2616 conjunctio
847 2545 1142 2614 celebrata,
1201 2547 1292 2602 ubi
1321 2563 1444 2602 cum
1491 2561 1557 2602 eo
1603 2547 1846 2604 Ecclesia

253 2639 632 2696 delectabilem
655 2655 904 2695 somnum
937 2639 1204 2711 passionis
1251 2647 1306 2696 et
1347 2641 1602 2710 gaudium
1629 2651 1846 2696 aiternaa

255 2731 585 2804 vigilationis
615 2733 814 2788 meruit
849 2731 1113 2798 invenire,
1145 2731 1412 2788 clamante
1462 2731 1723 2802 Apostolo
1775 2734 1846 2788 ad

255 2822 374 2893 ejus
401 2823 685 2880 membra:
721 2842 740 2876 ι
780 2821 840 2879 Si
869 2821 1070 2879 mortui
1117 2823 1248 2878 estis
1295 2837 1422 2878 cum
1453 2820 1692 2888 Christo,
1723 2837 1844 2892 quae

255 2931 473 2972 sursum
502 2923 626 2970 sunt
675 2915 920 2986 quaerite,
949 2915 1042 2970 ubi
1089 2913 1339 2970 Christus
1391 2921 1476 2970 est
1521 2915 1576 2970 in
1621 2915 1843 2970 dextera

255 3005 358 3062 Dei
387 3007 568 3064 Patris
599 3005 796 3080 (Color.
829 3005 934 3078 Ill).
974 3025 992 3060 ι
1023 3005 1106 3064 Ad
1129 3005 1285 3077 cujus
1307 3005 1762 3062 resurrectionem
1788 3015 1844 3064 et

255 3107 468 3154 mentes
496 3099 776 3154 hominum
809 3099 878 3156 ad
907 3099 1261 3154 habitandum
1287 3097 1514 3170 Spiritui
1551 3107 1764 3164 sancto,
1787 3107 1842 3154 et

1963 541 2080 580 rum
2111 525 2310 580 aculeis
2337 535 2596 595 peruneta
2627 541 2856 598 corpora
2883 525 3156 584 defendat.
3185 529 3351 600 Cujus
3387 531 3546 590 arbo-

1961 621 2037 676 ris
2063 621 2210 692 ligno
2239 635 2362 674 cum
2395 635 2534 690 aqua
2559 621 2678 676 viva
2701 627 2755 675 et
2785 621 3044 676 fasciculo
3085 623 3336 692 hyssopi,
3379 641 3546 682 cocco

1961 709 2176 780 alligato
2225 710 2278 764 in
2311 727 2438 766 vase
2487 709 2670 774 fictili,
2700 721 3048 780 peccatorum
3099 714 3414 770 emundatio
3448 731 3546 786 per

1959 799 2324 870 a5persionem
2357 801 2410 856 in
2441 801 2620 856 Veteri
2658 801 3004 858 Testamento
3031 804 3357 860 celebratur.
3391 807 3548 876 Quod

1957 905 2103 946 nunc
2131 891 2186 944 in
2215 893 2441 948 veritate
2471 907 2568 962 per
2595 893 2969 960 sacerdotem,
2997 910 3096 966 per
3123 897 3449 968 baptismum
3492 909 3550 958 et

1955 995 2058 1050 per
2085 981 2398 1052 sanguinem
2426 981 2648 1050 Christi,
2683 985 2776 1054 qui
2803 985 2962 1040 unius
3001 985 3126 1042 ﬁdei
3171 989 3548 1048 multitudines

1955 1086 2054 1142 per
2077 1069 2276 1128 fascem
2295 1073 2688 1144 circumplexus
2711 1093 2740 1132 a
2765 1077 2964 1132 diaboli
2989 1077 3332 1138 infestationc
3355 1083 3546 1140 defen-

1959 1163 2116 1228 deus,
2151 1171 2352 1218 acterna
2379 1174 2434 1220 et
2459 1165 2512 1220 in
2547 1169 2826 1236 temporali
2855 1179 3200 1240 peccatorum
3225 1175 3546 1232 remissione

1958 1253 2222 1308 celebrari
2249 1257 2490 1310 docetur.
2516 1257 2717 1312 Domus
2739 1259 2988 1316 videlicet
3011 1261 3130 1317 Filii
3157 1265 3256 1318 Dei
3279 1275 3333 1320 et
3357 1267 3548 1324 Eccle-

1957 1343 2084 1410 siai,
2133 1347 2508 1410 conventicula
2557 1349 2740 1420 populi
2793 1349 3107 1418 Christiani,
3151 1355 3242 1410 ubi
3287 1357 3546 1426 praedicta

1933 1433 2254 1510 redemptio
2279 1437 2580 1494 animarum
2609 1439 2939 1510 celebratur,
2967 1443 3022 1498 in
3057 1453 3169 1500 toto
3205 1447 3406 1504 mundo
3425 1465 3548 1506 esse

1955 1533 2274 1580 noscuntur.
2306 1527 2436 1596 Qua:
2467 1529 2660 1585 domus
2687 1533 2752 1586 de
2781 1533 3119 1602 doctoribus,
3161 1537 3272 1592 imo
3305 1554 3336 1592 a
3363 1539 3549 1596 docto-

1954 1617 2133 1686 ribus,
2165 1635 2358 1676 eorum
2405 1622 2612 1678 scilicet
2657 1625 2916 1680 doctrinae
2959 1627 3306 1686 ferramentis
3353 1631 3549 1688 dolatis

1953 1709 2214 1768 fabricari
2239 1715 2564 1784 probantur,
2599 1719 2652 1770 in
2704 1733 2936 1788 quorum
2971 1721 3244 1778 mentibus
3287 1723 3546 1780 Dominus

1949 1801 2258 1866 inhabitare
2301 1805 2570 1876 dignatur.
2601 1807 2719 1876 Ipsa
2748 1809 2972 1862 ccdrina
3005 1809 3148 1882 ligna
3191 1812 3544 1883 imputribilia

1947 1892 2334 1962 praedictarum
2353 1895 2637 1952 domorum
2661 1897 3056 1970 intelliguntur,
3074 1917 3194 1972 quae
3215 1919 3314 1958 nec
3339 1906 3546 1962 stultis-

1949 1981 2104 2036 simis
2129 1983 2492 2054 nequitiarum
2521 1986 2908 2056 cogitationum
2935 1991 3370 2060 suggestionibus
3395 2011 3424 2048 a
3449 2011 3546 2050 suo

1949 2074 2256 2130 sanctitatis
2301 2077 2496 2132 robore
2541 2077 2872 2148 depereunt,
2913 2089 2968 2136 et
3015 2096 3230 2154 semper
3275 2093 3546 2144 transacta

1951 2165 2356 2232 obliviscentes,
2387 2169 2456 2222 ad
2485 2185 2550 2222 ea
2578 2185 2700 2240 quas
2729 2173 3002 2228 anteriora
3031 2185 3158 2230 sunt
3197 2177 3340 2232 bona
3380 2195 3544 2250 opera

1951 2257 2070 2312 sine
2101 2259 2506 2318 intermissione
2539 2263 2688 2320 velut
2714 2265 2861 2321 cedri
2905 2269 3144 2338 quotidie
3178 2281 3462 2340 crescunt,
3491 2275 3546 2330 id

1949 2359 2034 2406 est
2059 2351 2484 2424 multiplicantur
2511 2367 2820 2414 sanctorum
2841 2359 3112 2420 fructibus
3135 2365 3188 2420 in
3219 2366 3546 2436 adjutorium

1950 2451 2262 2498 sanctarum
2285 2445 2452 2502 lucris
2477 2449 2780 2506 animarum
2805 2493 2820 2516 ,
2851 2470 3082 2524 quorum
3113 2471 3308 2514 succus
3339 2475 3547 2516 sermo-

1949 2533 2035 2589 nis
2056 2535 2140 2590 vel
2163 2537 2550 2596 consolationis
2571 2541 2638 2596 ab
2661 2543 2864 2600 aculeis
2891 2545 3194 2604 daemonum
3223 2549 3436 2608 animas
3455 2553 3550 2610 dem

1948 2624 2156 2694 fendit,
2195 2639 2252 2684 et
2293 2631 2526 2688 inﬂictas
2547 2633 2662 2702 jam
2691 2635 2820 2690 olim
2860 2639 3202 2697 sordidorum
3241 2643 3546 2702 facinorum

1913 2716 2376 2778 consuetudines
2407 2725 2696 2782 vulnerum
2749 2737 2940 2798 sanat,
2987 2739 3044 2786 et
3085 2735 3546 2802 nequissimarum

1949 2811 2338 2883 cogitationum
2369 2831 2584 2873 vermes
2615 2817 2899 2874 interimit.
2945 2821 3004 2876 In
3033 2824 3232 2894 quibus
3277 2827 3452 2896 digne.
3477 2829 3548 2884 ad

1948 2899 2360 2962 delectationem
2381 2907 2762 2978 habitantium,
2793 2911 2986 2968 domus
3011 2924 3156 2972 recte
3177 2915 3426 2972 lidelibus
3453 2933 3546 2992 cy-

1945 2997 2196 3068 pressina
2231 2997 2510 3071 laquearia
2543 3001 2702 3058 aﬂixa
2743 3003 3068 3074 dependunt.
3097 3007 3350 3078 Cypressi
3394 3026 3547 3066 nam--

1946 3103 2053 3157 que
2075 3087 2278 3160 lignum
2300 3107 2460 3146 manu
2483 3093 2710 3149 artificis
2731 3097 3078 3152 runcinatum
3119 3099 3378 3156 decorum
3405 3117 3545 3172 prae-

257 3199 404 3246 tecta
443 3191 922 3264 congregatim“!!!
951 3191 1288 3248 credentium
1339 3191 1581 3262 quotidie
1628 3207 1839 3263 ωερε-
1867 3189 1915 3252 C
1946 3186 2054 3233 stat
2082 3189 2380 3248 aspectum,
2407 3193 2462 3236 et
2485 3183 2705 3238 odorem
2725 3183 3178 3252 jucundissimum
3201 3191 3383 3246 reddit
3401 3191 3450 3246 ei
3477 3193 3548 3246 ad

255 3289 474 3348 rantur,
507 3282 672 3338 etiam
701 3282 993 3338 visibiliter
1019 3297 1180 3354 quam
1209 3281 1630 3337 innumerabiles
1651 3283 1842 3338 domus

255 3371 360 3428 Dei
391 3379 448 3428 et
487 3371 742 3428 Ecclesiae
774 3373 892 3428 sine
919 3373 1220 3428 cessatione
1263 3371 1412 3428 omni
1452 3381 1692 3442 tempore
1727 3387 1844 3428 am-

251 3463 524 3538 pliantur,
547 3471 604 3520 et
625 3463 692 3520 de
712 3465 908 3536 quibus
931 3473 1026 3518 aut
1049 3479 1080 3518 a
1109 3463 1361 3534 qualibus
1397 3463 1641 3518 materiis
1679 3461 1846 3518 fabri-

254 3565 476 3622 centur,
513 3564 608 3611 aut
635 3563 800 3628 quam
823 3554 1094 3612 durabilia
1126 3555 1236 3611 sint
1279 3553 1363 3610 vel
1410 3553 1631 3622 decora,
1665 3555 1847 3610 docuit

253 3647 488 3704 dicendo

339 3758 356 3792 ι
392 3739 884 3813 Tigna‘domorum
927 3745 1238 3796 nostrarum
1282 3741 1522 3806 cedrina,
1567 3737 1846 3809 laquearia

259 3849 282 3884 ι
311 3831 646 3904 cypressina.
671 3849 689 3884 ι
710 3829 818 3888 Sed
841 3829 1124 3886 sciendum
1149 3839 1234 3886 est
1263 3829 1390 3901 quia
1411 3829 1628 3900 quidam
1655 3829 1846 3884 docto-

251 3940 378 3980 rum
407 3921 594 3978 lectum
615 3921 866 3992 ﬂoridum
895 3937 1081 3994 pacem
1107 3923 1410 3995 intelligunt
1433 3931 1634 3978 sanctm
1661 3923 1846 3978 Eccle-

251 4015 354 4070 sia:
401 4015 456 4070 in
497 4029 624 4084 qua,
655 4029 844 4070 secura
877 4029 907 4068 a
935 4013 1166 4070 tumultu
1195 4013 1448 4070 vitiorum
1483 4021 1538 4068 et
1570 4014 1848 4070 dominatu

251 4107 616 4176 malignorum
641 4105 954 4176 spirituum,
981 4105 1034 4160 in
1063 4105 1278 4162 Christo
1311 4105 1560 4176 quiescit,
1594 4115 1650 4158 et
1673 4105 1848 4160 virtu-

251 4199 402 4253 tibus
423 4197 626 4253 sanctis
645 4195 903 4262 ﬂorescit,
921 4203 976 4252 et
995 4197 1266 4268 spirituali
1279 4195 1413 4252 ﬂore
1433 4195 1842 4266 multiplicatur.

201 4357 204 4362 _
251 4289 364 4345 Sed
396 4305 516 4356 nos,
551 4297 612 4344 ut
639 4289 924 4360 coepimus,
959 4289 1294 4360 superiorem
1329 4303 1552 4345 sensum
1579 4303 1846 4358 exsequa-

249 4397 400 4435 mur.
434 4379 754 4452 Sepulcrum
789 4381 1003 4436 Domini
1041 4379 1299 4436 lectulum
1340 4379 1721 4452 intelligimus,
1756 4379 1848 4435 ubi

251 4487 388 4528 caro
417 4471 587 4542 ipsius
607 4487 704 4542 per
729 4487 977 4543 soporem
999 4473 1192 4528 mortis
1214 4472 1361 4528 velut
1383 4471 1437 4526 in
1465 4473 1662 4528 lectulo
1689 4473 1847 4544 quie-

251 4565 356 4630 vit,
390 4565 534 4635 quod
561 4579 690 4620 vere
709 4563 890 4620 ﬂoruit
917 4581 1014 4636 per
1041 4565 1267 4636 gloriam
1293 4553 1730 4620 resurrectiOnis.
1756 4567 1848 4620 Ait

255 4655 408 4710 enim
451 4655 666 4711 divinus
697 4671 917 4712 sermo:
954 4675 972 4708 ι
1003 4655 1174 4728 Tigna
1211 4657 1496 4712 domorum
1537 4667 1846 4714 nostrarum

255 4745 502 4810 cedrina,
535 4743 814 4815 laquearia
843 4753 1030 4800 nostra
1065 4747 1402 4817 cypressina.
1435 4765 1454 4800 ›
1483 4747 1652 4820 Tigna
1685 4757 1740 4804 et
1769 4749 1848 4804 la-

253 4835 483 4904 quearia
509 4835 758 4892 doctores
783 4845 911 4891 sunt
939 4835 1082 4891 forte
1105 4845 1162 4892 et
1189 4837 1486 4904 auditores,
1517 4837 1634 4894 sive
1681 4841 1846 4895 corda

253 4927 557 4984 electorum
585 4935 804 5000 propter
833 4927 1106 4984 munimen
1137 4935 1193 4984 et
1241 4929 1514 4998 decorem,
1545 4931 1766 4986 cedrina
1791 4939 1848 4988 et

255 5019 576 5090 cypressina
598 5058 614 5086 ,
649 5035 872 5092 prop;er
909 5023 1137 5078 eximias
1167 5021 1396 5078 virtutes
1433 5023 1652 5080 odorem
1693 5024 1847 5080 bona:

255 5107 388 5162 vitae
411 5121 462 5162 et
485 5107 950 5180 incorruptionum
977 5111 1126 5179 dicit,
1175 5113 1232 5168 in
1257 5115 1454 5184 quibus
1475 5113 1724 5172 Christus
1756 5131 1846 5172 re-

257 5199 496 5270 quiescit
533 5201 677 5256 velut
703 5203 802 5258 sub
851 5213 1020 5260 tecto."
1043 5205 1110 5259 Et
1149 5213 1209 5260 ut
1255 5205 1594 5263 manifestius
1629 5217 1844 5280 pateat,

257 5291 508 5348 dicamus
527 5293 628 5350 sub
643 5295 892 5366 exemplo
917 5313 932 5350 :
963 5297 1162 5353 Natura
1187 5297 1470 5355 cedrorum
1495 5315 1710 5372 semper
1730 5319 1848 5358 cre-

255 5399 416 5442 scere
441 5387 634 5455 fertur,
657 5403 759 5444 nec
785 5389 1076 5462 aliquando
1099 5393 1296 5448 sinitur
1323 5393 1404 5449 ire
1452 5393 1505 5449 in
1531 5405 1836 5464 senectam,

253 5483 558 5536 secundum
603 5483 734 5538 illud
777 5483 1224 5558 Psalmographi:
1281 5507 1300 5540 ι
1335 5485 1519 5546 Justus
1563 5497 1622 5544 ut
1659 5491 1840 5562 palma

249 5571 496 5638 ﬂorebit,
523 5579 578 5628 et
599 5575 738 5630 sicut
767 5577 962 5632 cedrus
979 5577 1170 5634 Libani
1197 5579 1644 5652 multiplicabitur
1659 5581 1838 5655 (Psal.

253 5667 394 5738 xei).
431 5687 450 5718 ι
483 5667 720 5735 Quarum
733 5671 988 5726 arborum
1009 5687 1222 5742 succus,
1244 5675 1400 5746 juxta
1421 5677 1704 5748 Opiniones
1727 5693 1840 5733 me-

255 5759 540 5827 dicorum,
587 5769 748 5818 tantae
785 5765 1002 5822 virtutis
1033 5775 1148 5836 est,
1193 5775 1252 5822 ut
1293 5768 1504 5826 diversa
1550 5787 1838 5842 corporum

505 5855 804 5920 Parant...
825 5859 1017 5926 CXV.

1949 3269 2148 3324 multas
2175 3271 2458 3340 passiones
2483 3273 2752 3344 corporis,
2784 3275 3068 3332 medicinae
3093 3277 3348 3334 virtutem
3389 3281 3445 3335 in
3486 3295 3545 3336 se

1948 3361 2230 3416 continere
2277 3361 2560 3432 probatur.
2615 3365 2746 3432 Quae
2799 3367 3130 3436 castitatem,
3191 3371 3544 3441 pudicitiam,

1947 3449 2332 3518 obedientiam,
2391 3452 2773 3520 humilitatem,
2805 3457 3128 3513 charitatem
3160 3468 3214 3514 et
3239 3461 3546 3517 misericor-

1949 3541 2114 3608 diam,
2155 3545 2594 3599 conversantium
2643 3547 2949 3603 auditorum
2981 3547 3246 3618 formam,
3283 3567 3547 3608 veneran-

1947 3635 2084 3691 tium
2113 3639 2454 3693 sacerdotum
2499 3641 2765 3696 honorem
2806 3643 3111 3712 exprimere
3147 3645 3542 3718 intelliguntur,

1947 3729 2043 3799 qui
2071 3731 2140 3785 ad
2161 3731 2381 3786 verbum
2397 3733 2680 3800 doctorum
2703 3735 3076 3791 indesinenter
3097 3735 3424 3808 dependent,
3451 3743 3544 3812 qui

1950 3819 2006 3874 in
2037 3822 2256 3900 modum
2293 3837 2524 3878 camerae
2563 3825 2630 3880 de
2656 3823 2821 3894 justis
2859 3825 3140 3884 laboribus
3183 3829 3408 3886 solando
3439 3833 3536 3887 do-

1951 3899 2164 3967 ctorum
2188 3899 2472 3982 praesentis
2501 3918 2790 3988 temporis,
2822 3919 3083 3990 praedicta
3109 3920 3386 3992 laquearia
3413 3939 3544 3980 con-

1949 4013 2097 4058 serta
2129 4005 2294 4078 tignis
2323 4005 2606 4063 domorum
2637 4019 2907 4066 exornant
2941 4023 2996 4068 et
3042 4023 3336 4088 contegunt
3376 4019 3538 4074 nudi—

1951 4103 2138 4150 tatem.
2167 4097 2458 4154 Doctorum
2483 4100 2630 4156 enim
2651 4101 2822 4174 gloria
2863 4103 3016 4174 plebs
3055 4117 3172 4172 est,
3203 4109 3454 4164 similiter
3487 4122 3546 4168 et

1947 4187 2122 4258 plebis
2156 4197 2240 4244 est
2274 4189 2444 4262 gloria
2471 4191 2734 4248 stabilitio
2770 4191 2926 4248 ﬁrma
2958 4197 3282 4252 doctorum:
3311 4215 3432 4254 cum
3465 4201 3542 4257 illi

1951 4281 2260 4352 spiritualia
2285 4283 2423 4338 dona
2455 4283 2618 4356 plebi,
2645 4295 2700 4342 et
2725 4287 2880 4358 plebs
2901 4289 3138 4344 carnalia
3173 4307 3402 4348 munera
3439 4293 3544 4352 illis

1951 4371 2231 4444 impertit,
2278 4373 2526 4446 gloriosa:
2571 4375 3023 4440 domus,Christo
3073 4391 3338 4450 parantur
3379 4383 3542 4440 ﬂores

1951 4465 2230 4535 sapientia:
2279 4465 2554 4533 caelestis,
2612 4477 2666 4522 et
2719 4469 2834 4522 lilia
2895 4469 3192 4542 integritati
3238 4489 3338 4544 per
3387 4491 3542 4532 suam

1874 4537 1924 4598 Ῐ)
1951 4557 2324 4624 paenitentiam
2360 4559 2428 4612 ad
2463 4575 2712 4630 magnam
2743 4537 3142 4630 jucundilatem
3167 4537 3389 4622 honoris
3425 4569 3542 4638 ipse

1951 4645 2210 4702 Dominus
2243 4649 2628 4718 praedictarum
2663 4651 2950 4706 domorum
2977 4653 3262 4726 impendit.
3293 4657 3442 4715 Unde
3463 4675 3544 4716 se-

1949 4735 2136 4806 quitur
2153 4755 2165 4792 :

2583 4833 2811 4892 CAPUT
2857 4835 2920 4890 ll.

2023 4963 2042 4996 ι
2079 4943 2192 5014 Ego
2230 4943 2330 5000 ﬂos
2375 4948 2572 5019 campi,
2626 4957 2680 5004 et
2709 4949 2882 5006 lilium
2928 4954 3271 5010 convallium.
3313 4974 3333 5007 ι
3361 4955 3442 5012 Ac
3491 4961 3536 5012 sl

1951 5045 2136 5110 aperte
2163 5037 2406 5094 dicatur:
2431 5039 2545 5112 Ego
2563 5041 2728 5099 decus
2753 5045 2934 5100 mundi
2956 5055 3010 5102 et
3035 5045 3204 5116 gloria
3229 5047 3531 5104 humilium.
3575 5061 3580 5066 '

1951 5127 2270 5200 Quanquam
2303 5141 2358 5188 et
2387 5131 2632 5190 infernus
2667 5151 2736 5191 ex
2765 5135 3038 5208 superﬂuo
3081 5139 3252 5206 possit
3281 5138 3532 5212 intelligi,

1950 5229 2006 5278 et
2035 5223 2124 5278 ubi
2149 5221 2396 5280 Christus
2417 5227 2484 5282 ad
2513 5227 2824 5298 eripiendos
2847 5231 3190 5300 patriarchas
3211 5231 3542 5290 descendere

1951 5315 2200 5386 dignatus
2229 5327 2335 5384 est,
2365 5319 2504 5374 sicut
2553 5321 2772 5392 quidam
2804 5321 3134 5396 intelligunt.
3159 5323 3266 5380 Sed
3301 5339 3422 5396 nos,
3457 5327 3541 5384 his

1947 5407 2240 5478 pra-libatis
2269 5425 2338 5464 ne
2365 5413 2722 5480 quorumdam
2753 5429 2972 5470 sensum
3021 5413 3300 5486 ignorasse
3341 5433 3540 5474 causa-

1947 5513 2154 5564 rentur,
2183 5500 2426 5558 dicamus
2455 5497 2676 5560 uberius
2699 5504 2841 5560 beati
2875 5503 3150 5560 Ambrosii
3173 5507 3316 5562 dicta
3329 5523 3522 5578 ponen-

1949 5599 2048 5647 tes.
2075 5591 2212 5648 Ante
2259 5609 2434 5662 suam,
2471 5595 2666 5666 inquit,
2709 5595 3162 5664 incarnationem,
3195 5595 3448 5654 Salvator
3483 5601 3536 5656 in

1945 5683 2122 5756 angeli
2171 5701 2402 5756 persona
2430 5689 2784 5760 partriarchis
2825 5699 2878 5744 ct
2921 5691 3204 5762 prophetis
3231 5691 3496 5764 loquendo
3521 5732 3536 5754 ,

1945 5775 2092 5834 solus
2139 5779 2228 5834 cui
2263 5779 2442 5838 nullus
2483 5779 2674 5837 similis
2719 5779 2858 5838 inter
2886 5783 3128 5854 angelos,
3157 5785 3398 5854 thronos,
3440 5785 3538 5840 dou

2943 5877 3018 5942 19
