4078 6340
201 323 352 404 389.

1325 323 1330 328 ’
1367 321 1624 388 ΕΝᾹΒΒ.
1666 329 1734 385 ΙΝ
1772 321 2064 386 CANTICA
2091 325 2370 390 'C'ANTIC.
2405 327 2438 336 ”
2471 329 2476 340 ’

3395 329 3502 386 590

211 475 236 509 ο
277 456 488 512 Beatus
505 452 608 517 vir,
640 436 762 506 'e‘tc.’
787 447 959 521 (Psal.
991 445 1210 518 nam).
1239 464 1260 496 ι
1297 439 1365 500 Et
1389 445 1559 499 illud:
1595 441 1818 509 «Quam
1845 447 1894 506 Α
1921 444 2154 510 venisse,
2185 445 2382 500 iterum
2424 441 2781 506 adventorum
2823 445 2882 501 in
2929 445 3176 518 gloriam.
3226 445 3508 503 Ponamns

203 551 406 607 dulcia
458 545 704 602 faucibus
738 544 871 599 meis
913 541 1131 612 eloquia
1175 541 1307 594 tua!
1351 539 1594 600 Domine,
1653 547 1816 605 super

203 641 332 696 mel
366 639 447 694 ori
480 652 602 692 meo
634 632 808 706 (Psal.
831 635 1048 701 cxvm).
1088 651 1105 682 ι
1133 631 1219 684 ‘De
1248 630 1408 699 hujus
1445 626 1660 683 arboris
1696 625 1816 680 fru-

207 741 344 798 ctu,
374 731 527 804 quasi
555 726 839 796 languidus
873 726 928 779 in
951 724 1141 778 ultima
1165 719 1554 790 deSperationis
1581 718 1812 772 inﬁrmi-

207 833 361 889 tate,
395 821 522 876 mali
549 817 762 891 granati
787 831 949 872 succo
971 815 1025 869 in
1057 815 1291 869 adventu
1315 810 1434 880 ejus
1455 819 1700 866 recreata
1729 818 1820 863 est

207 915 566 972 credentium
613 909 792 974 turba,
819 907 910 978 qui
941 906 1152 962 fructus
1181 904 1424 974 quotidie
1459 917 1558 973 per
1583 915 1678 956 eos
1719 901 1818 970 qui

208 1007 428 1065 Christi
455 1007 601 1060 vices
625 1009 810 1073 agunt,
838 1003 892 1055 in
921 1009 1111 1072 guttur
1137 998 1395 1053 Ecclesia
1426 996 1631 1051 infundi
1655 1010 1816 1048 mon-

210 1110 456 1165 stratur,
488 1107 544 1153 et
591 1097 670 1152 sic
705 1107 803 1166 per
830 1094 1074 1164 singulos
1117 1092 1319 1163 gradus
1346 1090 1686 1160 proiectuum
1733 1088 1818 1142 iri-

213 1193 534 1248 troducitnr
563 1190 629 1244 ad
660 1203 915 1244 arcanam
959 1184 1372 1256 intelligent-iam
1410 1181 1547 1253 legis
1593 1180 1812 1244 divinae,

211 1293 280 1337 ut
312 1295 611 1353 agnoscere
635 1279 807 1351 possit
831 1277 1010 1333 omnia
1043 1276 1130 1330 illa
1168 1289 1290 1344 quae
1331 1275 1384 1328 in
1417 1273 1600 1328 Veteri
1629 1272 1816 1326 Testa-

211 1381 412 1429 mento
453 1381 580 1427 sunt
624 1379 798 1442 gesta.
830 1368 923 1422 Ait
965 1368 1114 1422 enim
1147 1385 1160 1420 :
1198 1383 1216 1416 η
1257 1364 1411 1419 Sicut
1442 1363 1644 1417 malum
1673 1363 1814 1416 inter

212 1464 372 1536 ligna
395 1465 672 1526 silvarum,
708 1463 786 1516 sic
811 1461 1040 1516 dilectus
1064 1467 1216 1513 meus
1251 1459 1394 1512 inter
1421 1456 1578 1512 ﬁlios.
1605 1475 1622 1508 ι
1658 1457 1736 1510 Ac
1767 1455 1814 1512 si

210 1558 442 1613 dicatur
467 1575 484 1610 :
505 1555 667 1611 Sicut
695 1551 894 1608 malum
915 1555 1058 1616 visu,
1093 1543 1259 1608 edere
1293 1559 1351 1606 et
1391 1560 1550 1622 gustu
1590 1557 1811 1604 antece-

209 1649 299 1704 dit
355 1647 536 1703 omnia
581 1647 728 1717 ligna
775 1644 1078 1707 silvestria,
1127 1644 1202 1696 ita
1245 1643 1496 1697 Christus
1543 1641 1813 1713 antecedit

210 1753 414 1794 omnes
435 1746 653 1794 sanctos
680 1737 772 1807 qui
818 1736 916 1791 lilii
956 1735 1052 1790 Dei
1087 1743 1368 1791 vocantur.
1407 1734 1483 1788 De
1511 1733 1708 1803 quibus
1738 1732 1815 1788 di-

211 1831 369 1886 citur
393 1847 406 1882 :
426 1850 445 1880 ί
467 1829 620 1884 Tunc
643 1829 995 1884 exsultabunt
1017 1827 1202 1886 omnia
1227 1825 1368 1898 ligna
1391 1825 1653 1881 silvarum
1683 1833 1811 1881 ante

211 1919 418 1974 faciem
450 1919 662 1975 Domini
715 1920 971 1989 quoniam
1005 1919 1154 1972 venit
1197 1915 1374 1990 (Paul.
1406 1917 1550 1986 xcv).
1599 1935 1618 1969 ι
1658 1915 1811 1971 Unde

211 2011 315 2067 ﬁlii
357 2027 465 2066 non
515 2013 722 2066 malitia
772 2018 1059 2076 vocantur,
1089 2011 1232 2066 sicut
1284 2010 1428 2075 tiliae,
1470 2023 1592 2080 qua
1639 2009 1812 2080 spinis

211 2112 628 2172 comparantur.
679 2101 774 2156 Est
821 2103 1018 2172 quippe
1070 2115 1263 2172 magna
1305 2101 1600 2158 exsultatio
1651 2102 1812 2173 lignis

213 2195 500 2258 silvarum,
531 2195 656 2249 dum
692 2195 1033 2265 conspiciunt
1054 2195 1108 2248 in
1129 2195 1314 2250 medio
1348 2196 1431 2250 sui
1464 2193 1624 2249 talem
1651 2194 1811 2248 arbo<

212 2291 337 2342 rem
374 2287 698 2349 surrexisse,
739 2286 896 2355 cujus
937 2286 1151 2342 fructus
1195 2295 1365 2342 totam
1416 2287 1694 2342 decoravit
1722 2286 1811 2340 siis

211 2393 363 2442 vam,
387 2393 580 2434 omnes
603 2379 824 2434 abstulit
844 2380 1147 2433 animarum
1177 2379 1482 2449 languores,
1511 2391 1808 2447 omnesque

214 2468 583 2524 indulcoravit
616 2457 824 2526 fructus
865 2471 1262 2526 amaritudinis.
1297 2471 1410 2525 Sub
1436 2469 1592 2540 cujus
1617 2472 1806 2525 umbra

213 2562 366 2616 omni
418 2570 551 2616 aestu
586 2561 843 2626 tristitiae,
873 2563 1129 2631 omnique
1175 2561 1416 2632 pondere
1461 2563 1671 2631 peccati
1711 2563 1808 2615 ah-

213 2651 379 2723 iecto,
414 2654 658 2710 Ecclesia
700 2655 869 2710 multo
897 2663 1140 2725 ternpore
1167 2655 1532 2710 desideratam
1563 2655 1807 2723 requiem

213 2750 512 2811 inventam,
544 2753 601 2801 et
629 2746 942 2801 dulcissimo
981 2745 1164 2800 fructu
1211 2747 1459 2814 saginata
1491 2745 1808 2800 adolescen-

215 2837 360 2892 tibus
385 2838 673 2893 animabus
717 2839 908 2908 adepta
935 2838 1131 2908 gaudia
1164 2845 1372 2891 narrat.
1412 2856 1429 2887 ι
1465 2834 1580 2892 Sub
1612 2837 1804 2891 umbra

214 2943 380 3000 quam
423 2930 836 2994 desiderabam,
880 2929 1088 2998 inquit,
1133 2928 1288 2993 sedi,
1341 2937 1397 2982 et
1441 2928 1652 2982 fructus
1689 2927 1806 2996 ejus

214 3022 390 3076 dulcis
436 3020 640 3089 gutturi
677 3033 818 3074 meo.
855 3037 875 3069 ι
909 3020 988 3073 Ac
1031 3020 1080 3073 si
1131 3019 1277 3073 dicat
1314 3037 1336 3071 ς
1369 3019 1571 3073 Eodem
1619 3029 1805 3088 prote-

214 3120 376 3184 gente
421 3124 583 3181 quem
637 3124 851 3179 semper
887 3110 1076 3163 adesse
1123 3109 1347 3178 quaesivi
1391 3110 1573 3179 quieta
1618 3125 1684 3164 ac
1720 3125 1804 3164 se-

1917 535 2080 606 igitur
2105 537 2280 607 legem
2324 537 2650 592 latissimum
2688 553 2809 594 esse
2834 539 3095 608 palatium
3120 579 3138 604 ,
3181 539 3236 594 in
3265 554 3371 609 quo
3403 555 3506 597 rex

1873 625 1876 630 ’
1916 625 2180 682 inhabitat
2211 627 2484 695 Christus,
2514 631 2694 683 sermo
2713 629 3102 699 oniuipotentis
3149 627 3328 684 Patris
3356 670 3371 695 ,
3407 631 3508 686 ubi

1917 718 1984 771 ad
2010 717 2268 774 teternam
2299 720 2546 775 militiam
2570 721 2988 777 introducantur
3013 724 3351 778 credentium
3379 725 3502 779 ani-

1917 819 2038 875 tute,
2069 813 2159 867 ubi
2189 811 2552 869 introductam
2596 827 2677 878 se,
2709 815 2763 868 in
2795 815 3041 870 eamdem
3066 815 3318 871 videlicet
3345 816 3506 871 intel-

1915 904 2192 974 ligentiam
2217 905 2348 977 legis
2387 903 2518 962 dicit
2547 907 2612 961 ad
2642 907 3038 966 consideranda
3085 908 3351 962 mirabilia
3379 924 3508 978 qua

1916 1009 2016 1065 per
2066 996 2304 1066 singulos
2357 998 2702 1066 patriarchas
2751 998 2852 1053 vel.
2883 999 3178 1070 prophetas
3215 1015 3386 1069 usque
3434 1000 3511 1056 ad.
3609 1065 3611 1070 η

1915 1094 2128 1156 partum
2179 1085 2415 1156 Virginis
2439 1088 2696 1158 operatus
2719 1099 2806 1144 est
2846 1089 3010 1155 Deus,
3041 1107 3204 1161 quam
3232 1107 3377 1146 nunc
3403 1105 3510 1162 per

1919 1175 2146 1247 ﬁguram
2181 1177 2372 1233 cellam
2411 1179 2675 1233 vinariam
2703 1181 3026 1246 nominavit,
3057 1183 3146 1236 ubi
3175 1183 3503 1249 introducta,

1916 1268 2154 1337 suscepit
2181 1269 2235 1322 in
2257 1284 2316 1323 se
2342 1269 2588 1324 ordinem
2616 1271 2916 1326 charitatis.
2950 1272 3006 1326 In
3031 1288 3138 1342 quo
3164 1273 3354 1328 ordine
3375 1274 3506 1328 cha-

1917 1359 2126 1424 ritatis,
2175 1361 2302 1430 quid
2343 1361 2490 1416 aliud
2534 1363 2863 1417 credendum
2906 1374 2991 1418 est
3032 1367 3264 1433 primum
3295 1365 3506 1431 imbui,

1916 1451 2106 1504 nisiut
2151 1452 2334 1506 Credat
2389 1461 2444 1507 et
2494 1464 2750 1524 agnoscat
2791 1455 3026 1526 primum
3071 1456 3266 1510 debere
3311 1471 3508 1525 panem

1914 1539 2204 1604 nominari,
2236 1540 2289 1594 in
2319 1557 2426 1609 quo
2457 1541 2622 1596 Filius
2645 1551 2880 1614 semper,
2899 1554 2969 1598 ‘ut
2993 1542 3226 1600 Verbum
3257 1545 3504 1611 invocet;

1915 1629 2213 1685 secundum
2239 1630 2435 1685 Filium
2465 1631 2520 1686 in
2541 1648 2649 1702 quo
2675 1648 2892 1704 semper
2915 1635 3096 1699 Pater,
3135 1637 3352 1690 tertium
3381 1637 3508 1705 Spi-

1917 1730 2032 1777 tum
2057 1731 2326 1788 sanctum,
2375 1723 2468 1792 qui
2500 1739 2626 1778 vera
2659 1725 2870 1780 ratione
2907 1727 2976 1782 de
3003 1739 3137 1781 voce
3163 1735 3218 1780 ct
3249 1726 3412 1780 verbo
3439 1726 3507 1781 de

1840 1807 1888 1874 Ι
1916 1817 2078 1873 Patre
2093 1825 2149 1871 et
2169 1817 2308 1872 Filio
2334 1819 2632 1888 procedere
2664 1819 3074 1888 comprobatur?
3096 1821 3186 1889 qui
3210 1821 3507 1890 peremnia

1916 1908 2061 1964 Deus
2083 1924 2222 1966 unus
2268 1910 2568 1980 diligendus
2603 1920 2722 1975 est,
2769 1913 3066 1966 secundum
3095 1913 3223 1967 illud
3253 1914 3308 1968 in
3349 1914 3505 1969 initio

1916 1989 2190 2072 Decalogi:
2213 2023 2229 2054 ι
2251 2002 2448 2071 Diliges
2459 2003 2746 2058 Dominum
2759 2005 2932 2060 Deum
2954 2013 3104 2059 tuum
3123 2006 3178 2060 in
3199 2015 3315 2061 toto
3338 2008 3508 2063 cordo

1915 2104 2027 2150 tuo.
2060 2116 2078 2148 ι
2139 2095 2421 2152 Secundus
2473 2098 2605 2152 ordo
2657 2106 2771 2163 est,
2829 2119 2846 2150 ι
2878 2098 2932 2152 in
2983 2107 3094 2154 tota
3125 2100 3304 2154 anima
3336 2108 3446 2154 tua.
3479 2121 3500 2153 ι

1915 2186 2133 2243 Tertius
2161 2190 2296 2244 ordo
2320 2198 2424 2254 est,
2461 2209 2479 2240 ι
2511 2190 2564 2244 in
2597 2199 2709 2244 tota
2737 2191 2939 2247 virtute
2972 2199 3058 2245 tua
3089 2192 3301 2261 (Exod.
3329 2194 3442 2265 xx).
3479 2214 3500 2248 ι

1912 2281 2119 2337 Deinde
2141 2281 2254 2352 jam
2285 2282 2338 2336 in
2367 2282 2592 2353 singulis
2611 2284 2897 2354 praeceptis
2923 2283 3190 2354 legalibus
3211 2286 3504 2353 quomodo,

1912 2373 1998 2428 vel
2026 2388 2136 2442 quo
2161 2372 2356 2428 atl‘ectn
2382 2373 2579 2429 debeat
2609 2375 2760 2444 diligi
2789 2375 3072 2443 proximus
3099 2417 3113 2440 ,
3164 2375 3248 2430 vel
3279 2377 3509 2448 singula

1909 2483 2154 2538 persuuze
2180 2469 2234 2522 in
2265 2468 2538 2533 Ecclesia,
2569 2469 2810 2523 charitas
2835 2469 3071 2523 ordinat.
3101 2469 3222 2524 Alio
3248 2470 3394 2526 enim
3418 2487 3509 2525 or-

1909 2560 2036 2615 dine
2064 2562 2343 2629 reciproca
2381 2561 2620 2616 charitas
2659 2563 2932 2629 pensanda
2965 2570 3047 2616 est
3095 2563 3239 2628 Deo,
3269 2563 3360 2632 qui
3406 2579 3510 2620 nos

1909 2653 2206 2707 secundum
2235 2653 2560 2722 apostolum,
2586 2651 2636 2723 (1
2668 2651 2830 2706 Joan.
2865 2654 2940 2721 tv}
2974 2653 3122 2721 prior
3160 2653 3384 2719 dilexit,
3411 2655 3506 2722 qui

1907 2744 2065 2798 nobis
2091 2758 2308 2797 onmem
2331 2759 2600 2797 summam
2631 2744 2916 2798 charitatis
2947 2759 3045 2814 per
3074 2743 3351 2798 Christum
3377 2757 3504 2798 con-

1907 2833 2097 2888 tulisse
2126 2833 2403 2902 probatur.
2433 2833 2554 2886 Alio
2575 2834 2767 2888 ordine
2790 2832 2930 2888 lideli
2954 2833 3149 2898 amico,
3182 2833 3288 2887 alio
3313 2833 3506 2890 ordine

1907 2910 2235 2983 charissimo
2273 2925 2416 2989 lilio,
2448 2925 2552 2979 alio
2597 2925 2791 2980 ordine
2838 2924 3196 2994 impendenda
3251 2924 3509 2994 genitori~

1905 3019 2027 3083 bus,
2063 3035 2162 3089 per
2189 3034 2328 3088 quos
2365 3034 2556 3073 sumus
2597 3020 2691 3088 qui
2721 3034 2829 3072 non
2869 3032 3118 3084 eramus,
3166 3019 3273 3074 alio
3316 3019 3506 3076 ordine

1908 3111 2064 3165 fratri
2087 3125 2370 3180 germano,
2393 3111 2499 3165 alio
2519 3111 2710 3165 ordine
2737 3111 2988 3182 conjugi;
3031 3111 3137 3188 alip
3165 3111 3355 3168 ordine
3386 3126 3502 3166 ser-

213 3183 346 3260 cura
373 3217 600 3267 maneo,
649 3211 703 3256 et
735 3203 908 3272 gratia
947 3216 1044 3257 sua
1085 3202 1324 3256 ctelestis
1363 3201 1663 3256 dulcedinis
1715 3215 1803 3256 me

1910 3225 2008 3266 vus
2039 3209 2281 3276 domino,
2327 3210 2434 3264 alio
2459 3210 2651 3264 ordine
2681 3211 2929 3264 dominus
2971 3224 3154 3274 servo,
3187 3211 3293 3264 alio
3345 3226 3501 3279 pere-

213 3296 344 3351 l'ecit
380 3311 499 3351 esse
537 3296 858 3366 participem
897 3313 912 3349 :
954 3304 1010 3351 et
1047 3297 1129 3350 sic
1177 3310 1274 3365 per
1319 3295 1565 3349 ordinem
1617 3295 1684 3349 ad
1719 3294 1799 3348 al-

213 3392 360 3445 tiora
391 3387 734 3458 intelligenda
765 3388 1023 3458 mysteria
1051 3402 1117 3442 se
1139 3386 1414 3441 introduci
1449 3393 1682 3440 testatur
1719 3375 1802 3439 dii

213 3483 392 3538 cendo
419 3497 434 3535 :

287 3601 312 3634 ί
341 3581 646 3637 introduxit
673 3587 759 3636 me
798 3595 892 3636 rex
918 3581 973 3634 in
995 3579 1188 3635 cellam
1213 3580 1503 3644 vinariam,
1531 3579 1806 3634 ordinavit

211 3687 242 3726 ἡ
279 3674 334 3728 in
365 3689 456 3729 me
496 3673 840 3728 charitatem.
877 3692 897 3725 ι
937 3672 1086 3728 Cella
1116 3671 1326 3726 vinaria
1363 3670 1602 3725 Ecclesia
1645 3671 1806 3725 debet

215 3765 443 3836 intelligi
469 3806 484 3831 ,
518 3766 666 3820 sicut
695 3764 939 3820 nonnulli
963 3765 1254 3834 cpinantur
1278 3804 1293 3828 ,
1325 3763 1380 3818 in
1411 3764 1568 3834 cujus
1599 3765 1806 3819 unitate

220 3859 456 3929 Spiritus
496 3868 716 3914 sanctus
757 3859 1128 3912 tantummodo
1173 3857 1289 3911 dari
1342 3857 1479 3912 solet
1519 3866 1576 3911 et
1613 3859 1802 3927 accipi.

215 3950 386 4018 Cujus
403 3951 584 4022 gratia
599 3950 701 4004 hoc
716 3949 836 4005 loco
854 3950 966 4004 vini
988 3948 1208 4004 nomine
1229 3947 1564 4019 designatur.
1589 3949 1804 4014 Vinum,

213 4055 340 4096 cum
365 4040 658 4110 Spiritum
703 4047 951 4095 sanctum
989 4039 1328 4108 accepissent
1355 4039 1602 4107 apostoli,
1637 4039 1808 4094 Judaei

213 4132 474 4188 dixerunt
506 4148 520 4185 :
559 4150 577 4182 ι
615 4130 790 4185 Musto
815 4130 959 4199 pleni
989 4137 1116 4184 sunt
1147 4130 1233 4183 isti
1265 4129 1403 4200 (Act.
1438 4131 1524 4200 ιι).
1560 4150 1578 4182 ι
1605 4129 1663 4183 In
1702 4147 1807 4200 qua

217 4223 357 4278 cella
389 4222 642 4277 ordinata
680 4231 766 4276 est
815 4221 1078 4285 charitas,
1129 4230 1189 4274 ut
1216 4222 1447 4290 quisque
1490 4223 1656 4276 Deum
1696 4230 1808 4277 toto

217 4315 386 4369 corde
441 4313 726 4382 plusquam
775 4313 1035 4381 seipsum,
1089 4321 1142 4366 et
1191 4313 1496 4382 proximum
1553 4322 1808 4382 tanquam

211 4413 460 4477 seipstttn
489 4405 694 4476 diligat.
728 4405 1049 4475 Quanquam
1078 4407 1250 4476 possit
1271 4420 1334 4460 ex
1364 4405 1634 4474 superﬂuo
1673 4406 1808 4460 cella

221 4501 430 4556 vinaria
485 4501 808 4571 mysterium
862 4500 1132 4567 passionis
1186 4498 1386 4554 Christi
1442 4499 1698 4570 intelligi,
1753 4500 1808 4554 in

217 4607 328 4662 quo
357 4591 673 4646 introducta
701 4599 786 4646 est
817 4590 1079 4656 Ecclesia,
1111 4591 1328 4660 quando
1351 4607 1451 4660 per
1490 4590 1647 4646 ﬁdem
1689 4591 1806 4660 ejus

215 4685 575 4741 sacramentis
601 4683 930 4754 participare
952 4683 1166 4738 meruit.
1209 4683 1315 4738 Sed
1355 4684 1480 4752 quia
1515 4697 1615 4752 per
1662 4685 1810 4739 ordi-

222 4792 346 4832 nem
379 4775 814 4846 adolescentibus
861 4776 1150 4830 animabus
1175 4776 1518 4846 intelligenda
1551 4779 1808 4848 mysteria

215 4869 586 4924 introductam
634 4883 694 4923 se
744 4876 997 4932 tes:atur,
1055 4868 1365 4923 necessario
1419 4867 1610 4922 cellam
1652 4869 1808 4923 vina-

223 4960 382 5024 riam,
409 4961 699 5016 scientiam
723 4968 778 5016 et
807 4960 1147 5016 dulcedinem
1175 4960 1372 5015 divinae
1411 4960 1547 5031 legis
1573 4961 1686 5015 vult
1725 4961 1808 5016 in-

227 5054 412 5124 telligi.
453 5053 535 5108 Ad
556 5069 717 5123 quam
748 5053 1085 5109 dulcedinem
1117 5054 1315 5108 invitat
1359 5055 1806 5123 adolescentulus,

225 5158 279 5203 et
301 5147 572 5202 laudando
601 5147 860 5202 festinare
875 5147 1146 5211 hortatur,
1173 5161 1333 5215 quam
1359 5146 1811 5216 Christuspropi-

226 5242 406 5297 nando
433 5240 654 5305 docuit,
702 5255 827 5296 cum
873 5241 948 5294 ait
990 5257 1004 5292 :
1059 5258 1078 5290 ε
1129 5239 1447 5310 Operamini
1487 5240 1668 5295 cibum
1717 5241 1810 5312 qui

225 5350 332 5390 non
361 5334 528 5404 perit,
545 5332 647 5388 sed
669 5333 761 5403 qui
789 5340 1073 5403 permanet
1095 5332 1149 5386 in
1173 5341 1437 5387 aeternum
1471 5331 1634 5402 (Joan
1663 5332 1760 5402 Vl).
1784 5350 1805 5386 ι

225 5428 284 5485 In
321 5444 429 5498 quo
476 5441 642 5500 opere
693 5427 900 5497 positos
948 5424 1220 5481 beatiﬁcat
1261 5424 1536 5496 Propheta
1579 5425 1806 5481 dicens:

231 5540 250 5574 ι
281 5520 435 5576 Beati
461 5520 554 5591 qui
583 5525 896 5582 scrutantur
927 5518 1232 5574 testimonia
1257 5517 1394 5587 ejus,
1429 5521 1483 5573 in
1513 5527 1624 5575 toto
1653 5521 1817 5578 corde

228 5615 523 5689 exquirunt
549 5629 674 5670 eum
701 5613 879 5684 (Paul.
909 5611 1122 5681 cxvnt).
1155 5633 1172 5665 ι
1207 5611 1349 5667 Sunt
1379 5613 1522 5668 enim
1569 5615 1815 5670 testimo-

229 5714 318 5770 nia
347 5714 401 5766 in
434 5711 616 5767 Veteri
653 5710 1000 5765 Testamento
1046 5709 1178 5778 legis
1203 5750 1216 5774 ,
1263 5723 1386 5779 quae
1411 5708 1689 5764 Christum
1721 5711 1816 5764 htt-

175 5801 180 5804 ’
233 5807 374 5865 mani
405 5808 621 5876 generis
650 5805 1067 5876 Redemptorem
1097 5805 1332 5875 probant
1376 5812 1686 5870 venturum,
1720 5804 1814 5859 ad~

1839 4549 1889 4612 Ι)

1907 3302 2084 3372 grino,
2115 3302 2223 3357 alio
2253 3303 2462 3372 agnito,
2493 3301 2599 3357 alio
2625 3302 2930 3364 sacerdoti,
2969 3302 3074 3356 alio
3097 3302 3417 3372 propinquis
3447 3309 3508 3357 et

1906 3393 2189 3462 proximis.
2223 3391 2357 3446 Nam
2387 3391 2570 3462 largiri
2601 3392 2912 3446 necessaria
2933 3395 3116 3462 egenti
3146 3393 3389 3458 inlirmo,
3413 3393 3496 3450 vel

1908 3485 2227 3555 peregrino,
2257 3498 2365 3537 non
2397 3484 2466 3536 ad
2500 3483 2869 3538 osterrsionem
2898 3481 3071 3537 laudis
3103 3483 3376 3548 humanae,
3407 3483 3506 3538 sed

1907 3584 2130 3646 propter
2171 3573 2581 3630 retributionem
2628 3582 2888 3629 aeternam
2915 3574 3178 3629 ordinatae
3218 3574 3508 3628 charitatis

1911 3676 2168 3730 indicium
2206 3683 2308 3730 est.
2341 3675 2624 3730 Consolari
2655 3675 2990 3745 indigentes,
3021 3682 3076 3729 et
3102 3689 3392 3744 oppressos
3419 3675 3506 3728 in-

1903 3765 2050 3836 justo
2083 3766 2305 3836 judicio,
2337 3767 2560 3821 visitare
2589 3766 2834 3821 inﬁrmos
2861 3766 2948 3822 vel
2974 3767 3180 3822 carceri
3229 3766 3506 3836 mancipao

1909 3867 2014 3922 tos,
2037 3859 2284 3913 ordinata
2310 3859 2552 3914 charitas
2575 3859 2994 3913 demonstratur.
3026 3859 3083 3913 ln
3111 3859 3260 3914 nullo
3285 3859 3502 3928 negotio

1905 3963 2010 4019 pro
2035 3948 2265 4003 veritate
2291 3949 2526 4003 hominis
2553 3963 2842 4018 personam
2876 3950 3118 4004 revereri
3143 3991 3159 4015 ,
3187 3949 3500 4004 misericor-

1913 4041 2055 4095 diter
2101 4042 2395 4096 admonere
2441 4041 2782 4112 insipientes,
2829 4042 3182 4096 veracissime
3219 4042 3505 4111 increpare

1911 4135 2192 4203 superbos,
2227 4135 2511 4188 charitatis
2553 4133 2874 4188 manifestus
2915 4143 3000 4188 est
3045 4135 3199 4188 ordo.
3247 4135 3504 4202 Quisquis

1914 4235 2096 4280 autem
2147 4226 2376 4295 amplius
2431 4225 2606 4296 diligit
2639 4234 2852 4294 patrem
2881 4265 2894 4289 ,
2928 4233 3023 4278 aut
3057 4234 3323 4290 matrem,
3367 4241 3501 4282 uxo-

1911 4333 2069 4381 rem,
2110 4318 2281 4383 ﬁlios,
2341 4319 2422 4372 vel
2473 4319 2671 4372 fratres
2701 4357 2714 4379 ,
2782 4326 2876 4369 aut
2942 4316 3160 4370 divitias
3215 4319 3500 4386 praesentis

1915 4412 2177 4481 temporis
2241 4427 2401 4481 quam
2464 4413 2684 4470 Deum,
2741 4418 2826 4463 est
2875 4409 3091 4478 quidem
3145 4409 3198 4463 in
3255 4425 3322 4463 eo
3376 4412 3505 4465 cha-

1915 4503 2072 4568 ritas,
2107 4504 2199 4558 sed
2219 4519 2323 4558 non
2348 4503 2615 4566 ordinata,
2637 4503 2894 4570 quoniam
2919 4517 3030 4572 pra:
3053 4502 3304 4558 omnibus
3327 4503 3503 4572 ipsum

1917 4594 2141 4663 diligere
2171 4595 2429 4648 debemus
2455 4634 2469 4659 ,
2517 4601 2572 4649 et
2601 4594 2910 4662 proximum
2936 4594 3078 4647 sicut
3121 4596 3502 4665 nosmetipsos.

1909 4686 2014 4740 Iste
2043 4695 2128 4740 est
2164 4687 2296 4740 ordo
2323 4685 2624 4740 charitatis.
2659 4685 2944 4740 Ordinavit
2972 4701 3104 4757 ergo
3131 4686 3224 4742 Dei
3255 4687 3423 4741 Filius
3450 4689 3506 4743 in

1911 4777 2152 4832 Ecclesia
2175 4791 2270 4831 sua
2304 4776 2645 4838 charitatem,
2677 4785 2734 4831 ut
2763 4777 2901 4834 sciat
2929 4779 3298 4848 unusquisque
3322 4778 3503 4832 Eccle~

1892 4869 2007 4923 site
2041 4867 2184 4922 Illius
2209 4867 2502 4938 unicuique
2537 4883 2646 4938 quo
2691 4870 2884 4924 ordine
2909 4871 3195 4926 charitatis
3224 4871 3504 4940 impendat

1911 4960 2166 5027 ollicium,
2193 4962 2421 5016 dicendo
2463 4963 2514 5016 in
2551 4963 2879 5034 Evangelii):
2915 4985 2934 5016 ι
2966 4963 3191 5019 Reddite
3221 4979 3338 5035 quae
3375 4974 3508 5018 sunt

1915 5057 2148 5112 Caesaris
2169 5057 2389 5120 Caesari,
2411 5067 2469 5112 et
2489 5074 2609 5128 quae
2639 5070 2764 5115 sunt
2792 5062 2883 5116 Dei
2911 5063 3017 5117 Deo
3041 5062 3258 5133 (Matth.
3295 5063 3452 5135 χχιι).
3481 5081 3500 5112 ι

1919 5149 1984 5202 Et
2010 5163 2107 5217 per
2133 5148 2449 5217 Apostolum
2484 5151 2558 5203 ait
2589 5168 2600 5203 :
2637 5167 2654 5200 ι
2683 5149 2910 5207 Reddite
2940 5151 3163 5223 singulis
3187 5151 3392 5217 debita,
3417 5152 3508 5207 cui

1918 5240 2180 5294 honorem
2204 5279 2220 5305 ,
2253 5241 2510 5295 honorem
2546 5259 2558 5295 :
2597 5241 2690 5296 cui
2723 5242 2970 5297 timorem
2998 5281 3012 5306 ,
3067 5241 3319 5296 timorem
3356 5260 3370 5296 :
3415 5243 3504 5298 cui

1921 5341 2186 5395 tributum
2212 5382 2228 5408 ,
2291 5341 2596 5398 tributum:
2630 5343 2717 5396 cui
2764 5342 3014 5413 vectigal,
3053 5343 3283 5414 vectigal
3325 5343 3507 5417 (Rom.

1891 5452 1894 5454 ‘
1919 5433 2040 5505 xu).
2068 5454 2084 5485 ι
2110 5433 2226 5491 Non
2251 5443 2439 5490 omnes
2456 5433 2873 5505 quiChristiano
2902 5434 3163 5489 vocabulo
3187 5447 3507 5507 nuncupan-

1919 5535 2030 5592 tur,
2054 5531 2153 5597 ρει
2179 5527 2322 5582 hunc
2348 5528 2593 5582 ordinem
2615 5524 2907 5580 charitatis
2935 5526 2988 5580 in
3003 5527 3323 5596 praedictam
3350 5527 3512 5582 intel-

1917 5619 2220 5691 ligentiam,
2239 5633 2398 5690 quam
2427 5618 2619 5674 cellam
2637 5617 2901 5671 vinariam
2929 5619 3246 5682 nominavit,
3272 5621 3512 5677 introdu-

1919 5711 2143 5777 cun'tttr,
2175 5712 2270 5765 sed
2322 5711 2412 5778 qui
2457 5719 2689 5778 parvum
2734 5717 3212 5782 quantumcunque
3268 5712 3512 5766 imitatus

1916 5803 2078 5858 fuerit
2107 5802 2356 5868 Paulum;
2378 5801 2467 5872 qui
2491 5799 2704 5857 dicebat
2735 5798 2817 5876 (11
2849 5801 2970 5859 Cor.
3009 5803 3082 5878 at)
3107 5805 3377 5877 :Amphus
3401 5820 3489 5868 om
