4078 6340
1711 318 2066 382 ANGELOMI
2101 316 2565 377 LUXOVlENSIS
2603 319 2913 380 MONACHI
3785 339 3856 399 593

669 411 847 496 lnibus
862 435 1124 503 laboravi,
1147 435 1202 492 in
1229 431 1447 509 vigiliis,
1477 431 1533 491 in
1556 432 1800 505 ieiuniis,
1835 444 1890 492 et
1918 443 2113 490 caetera
2143 452 2155 488 :
2185 453 2202 484 ι
2224 442 2279 489 et
2303 439 2357 498 Α
2380 436 2475 492 riae
2517 437 2820 493 divinorum
2854 436 3118 493 librorum
3156 437 3489 510 degustando
3528 456 3731 516 saporis,
3754 456 3858 522 quasi

685 530 892 595 omnia,
934 530 1032 596 ait,
1060 530 1356 586 arbitratus
1379 544 1498 584 sum
1535 533 1598 582 ut
1624 536 1883 592 stercora,
1916 536 1973 582 ut
2001 525 2276 583 Christum

684 623 1061 680 lucrifacerem
1087 621 1254 694 (Phil.
1279 621 1384 692 ιιι).
1405 642 1423 672 ι
1440 621 1498 675 ln
1516 621 1692 691 capite
1719 619 1878 690 hujus
1896 620 2092 675 cantici
2111 620 2162 673 in
2189 635 2279 673 cu-

681 714 948 772 biculum.
964 714 1076 768 sive
1089 713 1366 768 cellarium
1390 712 1531 782 regis
1558 711 1864 767 introducta
1895 710 2136 766 Ecclesia
2161 709 2278 763 lau-

672 804 802 871 -dat,
829 804 921 859 ubi
964 803 1203 873 ingressa
1234 802 1386 865 dicit,
1423 819 1442 852 ι
1464 801 1866 858 Exsultahimus
1891 811 1947 856 et
1974 801 2276 856 iactabimur

685 896 832 961 inte,
856 897 1120 968 ragnitam
1139 893 1385 950 videlicet
1403 893 1523 964 ejus
1548 894 1890 964 praesentiam
1917 893 2271 964 corporalem,

686 991 780 1062 qui
807 999 891 1047 est
947 987 1211 1058 sapientia
1264 985 1462 1050 Patris,
1495 985 1586 1056 qui
1617 985 1762 1040 velut
1793 985 1847 1039 in
1883 984 2128 1040 conclavi
2156 999 2276 1054 pro-

683 1086 971 1157 phetarum
1001 1079 1283 1152 praeconiis
1307 1078 1514 1134 latebat
1543 1119 1557 1144 ,
1601 1079 1654 1132 in
1679 1094 1786 1150 quo
1809 1087 1936 1134 sunt
1962 1093 2150 1133 omnes
2176 1092 2276 1132 ex—

686 1177 1028 1242 sultationes,
1059 1185 1114 1231 et
1128 1175 1428 1237 laetitiae,‘et
1454 1175 1714 1230 thesauri.
1746 1174 1845 1228 Hic
1865 1189 1994 1229 vero
2023 1175 2090 1228 ad
2121 1173 2279 1228 intel-

687 1266 958 1338 ligendam
1007 1266 1246 1319 divinam
1286 1264 1479 1336 legem,
1524 1273 1581 1319 et
1609 1265 1676 1319 ad
1718 1265 1962 1320 ordinem
1995 1261 2278 1318 charitatis

687 1358 1003 1412 discendum
1060 1371 1119 1411 se
1165 1355 1531 1410 introductam
1578 1355 1728 1420 dicit,
1761 1369 1870 1409 non
1916 1369 1974 1409 se
2029 1354 2194 1408 lzetari
2223 1361 2281 1407 et

686 1449 959 1505 exsultare
977 1490 991 1515 ,
1017 1449 1110 1504 sed
1133 1448 1410 1522 languere,
1440 1462 1506 1502 eo
1521 1447 1684 1517 quod,
1717 1446 2008 1502 secundum
2037 1445 2280 1500 Salomo-

687 1557 811 1598 nem
840 1541 1052 1616 ’(Eccle.
1088 1542 1128 1613 ι)
1173 1558 1186 1594 :
1225 1561 1244 1591 σ
1291 1539 1392 1606 Qui
1419 1539 1566 1593 addit
1594 1538 1900 1603 scientiam,
1949 1537 2100 1594 addit
2126 1535 2277 1591 dolo-

687 1650 825 1690 rem.
852 1655 871 1687 ι
903 1635 967 1689 Et
990 1634 1112 1704 quis
1134 1641 1395 1704 quantum
1427 1632 1790 1687 consectando
1815 1631 2118 1702 proximius
2139 1629 2276 1685 elIici

686 1727 917 1797 cmperit
945 1725 1246 1796 sapientiae,
1277 1733 1489 1780 tantum
1518 1738 1638 1778 eam
1661 1725 1750 1779 vix
1778 1723 2043 1795 conspicit
2069 1723 2282 1794 prolon-

2379 527 2645 582 inebriata
2693 528 2891 583 laetitiae
2929 529 3056 584 vino
3094 543 3312 602 semper
3349 531 3537 588 futurae
3582 536 3856 612 beatitudinis,

2379 619 2625 688 quamvis
2669 634 2928 688 sponsum
2972 635 3079 674 non
3126 630 3318 675 cernat
3362 623 3415 677 in
3455 629 3698 694 presenti,
3725 649 3796 688 cur
3817 639 3860 692 ad

2379 723 2499 764 eam
2521 709 2673 763 tarde
2698 710 2979 778 perveniat
3005 710 3138 765 dicit
3154 727 3212 768 se
3235 728 3420 770 amore
3433 714 3764 787 languere.lllo
3777 741 3858 795 pro-

2379 801 2462 857 cul
2491 801 2678 868 dubio,
2703 803 2769 857 de
2793 818 2901 874 quo
2922 803 3189 874 PrOpheta
3217 806 3378 862 dicit:
3401 827 3418 859 ‹
3441 809 3609 865 Sitivit
3627 815 3767 869 anima
3783 834 3859 874 mea

2379 893 2446 948 ad
2480 893 2648 949 Deum
2682 893 2884 950 fontem
2910 895 3345 967 vivum,quando
3373 901 3576 958 veniam
3602 913 3650 958 et
3671 912 3858 977 apparebo

2381 993 2506 1039 ante
2534 983 2730 1040 faciem
2751 985 3000 1041 Domini?
3019 1007 3036 1037 ι
3058 986 3230 1058 (Psal.
3257 993 3395 1060 xu.)
3418 990 3516 1046 Pcr
3537 1009 3680 1062 quem
3695 1012 3858 1054 amorem

2380 1079 2643 1145 scientiae,
2674 1087 2826 1134 amor
2847 1081 3185 1151 germinatur
3205 1083 3332 1138 vitae
3352 1093 3576 1150 aeternae.
3602 1097 3648 1143 et
3667 1089 3720 1143 de
3739 1106 3858 1148 amore

2379 1171 2502 1226 vitae
2531 1180 2746 1226 mternae
2779 1171 3067 1227 tolerantia
3110 1175 3522 1243 persecutionis.
3553 1177 3603 1231 ln
3630 1194 3718 1246 quo
3739 1197 3858 1237 amore

2380 1273 2654 1335 saporata,
2697 1265 2852 1334 quasi
2904 1264 2958 1319 in
3011 1264 3208 1320 lectulo
3268 1266 3545 1330 collocata.
3585 1272 3858 1338 promissionis

2381 1356 2513 1412 laeva
2562 1365 2616 1412 et
2656 1356 2912 1427 adjutorii
2949 1357 3172 1414 dextera
3200 1357 3406 1414 Christi
3457 1360 3719 1430 amplexari
3742 1365 3858 1419 sede-

2381 1450 2709 1520 precabatur
2743 1450 2971 1506 dicendo
3000 1468 3015 1508 :

2391 1581 2396 1586 .
2458 1562 2476 1593 ι
2523 1542 2680 1597 Laeva
2709 1541 2828 1610 ejus
2855 1543 2954 1598 sub
2981 1543 3158 1612 capite
3185 1559 3328 1612 meo,
3359 1551 3416 1599 et
3437 1545 3640 1600 dextera
3667 1546 3772 1601 illius
3788 1564 3859 1601 am-

2388 1651 2407 1683 ι
2448 1632 2756 1702 plexabitur
2797 1649 2904 1688 me.
2939 1653 2958 1686 ι
2991 1634 3130 1701 Quid
3167 1651 3405 1705 namque
3435 1651 3528 1706 per
3554 1636 3774 1693 sinistram
3796 1639 3858 1693 nisi

2382 1724 2494 1780 vita
2531 1740 2793 1795 praesens,
2825 1725 2909 1780 vel
2939 1727 3260 1798 temporalia
3293 1729 3387 1784 Dei
3413 1729 3751 1798 omnipotentis
3771 1729 3859 1783 dona

686 1827 891 1891 gatam.
927 1817 1000 1871 De
1027 1833 1134 1887 quo
1170 1815 1355 1872 dolore
1379 1816 1568 1871 beatus
1604 1831 1756 1870 amor
1778 1815 2021 1871 nascitur
2051 1813 2274 1879 Christi,
2305 1813 2355 1878 Β
2383 1805 2770 1887 designantur?
2799 1816 2938 1883 Quid
2967 1832 3099 1874 vero
3125 1834 3225 1889 per
3253 1819 3550 1884 dexteram,
3571 1820 3659 1874 nisi
3683 1829 3859 1889 perpetua

687 1917 740 1963 et
773 1909 838 1962 de
865 1922 1048 1962 amore
1085 1906 1374 1977 gloriosior
1402 1905 1636 1970 sanitas,
1664 1905 1858 1961 animae
1887 1904 2142 1974 languor,
2181 1902 2274 1972 qui

689 1999 740 2054 ei
762 2008 952 2053 Omnes
982 1999 1126 2053 vires
1166 1997 1449 2053 subtrahat
1499 1998 1566 2052 ad
1611 1997 1964 2068 peccandum.
1995 1997 2125 2065 Quae
2152 1996 2276 2050 licet

689 2105 890 2144 arcana
930 2089 1186 2160 mysteria
1234 2089 1584 2146 multiformis
1625 2089 1903 2160 sapientia:
1939 2088 2035 2144 Dei
2081 2095 2275 2159 adepta

690 2185 782 2249 sit,
812 2200 932 2254 quae
954 2185 1079 2240 licet
1105 2183 1453 2256 perfectionis
1489 2193 1670 2240 teneat
1699 2200 1904 2250 arcem,
1931 2200 2040 2238 non
2067 2183 2169 2239 sibi
2200 2191 2278 2238 ta-

687 2294 814 2335 men
844 2279 1010 2335 solius
1038 2279 1311 2350 praedictae
1341 2279 1625 2334 sententiae
1649 2288 1744 2334 aut
1770 2277 2137 2349 intelligentiae
2158 2294 2276 2333 cre-

690 2371 770 2426 dit
790 2370 1034 2426 sullicerc
1063 2385 1351 2436 summam,
1383 2371 1486 2426 nisi
1520 2371 1717 2440 stipata
1747 2370 1873 2425 mali
1898 2379 1954 2426 et
1987 2370 2174 2428 fulcita
2197 2371 2277 2426 di-

685 2464 864 2519 versis
894 2462 1059 2518 fuerit
1085 2461 1330 2518 floribus.
1358 2462 1510 2518 Unde
1532 2463 1787 2519 continuo
1815 2463 2130 2534 subiunxit:

767 2575 786 2608 ι
831 2555 1038 2611 Fulcite
1087 2570 1176 2611 me
1227 2554 1481 2619 ﬁoribus,
1537 2557 1731 2626 stipate
1779 2573 1866 2611 me
1915 2557 2100 2623 malis,
2149 2556 2276 2627 quia

697 2666 718 2701 ο
765 2663 951 2703 amore
979 2647 1226 2718 langueo.
1262 2666 1279 2697 ι
1315 2647 1663 2704 Praesentiam
1695 2647 2029 2718 corporalem
2068 2647 2279 2718 sapien-

687 2742 782 2798 tiae
821 2741 914 2796 Dei
957 2740 1168 2806 Patris,
1195 2741 1246 2795 id
1293 2749 1376 2796 est
1422 2740 1723 2806 Christum,
1771 2741 2000 2812 requirit
2049 2741 2105 2794 in
2143 2739 2278 2794 cella

691 2833 934 2890 scientiae
958 2833 1111 2905 legis,
1143 2833 1239 2887 sed
1265 2833 1390 2903 quia
1428 2833 1576 2889 illum
1611 2849 1772 2904 quem
1798 2831 2069 2888 desiderat
2095 2832 2280 2888 videre

689 2936 854 3000 prout
882 2938 966 2982 est
1003 2928 1180 2982 adhuc
1217 2943 1325 2983 non
1369 2928 1724 2998 permittitur,
1767 2929 1997 2983 aliorum
2033 2927 2279 2997 exempla

693 3021 762 3075 ad
808 3035 958 3074 suam
1008 3018 1432 3074 consolationem
1480 3021 1764 3090 exposcit,
1817 3020 2012 3090 quibus
2063 3019 2280 3074 interim

692 3127 850 3166 suum
907 3110 1218 3181 languorem
1278 3121 1582 3182 temperare
1630 3113 1822 3167 valeat.
1863 3112 1954 3167 Ait
2003 3127 2278 3182 namque:

2382 1909 2492 1963 vita
2514 1908 2810 1980 ﬁguratur?
2834 1909 3068 1966 Sinistra
3093 1927 3334 1982 namque
3365 1911 3480 1976 Dei,
3507 1910 3714 1966 Ecclesia
3731 1910 3856 1963 videli-

2381 2008 2496 2066 cet,
2547 2001 2967 2072 prosperitatem
3022 2002 3147 2057 vitae
3193 2003 3478 2073 praesentis
3528 2010 3580 2057 et
3637 2000 3858 2070 temporalia

2381 2094 2521 2149 dona
2545 2094 2699 2164 quasi
2729 2094 2829 2150 sub
2853 2093 3030 2164 capite
3056 2093 3262 2164 posuit,
3291 2109 3453 2165 quam
3493 2092 3744 2148 intentione
3762 2105 3856 2144 sum-

2381 2187 2453 2243 mi
2482 2188 2684 2242 amoris
2710 2187 2929 2258 premit.
2961 2188 3198 2243 Dextera
3231 2203 3364 2243 vero
3403 2188 3491 2243 Dei
3529 2201 3636 2242 eam
3670 2181 3860 2253 amplecti-

2379 2286 2471 2332 tur
2498 2279 2624 2348 quia
2662 2281 2762 2334 sub
2800 2288 3002 2334 :eterna
3033 2279 3149 2350 ejus
3177 2279 3514 2336 beatitudine
3539 2286 3638 2332 tota
3663 2275 3858 2330 devotione

2381 2371 2709 2425 continetur.
2745 2371 3011 2438 Quoniam
3042 2371 3132 2426 hic
3157 2387 3260 2442 per
3287 2386 3436 2440 spem
3465 2383 3671 2440 sponsus
3699 2373 3856 2420 mentem

2385 2467 2632 2529 roborat,
2661 2475 2717 2521 et
2746 2464 2850 2519 illic
2879 2479 2975 2534 per
3007 2463 3500 2519 remunerationem
3542 2459 3772 2533 gloriﬁcat.
3799 2453 3856 2508 Vel

2381 2556 2436 2611 in
2469 2557 2601 2611 laeva
2633 2556 2802 2611 Vetus
2846 2555 3279 2621 Testamentum,
3307 2563 3365 2612 et
3401 2555 3454 2610 in
3498 2554 3692 2608 dextera
3722 2549 3857 2604 Novum

2383 2645 2792 2702 Testamentum
2820 2645 3122 2700 intimatur.
3156 2645 3295 2701 Nam
3323 2652 3497 2716 potest
3531 2644 3596 2698 ita
3624 2639 3804 2710 intelligi,
3824 2645 3858 2689 ut

2381 2737 2514 2793 laeva
2550 2737 2750 2793 Christi
2780 2752 2811 2791 a
2839 2738 3077 2794 sinistris
3104 2739 3376 2795 sustineat
3395 2737 3631 2800 animam,
3661 2748 3714 2788 ne
3738 2731 3786 2784 ab
3811 2730 3858 2782 in-

2382 2831 2614 2887 centivis
2665 2831 2922 2886 vitiorum
2961 2831 3174 2887 uncinis
3227 2831 3547 2903 implanetur
3585 2829 3632 2882 in
3666 2820 3856 2884 laeva,sel

2383 2941 2598 2996 semper
2629 2933 2899 2981 ostentata
2929 2925 3158 2981 occultis
3181 2921 3666 2995 compunctionibus
3687 2914 3859 2971 sublime-

2383 3029 2475 3075 tur
2520 3019 2589 3073 ad
2631 3033 2878 3088 regnum.
2917 3017 2984 3072 Et
3033 3033 3103 3072 ne
3156 3017 3213 3072 in
3269 3015 3566 3087 superbiam
3607 3010 3718 3065 elata
3755 3003 3859 3057 faciat

2384 3113 2596 3182 lapsum
2626 3112 2682 3166 in
2711 3111 2932 3166 dextera
2966 3111 3022 3166 in
3060 3126 3167 3180 qua
3213 3109 3460 3166 diabolus
3485 3103 3680 3166 corruit,
3708 3094 3858 3153 tribula-

700 3223 719 3253 ε
765 3202 973 3257 Fulcite
1021 3218 1106 3258 me
1152 3202 1406 3268 ﬁoribus,
1458 3204 1656 3272 stipato
1703 3218 1789 3258 me
1838 3203 2015 3268 malis,
2053 3221 2073 3255 ι
2113 3203 2165 3257 id
2199 3210 2284 3257 est
2309 3183 2353 3247 (ἶ
2387 3205 2560 3258 tiones
2593 3210 2649 3257 et
2688 3202 3006 3258 multimoda
3047 3203 3350 3260 retinacula
3387 3194 3723 3272 permittendo,
3745 3197 3784 3244 et
3811 3185 3860 3237 fa-

695 3296 1052 3352 consolamini
1100 3313 1186 3353 me
1231 3296 1494 3367 exemplis
1555 3309 1647 3352 seu
1679 3297 2047 3352 inchoantium
2079 3296 2281 3352 bonum

693 3404 849 3459 opus,
880 3403 974 3443 seu
1021 3387 1419 3458 perﬁcientium
1456 3405 1468 3440 :
1501 3387 1629 3456 quia
1664 3385 1840 3442 adhuc
1881 3386 1935 3440 in
1975 3386 2284 3456 peregrina-

695 3481 861 3536 tionis
919 3481 1108 3544 taadio,
1158 3494 1342 3534 amore
1391 3495 1640 3549 supernae
1687 3478 1910 3533 visionis
1971 3478 2278 3546 languesco.

697 3573 852 3629 Unde
895 3589 1006 3628 non
1053 3572 1324 3627 immerito
1358 3587 1457 3642 per
1485 3570 1643 3627 ﬂores
1691 3572 1887 3627 animae
1921 3569 2036 3640 jam
2081 3573 2284 3626 bonum

695 3679 832 3735 opus
857 3664 1199 3726 inchoantes,
1223 3669 1277 3716 et
1303 3660 1509 3716 caelesti
1536 3661 1806 3718 desiderio
1833 3661 2157 3726 redolentes,
2185 3676 2286 3732 per

695 3756 841 3812 mala
864 3755 930 3810 de
961 3753 1185 3809 ﬁoribus
1207 3751 1462 3824 perfectae
1478 3752 1591 3822 jam
1616 3752 1881 3808 bonorum
1907 3761 2135 3816 mentes,
2164 3767 2286 3820 quae

699 3850 768 3906 ad
799 3848 1034 3903 fructum
1065 3845 1386 3917 perveniunt
1411 3845 1535 3901 boni
1563 3847 1762 3917 Operis,
1800 3847 1867 3902 de
1898 3845 2052 3900 initio
2086 3854 2286 3901 sanctae

697 3938 1084 4012 propositionis
1111 3936 1499 4009 intelliguntur.
1527 3938 1656 4005 Qua:
1681 3953 1812 4008 ergo
1833 3953 2020 3993 amore
2045 3938 2284 4009 languet,

699 4032 880 4088 fulciri
926 4031 1120 4101 quaerit
1168 4029 1411 4094 floribus,
1455 4031 1642 4101 stipari
1672 4031 1847 4095 malis,
1900 4031 2026 4100 quia
2079 4031 2286 4086 nullum

699 4138 862 4194 quem
889 4122 1160 4177 desiderat
1181 4121 1365 4177 videre
1385 4121 1566 4177 adhuc.
1588 4138 1692 4177 non
1719 4122 2069 4192 permittitur,
2093 4139 2287 4196 magna

700 4223 785 4269 est
811 4212 1111 4269 consolatio
1142 4214 1187 4268 si
1215 4213 1284 4268 de
1324 4213 1553 4269 aliorum
1595 4213 1928 4283 profectibus
1961 4214 2195 4280 laetetur,
2230 4224 2290 4271 ut

701 4307 880 4361 anima
907 4307 1212 4374 requiescat
1243 4306 1295 4360 in
1324 4306 1470 4360 bono
1489 4321 1654 4374 opere
1681 4306 1934 4376 proximi,
1963 4322 2082 4376 quae
2112 4308 2290 4364 adhuc

699 4398 1054 4467 contemplari
1086 4414 1193 4453 non
1225 4397 1369 4452 valet
1395 4397 1602 4452 vultum
1639 4397 1757 4453 Dei.
1791 4396 2084 4453 Videamus
2115 4401 2289 4468 qualis

701 4504 854 4545 mens
908 4489 1060 4543 Pauli
1114 4488 1330 4553 fuerat,
1393 4489 1484 4557 qui
1538 4488 1750 4543 dicebat
1799 4508 1814 4544 :
1862 4509 1880 4540 ι
1920 4489 2049 4546 Mihi
2108 4493 2288 4548 vivere

700 4582 950 4636 Christus
994 4590 1078 4635 cst
1119 4589 1174 4635 et
1213 4581 1348 4634 mori
1399 4579 1606 4634 lucrum
1655 4576 1824 4650 (Phil.
1858 4581 1919 4652 ι).
1963 4601 1981 4632 ι
2025 4581 2163 4638 Hinc
2204 4594 2288 4640 est

699 4675 843 4746 quod
879 4675 1075 4728 iterum
1122 4673 1292 4728 dicit:
1328 4693 1345 4725 ι
1377 4672 1715 4728 Desiderium
1759 4674 1932 4730 habeo
1966 4675 2186 4731 dissolvi
2234 4686 2289 4733 et

700 4784 825 4823 cum
856 4765 1074 4822 Christo
1102 4780 1222 4820 esse
1245 4764 1413 4818 multo
1443 4764 1614 4836 magis
1651 4764 1844 4821 melius
1877 4766 2088 4837 (Ibid.).
2120 4787 2138 4818 ι
2181 4766 2288 4824 Sed

699 4874 828 4917 ecce
863 4857 956 4928 qui
997 4856 1215 4912 dissolvi
1244 4855 1540 4919 desideras,
1573 4872 1681 4924 quo
1710 4873 1896 4912 amore
1925 4857 2182 4928 languens
2211 4859 2290 4913 vi-

705 4954 947 5008 deamus.
999 4950 1132 5016 Quia
1181 4947 1396 5003 interim
1446 4947 1647 5003 diﬁ'erri
1699 4957 1751 5002 te
1779 4949 2049 5018 conspicis
2087 4950 2285 5016 fulciri,

701 5056 904 5110 quaeso,
957 5040 1180 5095 ﬂoribus
1209 5054 1315 5093 non
1362 5038 1629 5108 requiris?
1673 5039 1882 5106 Quaeris
1922 5040 2126 5110 plane:
2161 5058 2287 5098 nam

700 5134 947 5202 sequitur
977 5150 992 5186 :
1030 5149 1048 5182 ι
1077 5130 1403 5185 Permanere
1428 5139 1606 5185 autem
1631 5130 1681 5184 in
1707 5145 1890 5196 carne,
1923 5133 2288 5190 necessarium

702 5226 958 5282 existimo
1012 5235 1234 5296 pr0pter
1295 5238 1390 5278 vos
1436 5223 1655 5294 (Ibid.).
1697 5244 1715 5277 ι
1768 5226 1835 5280 Et
1885 5227 2291 5296 proficientibus

704 5317 986 5388 discipulis
1020 5314 1191 5372 dicit:
1225 5333 1243 5366 ι
1292 5315 1422 5383 Qum
1469 5325 1552 5370 est
1596 5317 1742 5372 enim
1794 5327 1977 5374 nostra
2022 5335 2146 5391 spes
2199 5331 2291 5378 aut

703 5410 979 5480 gaudium,
1011 5417 1104 5464 aut
1129 5423 1329 5464 corona
1353 5407 1573 5479 gloriae?
1601 5407 1788 5466 Nonne
1809 5427 1906 5468 vos
1934 5422 2061 5469 ante
2108 5414 2291 5472 Domi-

703 5516 835 5555 num
865 5509 1106 5556 nostrum
1146 5499 1330 5556 Jesum
1362 5499 1672 5555 Christum?
1707 5521 1725 5554 ›
1754 5502 1804 5575 (1
1841 5503 1992 5560 Thes.
2022 5507 2106 5577 ιι.)
2146 5506 2291 5563 Con-

706 5591 892 5661 juncta
927 5605 1057 5662 ergo
1086 5590 1265 5646 anima
1293 5590 1387 5646 Dei
1427 5592 1614 5657 verbo,
1642 5592 1950 5650 introducta
1987 5596 2291 5669 intelligen-

709 5682 842 5736 tiatu
870 5681 1027 5754 legis,
1047 5681 1402 5738 discurrendo
1423 5697 1518 5752 per
1543 5683 1781 5753 singulos
1827 5685 2009 5755 apices
2048 5685 2292 5758 Scriptu-

709 5787 806 5839 rac,
840 5780 897 5828 ut
917 5788 1060 5846 saepe
1086 5774 1287 5828 dictum
1315 5783 1416 5839 est,
1449 5782 1501 5834 et
1529 5774 1736 5846 singula
1772 5792 1898 5832 vasa
1935 5778 2081 5852 cellae
2138 5781 2290 5854 vina-

2386 3296 2552 3366 tigata
2605 3295 2910 3362 adjuvando
2961 3295 3188 3351 dextera
3255 3311 3353 3351 sua
3420 3290 3728 3360 amplexatur.
3762 3275 3859 3330 Valel

2387 3389 2550 3443 etiam
2578 3403 2644 3443 ex
2678 3386 2952 3458 superﬂuo
2995 3387 3070 3442 ita
3123 3387 3377 3458 intelligi,
3405 3394 3463 3440 ut
3497 3383 3614 3437 laeva
3647 3375 3725 3431 sub
3744 3368 3859 3437 ωρίιε

2389 3479 2511 3535 ﬁdei
2551 3480 2622 3534 sit
2667 3488 2900 3544 scutum,
2937 3480 3082 3550 quod
3129 3495 3380 3551 pugnans
3427 3475 3628 3532 sinistra
3670 3462 3860 3558 contineat

2387 3588 2572 3637 manu,
2604 3581 2659 3627 et
2703 3571 2940 3628 dexterae
2978 3571 3311 3642 amplexatio
3340 3566 3588 3627 orationis
3625 3556 3784 3632 gladius
3809 3556 3860 3602 ln-

2387 3661 2684 3732 telligatur,
2727 3676 2832 3729 quo
2878 3662 3103 3717 dextera
3161 3677 3381 3734 semper
3423 3661 3657 3714 armatus,
3677 3647 3860 3734 quatenus

2391 3755 2564 3810 altero
2608 3769 2885 3809 armorum
2932 3770 3131 3825 genere
3180 3733 3522 3810 adversarius
3570 3737 3807 3812 repellatur,
3827 3733 3862 3779 el

2390 3844 2564 3900 altero
2593 3853 2995 3915 prosternatur.
3024 3844 3284 3916 Sequitur
3310 3860 3326 3899 :

2466 3979 2484 4012 ι
2529 3958 2734 4028 Adjuro
2767 3975 2882 4026 vos,
2913 3960 3036 4015 suae
3077 3960 3432 4021 Hierusalem,
3471 3969 3558 4026 per
3581 3947 3862 4038 caprea-5f"?

2395 4069 2415 4103 ε
2458 4027 2666 4122 vosque
2703 4066 3042 4122 camporum,
3093 4067 3161 4107 ne
3188 4049 3462 4109 suscitetis
3497 4055 3650 4112 ηειιυθ
3687 4027 3861 4122 “illi!”

2397 4163 2415 4194 ‹
2463 4117 2678 4196 faciatis
2707 4117 2980 4208 dilectam,
3021 4143 3374 4214 quoadusque
3424 4141 3532 4209 ipsa
3581 4130 3744 4185 velit.»
3779 4117 3861 4171 Post

2391 4234 2592 4290 multos
2635 4235 2871 4300 labores,
2902 4235 3109 4290 scilicet
3140 4236 3416 4297 Ecclesiae,
3454 4239 3506 4285 et
3530 4227 3777 4311 discursus

2391 4341 2527 4396 quos
2557 4327 2718 4381 anxia
2759 4326 2899 4380 intra
2941 4335 3181 4382 sanctam
3211 4327 3402 4384 cellam
3433 4300 3858 4405 adnodant-ff“???

2390 4417 2637 4473 redditur
2667 4418 2720 4472 in
2747 4433 3019 4487 soporem,
3070 4435 3192 4489 qua:
3226 4417 3455 4476 celerius
3484 4426 3546 4466 ne
3571 4396 3762 4476 Ρτίθίίηίδ

2391 4508 2551 4562 datur
2586 4478 2860 4565 laboribus
2893 4478 3149 4566 suscitata
3176 4528 3204 4566 a
3235 4525 3443 4574 somno,
3491 4499 3754 4571 adjurantur
3781 4478 3858 4532 ωδε

2391 4597 2726 4652 Hierusalem
2765 4615 2834 4654 ne
2861 4601 3126 4657 suscitent
3157 4617 3300 4670 eam;
3331 4610 3386 4656 et
3411 4611 3501 4668 per
3522 4595 3612 4648 hoc
3634 4576 3858 4672 adjuffflw‘:

2391 4691 2534 4760 quod
2566 4690 2719 4746 ﬁrma
2751 4692 3005 4763 diligatur
3025 4664 3309 4751 charitate.
3358 4664 3460 4748 Per
3476 4692 3672 4755 capreas
3689 4664 3858 4770 “fuit:

2391 4798 2692 4854 cervosque
2739 4791 3077 4857 camporum,
3139 4804 3276 4858 quas
3313 4801 3417 4842 non
3454 4775 3590 4852 parvi
3636 4744 3858 4858 meri"

2391 4841 2836 4932 laboris‘animas
2866 4841 2988 4932 esse
3033 4841 3272 4952 intelligi
3298 4841 3472 4938 datur;
3512 4880 3599 4940 Per

2373 4976 2582 5021 rantur
2631 4966 2751 5023 ﬁliae
2791 4967 3146 5025 Hierusalem.
3197 4935 3253 5026 [:1
3293 4968 3444 5041 plebe
3469 4957 3601 5016 enim
3643 4935 3857 5041 Christi:

2397 5059 2687 5123 secundum
2715 5061 3032 5115 meritorum
3062 5020 3374 5132 qualitatem
3395 5046 3604 5111 diversis
3627 5020 3859 5132 aululajfljﬁ

2398 5117 2592 5203 animae
2621 5159 3021 5220 comparantur.
3076 5116 3402 5222 ergo
3433 5116 3859 5225 Palauf'“'.D°TiT:s

2400 5199 2589 5203 -η--ηη
2626 5199 3021 5220 "mp—mm-
3076 5199 3251 5210 ----.ν-
3278 5199 3396 5222 ν-υν
3433 5199 3448 5216 .
3663 5216 3671 5225 ,

2398 5249 2586 5296 noster
2611 5240 2766 5296 Jesus
2809 5241 3076 5309 Christus,
3113 5249 3256 5315 quod
3281 5246 3415 5299 intra
3437 5249 3492 5290 se
3515 5223 3700 5285 cellam

2398 5341 2454 5386 et
2501 5331 2692 5387 cellam
2726 5333 3010 5399 vinariam.
3073 5295 3460 5406 εἶωωρονυιη
3487 5295 3861 5408 spatia

2397 5385 3387 5498 intelligitur.Cujus-:ﬁoeesvbeatus
3433 5385 3612 5471 Paulus

2397 5477 2718 5573 admirando
2747 5477 2931 5573 laudat
2959 5493 3025 5573 :t
3061 5519 3105 5577 Ο
3153 5519 3395 5581 altitudo,
3437 5477 3860 5606 ίηίίρίίίξϋῗξῗᾛ

2399 5609 2679 5680 sapientiae
2723 5620 2778 5665 et
2805 5612 3043 5667 scientiae
3073 5613 3168 5668 Dei
3195 5615 3207 5667 !
3240 5613 3416 5686 (Rom-
3446 5594 3585 5695 ΧΨ]

2463 5664 2478 5680 ι
2735 5664 2744 5665 ί
2817 5664 3328 5686 ίη-η-νν--υι-εν
3548 5685 3558 5696 ,
3650 5673 3659 5682 ·
3781 5664 3859 5704 δεῦε

2397 5699 2530 5754 latio
2560 5699 2704 5756 inter
2731 5701 2930 5757 multas
2957 5703 3192 5769 divitias,
3226 5706 3277 5760 id
3313 5708 3394 5757 est
3420 5675 3859 5788 inulutudi‘rllililmr

2401 5799 2635 5856 ctorum,
2661 5792 2975 5864 intelligitur
3016 5752 3213 5852 habere
3242 5794 3402 5854 etiam
3435 5777 3624 5840 animas
3655 5752 3856 5812 diversli-
