  <div class='ocr_page' id='page_1' title='image "/cluster/home/n/w/nwhite01/storage/ocr_20150623/115/hvd.32044015466873/300.png"; bbox 0 0 4078 6340; ppageno 0'>
   <div class='ocr_carea' id='block_1_1' title="bbox 176 373 306 434">
    <p class='ocr_par' dir='ltr' id='par_1_1' title="bbox 176 373 306 434">
     <span class='ocr_line' id='line_1_1' title="bbox 176 373 306 434; baseline 0 -1"><span class='ocrx_word' id='word_1_1' title='bbox 176 373 306 434; x_wconf 69' lang='lat'><strong>893</strong></span> 
     </span>
    </p>
   </div>
   <div class='ocr_carea' id='block_1_2' title="bbox 1330 321 2347 424">
    <p class='ocr_par' dir='ltr' id='par_1_2' title="bbox 1330 321 2347 424">
     <span class='ocr_line' id='line_1_2' title="bbox 1330 321 2347 424; baseline -0.002 0"><span class='ocrx_word' id='word_1_2' title='bbox 1330 321 1591 424; x_wconf 65' lang='lat' dir='ltr'><strong>lautitia.</strong></span> <span class='ocrx_word' id='word_1_3' title='bbox 1633 361 1703 423; x_wconf 84' lang='lat' dir='ltr'><strong>lN</strong></span> <span class='ocrx_word' id='word_1_4' title='bbox 1741 357 2040 424; x_wconf 81' lang='lat' dir='ltr'><strong>CANTICA</strong></span> <span class='ocrx_word' id='word_1_5' title='bbox 2077 361 2347 423; x_wconf 64' lang='lat' dir='ltr'><strong>omne.</strong></span> 
     </span>
    </p>
   </div>
   <div class='ocr_carea' id='block_1_3' title="bbox 3373 367 3483 432">
    <p class='ocr_par' dir='ltr' id='par_1_3' title="bbox 3373 367 3483 432">
     <span class='ocr_line' id='line_1_3' title="bbox 3373 367 3483 432; baseline -0.018 0"><span class='ocrx_word' id='word_1_6' title='bbox 3373 367 3483 432; x_wconf 65' lang='lat'><strong>894</strong></span> 
     </span>
    </p>
   </div>
   <div class='ocr_carea' id='block_1_4' title="bbox 171 475 3481 555">
    <p class='ocr_par' dir='ltr' id='par_1_4' title="bbox 171 475 3481 555">
     <span class='ocr_line' id='line_1_4' title="bbox 171 475 3481 555; baseline -0.001 -8"><span class='ocrx_word' id='word_1_7' title='bbox 171 488 414 549; x_wconf 83' lang='lat' dir='ltr'><strong>sicutin</strong></span> <span class='ocrx_word' id='word_1_8' title='bbox 436 485 598 542; x_wconf 82' lang='lat' dir='ltr'><strong>domo</strong></span> <span class='ocrx_word' id='word_1_9' title='bbox 622 496 840 555; x_wconf 87' lang='lat' dir='ltr'><strong>magna,</strong></span> <span class='ocrx_word' id='word_1_10' title='bbox 865 482 1020 554; x_wconf 85' lang='lat' dir='ltr'><strong>juxta</strong></span> <span class='ocrx_word' id='word_1_11' title='bbox 1049 480 1366 552; x_wconf 85' lang='lat' dir='ltr'><strong>Apostolum</strong></span> <span class='ocrx_word' id='word_1_12' title='bbox 1398 480 1486 554; x_wconf 89' lang='grc' dir='ltr'><strong>(ΙΙ</strong></span> <span class='ocrx_word' id='word_1_13' title='bbox 1511 479 1664 535; x_wconf 82' lang='lat' dir='ltr'><strong>Thes.</strong></span> <span class='ocrx_word' id='word_1_14' title='bbox 1690 481 1774 554; x_wconf 86' lang='grc' dir='ltr'><strong>ιι),</strong></span> <span class='ocrx_word' id='word_1_15' title='bbox 1806 478 2024 544; x_wconf 72' lang='lat' dir='ltr'><strong>Afecta</strong></span> <span class='ocrx_word' id='word_1_16' title='bbox 2072 480 2373 536; x_wconf 74' lang='lat' dir='ltr'><strong>electorum</strong></span> <span class='ocrx_word' id='word_1_17' title='bbox 2422 475 2623 546; x_wconf 87' lang='lat' dir='ltr'><strong>anima,</strong></span> <span class='ocrx_word' id='word_1_18' title='bbox 2673 487 2746 548; x_wconf 92' lang='lat' dir='ltr'><strong>et,</strong></span> <span class='ocrx_word' id='word_1_19' title='bbox 2795 489 2857 536; x_wconf 93' lang='lat' dir='ltr'><strong>ut</strong></span> <span class='ocrx_word' id='word_1_20' title='bbox 2910 481 2986 538; x_wconf 88' lang='lat' dir='ltr'><strong>ita</strong></span> <span class='ocrx_word' id='word_1_21' title='bbox 3040 482 3240 552; x_wconf 84' lang='lat' dir='ltr'><strong>dicam,</strong></span> <span class='ocrx_word' id='word_1_22' title='bbox 3293 499 3481 548; x_wconf 87' lang='lat' dir='ltr'><strong>sancta</strong></span> 
     </span>
    </p>
   </div>
   <div class='ocr_carea' id='block_1_5' title="bbox 173 571 1790 644">
    <p class='ocr_par' dir='ltr' id='par_1_5' title="bbox 173 571 1790 644">
     <span class='ocr_line' id='line_1_5' title="bbox 173 571 1790 644; baseline -0.007 -7"><span class='ocrx_word' id='word_1_23' title='bbox 173 600 298 638; x_wconf 83' lang='lat' dir='ltr'><strong>non</strong></span> <span class='ocrx_word' id='word_1_24' title='bbox 333 580 508 636; x_wconf 91' lang='lat' dir='ltr'><strong>solum</strong></span> <span class='ocrx_word' id='word_1_25' title='bbox 553 585 680 632; x_wconf 90' lang='lat' dir='ltr'><strong>sunt</strong></span> <span class='ocrx_word' id='word_1_26' title='bbox 721 591 850 630; x_wconf 86' lang='lat' dir='ltr'><strong>vasa</strong></span> <span class='ocrx_word' id='word_1_27' title='bbox 902 589 1064 629; x_wconf 90' lang='lat' dir='ltr'><strong>aurea</strong></span> <span class='ocrx_word' id='word_1_28' title='bbox 1096 581 1153 629; x_wconf 90' lang='lat' dir='ltr'><strong>et</strong></span> <span class='ocrx_word' id='word_1_29' title='bbox 1185 581 1458 644; x_wconf 85' lang='lat' dir='ltr'><strong>argentea,</strong></span> <span class='ocrx_word' id='word_1_30' title='bbox 1511 573 1604 626; x_wconf 90' lang='lat' dir='ltr'><strong>sed</strong></span> <span class='ocrx_word' id='word_1_31' title='bbox 1640 580 1696 627; x_wconf 88' lang='lat' dir='ltr'><strong>et</strong></span> <span class='ocrx_word' id='word_1_32' title='bbox 1728 571 1790 625; x_wconf 82' lang='lat' dir='ltr'><strong>li-</strong></span> 
     </span>
    </p>
   </div>
   <div class='ocr_carea' id='block_1_6' title="bbox 174 662 1789 741">
    <p class='ocr_par' dir='ltr' id='par_1_6' title="bbox 174 662 1789 741">
     <span class='ocr_line' id='line_1_6' title="bbox 174 662 1789 741; baseline -0.007 -12"><span class='ocrx_word' id='word_1_33' title='bbox 174 674 342 729; x_wconf 87' lang='lat' dir='ltr'><strong>ctilia</strong></span> <span class='ocrx_word' id='word_1_34' title='bbox 373 682 428 727; x_wconf 93' lang='lat' dir='ltr'><strong>et</strong></span> <span class='ocrx_word' id='word_1_35' title='bbox 455 671 650 741; x_wconf 85' lang='lat' dir='ltr'><strong>lignea.</strong></span> <span class='ocrx_word' id='word_1_36' title='bbox 687 667 838 724; x_wconf 87' lang='lat' dir='ltr'><strong>Unde</strong></span> <span class='ocrx_word' id='word_1_37' title='bbox 865 681 973 722; x_wconf 92' lang='lat' dir='ltr'><strong>non</strong></span> <span class='ocrx_word' id='word_1_38' title='bbox 1007 665 1278 721; x_wconf 89' lang='lat' dir='ltr'><strong>immerito</strong></span> <span class='ocrx_word' id='word_1_39' title='bbox 1303 664 1424 719; x_wconf 86' lang='lat' dir='ltr'><strong>ﬁlia</strong></span> <span class='ocrx_word' id='word_1_40' title='bbox 1454 662 1789 718; x_wconf 83' lang='lat' dir='ltr'><strong>Hierusalem</strong></span> 
     </span>
    </p>
   </div>
   <div class='ocr_carea' id='block_1_7' title="bbox 173 755 1790 828">
    <p class='ocr_par' dir='ltr' id='par_1_7' title="bbox 173 755 1790 828">
     <span class='ocr_line' id='line_1_7' title="bbox 173 755 1790 828; baseline -0.009 -6"><span class='ocrx_word' id='word_1_41' title='bbox 173 767 391 822; x_wconf 83' lang='lat' dir='ltr'><strong>anima</strong></span> <span class='ocrx_word' id='word_1_42' title='bbox 444 771 569 820; x_wconf 91' lang='lat' dir='ltr'><strong>sunt</strong></span> <span class='ocrx_word' id='word_1_43' title='bbox 623 760 918 816; x_wconf 87' lang='lat' dir='ltr'><strong>electorum</strong></span> <span class='ocrx_word' id='word_1_44' title='bbox 976 772 1222 828; x_wconf 80' lang='lat' dir='ltr'><strong>superna</strong></span> <span class='ocrx_word' id='word_1_45' title='bbox 1282 756 1472 826; x_wconf 82' lang='lat' dir='ltr'><strong>patria</strong></span> <span class='ocrx_word' id='word_1_46' title='bbox 1526 755 1790 810; x_wconf 83' lang='lat' dir='ltr'><strong>visionem</strong></span> 
     </span>
    </p>
   </div>
   <div class='ocr_carea' id='block_1_8' title="bbox 173 846 1794 931">
    <p class='ocr_par' dir='ltr' id='par_1_8' title="bbox 173 846 1794 931">
     <span class='ocr_line' id='line_1_8' title="bbox 173 846 1794 931; baseline -0.008 -18"><span class='ocrx_word' id='word_1_47' title='bbox 173 859 347 931; x_wconf 83' lang='lat' dir='ltr'><strong>pacis</strong></span> <span class='ocrx_word' id='word_1_48' title='bbox 399 852 845 922; x_wconf 79' lang='lat' dir='ltr'><strong>contemplantes.</strong></span> <span class='ocrx_word' id='word_1_49' title='bbox 896 849 1136 920; x_wconf 88' lang='lat' dir='ltr'><strong>Capreas</strong></span> <span class='ocrx_word' id='word_1_50' title='bbox 1178 863 1308 904; x_wconf 88' lang='lat' dir='ltr'><strong>vero</strong></span> <span class='ocrx_word' id='word_1_51' title='bbox 1346 848 1431 904; x_wconf 89' lang='lat' dir='ltr'><strong>vel</strong></span> <span class='ocrx_word' id='word_1_52' title='bbox 1461 862 1650 903; x_wconf 88' lang='lat' dir='ltr'><strong>cervos</strong></span> <span class='ocrx_word' id='word_1_53' title='bbox 1683 846 1794 917; x_wconf 90' lang='lat' dir='ltr'><strong>spi-</strong></span> 
     </span>
    </p>
   </div>
   <div class='ocr_carea' id='block_1_9' title="bbox 187 938 1789 1012">
    <p class='ocr_par' dir='ltr' id='par_1_9' title="bbox 187 938 1789 1012">
     <span class='ocr_line' id='line_1_9' title="bbox 187 938 1789 1012; baseline -0.007 -9"><span class='ocrx_word' id='word_1_54' title='bbox 187 946 438 1004; x_wconf 85' lang='lat' dir='ltr'><strong>rituales</strong></span> <span class='ocrx_word' id='word_1_55' title='bbox 466 944 682 998; x_wconf 89' lang='lat' dir='ltr'><strong>Veteris</strong></span> <span class='ocrx_word' id='word_1_56' title='bbox 707 941 951 1012; x_wconf 87' lang='lat' dir='ltr'><strong>Novique</strong></span> <span class='ocrx_word' id='word_1_57' title='bbox 977 940 1308 996; x_wconf 88' lang='lat' dir='ltr'><strong>Testamenti</strong></span> <span class='ocrx_word' id='word_1_58' title='bbox 1338 955 1506 1009; x_wconf 88' lang='lat' dir='ltr'><strong>panes</strong></span> <span class='ocrx_word' id='word_1_59' title='bbox 1536 938 1789 1010; x_wconf 88' lang='lat' dir='ltr'><strong>appellat,</strong></span> 
     </span>
    </p>
   </div>
   <div class='ocr_carea' id='block_1_10' title="bbox 179 1029 1791 1110">
    <p class='ocr_par' dir='ltr' id='par_1_10' title="bbox 179 1029 1791 1110">
     <span class='ocr_line' id='line_1_10' title="bbox 179 1029 1791 1110; baseline -0.004 -17"><span class='ocrx_word' id='word_1_60' title='bbox 179 1039 394 1110; x_wconf 89' lang='lat' dir='ltr'><strong>quibus</strong></span> <span class='ocrx_word' id='word_1_61' title='bbox 448 1033 739 1091; x_wconf 87' lang='lat' dir='ltr'><strong>multitudo</strong></span> <span class='ocrx_word' id='word_1_62' title='bbox 795 1047 1076 1088; x_wconf 87' lang='lat' dir='ltr'><strong>sacrarum</strong></span> <span class='ocrx_word' id='word_1_63' title='bbox 1136 1029 1539 1102; x_wconf 90' lang='lat' dir='ltr'><strong>Scripturarum</strong></span> <span class='ocrx_word' id='word_1_64' title='bbox 1588 1045 1791 1101; x_wconf 88' lang='lat' dir='ltr'><strong>pascua</strong></span> 
     </span>
    </p>
   </div>
   <div class='ocr_carea' id='block_1_11' title="bbox 181 1121 1792 1197">
    <p class='ocr_par' dir='ltr' id='par_1_11' title="bbox 181 1121 1792 1197">
     <span class='ocr_line' id='line_1_11' title="bbox 181 1121 1792 1197; baseline -0.006 -12"><span class='ocrx_word' id='word_1_65' title='bbox 181 1138 300 1185; x_wconf 85' lang='lat' dir='ltr'><strong>est.</strong></span> <span class='ocrx_word' id='word_1_66' title='bbox 345 1129 453 1184; x_wconf 80' lang='lat' dir='ltr'><strong>Seu</strong></span> <span class='ocrx_word' id='word_1_67' title='bbox 507 1141 732 1197; x_wconf 89' lang='lat' dir='ltr'><strong>capreas</strong></span> <span class='ocrx_word' id='word_1_68' title='bbox 762 1139 857 1180; x_wconf 90' lang='lat' dir='ltr'><strong>eas</strong></span> <span class='ocrx_word' id='word_1_69' title='bbox 903 1123 1144 1180; x_wconf 90' lang='lat' dir='ltr'><strong>nonnulli</strong></span> <span class='ocrx_word' id='word_1_70' title='bbox 1193 1124 1404 1177; x_wconf 90' lang='lat' dir='ltr'><strong>animas</strong></span> <span class='ocrx_word' id='word_1_71' title='bbox 1435 1121 1658 1192; x_wconf 75' lang='lat' dir='ltr'><strong>intelligi</strong></span> <span class='ocrx_word' id='word_1_72' title='bbox 1697 1137 1792 1176; x_wconf 90' lang='lat' dir='ltr'><strong>vo-</strong></span> 
     </span>
    </p>
   </div>
   <div class='ocr_carea' id='block_1_12' title="bbox 180 1212 1792 1289">
    <p class='ocr_par' dir='ltr' id='par_1_12' title="bbox 180 1212 1792 1289">
     <span class='ocr_line' id='line_1_12' title="bbox 180 1212 1792 1289; baseline -0.006 -14"><span class='ocrx_word' id='word_1_73' title='bbox 180 1218 336 1283; x_wconf 88' lang='lat' dir='ltr'><strong>lunt,</strong></span> <span class='ocrx_word' id='word_1_74' title='bbox 357 1234 479 1289; x_wconf 87' lang='lat' dir='ltr'><strong>qua</strong></span> <span class='ocrx_word' id='word_1_75' title='bbox 502 1216 751 1272; x_wconf 88' lang='lat' dir='ltr'><strong>acumine</strong></span> <span class='ocrx_word' id='word_1_76' title='bbox 776 1213 1094 1279; x_wconf 82' lang='lat' dir='ltr'><strong>dialectica,</strong></span> <span class='ocrx_word' id='word_1_77' title='bbox 1125 1212 1490 1285; x_wconf 80' lang='lat' dir='ltr'><strong>intelligentia</strong></span> <span class='ocrx_word' id='word_1_78' title='bbox 1510 1227 1671 1268; x_wconf 87' lang='lat' dir='ltr'><strong>sensu</strong></span> <span class='ocrx_word' id='word_1_79' title='bbox 1693 1227 1792 1283; x_wconf 84' lang='lat' dir='ltr'><strong>per</strong></span> 
     </span>
    </p>
   </div>
   <div class='ocr_carea' id='block_1_13' title="bbox 181 1311 1790 1388">
    <p class='ocr_par' dir='ltr' id='par_1_13' title="bbox 181 1311 1790 1388">
     <span class='ocr_line' id='line_1_13' title="bbox 181 1311 1790 1388; baseline -0.003 -17"><span class='ocrx_word' id='word_1_80' title='bbox 181 1313 597 1388; x_wconf 85' lang='lat' dir='ltr'><strong>philosophiam</strong></span> <span class='ocrx_word' id='word_1_81' title='bbox 645 1320 698 1365; x_wconf 89' lang='lat' dir='ltr'><strong>et</strong></span> <span class='ocrx_word' id='word_1_82' title='bbox 727 1319 908 1367; x_wconf 89' lang='lat' dir='ltr'><strong>mente</strong></span> <span class='ocrx_word' id='word_1_83' title='bbox 936 1311 1244 1367; x_wconf 88' lang='lat' dir='ltr'><strong>discurrere</strong></span> <span class='ocrx_word' id='word_1_84' title='bbox 1277 1318 1641 1375; x_wconf 87' lang='lat' dir='ltr'><strong>consuerunt,</strong></span> <span class='ocrx_word' id='word_1_85' title='bbox 1670 1326 1790 1380; x_wconf 87' lang='lat' dir='ltr'><strong>qua</strong></span> 
     </span>
    </p>
   </div>
   <div class='ocr_carea' id='block_1_14' title="bbox 180 1401 1790 1478">
    <p class='ocr_par' dir='ltr' id='par_1_14' title="bbox 180 1401 1790 1478">
     <span class='ocr_line' id='line_1_14' title="bbox 180 1401 1790 1478; baseline -0.002 -17"><span class='ocrx_word' id='word_1_86' title='bbox 180 1420 341 1461; x_wconf 80' lang='lat' dir='ltr'><strong>nunc</strong></span> <span class='ocrx_word' id='word_1_87' title='bbox 367 1404 510 1459; x_wconf 88' lang='lat' dir='ltr'><strong>intra</strong></span> <span class='ocrx_word' id='word_1_88' title='bbox 541 1402 911 1472; x_wconf 90' lang='lat' dir='ltr'><strong>supradictum</strong></span> <span class='ocrx_word' id='word_1_89' title='bbox 941 1401 1199 1477; x_wconf 85' lang='lat' dir='ltr'><strong>palatium</strong></span> <span class='ocrx_word' id='word_1_90' title='bbox 1229 1412 1345 1458; x_wconf 89' lang='lat' dir='ltr'><strong>rete</strong></span> <span class='ocrx_word' id='word_1_91' title='bbox 1367 1403 1634 1478; x_wconf 77' lang='lat' dir='ltr'><strong>conclusa</strong></span> <span class='ocrx_word' id='word_1_92' title='bbox 1673 1411 1790 1458; x_wconf 89' lang='lat' dir='ltr'><strong>arte</strong></span> 
     </span>
    </p>
   </div>
   <div class='ocr_carea' id='block_1_15' title="bbox 183 1495 1784 1568">
    <p class='ocr_par' dir='ltr' id='par_1_15' title="bbox 183 1495 1784 1568">
     <span class='ocr_line' id='line_1_15' title="bbox 183 1495 1784 1568; baseline 0 -16"><span class='ocrx_word' id='word_1_93' title='bbox 183 1509 539 1562; x_wconf 73' lang='lat' dir='ltr'><strong>venatorum,</strong></span> <span class='ocrx_word' id='word_1_94' title='bbox 583 1497 636 1551; x_wconf 92' lang='lat' dir='ltr'><strong>id</strong></span> <span class='ocrx_word' id='word_1_95' title='bbox 667 1505 749 1552; x_wconf 91' lang='lat' dir='ltr'><strong>est</strong></span> <span class='ocrx_word' id='word_1_96' title='bbox 777 1495 1167 1566; x_wconf 87' lang='lat' dir='ltr'><strong>apostolorum,</strong></span> <span class='ocrx_word' id='word_1_97' title='bbox 1210 1507 1640 1568; x_wconf 84' lang='lat' dir='ltr'><strong>caterorumque</strong></span> <span class='ocrx_word' id='word_1_98' title='bbox 1683 1497 1784 1553; x_wconf 90' lang='lat' dir='ltr'><strong>do-</strong></span> 
     </span>
    </p>
   </div>
   <div class='ocr_carea' id='block_1_16' title="bbox 188 1589 1783 1660">
    <p class='ocr_par' dir='ltr' id='par_1_16' title="bbox 188 1589 1783 1660">
     <span class='ocr_line' id='line_1_16' title="bbox 188 1589 1783 1660; baseline -0.002 -13"><span class='ocrx_word' id='word_1_99' title='bbox 188 1600 412 1647; x_wconf 86' lang='lat' dir='ltr'><strong>ctorum</strong></span> <span class='ocrx_word' id='word_1_100' title='bbox 463 1605 626 1644; x_wconf 89' lang='lat' dir='ltr'><strong>manu</strong></span> <span class='ocrx_word' id='word_1_101' title='bbox 681 1599 873 1658; x_wconf 87' lang='lat' dir='ltr'><strong>capta,</strong></span> <span class='ocrx_word' id='word_1_102' title='bbox 925 1597 1129 1643; x_wconf 87' lang='lat' dir='ltr'><strong>mutata</strong></span> <span class='ocrx_word' id='word_1_103' title='bbox 1167 1589 1428 1660; x_wconf 81' lang='lat' dir='ltr'><strong>religione</strong></span> <span class='ocrx_word' id='word_1_104' title='bbox 1463 1590 1518 1644; x_wconf 93' lang='lat' dir='ltr'><strong>in</strong></span> <span class='ocrx_word' id='word_1_105' title='bbox 1571 1589 1783 1654; x_wconf 90' lang='lat' dir='ltr'><strong>melius,</strong></span> 
     </span>
    </p>
   </div>
   <div class='ocr_carea' id='block_1_17' title="bbox 185 1681 1788 1754">
    <p class='ocr_par' dir='ltr' id='par_1_17' title="bbox 185 1681 1788 1754">
     <span class='ocr_line' id='line_1_17' title="bbox 185 1681 1788 1754; baseline 0.001 -15"><span class='ocrx_word' id='word_1_106' title='bbox 185 1698 419 1754; x_wconf 88' lang='lat' dir='ltr'><strong>campos</strong></span> <span class='ocrx_word' id='word_1_107' title='bbox 449 1683 756 1737; x_wconf 88' lang='lat' dir='ltr'><strong>divinarum</strong></span> <span class='ocrx_word' id='word_1_108' title='bbox 784 1681 1214 1752; x_wconf 89' lang='lat' dir='ltr'><strong>Scripturarum,</strong></span> <span class='ocrx_word' id='word_1_109' title='bbox 1246 1683 1329 1738; x_wconf 83' lang='lat' dir='ltr'><strong>vel</strong></span> <span class='ocrx_word' id='word_1_110' title='bbox 1370 1700 1468 1754; x_wconf 91' lang='lat' dir='ltr'><strong>per</strong></span> <span class='ocrx_word' id='word_1_111' title='bbox 1509 1685 1788 1754; x_wconf 89' lang='lat' dir='ltr'><strong>sapientia</strong></span> 
     </span>
    </p>
   </div>
   <div class='ocr_carea' id='block_1_18' title="bbox 185 1776 1788 1847">
    <p class='ocr_par' dir='ltr' id='par_1_18' title="bbox 185 1776 1788 1847">
     <span class='ocr_line' id='line_1_18' title="bbox 185 1776 1788 1847; baseline 0.001 -16"><span class='ocrx_word' id='word_1_112' title='bbox 185 1791 424 1847; x_wconf 81' lang='lat' dir='ltr'><strong>quaque</strong></span> <span class='ocrx_word' id='word_1_113' title='bbox 449 1776 616 1831; x_wconf 90' lang='lat' dir='ltr'><strong>ardua</strong></span> <span class='ocrx_word' id='word_1_114' title='bbox 650 1785 705 1830; x_wconf 89' lang='lat' dir='ltr'><strong>et</strong></span> <span class='ocrx_word' id='word_1_115' title='bbox 725 1776 955 1831; x_wconf 90' lang='lat' dir='ltr'><strong>obscura</strong></span> <span class='ocrx_word' id='word_1_116' title='bbox 987 1777 1431 1846; x_wconf 86' lang='lat' dir='ltr'><strong>interpretantes,</strong></span> <span class='ocrx_word' id='word_1_117' title='bbox 1467 1777 1788 1833; x_wconf 88' lang='lat' dir='ltr'><strong>discurrunt</strong></span> 
     </span>
    </p>
   </div>
   <div class='ocr_carea' id='block_1_19' title="bbox 1892 572 3482 644">
    <p class='ocr_par' dir='ltr' id='par_1_19' title="bbox 1892 572 3482 644">
     <span class='ocr_line' id='line_1_19' title="bbox 1892 572 3482 644; baseline 0.006 -16"><span class='ocrx_word' id='word_1_118' title='bbox 1892 573 2129 628; x_wconf 86' lang='lat' dir='ltr'><strong>Ecclesia</strong></span> <span class='ocrx_word' id='word_1_119' title='bbox 2159 574 2212 628; x_wconf 91' lang='lat' dir='ltr'><strong>in</strong></span> <span class='ocrx_word' id='word_1_120' title='bbox 2253 572 2370 644; x_wconf 92' lang='lat' dir='ltr'><strong>ipso</strong></span> <span class='ocrx_word' id='word_1_121' title='bbox 2401 572 2609 642; x_wconf 89' lang='lat' dir='ltr'><strong>requiei</strong></span> <span class='ocrx_word' id='word_1_122' title='bbox 2635 587 2827 642; x_wconf 90' lang='lat' dir='ltr'><strong>sopore</strong></span> <span class='ocrx_word' id='word_1_123' title='bbox 2855 589 3070 644; x_wconf 89' lang='lat' dir='ltr'><strong>semper</strong></span> <span class='ocrx_word' id='word_1_124' title='bbox 3091 590 3214 631; x_wconf 91' lang='lat' dir='ltr'><strong>eum</strong></span> <span class='ocrx_word' id='word_1_125' title='bbox 3239 579 3482 638; x_wconf 89' lang='lat' dir='ltr'><strong>timendo</strong></span> 
     </span>
    </p>
   </div>
   <div class='ocr_carea' id='block_1_20' title="bbox 1893 665 3482 740">
    <p class='ocr_par' dir='ltr' id='par_1_20' title="bbox 1893 665 3482 740">
     <span class='ocr_line' id='line_1_20' title="bbox 1893 665 3482 740; baseline 0.004 -20"><span class='ocrx_word' id='word_1_126' title='bbox 1893 665 2064 727; x_wconf 88' lang='lat' dir='ltr'><strong>audit,</strong></span> <span class='ocrx_word' id='word_1_127' title='bbox 2117 680 2332 735; x_wconf 87' lang='lat' dir='ltr'><strong>semper</strong></span> <span class='ocrx_word' id='word_1_128' title='bbox 2357 680 2481 719; x_wconf 91' lang='lat' dir='ltr'><strong>eum</strong></span> <span class='ocrx_word' id='word_1_129' title='bbox 2514 665 2746 720; x_wconf 90' lang='lat' dir='ltr'><strong>amando</strong></span> <span class='ocrx_word' id='word_1_130' title='bbox 2771 666 2937 722; x_wconf 90' lang='lat' dir='ltr'><strong>videt.</strong></span> <span class='ocrx_word' id='word_1_131' title='bbox 2995 665 3150 724; x_wconf 88' lang='lat' dir='ltr'><strong>Unde</strong></span> <span class='ocrx_word' id='word_1_132' title='bbox 3191 687 3335 728; x_wconf 86' lang='lat' dir='ltr'><strong>nunc</strong></span> <span class='ocrx_word' id='word_1_133' title='bbox 3382 673 3482 740; x_wconf 87' lang='lat' dir='ltr'><strong>ait,</strong></span> 
     </span>
    </p>
   </div>
   <div class='ocr_carea' id='block_1_21' title="bbox 1894 758 3483 830">
    <p class='ocr_par' dir='ltr' id='par_1_21' title="bbox 1894 758 3483 830">
     <span class='ocr_line' id='line_1_21' title="bbox 1894 758 3483 830; baseline 0.008 -18"><span class='ocrx_word' id='word_1_134' title='bbox 1894 758 2236 823; x_wconf 73' lang='lat' dir='ltr'><strong>subauditur,</strong></span> <span class='ocrx_word' id='word_1_135' title='bbox 2279 759 2394 814; x_wconf 84' lang='lat' dir='ltr'><strong>hac</strong></span> <span class='ocrx_word' id='word_1_136' title='bbox 2428 768 2512 813; x_wconf 85' lang='lat' dir='ltr'><strong>est</strong></span> <span class='ocrx_word' id='word_1_137' title='bbox 2553 774 2714 829; x_wconf 89' lang='lat' dir='ltr'><strong>quam</strong></span> <span class='ocrx_word' id='word_1_138' title='bbox 2748 759 2926 815; x_wconf 85' lang='lat' dir='ltr'><strong>audivi</strong></span> <span class='ocrx_word' id='word_1_139' title='bbox 2966 760 3306 830; x_wconf 82' lang='lat' dir='ltr'><strong>adjurantem</strong></span> <span class='ocrx_word' id='word_1_140' title='bbox 3346 765 3483 824; x_wconf 81' lang='lat' dir='ltr'><strong>ﬁlias</strong></span> 
     </span>
    </p>
   </div>
   <div class='ocr_carea' id='block_1_22' title="bbox 1893 846 3480 924">
    <p class='ocr_par' dir='ltr' id='par_1_22' title="bbox 1893 846 3480 924">
     <span class='ocr_line' id='line_1_22' title="bbox 1893 846 3480 924; baseline 0.009 -23"><span class='ocrx_word' id='word_1_141' title='bbox 1893 846 2253 912; x_wconf 85' lang='lat' dir='ltr'><strong>Hierusalem,</strong></span> <span class='ocrx_word' id='word_1_142' title='bbox 2304 865 2370 904; x_wconf 95' lang='lat' dir='ltr'><strong>ne</strong></span> <span class='ocrx_word' id='word_1_143' title='bbox 2415 865 2500 904; x_wconf 89' lang='lat' dir='ltr'><strong>me</strong></span> <span class='ocrx_word' id='word_1_144' title='bbox 2540 850 2594 904; x_wconf 93' lang='lat' dir='ltr'><strong>in</strong></span> <span class='ocrx_word' id='word_1_145' title='bbox 2640 849 2755 918; x_wconf 85' lang='lat' dir='ltr'><strong>ejus</strong></span> <span class='ocrx_word' id='word_1_146' title='bbox 2806 853 3056 921; x_wconf 85' lang='lat' dir='ltr'><strong>amplexu</strong></span> <span class='ocrx_word' id='word_1_147' title='bbox 3103 855 3480 924; x_wconf 88' lang='lat' dir='ltr'><strong>quiescentem</strong></span> 
     </span>
    </p>
   </div>
   <div class='ocr_carea' id='block_1_23' title="bbox 1894 938 3481 1017">
    <p class='ocr_par' dir='ltr' id='par_1_23' title="bbox 1894 938 3481 1017">
     <span class='ocr_line' id='line_1_23' title="bbox 1894 938 3481 1017; baseline 0.009 -24"><span class='ocrx_word' id='word_1_148' title='bbox 1894 939 2243 994; x_wconf 88' lang='lat' dir='ltr'><strong>suscitarent.</strong></span> <span class='ocrx_word' id='word_1_149' title='bbox 2275 938 2373 996; x_wconf 88' lang='lat' dir='ltr'><strong>Vel</strong></span> <span class='ocrx_word' id='word_1_150' title='bbox 2396 956 2499 995; x_wconf 85' lang='lat' dir='ltr'><strong>vox</strong></span> <span class='ocrx_word' id='word_1_151' title='bbox 2532 941 2674 996; x_wconf 91' lang='lat' dir='ltr'><strong>illius</strong></span> <span class='ocrx_word' id='word_1_152' title='bbox 2699 943 3007 1014; x_wconf 87' lang='lat' dir='ltr'><strong>evangeliea</strong></span> <span class='ocrx_word' id='word_1_153' title='bbox 3041 955 3124 1002; x_wconf 88' lang='lat' dir='ltr'><strong>est</strong></span> <span class='ocrx_word' id='word_1_154' title='bbox 3144 949 3481 1017; x_wconf 86' lang='lat' dir='ltr'><strong>praedicatio.</strong></span> 
     </span>
    </p>
   </div>
   <div class='ocr_carea' id='block_1_24' title="bbox 1893 1027 3480 1110">
    <p class='ocr_par' dir='ltr' id='par_1_24' title="bbox 1893 1027 3480 1110">
     <span class='ocr_line' id='line_1_24' title="bbox 1893 1027 3480 1110; baseline 0.008 -27"><span class='ocrx_word' id='word_1_155' title='bbox 1893 1027 1962 1084; x_wconf 89' lang='lat' dir='ltr'><strong>Et</strong></span> <span class='ocrx_word' id='word_1_156' title='bbox 1984 1030 2114 1100; x_wconf 89' lang='lat' dir='ltr'><strong>quid</strong></span> <span class='ocrx_word' id='word_1_157' title='bbox 2143 1030 2288 1084; x_wconf 88' lang='lat' dir='ltr'><strong>dicat</strong></span> <span class='ocrx_word' id='word_1_158' title='bbox 2317 1047 2420 1110; x_wconf 63' lang='lat' dir='ltr'><strong>vox</strong></span> <span class='ocrx_word' id='word_1_159' title='bbox 2446 1033 2545 1086; x_wconf 92' lang='lat' dir='ltr'><strong>ista</strong></span> <span class='ocrx_word' id='word_1_160' title='bbox 2573 1032 2751 1088; x_wconf 90' lang='lat' dir='ltr'><strong>dilecti</strong></span> <span class='ocrx_word' id='word_1_161' title='bbox 2782 1035 3057 1102; x_wconf 82' lang='lat' dir='ltr'><strong>Ecclesia,</strong></span> <span class='ocrx_word' id='word_1_162' title='bbox 3081 1037 3136 1091; x_wconf 91' lang='lat' dir='ltr'><strong>in</strong></span> <span class='ocrx_word' id='word_1_163' title='bbox 3160 1038 3274 1108; x_wconf 91' lang='lat' dir='ltr'><strong>ipso</strong></span> <span class='ocrx_word' id='word_1_164' title='bbox 3304 1039 3480 1095; x_wconf 88' lang='lat' dir='ltr'><strong>Evan-</strong></span> 
     </span>
    </p>
   </div>
   <div class='ocr_carea' id='block_1_25' title="bbox 1893 1121 3485 1198">
    <p class='ocr_par' dir='ltr' id='par_1_25' title="bbox 1893 1121 3485 1198">
     <span class='ocr_line' id='line_1_25' title="bbox 1893 1121 3485 1198; baseline 0.008 -24"><span class='ocrx_word' id='word_1_165' title='bbox 1893 1121 2032 1190; x_wconf 87' lang='lat' dir='ltr'><strong>gelio</strong></span> <span class='ocrx_word' id='word_1_166' title='bbox 2060 1122 2280 1192; x_wconf 91' lang='lat' dir='ltr'><strong>proprio</strong></span> <span class='ocrx_word' id='word_1_167' title='bbox 2323 1137 2418 1176; x_wconf 91' lang='lat' dir='ltr'><strong>ore</strong></span> <span class='ocrx_word' id='word_1_168' title='bbox 2453 1123 2712 1178; x_wconf 81' lang='lat' dir='ltr'><strong>declarat.</strong></span> <span class='ocrx_word' id='word_1_169' title='bbox 2760 1143 2778 1175; x_wconf 73' lang='grc' dir='ltr'>ι</span> <span class='ocrx_word' id='word_1_170' title='bbox 2815 1123 3030 1192; x_wconf 91' lang='lat' dir='ltr'><strong>Videte,</strong></span> <span class='ocrx_word' id='word_1_171' title='bbox 3073 1127 3269 1198; x_wconf 89' lang='lat' dir='ltr'><strong>inquit,</strong></span> <span class='ocrx_word' id='word_1_172' title='bbox 3305 1146 3373 1185; x_wconf 91' lang='lat' dir='ltr'><strong>ne</strong></span> <span class='ocrx_word' id='word_1_173' title='bbox 3399 1146 3485 1187; x_wconf 84' lang='lat' dir='ltr'><strong>se-</strong></span> 
     </span>
    </p>
   </div>
   <div class='ocr_carea' id='block_1_26' title="bbox 1892 1215 3484 1288">
    <p class='ocr_par' dir='ltr' id='par_1_26' title="bbox 1892 1215 3484 1288">
     <span class='ocr_line' id='line_1_26' title="bbox 1892 1215 3484 1288; baseline 0.006 -18"><span class='ocrx_word' id='word_1_174' title='bbox 1892 1215 2166 1271; x_wconf 88' lang='lat' dir='ltr'><strong>dueamini</strong></span> <span class='ocrx_word' id='word_1_175' title='bbox 2197 1231 2228 1270; x_wconf 91' lang='lat' dir='ltr'><strong>a</strong></span> <span class='ocrx_word' id='word_1_176' title='bbox 2249 1217 2753 1288; x_wconf 89' lang='lat' dir='ltr'><strong>pseudoprophetis.</strong></span> <span class='ocrx_word' id='word_1_177' title='bbox 2812 1217 2959 1273; x_wconf 86' lang='lat' dir='ltr'><strong>Multi</strong></span> <span class='ocrx_word' id='word_1_178' title='bbox 2991 1220 3136 1275; x_wconf 88' lang='lat' dir='ltr'><strong>enim</strong></span> <span class='ocrx_word' id='word_1_179' title='bbox 3164 1223 3382 1278; x_wconf 90' lang='lat' dir='ltr'><strong>venient</strong></span> <span class='ocrx_word' id='word_1_180' title='bbox 3425 1224 3484 1280; x_wconf 92' lang='lat' dir='ltr'><strong>in</strong></span> 
     </span>
    </p>
   </div>
   <div class='ocr_carea' id='block_1_27' title="bbox 1890 1310 3485 1383">
    <p class='ocr_par' dir='ltr' id='par_1_27' title="bbox 1890 1310 3485 1383">
     <span class='ocr_line' id='line_1_27' title="bbox 1890 1310 3485 1383; baseline 0.003 -17"><span class='ocrx_word' id='word_1_181' title='bbox 1890 1310 2112 1366; x_wconf 89' lang='lat' dir='ltr'><strong>nomine</strong></span> <span class='ocrx_word' id='word_1_182' title='bbox 2163 1326 2286 1366; x_wconf 89' lang='lat' dir='ltr'><strong>meo</strong></span> <span class='ocrx_word' id='word_1_183' title='bbox 2337 1310 2602 1376; x_wconf 87' lang='lat' dir='ltr'><strong>dicentes,</strong></span> <span class='ocrx_word' id='word_1_184' title='bbox 2659 1311 2784 1381; x_wconf 89' lang='lat' dir='ltr'><strong>quia</strong></span> <span class='ocrx_word' id='word_1_185' title='bbox 2828 1327 2927 1383; x_wconf 91' lang='lat' dir='ltr'><strong>ego</strong></span> <span class='ocrx_word' id='word_1_186' title='bbox 2959 1328 3078 1368; x_wconf 91' lang='lat' dir='ltr'><strong>sum</strong></span> <span class='ocrx_word' id='word_1_187' title='bbox 3115 1313 3382 1382; x_wconf 88' lang='lat' dir='ltr'><strong>Christus,</strong></span> <span class='ocrx_word' id='word_1_188' title='bbox 3429 1322 3485 1371; x_wconf 89' lang='lat' dir='ltr'><strong>et</strong></span> 
     </span>
    </p>
   </div>
   <div class='ocr_carea' id='block_1_28' title="bbox 1890 1400 3486 1472">
    <p class='ocr_par' dir='ltr' id='par_1_28' title="bbox 1890 1400 3486 1472">
     <span class='ocr_line' id='line_1_28' title="bbox 1890 1400 3486 1472; baseline 0.003 -17"><span class='ocrx_word' id='word_1_189' title='bbox 1890 1401 2087 1456; x_wconf 90' lang='lat' dir='ltr'><strong>multos</strong></span> <span class='ocrx_word' id='word_1_190' title='bbox 2137 1401 2416 1466; x_wconf 88' lang='lat' dir='ltr'><strong>seduccnt,</strong></span> <span class='ocrx_word' id='word_1_191' title='bbox 2459 1408 2515 1455; x_wconf 91' lang='lat' dir='ltr'><strong>et</strong></span> <span class='ocrx_word' id='word_1_192' title='bbox 2543 1400 2747 1456; x_wconf 91' lang='lat' dir='ltr'><strong>dabunt</strong></span> <span class='ocrx_word' id='word_1_193' title='bbox 2785 1401 2960 1472; x_wconf 85' lang='lat' dir='ltr'><strong>signa,</strong></span> <span class='ocrx_word' id='word_1_194' title='bbox 3011 1403 3085 1456; x_wconf 88' lang='lat' dir='ltr'><strong>ita</strong></span> <span class='ocrx_word' id='word_1_195' title='bbox 3118 1413 3177 1457; x_wconf 91' lang='lat' dir='ltr'><strong>ut</strong></span> <span class='ocrx_word' id='word_1_196' title='bbox 3205 1405 3389 1470; x_wconf 88' lang='lat' dir='ltr'><strong>etiam,</strong></span> <span class='ocrx_word' id='word_1_197' title='bbox 3435 1405 3486 1460; x_wconf 93' lang='lat' dir='ltr'><strong>si</strong></span> 
     </span>
    </p>
   </div>
   <div class='ocr_carea' id='block_1_29' title="bbox 1889 1487 3478 1567">
    <p class='ocr_par' dir='ltr' id='par_1_29' title="bbox 1889 1487 3478 1567">
     <span class='ocr_line' id='line_1_29' title="bbox 1889 1487 3478 1567; baseline 0.004 -23"><span class='ocrx_word' id='word_1_198' title='bbox 1889 1487 2009 1545; x_wconf 82' lang='lat' dir='ltr'><strong>fieri</strong></span> <span class='ocrx_word' id='word_1_199' title='bbox 2045 1497 2244 1561; x_wconf 85' lang='lat' dir='ltr'><strong>potest,</strong></span> <span class='ocrx_word' id='word_1_200' title='bbox 2302 1490 2456 1546; x_wconf 87' lang='lat' dir='ltr'><strong>electi</strong></span> <span class='ocrx_word' id='word_1_201' title='bbox 2502 1491 2558 1545; x_wconf 93' lang='lat' dir='ltr'><strong>in</strong></span> <span class='ocrx_word' id='word_1_202' title='bbox 2597 1507 2838 1546; x_wconf 87' lang='lat' dir='ltr'><strong>errorem</strong></span> <span class='ocrx_word' id='word_1_203' title='bbox 2883 1493 3210 1565; x_wconf 82' lang='lat' dir='ltr'><strong>inducantur</strong></span> <span class='ocrx_word' id='word_1_204' title='bbox 3261 1494 3478 1567; x_wconf 81' lang='lat' dir='ltr'><strong>(Matth.</strong></span> 
     </span>
    </p>
   </div>
   <div class='ocr_carea' id='block_1_30' title="bbox 1886 1582 3479 1656">
    <p class='ocr_par' dir='ltr' id='par_1_30' title="bbox 1886 1582 3479 1656">
     <span class='ocr_line' id='line_1_30' title="bbox 1886 1582 3479 1656; baseline 0.005 -20"><span class='ocrx_word' id='word_1_205' title='bbox 1886 1584 2057 1655; x_wconf 74' lang='lat' dir='ltr'><strong>xxrv).</strong></span> <span class='ocrx_word' id='word_1_206' title='bbox 2099 1604 2115 1634; x_wconf 72' lang='grc' dir='ltr'><strong><em>ι</em></strong></span> <span class='ocrx_word' id='word_1_207' title='bbox 2173 1583 2241 1637; x_wconf 87' lang='grc' dir='ltr'><strong>Ει</strong></span> <span class='ocrx_word' id='word_1_208' title='bbox 2278 1601 2291 1637; x_wconf 92' lang='lat'><strong>:</strong></span> <span class='ocrx_word' id='word_1_209' title='bbox 2331 1603 2349 1635; x_wconf 74' lang='grc' dir='ltr'>ι</span> <span class='ocrx_word' id='word_1_210' title='bbox 2398 1582 2590 1639; x_wconf 84' lang='lat' dir='ltr'><strong>Videte</strong></span> <span class='ocrx_word' id='word_1_211' title='bbox 2629 1599 2695 1639; x_wconf 95' lang='lat' dir='ltr'><strong>ne</strong></span> <span class='ocrx_word' id='word_1_212' title='bbox 2744 1594 3040 1656; x_wconf 83' lang='lat' dir='ltr'><strong>graventur</strong></span> <span class='ocrx_word' id='word_1_213' title='bbox 3083 1588 3245 1642; x_wconf 90' lang='lat' dir='ltr'><strong>corda</strong></span> <span class='ocrx_word' id='word_1_214' title='bbox 3295 1599 3479 1645; x_wconf 87' lang='lat' dir='ltr'><strong>vestra</strong></span> 
     </span>
    </p>
   </div>
   <div class='ocr_carea' id='block_1_31' title="bbox 1888 1675 3482 1748">
    <p class='ocr_par' dir='ltr' id='par_1_31' title="bbox 1888 1675 3482 1748">
     <span class='ocr_line' id='line_1_31' title="bbox 1888 1675 3482 1748; baseline 0.003 -16"><span class='ocrx_word' id='word_1_215' title='bbox 1888 1676 2109 1746; x_wconf 89' lang='lat' dir='ltr'><strong>crapula</strong></span> <span class='ocrx_word' id='word_1_216' title='bbox 2132 1685 2224 1730; x_wconf 91' lang='lat' dir='ltr'><strong>aut</strong></span> <span class='ocrx_word' id='word_1_217' title='bbox 2249 1675 2512 1732; x_wconf 91' lang='lat' dir='ltr'><strong>ebrietate</strong></span> <span class='ocrx_word' id='word_1_218' title='bbox 2567 1675 2720 1748; x_wconf 87' lang='lat' dir='ltr'><strong>(Luc.</strong></span> <span class='ocrx_word' id='word_1_219' title='bbox 2774 1677 2910 1748; x_wconf 68' lang='lat' dir='ltr'><strong>xxx).</strong></span> <span class='ocrx_word' id='word_1_220' title='bbox 2958 1697 2976 1729; x_wconf 72' lang='grc' dir='ltr'><strong><em>ι</em></strong></span> <span class='ocrx_word' id='word_1_221' title='bbox 3027 1678 3094 1732; x_wconf 89' lang='lat' dir='ltr'><strong>Et</strong></span> <span class='ocrx_word' id='word_1_222' title='bbox 3140 1697 3206 1732; x_wconf 78' lang='grc' dir='ltr'><strong>ε(</strong></span> <span class='ocrx_word' id='word_1_223' title='bbox 3262 1678 3482 1736; x_wconf 89' lang='lat' dir='ltr'><strong>Similes</strong></span> 
     </span>
    </p>
   </div>
   <div class='ocr_carea' id='block_1_32' title="bbox 1890 1767 3483 1840">
    <p class='ocr_par' dir='ltr' id='par_1_32' title="bbox 1890 1767 3483 1840">
     <span class='ocr_line' id='line_1_32' title="bbox 1890 1767 3483 1840; baseline 0.004 -18"><span class='ocrx_word' id='word_1_224' title='bbox 1890 1777 2062 1822; x_wconf 89' lang='lat' dir='ltr'><strong>estote</strong></span> <span class='ocrx_word' id='word_1_225' title='bbox 2091 1769 2264 1823; x_wconf 90' lang='lat' dir='ltr'><strong>servis</strong></span> <span class='ocrx_word' id='word_1_226' title='bbox 2288 1768 2731 1838; x_wconf 85' lang='lat' dir='ltr'><strong>exspectantibus</strong></span> <span class='ocrx_word' id='word_1_227' title='bbox 2755 1767 3033 1822; x_wconf 89' lang='lat' dir='ltr'><strong>dominum</strong></span> <span class='ocrx_word' id='word_1_228' title='bbox 3063 1785 3239 1836; x_wconf 90' lang='lat' dir='ltr'><strong>suum,</strong></span> <span class='ocrx_word' id='word_1_229' title='bbox 3265 1773 3483 1840; x_wconf 83' lang='lat' dir='ltr'><strong>quando</strong></span> 
     </span>
    </p>
   </div>
   <div class='ocr_carea' id='block_1_33' title="bbox 185 1847 3484 1938">
    <p class='ocr_par' dir='ltr' id='par_1_33' title="bbox 185 1847 3484 1938">
     <span class='ocr_line' id='line_1_33' title="bbox 185 1847 3484 1938; baseline 0 -15"><span class='ocrx_word' id='word_1_230' title='bbox 185 1877 428 1933; x_wconf 82' lang='lat' dir='ltr'><strong>montes,</strong></span> <span class='ocrx_word' id='word_1_231' title='bbox 454 1877 509 1923; x_wconf 90' lang='lat' dir='ltr'><strong>et</strong></span> <span class='ocrx_word' id='word_1_232' title='bbox 533 1867 746 1923; x_wconf 78' lang='lat' dir='ltr'><strong>cultura</strong></span> <span class='ocrx_word' id='word_1_233' title='bbox 779 1867 1003 1923; x_wconf 88' lang='lat' dir='ltr'><strong>deorum</strong></span> <span class='ocrx_word' id='word_1_234' title='bbox 1041 1868 1095 1922; x_wconf 92' lang='lat' dir='ltr'><strong>in</strong></span> <span class='ocrx_word' id='word_1_235' title='bbox 1119 1867 1394 1923; x_wconf 82' lang='lat' dir='ltr'><strong>Creatoris</strong></span> <span class='ocrx_word' id='word_1_236' title='bbox 1421 1867 1635 1924; x_wconf 90' lang='lat' dir='ltr'><strong>laudem</strong></span> <span class='ocrx_word' id='word_1_237' title='bbox 1657 1884 1790 1938; x_wconf 89' lang='lat' dir='ltr'><strong>quo—</strong></span> <span class='ocrx_word' id='word_1_238' title='bbox 1813 1847 1862 1908; x_wconf 87' lang='grc' dir='ltr'><strong>Β</strong></span> <span class='ocrx_word' id='word_1_239' title='bbox 1890 1869 2199 1916; x_wconf 76' lang='lat' dir='ltr'><strong>revertatur</strong></span> <span class='ocrx_word' id='word_1_240' title='bbox 2232 1878 2263 1916; x_wconf 87' lang='lat' dir='ltr'><strong>a</strong></span> <span class='ocrx_word' id='word_1_241' title='bbox 2289 1860 2492 1932; x_wconf 78' lang='lat' dir='ltr'><strong>nuptiis</strong></span> <span class='ocrx_word' id='word_1_242' title='bbox 2539 1859 2692 1932; x_wconf 79' lang='lat' dir='ltr'><strong>(Luc-</strong></span> <span class='ocrx_word' id='word_1_243' title='bbox 2727 1861 2848 1932; x_wconf 76' lang='lat' dir='ltr'><strong>xu).</strong></span> <span class='ocrx_word' id='word_1_244' title='bbox 2887 1880 2907 1912; x_wconf 68' lang='grc' dir='ltr'>υ</span> <span class='ocrx_word' id='word_1_245' title='bbox 2950 1859 3026 1915; x_wconf 85' lang='lat' dir='ltr'><strong>Ne</strong></span> <span class='ocrx_word' id='word_1_246' title='bbox 3056 1862 3155 1916; x_wconf 87' lang='lat' dir='ltr'><strong>sub</strong></span> <span class='ocrx_word' id='word_1_247' title='bbox 3179 1863 3357 1932; x_wconf 88' lang='lat' dir='ltr'><strong>specie</strong></span> <span class='ocrx_word' id='word_1_248' title='bbox 3388 1865 3484 1919; x_wconf 87' lang='lat' dir='ltr'><strong>do-</strong></span> 
     </span>
    </p>
   </div>
   <div class='ocr_carea' id='block_1_34' title="bbox 186 1956 1786 2032">
    <p class='ocr_par' dir='ltr' id='par_1_34' title="bbox 186 1956 1786 2032">
     <span class='ocr_line' id='line_1_34' title="bbox 186 1956 1786 2032; baseline -0.001 -19"><span class='ocrx_word' id='word_1_249' title='bbox 186 1959 327 2014; x_wconf 87' lang='lat' dir='ltr'><strong>tidie</strong></span> <span class='ocrx_word' id='word_1_250' title='bbox 357 1960 606 2032; x_wconf 79' lang='lat' dir='ltr'><strong>vertitur.</strong></span> <span class='ocrx_word' id='word_1_251' title='bbox 633 1958 869 2027; x_wconf 82' lang='lat' dir='ltr'><strong>Quaeque</strong></span> <span class='ocrx_word' id='word_1_252' title='bbox 900 1958 954 2012; x_wconf 92' lang='lat' dir='ltr'><strong>in</strong></span> <span class='ocrx_word' id='word_1_253' title='bbox 985 1956 1090 2013; x_wconf 84' lang='lat' dir='ltr'><strong>ﬁde</strong></span> <span class='ocrx_word' id='word_1_254' title='bbox 1112 1957 1459 2014; x_wconf 87' lang='lat' dir='ltr'><strong>velocitatem</strong></span> <span class='ocrx_word' id='word_1_255' title='bbox 1483 1959 1565 2012; x_wconf 91' lang='lat' dir='ltr'><strong>sui</strong></span> <span class='ocrx_word' id='word_1_256' title='bbox 1594 1973 1786 2014; x_wconf 88' lang='lat' dir='ltr'><strong>cursus</strong></span> 
     </span>
    </p>
   </div>
   <div class='ocr_carea' id='block_1_35' title="bbox 185 2052 1788 2122">
    <p class='ocr_par' dir='ltr' id='par_1_35' title="bbox 185 2052 1788 2122">
     <span class='ocr_line' id='line_1_35' title="bbox 185 2052 1788 2122; baseline -0.002 -12"><span class='ocrx_word' id='word_1_257' title='bbox 185 2054 507 2118; x_wconf 88' lang='lat' dir='ltr'><strong>ostendunt,</strong></span> <span class='ocrx_word' id='word_1_258' title='bbox 548 2062 604 2108; x_wconf 91' lang='lat' dir='ltr'><strong>et</strong></span> <span class='ocrx_word' id='word_1_259' title='bbox 633 2052 884 2108; x_wconf 89' lang='lat' dir='ltr'><strong>acumine</strong></span> <span class='ocrx_word' id='word_1_260' title='bbox 925 2067 1118 2108; x_wconf 90' lang='lat' dir='ltr'><strong>sensus</strong></span> <span class='ocrx_word' id='word_1_261' title='bbox 1161 2067 1312 2108; x_wconf 91' lang='lat' dir='ltr'><strong>more</strong></span> <span class='ocrx_word' id='word_1_262' title='bbox 1341 2068 1660 2122; x_wconf 88' lang='lat' dir='ltr'><strong>caprearum</strong></span> <span class='ocrx_word' id='word_1_263' title='bbox 1706 2053 1788 2107; x_wconf 91' lang='lat' dir='ltr'><strong>in-</strong></span> 
     </span>
    </p>
   </div>
   <div class='ocr_carea' id='block_1_36' title="bbox 189 2143 1790 2215">
    <p class='ocr_par' dir='ltr' id='par_1_36' title="bbox 189 2143 1790 2215">
     <span class='ocr_line' id='line_1_36' title="bbox 189 2143 1790 2215; baseline 0 -15"><span class='ocrx_word' id='word_1_264' title='bbox 189 2145 366 2200; x_wconf 85' lang='lat' dir='ltr'><strong>sidias</strong></span> <span class='ocrx_word' id='word_1_265' title='bbox 386 2145 819 2200; x_wconf 87' lang='lat' dir='ltr'><strong>adversariorum</strong></span> <span class='ocrx_word' id='word_1_266' title='bbox 843 2159 873 2199; x_wconf 91' lang='lat' dir='ltr'><strong>a</strong></span> <span class='ocrx_word' id='word_1_267' title='bbox 897 2143 1054 2213; x_wconf 85' lang='lat' dir='ltr'><strong>longe</strong></span> <span class='ocrx_word' id='word_1_268' title='bbox 1079 2144 1432 2215; x_wconf 89' lang='lat' dir='ltr'><strong>prospiciunt.</strong></span> <span class='ocrx_word' id='word_1_269' title='bbox 1459 2144 1790 2214; x_wconf 89' lang='lat' dir='ltr'><strong>Caprearum</strong></span> 
     </span>
    </p>
   </div>
   <div class='ocr_carea' id='block_1_37' title="bbox 190 2222 1787 2309">
    <p class='ocr_par' dir='ltr' id='par_1_37' title="bbox 190 2222 1787 2309">
     <span class='ocr_line' id='line_1_37' title="bbox 190 2222 1787 2309; baseline 0.002 -17"><span class='ocrx_word' id='word_1_270' title='bbox 190 2247 391 2293; x_wconf 85' lang='lat' dir='ltr'><strong>natura</strong></span> <span class='ocrx_word' id='word_1_271' title='bbox 439 2222 522 2294; x_wconf 86' lang='lat' dir='ltr'><strong>est</strong></span> <span class='ocrx_word' id='word_1_272' title='bbox 557 2239 790 2309; x_wconf 90' lang='lat' dir='ltr'><strong>primam</strong></span> <span class='ocrx_word' id='word_1_273' title='bbox 844 2239 1087 2308; x_wconf 90' lang='lat' dir='ltr'><strong>corporis</strong></span> <span class='ocrx_word' id='word_1_274' title='bbox 1141 2248 1354 2308; x_wconf 84' lang='lat' dir='ltr'><strong>partem</strong></span> <span class='ocrx_word' id='word_1_275' title='bbox 1395 2240 1787 2307; x_wconf 87' lang='lat' dir='ltr'><strong>sublimiorem,</strong></span> 
     </span>
    </p>
   </div>
   <div class='ocr_carea' id='block_1_38' title="bbox 193 2325 1790 2399">
    <p class='ocr_par' dir='ltr' id='par_1_38' title="bbox 193 2325 1790 2399">
     <span class='ocr_line' id='line_1_38' title="bbox 193 2325 1790 2399; baseline 0.003 -17"><span class='ocrx_word' id='word_1_276' title='bbox 193 2325 543 2382; x_wconf 81' lang='lat' dir='ltr'><strong>humiliorem</strong></span> <span class='ocrx_word' id='word_1_277' title='bbox 579 2329 936 2399; x_wconf 88' lang='lat' dir='ltr'><strong>posteriorem</strong></span> <span class='ocrx_word' id='word_1_278' title='bbox 997 2329 1279 2398; x_wconf 89' lang='lat' dir='ltr'><strong>probatam</strong></span> <span class='ocrx_word' id='word_1_279' title='bbox 1320 2331 1538 2386; x_wconf 91' lang='lat' dir='ltr'><strong>habere.</strong></span> <span class='ocrx_word' id='word_1_280' title='bbox 1583 2333 1647 2386; x_wconf 78' lang='lat' dir='ltr'><strong>Et</strong></span> <span class='ocrx_word' id='word_1_281' title='bbox 1685 2332 1790 2387; x_wconf 88' lang='lat' dir='ltr'><strong>hac</strong></span> 
     </span>
    </p>
   </div>
   <div class='ocr_carea' id='block_1_39' title="bbox 191 2416 1785 2489">
    <p class='ocr_par' dir='ltr' id='par_1_39' title="bbox 191 2416 1785 2489">
     <span class='ocr_line' id='line_1_39' title="bbox 191 2416 1785 2489; baseline 0.004 -18"><span class='ocrx_word' id='word_1_282' title='bbox 191 2416 264 2472; x_wconf 90' lang='lat' dir='ltr'><strong>de</strong></span> <span class='ocrx_word' id='word_1_283' title='bbox 303 2433 467 2474; x_wconf 91' lang='lat' dir='ltr'><strong>causa</strong></span> <span class='ocrx_word' id='word_1_284' title='bbox 516 2434 730 2489; x_wconf 87' lang='lat' dir='ltr'><strong>semper</strong></span> <span class='ocrx_word' id='word_1_285' title='bbox 767 2434 981 2474; x_wconf 91' lang='lat' dir='ltr'><strong>sursum</strong></span> <span class='ocrx_word' id='word_1_286' title='bbox 1041 2421 1384 2477; x_wconf 86' lang='lat' dir='ltr'><strong>ascendendo</strong></span> <span class='ocrx_word' id='word_1_287' title='bbox 1437 2430 1677 2478; x_wconf 86' lang='lat' dir='ltr'><strong>montem</strong></span> <span class='ocrx_word' id='word_1_288' title='bbox 1730 2423 1785 2478; x_wconf 91' lang='lat' dir='ltr'><strong>in</strong></span> 
     </span>
    </p>
   </div>
   <div class='ocr_carea' id='block_1_40' title="bbox 193 2508 1788 2580">
    <p class='ocr_par' dir='ltr' id='par_1_40' title="bbox 193 2508 1788 2580">
     <span class='ocr_line' id='line_1_40' title="bbox 193 2508 1788 2580; baseline 0.005 -19"><span class='ocrx_word' id='word_1_289' title='bbox 193 2520 361 2561; x_wconf 89' lang='lat' dir='ltr'><strong>cursu</strong></span> <span class='ocrx_word' id='word_1_290' title='bbox 400 2508 638 2564; x_wconf 79' lang='lat' dir='ltr'><strong>velocior</strong></span> <span class='ocrx_word' id='word_1_291' title='bbox 685 2509 986 2574; x_wconf 86' lang='lat' dir='ltr'><strong>invenitur,</strong></span> <span class='ocrx_word' id='word_1_292' title='bbox 1057 2525 1164 2580; x_wconf 93' lang='lat' dir='ltr'><strong>quo</strong></span> <span class='ocrx_word' id='word_1_293' title='bbox 1206 2511 1399 2567; x_wconf 90' lang='lat' dir='ltr'><strong>itinere</strong></span> <span class='ocrx_word' id='word_1_294' title='bbox 1441 2513 1788 2569; x_wconf 88' lang='lat' dir='ltr'><strong>adversarius</strong></span> 
     </span>
    </p>
   </div>
   <div class='ocr_carea' id='block_1_41' title="bbox 192 2597 1785 2666">
    <p class='ocr_par' dir='ltr' id='par_1_41' title="bbox 192 2597 1785 2666">
     <span class='ocr_line' id='line_1_41' title="bbox 192 2597 1785 2666; baseline 0.005 -17"><span class='ocrx_word' id='word_1_295' title='bbox 192 2597 378 2651; x_wconf 88' lang='lat' dir='ltr'><strong>minor</strong></span> <span class='ocrx_word' id='word_1_296' title='bbox 410 2604 494 2652; x_wconf 91' lang='lat' dir='ltr'><strong>est</strong></span> <span class='ocrx_word' id='word_1_297' title='bbox 523 2597 873 2666; x_wconf 87' lang='lat' dir='ltr'><strong>insequendo.</strong></span> <span class='ocrx_word' id='word_1_298' title='bbox 909 2597 1068 2654; x_wconf 90' lang='lat' dir='ltr'><strong>Cervi</strong></span> <span class='ocrx_word' id='word_1_299' title='bbox 1106 2609 1287 2655; x_wconf 88' lang='lat' dir='ltr'><strong>autem</strong></span> <span class='ocrx_word' id='word_1_300' title='bbox 1327 2601 1578 2658; x_wconf 91' lang='lat' dir='ltr'><strong>videntur</strong></span> <span class='ocrx_word' id='word_1_301' title='bbox 1624 2603 1785 2657; x_wconf 84' lang='lat' dir='ltr'><strong>intel-</strong></span> 
     </span>
    </p>
   </div>
   <div class='ocr_carea' id='block_1_42' title="bbox 193 2687 1790 2760">
    <p class='ocr_par' dir='ltr' id='par_1_42' title="bbox 193 2687 1790 2760">
     <span class='ocr_line' id='line_1_42' title="bbox 193 2687 1790 2760; baseline 0.005 -18"><span class='ocrx_word' id='word_1_302' title='bbox 193 2687 311 2760; x_wconf 84' lang='lat' dir='ltr'><strong>ligi,</strong></span> <span class='ocrx_word' id='word_1_303' title='bbox 359 2689 452 2758; x_wconf 89' lang='lat' dir='ltr'><strong>qui</strong></span> <span class='ocrx_word' id='word_1_304' title='bbox 481 2688 534 2742; x_wconf 92' lang='lat' dir='ltr'><strong>in</strong></span> <span class='ocrx_word' id='word_1_305' title='bbox 561 2689 676 2759; x_wconf 90' lang='lat' dir='ltr'><strong>ipsa</strong></span> <span class='ocrx_word' id='word_1_306' title='bbox 701 2689 1055 2760; x_wconf 91' lang='lat' dir='ltr'><strong>philosophia</strong></span> <span class='ocrx_word' id='word_1_307' title='bbox 1089 2707 1199 2747; x_wconf 89' lang='lat' dir='ltr'><strong>sua</strong></span> <span class='ocrx_word' id='word_1_308' title='bbox 1225 2692 1510 2748; x_wconf 87' lang='lat' dir='ltr'><strong>velocitate</strong></span> <span class='ocrx_word' id='word_1_309' title='bbox 1531 2693 1670 2748; x_wconf 77' lang='lat' dir='ltr'><strong>doct:</strong></span> <span class='ocrx_word' id='word_1_310' title='bbox 1687 2694 1790 2750; x_wconf 89' lang='lat' dir='ltr'><strong>ina</strong></span> 
     </span>
    </p>
   </div>
   <div class='ocr_carea' id='block_1_43' title="bbox 197 2781 1786 2852">
    <p class='ocr_par' dir='ltr' id='par_1_43' title="bbox 197 2781 1786 2852">
     <span class='ocr_line' id='line_1_43' title="bbox 197 2781 1786 2852; baseline 0.003 -16"><span class='ocrx_word' id='word_1_311' title='bbox 197 2797 306 2836; x_wconf 89' lang='lat' dir='ltr'><strong>non</strong></span> <span class='ocrx_word' id='word_1_312' title='bbox 352 2781 574 2847; x_wconf 90' lang='lat' dir='ltr'><strong>multos,</strong></span> <span class='ocrx_word' id='word_1_313' title='bbox 611 2781 705 2838; x_wconf 90' lang='lat' dir='ltr'><strong>sed</strong></span> <span class='ocrx_word' id='word_1_314' title='bbox 752 2799 918 2837; x_wconf 91' lang='lat' dir='ltr'><strong>unum</strong></span> <span class='ocrx_word' id='word_1_315' title='bbox 949 2783 1119 2839; x_wconf 90' lang='lat' dir='ltr'><strong>Deum</strong></span> <span class='ocrx_word' id='word_1_316' title='bbox 1180 2784 1523 2852; x_wconf 87' lang='lat' dir='ltr'><strong>invisibilem,</strong></span> <span class='ocrx_word' id='word_1_317' title='bbox 1556 2787 1786 2841; x_wconf 81' lang='lat' dir='ltr'><strong>immen-</strong></span> 
     </span>
    </p>
   </div>
   <div class='ocr_carea' id='block_1_44' title="bbox 195 2871 1787 2944">
    <p class='ocr_par' dir='ltr' id='par_1_44' title="bbox 195 2871 1787 2944">
     <span class='ocr_line' id='line_1_44' title="bbox 195 2871 1787 2944; baseline 0.003 -19"><span class='ocrx_word' id='word_1_318' title='bbox 195 2887 341 2936; x_wconf 87' lang='lat' dir='ltr'><strong>sum,</strong></span> <span class='ocrx_word' id='word_1_319' title='bbox 370 2871 825 2938; x_wconf 67' lang='lat' dir='ltr'><strong>inaestimabilem,</strong></span> <span class='ocrx_word' id='word_1_320' title='bbox 861 2875 1211 2944; x_wconf 89' lang='lat' dir='ltr'><strong>omniumque</strong></span> <span class='ocrx_word' id='word_1_321' title='bbox 1233 2875 1568 2943; x_wconf 87' lang='lat' dir='ltr'><strong>Creatorem,</strong></span> <span class='ocrx_word' id='word_1_322' title='bbox 1617 2885 1787 2932; x_wconf 91' lang='lat' dir='ltr'><strong>totum</strong></span> 
     </span>
    </p>
   </div>
   <div class='ocr_carea' id='block_1_45' title="bbox 196 2962 1789 3037">
    <p class='ocr_par' dir='ltr' id='par_1_45' title="bbox 196 2962 1789 3037">
     <span class='ocr_line' id='line_1_45' title="bbox 196 2962 1789 3037; baseline 0.003 -19"><span class='ocrx_word' id='word_1_323' title='bbox 196 2962 399 3032; x_wconf 90' lang='lat' dir='ltr'><strong>ubique</strong></span> <span class='ocrx_word' id='word_1_324' title='bbox 453 2965 713 3017; x_wconf 89' lang='lat' dir='ltr'><strong>mundum</strong></span> <span class='ocrx_word' id='word_1_325' title='bbox 743 2964 1054 3034; x_wconf 90' lang='lat' dir='ltr'><strong>implentem</strong></span> <span class='ocrx_word' id='word_1_326' title='bbox 1115 2963 1346 3021; x_wconf 81' lang='lat' dir='ltr'><strong>confessi</strong></span> <span class='ocrx_word' id='word_1_327' title='bbox 1394 2975 1542 3032; x_wconf 88' lang='lat' dir='ltr'><strong>sunt,</strong></span> <span class='ocrx_word' id='word_1_328' title='bbox 1601 2967 1692 3037; x_wconf 89' lang='lat' dir='ltr'><strong>qui</strong></span> <span class='ocrx_word' id='word_1_329' title='bbox 1733 2974 1789 3022; x_wconf 91' lang='lat' dir='ltr'><strong>et</strong></span> 
     </span>
    </p>
   </div>
   <div class='ocr_carea' id='block_1_46' title="bbox 195 3053 1788 3126">
    <p class='ocr_par' dir='ltr' id='par_1_46' title="bbox 195 3053 1788 3126">
     <span class='ocr_line' id='line_1_46' title="bbox 195 3053 1788 3126; baseline 0.003 -17"><span class='ocrx_word' id='word_1_330' title='bbox 195 3053 300 3125; x_wconf 89' lang='lat' dir='ltr'><strong>ipsi</strong></span> <span class='ocrx_word' id='word_1_331' title='bbox 350 3071 380 3110; x_wconf 90' lang='lat' dir='ltr'><strong>a</strong></span> <span class='ocrx_word' id='word_1_332' title='bbox 415 3057 616 3111; x_wconf 92' lang='lat' dir='ltr'><strong>sanctis</strong></span> <span class='ocrx_word' id='word_1_333' title='bbox 663 3056 974 3112; x_wconf 90' lang='lat' dir='ltr'><strong>doctoribus</strong></span> <span class='ocrx_word' id='word_1_334' title='bbox 1023 3064 1138 3112; x_wconf 92' lang='lat' dir='ltr'><strong>rete</strong></span> <span class='ocrx_word' id='word_1_335' title='bbox 1171 3059 1572 3126; x_wconf 72' lang='lat' dir='ltr'><strong>praedicationis</strong></span> <span class='ocrx_word' id='word_1_336' title='bbox 1629 3059 1683 3112; x_wconf 92' lang='lat' dir='ltr'><strong>in</strong></span> <span class='ocrx_word' id='word_1_337' title='bbox 1713 3059 1788 3114; x_wconf 86' lang='lat' dir='ltr'><strong>si-</strong></span> 
     </span>
    </p>
   </div>
   <div class='ocr_carea' id='block_1_47' title="bbox 196 3139 1783 3220">
    <p class='ocr_par' dir='ltr' id='par_1_47' title="bbox 196 3139 1783 3220">
     <span class='ocr_line' id='line_1_47' title="bbox 196 3139 1783 3220; baseline 0.001 -16"><span class='ocrx_word' id='word_1_338' title='bbox 196 3164 326 3204; x_wconf 89' lang='lat' dir='ltr'><strong>num</strong></span> <span class='ocrx_word' id='word_1_339' title='bbox 361 3148 626 3204; x_wconf 12' lang='lat' dir='ltr'><strong>Ecclesiae</strong></span> <span class='ocrx_word' id='word_1_340' title='bbox 666 3139 807 3220; x_wconf 82' lang='lat' dir='ltr'><strong>capti</strong></span> <span class='ocrx_word' id='word_1_341' title='bbox 836 3157 979 3204; x_wconf 89' lang='lat' dir='ltr'><strong>sunt.</strong></span> <span class='ocrx_word' id='word_1_342' title='bbox 1038 3148 1144 3218; x_wconf 86' lang='lat' dir='ltr'><strong>Qui</strong></span> <span class='ocrx_word' id='word_1_343' title='bbox 1187 3151 1241 3204; x_wconf 92' lang='lat' dir='ltr'><strong>in</strong></span> <span class='ocrx_word' id='word_1_344' title='bbox 1267 3150 1454 3207; x_wconf 90' lang='lat' dir='ltr'><strong>arduis</strong></span> <span class='ocrx_word' id='word_1_345' title='bbox 1501 3152 1626 3206; x_wconf 83' lang='lat' dir='ltr'><strong>vita</strong></span> <span class='ocrx_word' id='word_1_346' title='bbox 1665 3167 1783 3206; x_wconf 87' lang='lat' dir='ltr'><strong>mo-</strong></span> 
     </span>
    </p>
   </div>
   <div class='ocr_carea' id='block_1_48' title="bbox 1891 1951 3486 2023">
    <p class='ocr_par' dir='ltr' id='par_1_48' title="bbox 1891 1951 3486 2023">
     <span class='ocr_line' id='line_1_48' title="bbox 1891 1951 3486 2023; baseline 0 -15"><span class='ocrx_word' id='word_1_347' title='bbox 1891 1961 2102 2009; x_wconf 90' lang='lat' dir='ltr'><strong>ctorum</strong></span> <span class='ocrx_word' id='word_1_348' title='bbox 2134 1953 2439 2023; x_wconf 88' lang='lat' dir='ltr'><strong>decipiatur</strong></span> <span class='ocrx_word' id='word_1_349' title='bbox 2465 1951 2707 2006; x_wconf 87' lang='lat' dir='ltr'><strong>Ecclesia</strong></span> <span class='ocrx_word' id='word_1_350' title='bbox 2753 1952 3102 2022; x_wconf 90' lang='lat' dir='ltr'><strong>requiescens</strong></span> <span class='ocrx_word' id='word_1_351' title='bbox 3135 1953 3188 2007; x_wconf 86' lang='lat' dir='ltr'><strong>iu</strong></span> <span class='ocrx_word' id='word_1_352' title='bbox 3224 1954 3486 2023; x_wconf 80' lang='lat' dir='ltr'><strong>amplexi-</strong></span> 
     </span>
    </p>
   </div>
   <div class='ocr_carea' id='block_1_49' title="bbox 1889 2043 3481 2116">
    <p class='ocr_par' dir='ltr' id='par_1_49' title="bbox 1889 2043 3481 2116">
     <span class='ocr_line' id='line_1_49' title="bbox 1889 2043 3481 2116; baseline 0.002 -18"><span class='ocrx_word' id='word_1_353' title='bbox 1889 2043 1990 2100; x_wconf 90' lang='lat' dir='ltr'><strong>bus</strong></span> <span class='ocrx_word' id='word_1_354' title='bbox 2018 2046 2224 2116; x_wconf 82' lang='lat' dir='ltr'><strong>Sponsi.</strong></span> <span class='ocrx_word' id='word_1_355' title='bbox 2284 2045 2351 2100; x_wconf 91' lang='lat' dir='ltr'><strong>Et</strong></span> <span class='ocrx_word' id='word_1_356' title='bbox 2377 2060 2445 2100; x_wconf 93' lang='lat' dir='ltr'><strong>ne</strong></span> <span class='ocrx_word' id='word_1_357' title='bbox 2475 2045 2588 2100; x_wconf 90' lang='lat' dir='ltr'><strong>otio</strong></span> <span class='ocrx_word' id='word_1_358' title='bbox 2631 2054 2754 2116; x_wconf 90' lang='lat' dir='ltr'><strong>post</strong></span> <span class='ocrx_word' id='word_1_359' title='bbox 2782 2045 2997 2101; x_wconf 90' lang='lat' dir='ltr'><strong>labores</strong></span> <span class='ocrx_word' id='word_1_360' title='bbox 3043 2053 3340 2116; x_wconf 86' lang='lat' dir='ltr'><strong>torpescat,</strong></span> <span class='ocrx_word' id='word_1_361' title='bbox 3386 2054 3481 2102; x_wconf 90' lang='lat' dir='ltr'><strong>aut</strong></span> 
     </span>
    </p>
   </div>
   <div class='ocr_carea' id='block_1_50' title="bbox 1891 2134 3476 2207">
    <p class='ocr_par' dir='ltr' id='par_1_50' title="bbox 1891 2134 3476 2207">
     <span class='ocr_line' id='line_1_50' title="bbox 1891 2134 3476 2207; baseline 0.001 -17"><span class='ocrx_word' id='word_1_362' title='bbox 1891 2134 2100 2190; x_wconf 90' lang='lat' dir='ltr'><strong>deliciis</strong></span> <span class='ocrx_word' id='word_1_363' title='bbox 2133 2135 2459 2202; x_wconf 88' lang='lat' dir='ltr'><strong>resolvatur,</strong></span> <span class='ocrx_word' id='word_1_364' title='bbox 2505 2135 2561 2190; x_wconf 92' lang='lat' dir='ltr'><strong>in</strong></span> <span class='ocrx_word' id='word_1_365' title='bbox 2590 2135 2882 2207; x_wconf 77' lang='lat' dir='ltr'><strong>Evangelia</strong></span> <span class='ocrx_word' id='word_1_366' title='bbox 2917 2136 3099 2190; x_wconf 89' lang='lat' dir='ltr'><strong>taliter</strong></span> <span class='ocrx_word' id='word_1_367' title='bbox 3134 2136 3476 2192; x_wconf 87' lang='lat' dir='ltr'><strong>admonetur.</strong></span> 
     </span>
    </p>
   </div>
   <div class='ocr_carea' id='block_1_51' title="bbox 1893 2225 3483 2297">
    <p class='ocr_par' dir='ltr' id='par_1_51' title="bbox 1893 2225 3483 2297">
     <span class='ocr_line' id='line_1_51' title="bbox 1893 2225 3483 2297; baseline 0.002 -16"><span class='ocrx_word' id='word_1_368' title='bbox 1893 2225 1998 2281; x_wconf 88' lang='lat' dir='ltr'><strong>Sed</strong></span> <span class='ocrx_word' id='word_1_369' title='bbox 2031 2225 2082 2280; x_wconf 94' lang='lat' dir='ltr'><strong>in</strong></span> <span class='ocrx_word' id='word_1_370' title='bbox 2107 2225 2220 2295; x_wconf 91' lang='lat' dir='ltr'><strong>ipsa</strong></span> <span class='ocrx_word' id='word_1_371' title='bbox 2251 2225 2562 2280; x_wconf 85' lang='lat' dir='ltr'><strong>securitatis</strong></span> <span class='ocrx_word' id='word_1_372' title='bbox 2590 2225 2776 2296; x_wconf 90' lang='lat' dir='ltr'><strong>requie</strong></span> <span class='ocrx_word' id='word_1_373' title='bbox 2799 2225 3026 2281; x_wconf 88' lang='lat' dir='ltr'><strong>sollicita</strong></span> <span class='ocrx_word' id='word_1_374' title='bbox 3055 2241 3272 2297; x_wconf 89' lang='lat' dir='ltr'><strong>semper</strong></span> <span class='ocrx_word' id='word_1_375' title='bbox 3292 2240 3483 2284; x_wconf 88' lang='lat' dir='ltr'><strong>aurem</strong></span> 
     </span>
    </p>
   </div>
   <div class='ocr_carea' id='block_1_52' title="bbox 1892 2317 3482 2390">
    <p class='ocr_par' dir='ltr' id='par_1_52' title="bbox 1892 2317 3482 2390">
     <span class='ocr_line' id='line_1_52' title="bbox 1892 2317 3482 2390; baseline -0.001 -14"><span class='ocrx_word' id='word_1_376' title='bbox 1892 2321 2070 2376; x_wconf 88' lang='lat' dir='ltr'><strong>cordis</strong></span> <span class='ocrx_word' id='word_1_377' title='bbox 2090 2318 2154 2372; x_wconf 92' lang='lat' dir='ltr'><strong>ad</strong></span> <span class='ocrx_word' id='word_1_378' title='bbox 2181 2333 2366 2374; x_wconf 91' lang='lat' dir='ltr'><strong>vocem</strong></span> <span class='ocrx_word' id='word_1_379' title='bbox 2396 2317 2596 2374; x_wconf 87' lang='lat' dir='ltr'><strong>Christi</strong></span> <span class='ocrx_word' id='word_1_380' title='bbox 2619 2319 2881 2388; x_wconf 87' lang='lat' dir='ltr'><strong>prabere,</strong></span> <span class='ocrx_word' id='word_1_381' title='bbox 2915 2320 3018 2376; x_wconf 89' lang='lat' dir='ltr'><strong>hoc</strong></span> <span class='ocrx_word' id='word_1_382' title='bbox 3041 2329 3127 2375; x_wconf 89' lang='lat' dir='ltr'><strong>est</strong></span> <span class='ocrx_word' id='word_1_383' title='bbox 3154 2320 3206 2374; x_wconf 94' lang='lat' dir='ltr'><strong>in</strong></span> <span class='ocrx_word' id='word_1_384' title='bbox 3232 2318 3482 2390; x_wconf 83' lang='lat' dir='ltr'><strong>Scriptu-</strong></span> 
     </span>
    </p>
   </div>
   <div class='ocr_carea' id='block_1_53' title="bbox 1891 2411 3474 2482">
    <p class='ocr_par' dir='ltr' id='par_1_53' title="bbox 1891 2411 3474 2482">
     <span class='ocr_line' id='line_1_53' title="bbox 1891 2411 3474 2482; baseline -0.002 -13"><span class='ocrx_word' id='word_1_385' title='bbox 1891 2413 1970 2469; x_wconf 85' lang='lat' dir='ltr'><strong>ris</strong></span> <span class='ocrx_word' id='word_1_386' title='bbox 1992 2412 2208 2476; x_wconf 89' lang='lat' dir='ltr'><strong>divinis,</strong></span> <span class='ocrx_word' id='word_1_387' title='bbox 2231 2421 2286 2467; x_wconf 83' lang='lat' dir='ltr'><strong>et</strong></span> <span class='ocrx_word' id='word_1_388' title='bbox 2313 2412 2543 2467; x_wconf 89' lang='lat' dir='ltr'><strong>assidua</strong></span> <span class='ocrx_word' id='word_1_389' title='bbox 2572 2411 2807 2468; x_wconf 88' lang='lat' dir='ltr'><strong>orationi</strong></span> <span class='ocrx_word' id='word_1_390' title='bbox 2835 2427 3058 2482; x_wconf 82' lang='lat' dir='ltr'><strong>Operam</strong></span> <span class='ocrx_word' id='word_1_391' title='bbox 3085 2412 3218 2467; x_wconf 87' lang='lat' dir='ltr'><strong>dare</strong></span> <span class='ocrx_word' id='word_1_392' title='bbox 3239 2411 3474 2467; x_wconf 88' lang='lat' dir='ltr'><strong>studeat.</strong></span> 
     </span>
    </p>
   </div>
   <div class='ocr_carea' id='block_1_54' title="bbox 1891 2501 3488 2574">
    <p class='ocr_par' dir='ltr' id='par_1_54' title="bbox 1891 2501 3488 2574">
     <span class='ocr_line' id='line_1_54' title="bbox 1891 2501 3488 2574; baseline 0.001 -16"><span class='ocrx_word' id='word_1_393' title='bbox 1891 2503 2178 2558; x_wconf 89' lang='lat' dir='ltr'><strong>Monentur</strong></span> <span class='ocrx_word' id='word_1_394' title='bbox 2221 2519 2352 2574; x_wconf 90' lang='lat' dir='ltr'><strong>ergo</strong></span> <span class='ocrx_word' id='word_1_395' title='bbox 2399 2517 2500 2574; x_wconf 89' lang='lat' dir='ltr'><strong>per</strong></span> <span class='ocrx_word' id='word_1_396' title='bbox 2527 2503 2644 2558; x_wconf 86' lang='lat' dir='ltr'><strong>hac</strong></span> <span class='ocrx_word' id='word_1_397' title='bbox 2679 2504 2772 2574; x_wconf 92' lang='lat' dir='ltr'><strong>qui</strong></span> <span class='ocrx_word' id='word_1_398' title='bbox 2810 2512 3051 2574; x_wconf 84' lang='lat' dir='ltr'><strong>prasunt</strong></span> <span class='ocrx_word' id='word_1_399' title='bbox 3099 2503 3297 2574; x_wconf 88' lang='lat' dir='ltr'><strong>populo</strong></span> <span class='ocrx_word' id='word_1_400' title='bbox 3327 2501 3488 2560; x_wconf 77' lang='lat' dir='ltr'><strong>Chri-</strong></span> 
     </span>
    </p>
   </div>
   <div class='ocr_carea' id='block_1_55' title="bbox 1891 2595 3485 2666">
    <p class='ocr_par' dir='ltr' id='par_1_55' title="bbox 1891 2595 3485 2666">
     <span class='ocr_line' id='line_1_55' title="bbox 1891 2595 3485 2666; baseline 0 -16"><span class='ocrx_word' id='word_1_401' title='bbox 1891 2596 2068 2651; x_wconf 89' lang='lat' dir='ltr'><strong>stiano</strong></span> <span class='ocrx_word' id='word_1_402' title='bbox 2113 2605 2172 2651; x_wconf 90' lang='lat' dir='ltr'><strong>ut</strong></span> <span class='ocrx_word' id='word_1_403' title='bbox 2197 2597 2315 2651; x_wconf 90' lang='lat' dir='ltr'><strong>sine</strong></span> <span class='ocrx_word' id='word_1_404' title='bbox 2344 2595 2749 2652; x_wconf 87' lang='lat' dir='ltr'><strong>intermissione</strong></span> <span class='ocrx_word' id='word_1_405' title='bbox 2794 2596 3114 2650; x_wconf 90' lang='lat' dir='ltr'><strong>annuntient</strong></span> <span class='ocrx_word' id='word_1_406' title='bbox 3163 2595 3305 2666; x_wconf 91' lang='lat' dir='ltr'><strong>plebi</strong></span> <span class='ocrx_word' id='word_1_407' title='bbox 3349 2595 3485 2666; x_wconf 83' lang='lat' dir='ltr'><strong>quid</strong></span> 
     </span>
    </p>
   </div>
   <div class='ocr_carea' id='block_1_56' title="bbox 1891 2670 3483 2758">
    <p class='ocr_par' dir='ltr' id='par_1_56' title="bbox 1891 2670 3483 2758">
     <span class='ocr_line' id='line_1_56' title="bbox 1891 2670 3483 2758; baseline 0.002 -18"><span class='ocrx_word' id='word_1_408' title='bbox 1891 2688 2167 2758; x_wconf 87' lang='lat' dir='ltr'><strong>pracipiat</strong></span> <span class='ocrx_word' id='word_1_409' title='bbox 2197 2670 2428 2742; x_wconf 48' lang='lat' dir='ltr'><strong>vox&#39;ista</strong></span> <span class='ocrx_word' id='word_1_410' title='bbox 2456 2686 2638 2741; x_wconf 87' lang='lat' dir='ltr'><strong>dilecti</strong></span> <span class='ocrx_word' id='word_1_411' title='bbox 2667 2687 2938 2752; x_wconf 87' lang='lat' dir='ltr'><strong>Ecclesia,</strong></span> <span class='ocrx_word' id='word_1_412' title='bbox 2968 2686 3239 2756; x_wconf 91' lang='lat' dir='ltr'><strong>quomodo</strong></span> <span class='ocrx_word' id='word_1_413' title='bbox 3269 2685 3483 2743; x_wconf 83' lang='lat' dir='ltr'><strong>scilicet</strong></span> 
     </span>
    </p>
   </div>
   <div class='ocr_carea' id='block_1_57' title="bbox 1890 2775 3486 2833">
    <p class='ocr_par' dir='ltr' id='par_1_57' title="bbox 1890 2775 3486 2833">
     <span class='ocr_line' id='line_1_57' title="bbox 1890 2775 3486 2833; baseline -0.001 -2"><span class='ocrx_word' id='word_1_414' title='bbox 1890 2778 2041 2832; x_wconf 84' lang='lat' dir='ltr'><strong>venit</strong></span> <span class='ocrx_word' id='word_1_415' title='bbox 2097 2778 2163 2833; x_wconf 90' lang='lat' dir='ltr'><strong>de</strong></span> <span class='ocrx_word' id='word_1_416' title='bbox 2207 2778 2327 2831; x_wconf 91' lang='lat' dir='ltr'><strong>sinu</strong></span> <span class='ocrx_word' id='word_1_417' title='bbox 2375 2775 2554 2831; x_wconf 89' lang='lat' dir='ltr'><strong>Patris</strong></span> <span class='ocrx_word' id='word_1_418' title='bbox 2579 2777 2648 2831; x_wconf 88' lang='lat' dir='ltr'><strong>ad</strong></span> <span class='ocrx_word' id='word_1_419' title='bbox 2700 2777 2997 2830; x_wconf 89' lang='lat' dir='ltr'><strong>humanum</strong></span> <span class='ocrx_word' id='word_1_420' title='bbox 3046 2775 3378 2831; x_wconf 89' lang='lat' dir='ltr'><strong>consortium</strong></span> <span class='ocrx_word' id='word_1_421' title='bbox 3425 2785 3486 2830; x_wconf 85' lang='lat' dir='ltr'><strong>ut</strong></span> 
     </span>
    </p>
   </div>
   <div class='ocr_carea' id='block_1_58' title="bbox 1892 2866 3480 2938">
    <p class='ocr_par' dir='ltr' id='par_1_58' title="bbox 1892 2866 3480 2938">
     <span class='ocr_line' id='line_1_58' title="bbox 1892 2866 3480 2938; baseline -0.001 -16"><span class='ocrx_word' id='word_1_422' title='bbox 1892 2867 2126 2925; x_wconf 82' lang='lat' dir='ltr'><strong>Verbum</strong></span> <span class='ocrx_word' id='word_1_423' title='bbox 2159 2868 2314 2924; x_wconf 84' lang='lat' dir='ltr'><strong>ﬁeret</strong></span> <span class='ocrx_word' id='word_1_424' title='bbox 2352 2883 2498 2935; x_wconf 89' lang='lat' dir='ltr'><strong>caro,</strong></span> <span class='ocrx_word' id='word_1_425' title='bbox 2557 2867 2827 2938; x_wconf 90' lang='lat' dir='ltr'><strong>quomodo</strong></span> <span class='ocrx_word' id='word_1_426' title='bbox 2874 2867 3171 2922; x_wconf 90' lang='lat' dir='ltr'><strong>secundum</strong></span> <span class='ocrx_word' id='word_1_427' title='bbox 3225 2866 3480 2921; x_wconf 88' lang='lat' dir='ltr'><strong>Habacuc</strong></span> 
     </span>
    </p>
   </div>
   <div class='ocr_carea' id='block_1_59' title="bbox 1891 2956 3484 3031">
    <p class='ocr_par' dir='ltr' id='par_1_59' title="bbox 1891 2956 3484 3031">
     <span class='ocr_line' id='line_1_59' title="bbox 1891 2956 3484 3031; baseline -0.003 -17"><span class='ocrx_word' id='word_1_428' title='bbox 1891 2960 2208 3030; x_wconf 87' lang='lat' dir='ltr'><strong>prophetam</strong></span> <span class='ocrx_word' id='word_1_429' title='bbox 2237 2958 2388 3030; x_wconf 87' lang='lat' dir='ltr'><strong>(Cap.</strong></span> <span class='ocrx_word' id='word_1_430' title='bbox 2423 2959 2508 3031; x_wconf 81' lang='grc' dir='ltr'><strong>ιιι)</strong></span> <span class='ocrx_word' id='word_1_431' title='bbox 2562 2956 2896 3013; x_wconf 88' lang='lat' dir='ltr'><strong>humiliando</strong></span> <span class='ocrx_word' id='word_1_432' title='bbox 2945 2957 3248 3012; x_wconf 85' lang='lat' dir='ltr'><strong>damonum</strong></span> <span class='ocrx_word' id='word_1_433' title='bbox 3290 2970 3484 3026; x_wconf 83' lang='lat' dir='ltr'><strong>super-</strong></span> 
     </span>
    </p>
   </div>
   <div class='ocr_carea' id='block_1_60' title="bbox 1889 3048 3479 3122">
    <p class='ocr_par' dir='ltr' id='par_1_60' title="bbox 1889 3048 3479 3122">
     <span class='ocr_line' id='line_1_60' title="bbox 1889 3048 3479 3122; baseline 0 -14"><span class='ocrx_word' id='word_1_434' title='bbox 1889 3053 2054 3116; x_wconf 87' lang='lat' dir='ltr'><strong>biam,</strong></span> <span class='ocrx_word' id='word_1_435' title='bbox 2105 3053 2435 3122; x_wconf 80' lang='lat' dir='ltr'><strong>confregerit</strong></span> <span class='ocrx_word' id='word_1_436' title='bbox 2468 3059 2679 3107; x_wconf 89' lang='lat' dir='ltr'><strong>montes</strong></span> <span class='ocrx_word' id='word_1_437' title='bbox 2707 3050 2999 3116; x_wconf 82' lang='lat' dir='ltr'><strong>violentia,</strong></span> <span class='ocrx_word' id='word_1_438' title='bbox 3040 3059 3096 3105; x_wconf 92' lang='lat' dir='ltr'><strong>et</strong></span> <span class='ocrx_word' id='word_1_439' title='bbox 3137 3048 3479 3120; x_wconf 81' lang='lat' dir='ltr'><strong>liquefecerit</strong></span> 
     </span>
    </p>
   </div>
   <div class='ocr_carea' id='block_1_61' title="bbox 1893 3143 3482 3216">
    <p class='ocr_par' dir='ltr' id='par_1_61' title="bbox 1893 3143 3482 3216">
     <span class='ocr_line' id='line_1_61' title="bbox 1893 3143 3482 3216; baseline -0.001 -14"><span class='ocrx_word' id='word_1_440' title='bbox 1893 3147 2060 3202; x_wconf 91' lang='lat' dir='ltr'><strong>colles</strong></span> <span class='ocrx_word' id='word_1_441' title='bbox 2095 3146 2399 3211; x_wconf 89' lang='lat' dir='ltr'><strong>aternales,</strong></span> <span class='ocrx_word' id='word_1_442' title='bbox 2445 3146 2812 3202; x_wconf 87' lang='lat' dir='ltr'><strong>conculcando</strong></span> <span class='ocrx_word' id='word_1_443' title='bbox 2858 3145 2959 3201; x_wconf 85' lang='lat' dir='ltr'><strong>sub</strong></span> <span class='ocrx_word' id='word_1_444' title='bbox 2990 3145 3216 3216; x_wconf 89' lang='lat' dir='ltr'><strong>pedibus</strong></span> <span class='ocrx_word' id='word_1_445' title='bbox 3255 3143 3482 3200; x_wconf 82' lang='lat' dir='ltr'><strong>creden-</strong></span> 
     </span>
    </p>
   </div>
   <div class='ocr_carea' id='block_1_62' title="bbox 197 3217 3483 3316">
    <p class='ocr_par' dir='ltr' id='par_1_62' title="bbox 197 3217 3483 3316">
     <span class='ocr_line' id='line_1_62' title="bbox 197 3217 3483 3316; baseline -0.003 -17"><span class='ocrx_word' id='word_1_446' title='bbox 197 3253 412 3308; x_wconf 90' lang='lat' dir='ltr'><strong>rantur,</strong></span> <span class='ocrx_word' id='word_1_447' title='bbox 435 3258 585 3298; x_wconf 89' lang='lat' dir='ltr'><strong>more</strong></span> <span class='ocrx_word' id='word_1_448' title='bbox 608 3258 892 3299; x_wconf 88' lang='lat' dir='ltr'><strong>cervorum</strong></span> <span class='ocrx_word' id='word_1_449' title='bbox 916 3242 1118 3300; x_wconf 79' lang='lat' dir='ltr'><strong>fontem</strong></span> <span class='ocrx_word' id='word_1_450' title='bbox 1139 3260 1402 3314; x_wconf 91' lang='lat' dir='ltr'><strong>aquarum</strong></span> <span class='ocrx_word' id='word_1_451' title='bbox 1424 3254 1640 3316; x_wconf 90' lang='lat' dir='ltr'><strong>petunt,</strong></span> <span class='ocrx_word' id='word_1_452' title='bbox 1675 3260 1786 3300; x_wconf 85' lang='lat' dir='ltr'><strong>ser—</strong></span> <span class='ocrx_word' id='word_1_453' title='bbox 1811 3217 1856 3282; x_wconf 64' lang='grc' dir='ltr'><strong>(ἶ</strong></span> <span class='ocrx_word' id='word_1_454' title='bbox 1890 3239 2021 3294; x_wconf 91' lang='lat' dir='ltr'><strong>tium</strong></span> <span class='ocrx_word' id='word_1_455' title='bbox 2054 3238 2336 3304; x_wconf 88' lang='lat' dir='ltr'><strong>Satanam,</strong></span> <span class='ocrx_word' id='word_1_456' title='bbox 2367 3237 2676 3293; x_wconf 88' lang='lat' dir='ltr'><strong>transiliens</strong></span> <span class='ocrx_word' id='word_1_457' title='bbox 2706 3244 2916 3292; x_wconf 88' lang='lat' dir='ltr'><strong>montes</strong></span> <span class='ocrx_word' id='word_1_458' title='bbox 2946 3235 3258 3305; x_wconf 89' lang='lat' dir='ltr'><strong>pradictos.</strong></span> <span class='ocrx_word' id='word_1_459' title='bbox 3283 3234 3351 3289; x_wconf 91' lang='lat' dir='ltr'><strong>Et</strong></span> <span class='ocrx_word' id='word_1_460' title='bbox 3381 3233 3483 3290; x_wconf 90' lang='lat' dir='ltr'><strong>hoc</strong></span> 
     </span>
    </p>
   </div>
   <div class='ocr_carea' id='block_1_63' title="bbox 197 3337 1788 3408">
    <p class='ocr_par' dir='ltr' id='par_1_63' title="bbox 197 3337 1788 3408">
     <span class='ocr_line' id='line_1_63' title="bbox 197 3337 1788 3408; baseline 0 -16"><span class='ocrx_word' id='word_1_461' title='bbox 197 3347 392 3408; x_wconf 89' lang='lat' dir='ltr'><strong>pentes</strong></span> <span class='ocrx_word' id='word_1_462' title='bbox 443 3337 781 3404; x_wconf 89' lang='lat' dir='ltr'><strong>interimunt,</strong></span> <span class='ocrx_word' id='word_1_463' title='bbox 843 3346 900 3392; x_wconf 87' lang='lat' dir='ltr'><strong>et</strong></span> <span class='ocrx_word' id='word_1_464' title='bbox 959 3346 1218 3408; x_wconf 90' lang='lat' dir='ltr'><strong>tanquam</strong></span> <span class='ocrx_word' id='word_1_465' title='bbox 1273 3338 1474 3392; x_wconf 91' lang='lat' dir='ltr'><strong>munda</strong></span> <span class='ocrx_word' id='word_1_466' title='bbox 1533 3337 1788 3393; x_wconf 88' lang='lat' dir='ltr'><strong>animalia</strong></span> 
     </span>
    </p>
   </div>
   <div class='ocr_carea' id='block_1_64' title="bbox 200 3427 1786 3500">
    <p class='ocr_par' dir='ltr' id='par_1_64' title="bbox 200 3427 1786 3500">
     <span class='ocr_line' id='line_1_64' title="bbox 200 3427 1786 3500; baseline 0.001 -17"><span class='ocrx_word' id='word_1_467' title='bbox 200 3429 504 3483; x_wconf 88' lang='lat' dir='ltr'><strong>ruminant.</strong></span> <span class='ocrx_word' id='word_1_468' title='bbox 547 3428 610 3482; x_wconf 83' lang='lat' dir='ltr'><strong>Hi</strong></span> <span class='ocrx_word' id='word_1_469' title='bbox 650 3438 776 3484; x_wconf 92' lang='lat' dir='ltr'><strong>sunt</strong></span> <span class='ocrx_word' id='word_1_470' title='bbox 813 3445 945 3500; x_wconf 85' lang='lat' dir='ltr'><strong>ergo</strong></span> <span class='ocrx_word' id='word_1_471' title='bbox 975 3429 1162 3500; x_wconf 92' lang='lat' dir='ltr'><strong>procul</strong></span> <span class='ocrx_word' id='word_1_472' title='bbox 1187 3427 1350 3484; x_wconf 89' lang='lat' dir='ltr'><strong>dubio</strong></span> <span class='ocrx_word' id='word_1_473' title='bbox 1390 3429 1534 3483; x_wconf 85' lang='lat' dir='ltr'><strong>cervi</strong></span> <span class='ocrx_word' id='word_1_474' title='bbox 1565 3444 1786 3499; x_wconf 88' lang='lat' dir='ltr'><strong>campo-</strong></span> 
     </span>
    </p>
   </div>
   <div class='ocr_carea' id='block_1_65' title="bbox 198 3522 1792 3595">
    <p class='ocr_par' dir='ltr' id='par_1_65' title="bbox 198 3522 1792 3595">
     <span class='ocr_line' id='line_1_65' title="bbox 198 3522 1792 3595; baseline 0 -16"><span class='ocrx_word' id='word_1_475' title='bbox 198 3541 320 3580; x_wconf 86' lang='lat' dir='ltr'><strong>rum</strong></span> <span class='ocrx_word' id='word_1_476' title='bbox 356 3534 410 3579; x_wconf 92' lang='lat' dir='ltr'><strong>et</strong></span> <span class='ocrx_word' id='word_1_477' title='bbox 449 3540 676 3595; x_wconf 88' lang='lat' dir='ltr'><strong>caprea,</strong></span> <span class='ocrx_word' id='word_1_478' title='bbox 724 3525 918 3580; x_wconf 83' lang='lat' dir='ltr'><strong>anima</strong></span> <span class='ocrx_word' id='word_1_479' title='bbox 971 3523 1222 3580; x_wconf 71' lang='lat' dir='ltr'><strong>videlicet</strong></span> <span class='ocrx_word' id='word_1_480' title='bbox 1271 3523 1506 3578; x_wconf 78' lang='lat' dir='ltr'><strong>fidelium</strong></span> <span class='ocrx_word' id='word_1_481' title='bbox 1553 3522 1792 3594; x_wconf 90' lang='lat' dir='ltr'><strong>philoso-</strong></span> 
     </span>
    </p>
   </div>
   <div class='ocr_carea' id='block_1_66' title="bbox 199 3615 1790 3686">
    <p class='ocr_par' dir='ltr' id='par_1_66' title="bbox 199 3615 1790 3686">
     <span class='ocr_line' id='line_1_66' title="bbox 199 3615 1790 3686; baseline -0.001 -16"><span class='ocrx_word' id='word_1_482' title='bbox 199 3617 430 3686; x_wconf 90' lang='lat' dir='ltr'><strong>phorum</strong></span> <span class='ocrx_word' id='word_1_483' title='bbox 463 3632 739 3672; x_wconf 85' lang='lat' dir='ltr'><strong>conversa</strong></span> <span class='ocrx_word' id='word_1_484' title='bbox 759 3617 826 3670; x_wconf 91' lang='lat' dir='ltr'><strong>ab</strong></span> <span class='ocrx_word' id='word_1_485' title='bbox 848 3615 1164 3670; x_wconf 85' lang='lat' dir='ltr'><strong>inﬁdelitate</strong></span> <span class='ocrx_word' id='word_1_486' title='bbox 1191 3615 1658 3686; x_wconf 89' lang='lat' dir='ltr'><strong>superstitionum,</strong></span> <span class='ocrx_word' id='word_1_487' title='bbox 1693 3631 1790 3685; x_wconf 91' lang='lat' dir='ltr'><strong>per</strong></span> 
     </span>
    </p>
   </div>
   <div class='ocr_carea' id='block_1_67' title="bbox 201 3707 1792 3780">
    <p class='ocr_par' dir='ltr' id='par_1_67' title="bbox 201 3707 1792 3780">
     <span class='ocr_line' id='line_1_67' title="bbox 201 3707 1792 3780; baseline -0.002 -16"><span class='ocrx_word' id='word_1_488' title='bbox 201 3725 338 3780; x_wconf 92' lang='lat' dir='ltr'><strong>quos</strong></span> <span class='ocrx_word' id='word_1_489' title='bbox 364 3725 594 3780; x_wconf 90' lang='lat' dir='ltr'><strong>sponsus</strong></span> <span class='ocrx_word' id='word_1_490' title='bbox 623 3709 762 3765; x_wconf 78' lang='lat' dir='ltr'><strong>tilias</strong></span> <span class='ocrx_word' id='word_1_491' title='bbox 777 3708 1110 3764; x_wconf 87' lang='lat' dir='ltr'><strong>Hierusalem</strong></span> <span class='ocrx_word' id='word_1_492' title='bbox 1135 3707 1406 3777; x_wconf 90' lang='lat' dir='ltr'><strong>conjurat,</strong></span> <span class='ocrx_word' id='word_1_493' title='bbox 1432 3718 1491 3762; x_wconf 91' lang='lat' dir='ltr'><strong>ut</strong></span> <span class='ocrx_word' id='word_1_494' title='bbox 1516 3708 1792 3779; x_wconf 90' lang='lat' dir='ltr'><strong>patiantur</strong></span> 
     </span>
    </p>
   </div>
   <div class='ocr_carea' id='block_1_68' title="bbox 200 3797 1788 3871">
    <p class='ocr_par' dir='ltr' id='par_1_68' title="bbox 200 3797 1788 3871">
     <span class='ocr_line' id='line_1_68' title="bbox 200 3797 1788 3871; baseline 0 -19"><span class='ocrx_word' id='word_1_495' title='bbox 200 3799 476 3871; x_wconf 89' lang='lat' dir='ltr'><strong>paulisper</strong></span> <span class='ocrx_word' id='word_1_496' title='bbox 513 3799 857 3868; x_wconf 82' lang='lat' dir='ltr'><strong>requiescere</strong></span> <span class='ocrx_word' id='word_1_497' title='bbox 911 3812 1166 3868; x_wconf 89' lang='lat' dir='ltr'><strong>sponsam</strong></span> <span class='ocrx_word' id='word_1_498' title='bbox 1217 3798 1272 3852; x_wconf 93' lang='lat' dir='ltr'><strong>in</strong></span> <span class='ocrx_word' id='word_1_499' title='bbox 1319 3797 1522 3867; x_wconf 89' lang='lat' dir='ltr'><strong>requiei</strong></span> <span class='ocrx_word' id='word_1_500' title='bbox 1577 3813 1788 3862; x_wconf 91' lang='lat' dir='ltr'><strong>somno,</strong></span> 
     </span>
    </p>
   </div>
   <div class='ocr_carea' id='block_1_69' title="bbox 201 3887 1790 3962">
    <p class='ocr_par' dir='ltr' id='par_1_69' title="bbox 201 3887 1790 3962">
     <span class='ocr_line' id='line_1_69' title="bbox 201 3887 1790 3962; baseline -0.002 -17"><span class='ocrx_word' id='word_1_501' title='bbox 201 3907 323 3962; x_wconf 85' lang='lat' dir='ltr'><strong>qua</strong></span> <span class='ocrx_word' id='word_1_502' title='bbox 347 3891 686 3946; x_wconf 87' lang='lat' dir='ltr'><strong>delectantur</strong></span> <span class='ocrx_word' id='word_1_503' title='bbox 723 3889 1018 3945; x_wconf 88' lang='lat' dir='ltr'><strong>Ecclesiam</strong></span> <span class='ocrx_word' id='word_1_504' title='bbox 1050 3903 1233 3943; x_wconf 90' lang='lat' dir='ltr'><strong>secum</strong></span> <span class='ocrx_word' id='word_1_505' title='bbox 1255 3903 1584 3942; x_wconf 89' lang='lat' dir='ltr'><strong>concurrere</strong></span> <span class='ocrx_word' id='word_1_506' title='bbox 1607 3888 1658 3942; x_wconf 92' lang='lat' dir='ltr'><strong>in</strong></span> <span class='ocrx_word' id='word_1_507' title='bbox 1685 3887 1790 3942; x_wconf 88' lang='lat' dir='ltr'><strong>illis</strong></span> 
     </span>
    </p>
   </div>
   <div class='ocr_carea' id='block_1_70' title="bbox 201 3977 1788 4051">
    <p class='ocr_par' dir='ltr' id='par_1_70' title="bbox 201 3977 1788 4051">
     <span class='ocr_line' id='line_1_70' title="bbox 201 3977 1788 4051; baseline -0.004 -13"><span class='ocrx_word' id='word_1_508' title='bbox 201 3981 459 4051; x_wconf 88' lang='lat' dir='ltr'><strong>operibus</strong></span> <span class='ocrx_word' id='word_1_509' title='bbox 513 3981 566 4035; x_wconf 92' lang='lat' dir='ltr'><strong>in</strong></span> <span class='ocrx_word' id='word_1_510' title='bbox 599 3981 795 4050; x_wconf 84' lang='lat' dir='ltr'><strong>quibus</strong></span> <span class='ocrx_word' id='word_1_511' title='bbox 826 3980 953 4050; x_wconf 85' lang='lat' dir='ltr'><strong>ipsa</strong></span> <span class='ocrx_word' id='word_1_512' title='bbox 982 3979 1049 4034; x_wconf 89' lang='lat' dir='ltr'><strong>ad</strong></span> <span class='ocrx_word' id='word_1_513' title='bbox 1080 3979 1361 4033; x_wconf 78' lang='lat' dir='ltr'><strong>caelestem</strong></span> <span class='ocrx_word' id='word_1_514' title='bbox 1406 3986 1532 4032; x_wconf 90' lang='lat' dir='ltr'><strong>sunt</strong></span> <span class='ocrx_word' id='word_1_515' title='bbox 1562 3977 1788 4048; x_wconf 84' lang='lat' dir='ltr'><strong>gloriam</strong></span> 
     </span>
    </p>
   </div>
   <div class='ocr_carea' id='block_1_71' title="bbox 203 4069 1787 4140">
    <p class='ocr_par' dir='ltr' id='par_1_71' title="bbox 203 4069 1787 4140">
     <span class='ocr_line' id='line_1_71' title="bbox 203 4069 1787 4140; baseline -0.002 -14"><span class='ocrx_word' id='word_1_516' title='bbox 203 4071 531 4134; x_wconf 82' lang='lat' dir='ltr'><strong>sublimata,</strong></span> <span class='ocrx_word' id='word_1_517' title='bbox 553 4087 649 4140; x_wconf 90' lang='lat' dir='ltr'><strong>per</strong></span> <span class='ocrx_word' id='word_1_518' title='bbox 677 4085 816 4140; x_wconf 80' lang='lat' dir='ltr'><strong>qua,</strong></span> <span class='ocrx_word' id='word_1_519' title='bbox 863 4069 1058 4124; x_wconf 89' lang='lat' dir='ltr'><strong>amissa</strong></span> <span class='ocrx_word' id='word_1_520' title='bbox 1089 4085 1346 4139; x_wconf 86' lang='lat' dir='ltr'><strong>corporea</strong></span> <span class='ocrx_word' id='word_1_521' title='bbox 1387 4069 1623 4134; x_wconf 86' lang='lat' dir='ltr'><strong>sarcina,</strong></span> <span class='ocrx_word' id='word_1_522' title='bbox 1664 4084 1787 4123; x_wconf 90' lang='lat' dir='ltr'><strong>cum</strong></span> 
     </span>
    </p>
   </div>
   <div class='ocr_carea' id='block_1_72' title="bbox 203 4161 1788 4232">
    <p class='ocr_par' dir='ltr' id='par_1_72' title="bbox 203 4161 1788 4232">
     <span class='ocr_line' id='line_1_72' title="bbox 203 4161 1788 4232; baseline -0.001 -14"><span class='ocrx_word' id='word_1_523' title='bbox 203 4161 310 4218; x_wconf 84' lang='lat' dir='ltr'><strong>illis</strong></span> <span class='ocrx_word' id='word_1_524' title='bbox 335 4162 621 4232; x_wconf 87' lang='lat' dir='ltr'><strong>epulentur</strong></span> <span class='ocrx_word' id='word_1_525' title='bbox 650 4163 703 4216; x_wconf 90' lang='lat' dir='ltr'><strong>in</strong></span> <span class='ocrx_word' id='word_1_526' title='bbox 731 4162 902 4218; x_wconf 80' lang='lat' dir='ltr'><strong>calis.</strong></span> <span class='ocrx_word' id='word_1_527' title='bbox 954 4161 1125 4228; x_wconf 87' lang='lat' dir='ltr'><strong>Quam</strong></span> <span class='ocrx_word' id='word_1_528' title='bbox 1155 4161 1415 4216; x_wconf 89' lang='lat' dir='ltr'><strong>Dominus</strong></span> <span class='ocrx_word' id='word_1_529' title='bbox 1445 4161 1694 4217; x_wconf 87' lang='lat' dir='ltr'><strong>Christus</strong></span> <span class='ocrx_word' id='word_1_530' title='bbox 1721 4163 1788 4216; x_wconf 91' lang='lat' dir='ltr'><strong>ad</strong></span> 
     </span>
    </p>
   </div>
   <div class='ocr_carea' id='block_1_73' title="bbox 201 4253 1790 4322">
    <p class='ocr_par' dir='ltr' id='par_1_73' title="bbox 201 4253 1790 4322">
     <span class='ocr_line' id='line_1_73' title="bbox 201 4253 1790 4322; baseline -0.001 -14"><span class='ocrx_word' id='word_1_531' title='bbox 201 4253 414 4309; x_wconf 86' lang='lat' dir='ltr'><strong>lucrum</strong></span> <span class='ocrx_word' id='word_1_532' title='bbox 443 4255 524 4310; x_wconf 91' lang='lat' dir='ltr'><strong>vel</strong></span> <span class='ocrx_word' id='word_1_533' title='bbox 547 4254 971 4310; x_wconf 87' lang='lat' dir='ltr'><strong>consolationem</strong></span> <span class='ocrx_word' id='word_1_534' title='bbox 995 4253 1222 4307; x_wconf 89' lang='lat' dir='ltr'><strong>aliarum</strong></span> <span class='ocrx_word' id='word_1_535' title='bbox 1245 4253 1550 4306; x_wconf 90' lang='lat' dir='ltr'><strong>animarum</strong></span> <span class='ocrx_word' id='word_1_536' title='bbox 1576 4253 1790 4322; x_wconf 51' lang='lat' dir='ltr'><strong>requie-</strong></span> 
     </span>
    </p>
   </div>
   <div class='ocr_carea' id='block_1_74' title="bbox 203 4342 1789 4414">
    <p class='ocr_par' dir='ltr' id='par_1_74' title="bbox 203 4342 1789 4414">
     <span class='ocr_line' id='line_1_74' title="bbox 203 4342 1789 4414; baseline -0.001 -15"><span class='ocrx_word' id='word_1_537' title='bbox 203 4359 360 4399; x_wconf 79' lang='lat' dir='ltr'><strong>scere</strong></span> <span class='ocrx_word' id='word_1_538' title='bbox 385 4345 438 4396; x_wconf 93' lang='lat' dir='ltr'><strong>in</strong></span> <span class='ocrx_word' id='word_1_539' title='bbox 469 4359 698 4414; x_wconf 90' lang='lat' dir='ltr'><strong>corpore</strong></span> <span class='ocrx_word' id='word_1_540' title='bbox 724 4342 874 4414; x_wconf 89' lang='lat' dir='ltr'><strong>jubet</strong></span> <span class='ocrx_word' id='word_1_541' title='bbox 903 4344 1254 4413; x_wconf 90' lang='lat' dir='ltr'><strong>quoadusque</strong></span> <span class='ocrx_word' id='word_1_542' title='bbox 1281 4342 1394 4412; x_wconf 90' lang='lat' dir='ltr'><strong>ipsa</strong></span> <span class='ocrx_word' id='word_1_543' title='bbox 1429 4342 1577 4406; x_wconf 86' lang='lat' dir='ltr'><strong>velit,</strong></span> <span class='ocrx_word' id='word_1_544' title='bbox 1618 4342 1789 4398; x_wconf 90' lang='lat' dir='ltr'><strong>donec</strong></span> 
     </span>
    </p>
   </div>
   <div class='ocr_carea' id='block_1_75' title="bbox 203 4433 1788 4506">
    <p class='ocr_par' dir='ltr' id='par_1_75' title="bbox 203 4433 1788 4506">
     <span class='ocr_line' id='line_1_75' title="bbox 203 4433 1788 4506; baseline 0.001 -18"><span class='ocrx_word' id='word_1_545' title='bbox 203 4434 320 4504; x_wconf 88' lang='lat' dir='ltr'><strong>ipse</strong></span> <span class='ocrx_word' id='word_1_546' title='bbox 356 4450 588 4504; x_wconf 86' lang='lat' dir='ltr'><strong>sponsus</strong></span> <span class='ocrx_word' id='word_1_547' title='bbox 616 4435 954 4505; x_wconf 87' lang='lat' dir='ltr'><strong>prospiciens</strong></span> <span class='ocrx_word' id='word_1_548' title='bbox 981 4433 1202 4488; x_wconf 92' lang='lat' dir='ltr'><strong>utilitati</strong></span> <span class='ocrx_word' id='word_1_549' title='bbox 1226 4434 1341 4504; x_wconf 85' lang='lat' dir='ltr'><strong>ejus</strong></span> <span class='ocrx_word' id='word_1_550' title='bbox 1372 4442 1427 4488; x_wconf 92' lang='lat' dir='ltr'><strong>et</strong></span> <span class='ocrx_word' id='word_1_551' title='bbox 1451 4434 1562 4504; x_wconf 88' lang='lat' dir='ltr'><strong>ipse</strong></span> <span class='ocrx_word' id='word_1_552' title='bbox 1591 4449 1788 4506; x_wconf 85' lang='lat' dir='ltr'><strong>cogno-</strong></span> 
     </span>
    </p>
   </div>
   <div class='ocr_carea' id='block_1_76' title="bbox 203 4524 1782 4596">
    <p class='ocr_par' dir='ltr' id='par_1_76' title="bbox 203 4524 1782 4596">
     <span class='ocr_line' id='line_1_76' title="bbox 203 4524 1782 4596; baseline 0 -16"><span class='ocrx_word' id='word_1_553' title='bbox 203 4533 322 4580; x_wconf 86' lang='lat' dir='ltr'><strong>scat</strong></span> <span class='ocrx_word' id='word_1_554' title='bbox 361 4525 505 4580; x_wconf 86' lang='lat' dir='ltr'><strong>vires</strong></span> <span class='ocrx_word' id='word_1_555' title='bbox 534 4541 660 4580; x_wconf 90' lang='lat' dir='ltr'><strong>suas</strong></span> <span class='ocrx_word' id='word_1_556' title='bbox 689 4542 702 4579; x_wconf 89' lang='lat'><strong>:</strong></span> <span class='ocrx_word' id='word_1_557' title='bbox 736 4524 860 4596; x_wconf 90' lang='lat' dir='ltr'><strong>quia</strong></span> <span class='ocrx_word' id='word_1_558' title='bbox 893 4525 1010 4580; x_wconf 92' lang='lat' dir='ltr'><strong>sine</strong></span> <span class='ocrx_word' id='word_1_559' title='bbox 1041 4525 1158 4596; x_wconf 91' lang='lat' dir='ltr'><strong>ipso</strong></span> <span class='ocrx_word' id='word_1_560' title='bbox 1189 4525 1324 4580; x_wconf 90' lang='lat' dir='ltr'><strong>nihil</strong></span> <span class='ocrx_word' id='word_1_561' title='bbox 1361 4533 1538 4596; x_wconf 85' lang='lat' dir='ltr'><strong>potest</strong></span> <span class='ocrx_word' id='word_1_562' title='bbox 1581 4525 1782 4582; x_wconf 84' lang='lat' dir='ltr'><strong>facere.</strong></span> 
     </span>
    </p>
   </div>
   <div class='ocr_carea' id='block_1_77' title="bbox 206 4615 1784 4689">
    <p class='ocr_par' dir='ltr' id='par_1_77' title="bbox 206 4615 1784 4689">
     <span class='ocr_line' id='line_1_77' title="bbox 206 4615 1784 4689; baseline 0.003 -18"><span class='ocrx_word' id='word_1_563' title='bbox 206 4615 313 4671; x_wconf 89' lang='lat' dir='ltr'><strong>Sed</strong></span> <span class='ocrx_word' id='word_1_564' title='bbox 345 4618 691 4688; x_wconf 87' lang='lat' dir='ltr'><strong>potestjuxta</strong></span> <span class='ocrx_word' id='word_1_565' title='bbox 713 4617 1122 4686; x_wconf 85' lang='lat' dir='ltr'><strong>intelligentiam</strong></span> <span class='ocrx_word' id='word_1_566' title='bbox 1145 4617 1405 4688; x_wconf 90' lang='lat' dir='ltr'><strong>priorem,</strong></span> <span class='ocrx_word' id='word_1_567' title='bbox 1443 4619 1532 4674; x_wconf 90' lang='lat' dir='ltr'><strong>ubi</strong></span> <span class='ocrx_word' id='word_1_568' title='bbox 1554 4635 1784 4689; x_wconf 88' lang='lat' dir='ltr'><strong>capreas</strong></span> 
     </span>
    </p>
   </div>
   <div class='ocr_carea' id='block_1_78' title="bbox 205 4706 1784 4781">
    <p class='ocr_par' dir='ltr' id='par_1_78' title="bbox 205 4706 1784 4781">
     <span class='ocr_line' id='line_1_78' title="bbox 205 4706 1784 4781; baseline 0.002 -19"><span class='ocrx_word' id='word_1_569' title='bbox 205 4717 260 4762; x_wconf 87' lang='lat' dir='ltr'><strong>et</strong></span> <span class='ocrx_word' id='word_1_570' title='bbox 289 4721 482 4763; x_wconf 85' lang='lat' dir='ltr'><strong>cervos</strong></span> <span class='ocrx_word' id='word_1_571' title='bbox 505 4706 719 4763; x_wconf 87' lang='lat' dir='ltr'><strong>Veteris</strong></span> <span class='ocrx_word' id='word_1_572' title='bbox 748 4717 803 4763; x_wconf 89' lang='lat' dir='ltr'><strong>et</strong></span> <span class='ocrx_word' id='word_1_573' title='bbox 830 4707 963 4762; x_wconf 76' lang='lat' dir='ltr'><strong>Novi</strong></span> <span class='ocrx_word' id='word_1_574' title='bbox 995 4707 1323 4763; x_wconf 89' lang='lat' dir='ltr'><strong>Testamenti</strong></span> <span class='ocrx_word' id='word_1_575' title='bbox 1365 4707 1554 4765; x_wconf 87' lang='lat' dir='ltr'><strong>Patres</strong></span> <span class='ocrx_word' id='word_1_576' title='bbox 1583 4710 1784 4781; x_wconf 83' lang='lat' dir='ltr'><strong>signiﬁ-</strong></span> 
     </span>
    </p>
   </div>
   <div class='ocr_carea' id='block_1_79' title="bbox 205 4798 1787 4872">
    <p class='ocr_par' dir='ltr' id='par_1_79' title="bbox 205 4798 1787 4872">
     <span class='ocr_line' id='line_1_79' title="bbox 205 4798 1787 4872; baseline 0.001 -17"><span class='ocrx_word' id='word_1_577' title='bbox 205 4815 333 4855; x_wconf 85' lang='lat' dir='ltr'><strong>care</strong></span> <span class='ocrx_word' id='word_1_578' title='bbox 367 4800 619 4864; x_wconf 80' lang='lat' dir='ltr'><strong>diximus,</strong></span> <span class='ocrx_word' id='word_1_579' title='bbox 651 4801 720 4853; x_wconf 92' lang='lat' dir='ltr'><strong>ita</strong></span> <span class='ocrx_word' id='word_1_580' title='bbox 757 4799 978 4872; x_wconf 83' lang='lat' dir='ltr'><strong>intelligi</strong></span> <span class='ocrx_word' id='word_1_581' title='bbox 1004 4814 1018 4852; x_wconf 92' lang='lat'><strong>:</strong></span> <span class='ocrx_word' id='word_1_582' title='bbox 1049 4798 1334 4855; x_wconf 89' lang='lat' dir='ltr'><strong>Contestor</strong></span> <span class='ocrx_word' id='word_1_583' title='bbox 1355 4799 1625 4870; x_wconf 80' lang='lat' dir='ltr'><strong>paciﬁcas,</strong></span> <span class='ocrx_word' id='word_1_584' title='bbox 1653 4817 1717 4856; x_wconf 92' lang='lat' dir='ltr'><strong>ac</strong></span> <span class='ocrx_word' id='word_1_585' title='bbox 1743 4803 1787 4856; x_wconf 92' lang='lat' dir='ltr'><strong>si</strong></span> 
     </span>
    </p>
   </div>
   <div class='ocr_carea' id='block_1_80' title="bbox 208 4891 1788 4962">
    <p class='ocr_par' dir='ltr' id='par_1_80' title="bbox 208 4891 1788 4962">
     <span class='ocr_line' id='line_1_80' title="bbox 208 4891 1788 4962; baseline -0.001 -14"><span class='ocrx_word' id='word_1_586' title='bbox 208 4893 422 4948; x_wconf 87' lang='lat' dir='ltr'><strong>dicatur</strong></span> <span class='ocrx_word' id='word_1_587' title='bbox 447 4891 683 4946; x_wconf 70' lang='lat' dir='ltr'><strong>fidelium</strong></span> <span class='ocrx_word' id='word_1_588' title='bbox 711 4891 1059 4961; x_wconf 89' lang='lat' dir='ltr'><strong>animas,per</strong></span> <span class='ocrx_word' id='word_1_589' title='bbox 1096 4906 1220 4946; x_wconf 89' lang='lat' dir='ltr'><strong>suas</strong></span> <span class='ocrx_word' id='word_1_590' title='bbox 1255 4908 1498 4962; x_wconf 86' lang='lat' dir='ltr'><strong>quasque</strong></span> <span class='ocrx_word' id='word_1_591' title='bbox 1533 4893 1788 4959; x_wconf 90' lang='lat' dir='ltr'><strong>virtutes,</strong></span> 
     </span>
    </p>
   </div>
   <div class='ocr_carea' id='block_1_81' title="bbox 207 4983 1790 5054">
    <p class='ocr_par' dir='ltr' id='par_1_81' title="bbox 207 4983 1790 5054">
     <span class='ocr_line' id='line_1_81' title="bbox 207 4983 1790 5054; baseline 0.002 -16"><span class='ocrx_word' id='word_1_592' title='bbox 207 4999 325 5054; x_wconf 82' lang='lat' dir='ltr'><strong>qua</strong></span> <span class='ocrx_word' id='word_1_593' title='bbox 357 4998 454 5053; x_wconf 90' lang='lat' dir='ltr'><strong>per</strong></span> <span class='ocrx_word' id='word_1_594' title='bbox 483 4983 679 5038; x_wconf 88' lang='lat' dir='ltr'><strong>munda</strong></span> <span class='ocrx_word' id='word_1_595' title='bbox 718 4991 772 5039; x_wconf 88' lang='lat' dir='ltr'><strong>et</strong></span> <span class='ocrx_word' id='word_1_596' title='bbox 816 4983 1146 5037; x_wconf 89' lang='lat' dir='ltr'><strong>ruminautia</strong></span> <span class='ocrx_word' id='word_1_597' title='bbox 1173 4983 1425 5038; x_wconf 91' lang='lat' dir='ltr'><strong>animalia</strong></span> <span class='ocrx_word' id='word_1_598' title='bbox 1473 4984 1790 5054; x_wconf 83' lang='lat' dir='ltr'><strong>signiﬁcata</strong></span> 
     </span>
    </p>
   </div>
   <div class='ocr_carea' id='block_1_82' title="bbox 208 5073 1790 5145">
    <p class='ocr_par' dir='ltr' id='par_1_82' title="bbox 208 5073 1790 5145">
     <span class='ocr_line' id='line_1_82' title="bbox 208 5073 1790 5145; baseline 0.001 -15"><span class='ocrx_word' id='word_1_599' title='bbox 208 5085 352 5138; x_wconf 89' lang='lat' dir='ltr'><strong>sunt,</strong></span> <span class='ocrx_word' id='word_1_600' title='bbox 405 5089 474 5130; x_wconf 90' lang='lat' dir='ltr'><strong>ne</strong></span> <span class='ocrx_word' id='word_1_601' title='bbox 519 5076 606 5145; x_wconf 91' lang='lat' dir='ltr'><strong>pia</strong></span> <span class='ocrx_word' id='word_1_602' title='bbox 651 5073 882 5130; x_wconf 75' lang='lat' dir='ltr'><strong>fratrum</strong></span> <span class='ocrx_word' id='word_1_603' title='bbox 942 5074 1117 5130; x_wconf 82' lang='lat' dir='ltr'><strong>studia</strong></span> <span class='ocrx_word' id='word_1_604' title='bbox 1155 5073 1334 5142; x_wconf 88' lang='lat' dir='ltr'><strong>aliqua</strong></span> <span class='ocrx_word' id='word_1_605' title='bbox 1382 5075 1790 5144; x_wconf 88' lang='lat' dir='ltr'><strong>importunitate</strong></span> 
     </span>
    </p>
   </div>
   <div class='ocr_carea' id='block_1_83' title="bbox 209 5164 1786 5236">
    <p class='ocr_par' dir='ltr' id='par_1_83' title="bbox 209 5164 1786 5236">
     <span class='ocr_line' id='line_1_83' title="bbox 209 5164 1786 5236; baseline -0.001 -15"><span class='ocrx_word' id='word_1_606' title='bbox 209 5166 528 5236; x_wconf 88' lang='lat' dir='ltr'><strong>impediant,</strong></span> <span class='ocrx_word' id='word_1_607' title='bbox 554 5165 646 5220; x_wconf 89' lang='lat' dir='ltr'><strong>sed</strong></span> <span class='ocrx_word' id='word_1_608' title='bbox 677 5164 755 5220; x_wconf 90' lang='lat' dir='ltr'><strong>sic</strong></span> <span class='ocrx_word' id='word_1_609' title='bbox 782 5165 1008 5234; x_wconf 89' lang='lat' dir='ltr'><strong>quisque</strong></span> <span class='ocrx_word' id='word_1_610' title='bbox 1035 5166 1103 5219; x_wconf 89' lang='lat' dir='ltr'><strong>de</strong></span> <span class='ocrx_word' id='word_1_611' title='bbox 1128 5164 1495 5233; x_wconf 74' lang='lat' dir='ltr'><strong>proximorum</strong></span> <span class='ocrx_word' id='word_1_612' title='bbox 1521 5165 1786 5234; x_wconf 82' lang='lat' dir='ltr'><strong>profectu,</strong></span> 
     </span>
    </p>
   </div>
   <div class='ocr_carea' id='block_1_84' title="bbox 209 5258 1790 5332">
    <p class='ocr_par' dir='ltr' id='par_1_84' title="bbox 209 5258 1790 5332">
     <span class='ocr_line' id='line_1_84' title="bbox 209 5258 1790 5332; baseline 0.001 -18"><span class='ocrx_word' id='word_1_613' title='bbox 209 5261 364 5330; x_wconf 88' lang='lat' dir='ltr'><strong>quasi</strong></span> <span class='ocrx_word' id='word_1_614' title='bbox 411 5260 479 5314; x_wconf 91' lang='lat' dir='ltr'><strong>de</strong></span> <span class='ocrx_word' id='word_1_615' title='bbox 523 5275 623 5315; x_wconf 91' lang='lat' dir='ltr'><strong>suo</strong></span> <span class='ocrx_word' id='word_1_616' title='bbox 651 5261 901 5332; x_wconf 86' lang='lat' dir='ltr'><strong>gaudeat.</strong></span> <span class='ocrx_word' id='word_1_617' title='bbox 927 5259 1100 5313; x_wconf 89' lang='lat' dir='ltr'><strong>Aliter</strong></span> <span class='ocrx_word' id='word_1_618' title='bbox 1134 5259 1386 5314; x_wconf 88' lang='lat' dir='ltr'><strong>admonet</strong></span> <span class='ocrx_word' id='word_1_619' title='bbox 1425 5258 1674 5314; x_wconf 88' lang='lat' dir='ltr'><strong>Christus</strong></span> <span class='ocrx_word' id='word_1_620' title='bbox 1722 5275 1790 5315; x_wconf 91' lang='lat' dir='ltr'><strong>ne</strong></span> 
     </span>
    </p>
   </div>
   <div class='ocr_carea' id='block_1_85' title="bbox 209 5351 1790 5423">
    <p class='ocr_par' dir='ltr' id='par_1_85' title="bbox 209 5351 1790 5423">
     <span class='ocr_line' id='line_1_85' title="bbox 209 5351 1790 5423; baseline 0 -17"><span class='ocrx_word' id='word_1_621' title='bbox 209 5353 496 5423; x_wconf 82' lang='lat' dir='ltr'><strong>quisquam</strong></span> <span class='ocrx_word' id='word_1_622' title='bbox 542 5354 822 5408; x_wconf 88' lang='lat' dir='ltr'><strong>doctorum</strong></span> <span class='ocrx_word' id='word_1_623' title='bbox 871 5351 1187 5408; x_wconf 90' lang='lat' dir='ltr'><strong>muneribus</strong></span> <span class='ocrx_word' id='word_1_624' title='bbox 1246 5351 1454 5407; x_wconf 91' lang='lat' dir='ltr'><strong>scilicet</strong></span> <span class='ocrx_word' id='word_1_625' title='bbox 1505 5351 1588 5406; x_wconf 89' lang='lat' dir='ltr'><strong>vel</strong></span> <span class='ocrx_word' id='word_1_626' title='bbox 1629 5352 1790 5407; x_wconf 90' lang='lat' dir='ltr'><strong>minis</strong></span> 
     </span>
    </p>
   </div>
   <div class='ocr_carea' id='block_1_86' title="bbox 210 5444 1792 5514">
    <p class='ocr_par' dir='ltr' id='par_1_86' title="bbox 210 5444 1792 5514">
     <span class='ocr_line' id='line_1_86' title="bbox 210 5444 1792 5514; baseline 0.001 -16"><span class='ocrx_word' id='word_1_627' title='bbox 210 5444 482 5500; x_wconf 87' lang='lat' dir='ltr'><strong>deterreat</strong></span> <span class='ocrx_word' id='word_1_628' title='bbox 527 5445 852 5511; x_wconf 90' lang='lat' dir='ltr'><strong>credituros,</strong></span> <span class='ocrx_word' id='word_1_629' title='bbox 901 5445 995 5500; x_wconf 92' lang='lat' dir='ltr'><strong>sed</strong></span> <span class='ocrx_word' id='word_1_630' title='bbox 1027 5452 1234 5498; x_wconf 89' lang='lat' dir='ltr'><strong>tantum</strong></span> <span class='ocrx_word' id='word_1_631' title='bbox 1278 5459 1396 5514; x_wconf 88' lang='lat' dir='ltr'><strong>qua</strong></span> <span class='ocrx_word' id='word_1_632' title='bbox 1426 5453 1612 5500; x_wconf 87' lang='lat' dir='ltr'><strong>sancta</strong></span> <span class='ocrx_word' id='word_1_633' title='bbox 1665 5455 1792 5501; x_wconf 87' lang='lat' dir='ltr'><strong>sunt</strong></span> 
     </span>
    </p>
   </div>
   <div class='ocr_carea' id='block_1_87' title="bbox 209 5537 1788 5610">
    <p class='ocr_par' dir='ltr' id='par_1_87' title="bbox 209 5537 1788 5610">
     <span class='ocr_line' id='line_1_87' title="bbox 209 5537 1788 5610; baseline -0.001 -16"><span class='ocrx_word' id='word_1_634' title='bbox 209 5537 522 5608; x_wconf 69' lang='lat' dir='ltr'><strong>pnedieent,</strong></span> <span class='ocrx_word' id='word_1_635' title='bbox 555 5549 609 5593; x_wconf 91' lang='lat' dir='ltr'><strong>et</strong></span> <span class='ocrx_word' id='word_1_636' title='bbox 637 5538 942 5593; x_wconf 87' lang='lat' dir='ltr'><strong>voluntarie</strong></span> <span class='ocrx_word' id='word_1_637' title='bbox 979 5539 1046 5594; x_wconf 89' lang='lat' dir='ltr'><strong>ad</strong></span> <span class='ocrx_word' id='word_1_638' title='bbox 1071 5537 1228 5593; x_wconf 86' lang='lat' dir='ltr'><strong>Iidem</strong></span> <span class='ocrx_word' id='word_1_639' title='bbox 1277 5538 1362 5594; x_wconf 89' lang='lat' dir='ltr'><strong>vel</strong></span> <span class='ocrx_word' id='word_1_640' title='bbox 1386 5538 1454 5593; x_wconf 88' lang='lat' dir='ltr'><strong>ad</strong></span> <span class='ocrx_word' id='word_1_641' title='bbox 1474 5538 1788 5610; x_wconf 77' lang='lat' dir='ltr'><strong>religionem</strong></span> 
     </span>
    </p>
   </div>
   <div class='ocr_carea' id='block_1_88' title="bbox 211 5628 1792 5694">
    <p class='ocr_par' dir='ltr' id='par_1_88' title="bbox 211 5628 1792 5694">
     <span class='ocr_line' id='line_1_88' title="bbox 211 5628 1792 5694; baseline 0.003 -12"><span class='ocrx_word' id='word_1_642' title='bbox 211 5628 515 5682; x_wconf 88' lang='lat' dir='ltr'><strong>credituros</strong></span> <span class='ocrx_word' id='word_1_643' title='bbox 544 5628 626 5682; x_wconf 86' lang='lat' dir='ltr'><strong>vel</strong></span> <span class='ocrx_word' id='word_1_644' title='bbox 661 5643 952 5684; x_wconf 86' lang='lat' dir='ltr'><strong>conversos</strong></span> <span class='ocrx_word' id='word_1_645' title='bbox 1001 5630 1290 5694; x_wconf 89' lang='lat' dir='ltr'><strong>adducant,</strong></span> <span class='ocrx_word' id='word_1_646' title='bbox 1333 5638 1387 5694; x_wconf 87' lang='lat' dir='ltr'><strong>et</strong></span> <span class='ocrx_word' id='word_1_647' title='bbox 1427 5631 1480 5684; x_wconf 92' lang='lat' dir='ltr'><strong>in</strong></span> <span class='ocrx_word' id='word_1_648' title='bbox 1513 5646 1609 5686; x_wconf 88' lang='lat' dir='ltr'><strong>sua</strong></span> <span class='ocrx_word' id='word_1_649' title='bbox 1645 5641 1792 5686; x_wconf 92' lang='lat' dir='ltr'><strong>tran-</strong></span> 
     </span>
    </p>
   </div>
   <div class='ocr_carea' id='block_1_89' title="bbox 210 5719 1792 5792">
    <p class='ocr_par' dir='ltr' id='par_1_89' title="bbox 210 5719 1792 5792">
     <span class='ocr_line' id='line_1_89' title="bbox 210 5719 1792 5792; baseline 0.004 -20"><span class='ocrx_word' id='word_1_650' title='bbox 210 5719 480 5789; x_wconf 86' lang='lat' dir='ltr'><strong>quillitate</strong></span> <span class='ocrx_word' id='word_1_651' title='bbox 509 5735 614 5774; x_wconf 90' lang='lat' dir='ltr'><strong>non</strong></span> <span class='ocrx_word' id='word_1_652' title='bbox 645 5723 983 5791; x_wconf 89' lang='lat' dir='ltr'><strong>perturbent,</strong></span> <span class='ocrx_word' id='word_1_653' title='bbox 1023 5719 1193 5775; x_wconf 89' lang='lat' dir='ltr'><strong>donec</strong></span> <span class='ocrx_word' id='word_1_654' title='bbox 1221 5721 1399 5776; x_wconf 89' lang='lat' dir='ltr'><strong>divina</strong></span> <span class='ocrx_word' id='word_1_655' title='bbox 1440 5723 1792 5792; x_wconf 90' lang='lat' dir='ltr'><strong>inspiratione</strong></span> 
     </span>
    </p>
   </div>
   <div class='ocr_carea' id='block_1_90' title="bbox 210 5809 1794 5885">
    <p class='ocr_par' dir='ltr' id='par_1_90' title="bbox 210 5809 1794 5885">
     <span class='ocr_line' id='line_1_90' title="bbox 210 5809 1794 5885; baseline 0.003 -21"><span class='ocrx_word' id='word_1_656' title='bbox 210 5809 389 5865; x_wconf 89' lang='lat' dir='ltr'><strong>adacti</strong></span> <span class='ocrx_word' id='word_1_657' title='bbox 415 5810 483 5865; x_wconf 84' lang='lat' dir='ltr'><strong>ad</strong></span> <span class='ocrx_word' id='word_1_658' title='bbox 509 5809 717 5868; x_wconf 88' lang='lat' dir='ltr'><strong>altioris</strong></span> <span class='ocrx_word' id='word_1_659' title='bbox 743 5810 868 5867; x_wconf 84' lang='lat' dir='ltr'><strong>vita</strong></span> <span class='ocrx_word' id='word_1_660' title='bbox 890 5811 1068 5866; x_wconf 84' lang='lat' dir='ltr'><strong>studia</strong></span> <span class='ocrx_word' id='word_1_661' title='bbox 1105 5813 1478 5882; x_wconf 82' lang='lat' dir='ltr'><strong>accingamur.</strong></span> <span class='ocrx_word' id='word_1_662' title='bbox 1521 5813 1630 5869; x_wconf 88' lang='lat' dir='ltr'><strong>Sed</strong></span> <span class='ocrx_word' id='word_1_663' title='bbox 1670 5829 1794 5885; x_wconf 85' lang='lat' dir='ltr'><strong>per-</strong></span> 
     </span>
    </p>
   </div>
   <div class='ocr_carea' id='block_1_91' title="bbox 1810 4577 1865 4637">
    <p class='ocr_par' dir='ltr' id='par_1_91' title="bbox 1810 4577 1865 4637">
     <span class='ocr_line' id='line_1_91' title="bbox 1810 4577 1865 4637; baseline 0 0"><span class='ocrx_word' id='word_1_664' title='bbox 1810 4577 1865 4637; x_wconf 93' lang='lat' dir='ltr'><strong>D</strong></span> 
     </span>
    </p>
   </div>
   <div class='ocr_carea' id='block_1_92' title="bbox 1891 3329 2648 3403">
    <p class='ocr_par' dir='ltr' id='par_1_92' title="bbox 1891 3329 2648 3403">
     <span class='ocr_line' id='line_1_92' title="bbox 1891 3329 2648 3403; baseline -0.003 -17"><span class='ocrx_word' id='word_1_665' title='bbox 1891 3333 2231 3403; x_wconf 86' lang='lat' dir='ltr'><strong>perpendens</strong></span> <span class='ocrx_word' id='word_1_666' title='bbox 2258 3330 2494 3385; x_wconf 89' lang='lat' dir='ltr'><strong>Ecclesia</strong></span> <span class='ocrx_word' id='word_1_667' title='bbox 2527 3329 2603 3384; x_wconf 92' lang='lat' dir='ltr'><strong>ait</strong></span> <span class='ocrx_word' id='word_1_668' title='bbox 2635 3347 2648 3384; x_wconf 91' lang='lat'><strong>:</strong></span> 
     </span>
    </p>
   </div>
   <div class='ocr_carea' id='block_1_93' title="bbox 1967 3419 3486 3488">
    <p class='ocr_par' dir='ltr' id='par_1_93' title="bbox 1967 3419 3486 3488">
     <span class='ocr_line' id='line_1_93' title="bbox 1967 3419 3486 3488; baseline 0.001 -15"><span class='ocrx_word' id='word_1_669' title='bbox 1967 3441 1986 3473; x_wconf 83' lang='grc'><strong><em>‹</em></strong></span> <span class='ocrx_word' id='word_1_670' title='bbox 2035 3421 2172 3477; x_wconf 89' lang='lat' dir='ltr'><strong>Ecce</strong></span> <span class='ocrx_word' id='word_1_671' title='bbox 2197 3422 2343 3476; x_wconf 86' lang='lat' dir='ltr'><strong>venit</strong></span> <span class='ocrx_word' id='word_1_672' title='bbox 2369 3421 2566 3476; x_wconf 90' lang='lat' dir='ltr'><strong>saliens</strong></span> <span class='ocrx_word' id='word_1_673' title='bbox 2607 3421 2660 3475; x_wconf 94' lang='lat' dir='ltr'><strong>in</strong></span> <span class='ocrx_word' id='word_1_674' title='bbox 2692 3421 2990 3488; x_wconf 89' lang='lat' dir='ltr'><strong>montibus,</strong></span> <span class='ocrx_word' id='word_1_675' title='bbox 3028 3419 3344 3476; x_wconf 89' lang='lat' dir='ltr'><strong>transiliens</strong></span> <span class='ocrx_word' id='word_1_676' title='bbox 3373 3419 3486 3475; x_wconf 87' lang='lat' dir='ltr'><strong>col-</strong></span> 
     </span>
    </p>
   </div>
   <div class='ocr_carea' id='block_1_94' title="bbox 1898 3512 3486 3584">
    <p class='ocr_par' dir='ltr' id='par_1_94' title="bbox 1898 3512 3486 3584">
     <span class='ocr_line' id='line_1_94' title="bbox 1898 3512 3486 3584; baseline 0 -18"><span class='ocrx_word' id='word_1_677' title='bbox 1898 3533 1916 3566; x_wconf 76' lang='grc' dir='ltr'>ι</span> <span class='ocrx_word' id='word_1_678' title='bbox 1949 3515 2047 3568; x_wconf 89' lang='lat' dir='ltr'><strong>les.</strong></span> <span class='ocrx_word' id='word_1_679' title='bbox 2079 3533 2097 3565; x_wconf 72' lang='grc' dir='ltr'><strong>ι</strong></span> <span class='ocrx_word' id='word_1_680' title='bbox 2122 3514 2217 3570; x_wconf 87' lang='lat' dir='ltr'><strong>Vis</strong></span> <span class='ocrx_word' id='word_1_681' title='bbox 2246 3513 2432 3568; x_wconf 90' lang='lat' dir='ltr'><strong>audire</strong></span> <span class='ocrx_word' id='word_1_682' title='bbox 2455 3513 2642 3584; x_wconf 89' lang='lat' dir='ltr'><strong>quales</strong></span> <span class='ocrx_word' id='word_1_683' title='bbox 2662 3512 2830 3568; x_wconf 89' lang='lat' dir='ltr'><strong>saltus</strong></span> <span class='ocrx_word' id='word_1_684' title='bbox 2851 3513 3015 3569; x_wconf 80' lang='lat' dir='ltr'><strong>fecit?</strong></span> <span class='ocrx_word' id='word_1_685' title='bbox 3035 3513 3211 3577; x_wconf 88' lang='lat' dir='ltr'><strong>Tales,</strong></span> <span class='ocrx_word' id='word_1_686' title='bbox 3239 3513 3486 3582; x_wconf 79' lang='lat' dir='ltr'><strong>inquam,</strong></span> 
     </span>
    </p>
   </div>
   <div class='ocr_carea' id='block_1_95' title="bbox 1891 3603 3486 3668">
    <p class='ocr_par' dir='ltr' id='par_1_95' title="bbox 1891 3603 3486 3668">
     <span class='ocr_line' id='line_1_95' title="bbox 1891 3603 3486 3668; baseline -0.003 -6"><span class='ocrx_word' id='word_1_687' title='bbox 1891 3607 2060 3662; x_wconf 87' lang='lat' dir='ltr'><strong>saltus</strong></span> <span class='ocrx_word' id='word_1_688' title='bbox 2102 3606 2330 3661; x_wconf 90' lang='lat' dir='ltr'><strong>dilectus</strong></span> <span class='ocrx_word' id='word_1_689' title='bbox 2358 3621 2532 3661; x_wconf 91' lang='lat' dir='ltr'><strong>meus.</strong></span> <span class='ocrx_word' id='word_1_690' title='bbox 2577 3606 2654 3660; x_wconf 92' lang='lat' dir='ltr'><strong>De</strong></span> <span class='ocrx_word' id='word_1_691' title='bbox 2681 3608 2820 3664; x_wconf 78' lang='lat' dir='ltr'><strong>calo</strong></span> <span class='ocrx_word' id='word_1_692' title='bbox 2849 3608 2997 3662; x_wconf 90' lang='lat' dir='ltr'><strong>venit</strong></span> <span class='ocrx_word' id='word_1_693' title='bbox 3034 3605 3090 3660; x_wconf 91' lang='lat' dir='ltr'><strong>in</strong></span> <span class='ocrx_word' id='word_1_694' title='bbox 3133 3613 3370 3668; x_wconf 90' lang='lat' dir='ltr'><strong>uterum,</strong></span> <span class='ocrx_word' id='word_1_695' title='bbox 3418 3603 3486 3659; x_wconf 86' lang='lat' dir='ltr'><strong>de</strong></span> 
     </span>
    </p>
   </div>
   <div class='ocr_carea' id='block_1_96' title="bbox 1891 3692 3486 3772">
    <p class='ocr_par' dir='ltr' id='par_1_96' title="bbox 1891 3692 3486 3772">
     <span class='ocr_line' id='line_1_96' title="bbox 1891 3692 3486 3772; baseline -0.003 -17"><span class='ocrx_word' id='word_1_696' title='bbox 1891 3707 2049 3755; x_wconf 87' lang='lat' dir='ltr'><strong>utero</strong></span> <span class='ocrx_word' id='word_1_697' title='bbox 2082 3699 2134 3753; x_wconf 93' lang='lat' dir='ltr'><strong>in</strong></span> <span class='ocrx_word' id='word_1_698' title='bbox 2171 3714 2430 3770; x_wconf 72' lang='lat' dir='ltr'><strong>praesepe,</strong></span> <span class='ocrx_word' id='word_1_699' title='bbox 2470 3699 2536 3754; x_wconf 93' lang='lat' dir='ltr'><strong>de</strong></span> <span class='ocrx_word' id='word_1_700' title='bbox 2573 3715 2816 3772; x_wconf 87' lang='lat' dir='ltr'><strong>prasepe</strong></span> <span class='ocrx_word' id='word_1_701' title='bbox 2866 3692 3106 3754; x_wconf 45' lang='lat' dir='ltr'><strong>venit&#39;in</strong></span> <span class='ocrx_word' id='word_1_702' title='bbox 3144 3711 3384 3763; x_wconf 90' lang='lat' dir='ltr'><strong>crucem,</strong></span> <span class='ocrx_word' id='word_1_703' title='bbox 3417 3696 3486 3752; x_wconf 86' lang='lat' dir='ltr'><strong>de</strong></span> 
     </span>
    </p>
   </div>
   <div class='ocr_carea' id='block_1_97' title="bbox 1893 3787 3480 3861">
    <p class='ocr_par' dir='ltr' id='par_1_97' title="bbox 1893 3787 3480 3861">
     <span class='ocr_line' id='line_1_97' title="bbox 1893 3787 3480 3861; baseline -0.004 -14"><span class='ocrx_word' id='word_1_704' title='bbox 1893 3806 2054 3847; x_wconf 91' lang='lat' dir='ltr'><strong>cruce</strong></span> <span class='ocrx_word' id='word_1_705' title='bbox 2082 3790 2228 3844; x_wconf 88' lang='lat' dir='ltr'><strong>venit</strong></span> <span class='ocrx_word' id='word_1_706' title='bbox 2253 3790 2306 3844; x_wconf 93' lang='lat' dir='ltr'><strong>in</strong></span> <span class='ocrx_word' id='word_1_707' title='bbox 2330 3789 2662 3860; x_wconf 88' lang='lat' dir='ltr'><strong>sepulcrum,</strong></span> <span class='ocrx_word' id='word_1_708' title='bbox 2707 3791 2773 3846; x_wconf 92' lang='lat' dir='ltr'><strong>de</strong></span> <span class='ocrx_word' id='word_1_709' title='bbox 2803 3790 3054 3861; x_wconf 87' lang='lat' dir='ltr'><strong>sepulcro</strong></span> <span class='ocrx_word' id='word_1_710' title='bbox 3080 3787 3241 3844; x_wconf 88' lang='lat' dir='ltr'><strong>rediit</strong></span> <span class='ocrx_word' id='word_1_711' title='bbox 3274 3787 3328 3842; x_wconf 93' lang='lat' dir='ltr'><strong>in</strong></span> <span class='ocrx_word' id='word_1_712' title='bbox 3364 3799 3480 3841; x_wconf 80' lang='lat' dir='ltr'><strong>ca-</strong></span> 
     </span>
    </p>
   </div>
   <div class='ocr_carea' id='block_1_98' title="bbox 1891 3881 3476 3952">
    <p class='ocr_par' dir='ltr' id='par_1_98' title="bbox 1891 3881 3476 3952">
     <span class='ocr_line' id='line_1_98' title="bbox 1891 3881 3476 3952; baseline -0.003 -16"><span class='ocrx_word' id='word_1_713' title='bbox 1891 3883 2000 3936; x_wconf 92' lang='lat' dir='ltr'><strong>lum</strong></span> <span class='ocrx_word' id='word_1_714' title='bbox 2045 3901 2058 3936; x_wconf 88' lang='lat'><strong>:</strong></span> <span class='ocrx_word' id='word_1_715' title='bbox 2100 3883 2214 3952; x_wconf 89' lang='lat' dir='ltr'><strong>ipse</strong></span> <span class='ocrx_word' id='word_1_716' title='bbox 2242 3889 2326 3935; x_wconf 89' lang='lat' dir='ltr'><strong>est</strong></span> <span class='ocrx_word' id='word_1_717' title='bbox 2357 3882 2446 3951; x_wconf 92' lang='lat' dir='ltr'><strong>qui</strong></span> <span class='ocrx_word' id='word_1_718' title='bbox 2471 3881 2710 3936; x_wconf 90' lang='lat' dir='ltr'><strong>elevatus</strong></span> <span class='ocrx_word' id='word_1_719' title='bbox 2750 3891 2835 3938; x_wconf 93' lang='lat' dir='ltr'><strong>est</strong></span> <span class='ocrx_word' id='word_1_720' title='bbox 2864 3883 3028 3936; x_wconf 89' lang='lat' dir='ltr'><strong>etiam</strong></span> <span class='ocrx_word' id='word_1_721' title='bbox 3079 3895 3242 3950; x_wconf 88' lang='lat' dir='ltr'><strong>super</strong></span> <span class='ocrx_word' id='word_1_722' title='bbox 3283 3892 3476 3934; x_wconf 89' lang='lat' dir='ltr'><strong>omnes</strong></span> 
     </span>
    </p>
   </div>
   <div class='ocr_carea' id='block_1_99' title="bbox 1891 3969 3481 4039">
    <p class='ocr_par' dir='ltr' id='par_1_99' title="bbox 1891 3969 3481 4039">
     <span class='ocr_line' id='line_1_99' title="bbox 1891 3969 3481 4039; baseline -0.003 -10"><span class='ocrx_word' id='word_1_723' title='bbox 1891 3985 2106 4030; x_wconf 86' lang='lat' dir='ltr'><strong>montes</strong></span> <span class='ocrx_word' id='word_1_724' title='bbox 2153 3983 2208 4029; x_wconf 91' lang='lat' dir='ltr'><strong>et</strong></span> <span class='ocrx_word' id='word_1_725' title='bbox 2235 3974 2416 4039; x_wconf 88' lang='lat' dir='ltr'><strong>colles,</strong></span> <span class='ocrx_word' id='word_1_726' title='bbox 2450 3973 2504 4028; x_wconf 88' lang='lat' dir='ltr'><strong>id</strong></span> <span class='ocrx_word' id='word_1_727' title='bbox 2529 3981 2613 4028; x_wconf 91' lang='lat' dir='ltr'><strong>est</strong></span> <span class='ocrx_word' id='word_1_728' title='bbox 2646 3973 2835 4029; x_wconf 85' lang='lat' dir='ltr'><strong>Patres</strong></span> <span class='ocrx_word' id='word_1_729' title='bbox 2861 3973 2996 4030; x_wconf 87' lang='lat' dir='ltr'><strong>Novi</strong></span> <span class='ocrx_word' id='word_1_730' title='bbox 3028 3983 3082 4029; x_wconf 91' lang='lat' dir='ltr'><strong>et</strong></span> <span class='ocrx_word' id='word_1_731' title='bbox 3109 3971 3322 4028; x_wconf 82' lang='lat' dir='ltr'><strong>Veteris</strong></span> <span class='ocrx_word' id='word_1_732' title='bbox 3374 3969 3481 4025; x_wconf 87' lang='lat' dir='ltr'><strong>Te-</strong></span> 
     </span>
    </p>
   </div>
   <div class='ocr_carea' id='block_1_100' title="bbox 1891 4064 3485 4136">
    <p class='ocr_par' dir='ltr' id='par_1_100' title="bbox 1891 4064 3485 4136">
     <span class='ocr_line' id='line_1_100' title="bbox 1891 4064 3485 4136; baseline -0.002 -14"><span class='ocrx_word' id='word_1_733' title='bbox 1891 4069 2164 4131; x_wconf 89' lang='lat' dir='ltr'><strong>stamenti,</strong></span> <span class='ocrx_word' id='word_1_734' title='bbox 2208 4067 2297 4136; x_wconf 92' lang='lat' dir='ltr'><strong>qui</strong></span> <span class='ocrx_word' id='word_1_735' title='bbox 2332 4066 2526 4121; x_wconf 91' lang='lat' dir='ltr'><strong>merito</strong></span> <span class='ocrx_word' id='word_1_736' title='bbox 2558 4067 2817 4122; x_wconf 90' lang='lat' dir='ltr'><strong>virtutum</strong></span> <span class='ocrx_word' id='word_1_737' title='bbox 2839 4076 2893 4122; x_wconf 88' lang='lat' dir='ltr'><strong>et</strong></span> <span class='ocrx_word' id='word_1_738' title='bbox 2918 4067 3122 4121; x_wconf 90' lang='lat' dir='ltr'><strong>vertice</strong></span> <span class='ocrx_word' id='word_1_739' title='bbox 3155 4064 3279 4120; x_wconf 83' lang='lat' dir='ltr'><strong>ﬁdei</strong></span> <span class='ocrx_word' id='word_1_740' title='bbox 3324 4073 3485 4120; x_wconf 88' lang='lat' dir='ltr'><strong>cate-</strong></span> 
     </span>
    </p>
   </div>
   <div class='ocr_carea' id='block_1_101' title="bbox 1892 4156 3485 4213">
    <p class='ocr_par' dir='ltr' id='par_1_101' title="bbox 1892 4156 3485 4213">
     <span class='ocr_line' id='line_1_101' title="bbox 1892 4156 3485 4213; baseline -0.002 0"><span class='ocrx_word' id='word_1_741' title='bbox 1892 4158 1970 4213; x_wconf 85' lang='lat' dir='ltr'><strong>ris</strong></span> <span class='ocrx_word' id='word_1_742' title='bbox 2001 4169 2128 4212; x_wconf 91' lang='lat' dir='ltr'><strong>sunt</strong></span> <span class='ocrx_word' id='word_1_743' title='bbox 2153 4157 2557 4212; x_wconf 86' lang='lat' dir='ltr'><strong>eminentiores.</strong></span> <span class='ocrx_word' id='word_1_744' title='bbox 2597 4157 2654 4212; x_wconf 92' lang='lat' dir='ltr'><strong>ln</strong></span> <span class='ocrx_word' id='word_1_745' title='bbox 2684 4158 2768 4213; x_wconf 90' lang='lat' dir='ltr'><strong>his</strong></span> <span class='ocrx_word' id='word_1_746' title='bbox 2797 4157 3057 4212; x_wconf 90' lang='lat' dir='ltr'><strong>Dominus</strong></span> <span class='ocrx_word' id='word_1_747' title='bbox 3079 4171 3184 4210; x_wconf 91' lang='lat' dir='ltr'><strong>non</strong></span> <span class='ocrx_word' id='word_1_748' title='bbox 3208 4156 3380 4211; x_wconf 88' lang='lat' dir='ltr'><strong>solum</strong></span> <span class='ocrx_word' id='word_1_749' title='bbox 3405 4156 3485 4210; x_wconf 59' lang='lat' dir='ltr'><strong>ina</strong></span> 
     </span>
    </p>
   </div>
   <div class='ocr_carea' id='block_1_102' title="bbox 1892 4252 3482 4324">
    <p class='ocr_par' dir='ltr' id='par_1_102' title="bbox 1892 4252 3482 4324">
     <span class='ocr_line' id='line_1_102' title="bbox 1892 4252 3482 4324; baseline 0.001 -18"><span class='ocrx_word' id='word_1_750' title='bbox 1892 4252 2155 4315; x_wconf 90' lang='lat' dir='ltr'><strong>habitare,</strong></span> <span class='ocrx_word' id='word_1_751' title='bbox 2217 4254 2310 4306; x_wconf 91' lang='lat' dir='ltr'><strong>sed</strong></span> <span class='ocrx_word' id='word_1_752' title='bbox 2361 4252 2632 4308; x_wconf 89' lang='lat' dir='ltr'><strong>transilire</strong></span> <span class='ocrx_word' id='word_1_753' title='bbox 2677 4253 2894 4318; x_wconf 89' lang='lat' dir='ltr'><strong>dicitur,</strong></span> <span class='ocrx_word' id='word_1_754' title='bbox 2951 4253 3076 4324; x_wconf 86' lang='lat' dir='ltr'><strong>quia</strong></span> <span class='ocrx_word' id='word_1_755' title='bbox 3118 4267 3224 4306; x_wconf 90' lang='lat' dir='ltr'><strong>non</strong></span> <span class='ocrx_word' id='word_1_756' title='bbox 3276 4260 3482 4307; x_wconf 87' lang='lat' dir='ltr'><strong>tantum</strong></span> 
     </span>
    </p>
   </div>
   <div class='ocr_carea' id='block_1_103' title="bbox 1893 4341 3473 4415">
    <p class='ocr_par' dir='ltr' id='par_1_103' title="bbox 1893 4341 3473 4415">
     <span class='ocr_line' id='line_1_103' title="bbox 1893 4341 3473 4415; baseline 0.001 -18"><span class='ocrx_word' id='word_1_757' title='bbox 1893 4341 2193 4408; x_wconf 87' lang='lat' dir='ltr'><strong>divinitate,</strong></span> <span class='ocrx_word' id='word_1_758' title='bbox 2231 4343 2323 4397; x_wconf 90' lang='lat' dir='ltr'><strong>sed</strong></span> <span class='ocrx_word' id='word_1_759' title='bbox 2347 4343 2688 4399; x_wconf 87' lang='lat' dir='ltr'><strong>luunanitate</strong></span> <span class='ocrx_word' id='word_1_760' title='bbox 2734 4343 3173 4414; x_wconf 88' lang='lat' dir='ltr'><strong>incomparabilis</strong></span> <span class='ocrx_word' id='word_1_761' title='bbox 3196 4345 3473 4415; x_wconf 88' lang='lat' dir='ltr'><strong>apparuit.</strong></span> 
     </span>
    </p>
   </div>
   <div class='ocr_carea' id='block_1_104' title="bbox 1893 4433 3480 4508">
    <p class='ocr_par' dir='ltr' id='par_1_104' title="bbox 1893 4433 3480 4508">
     <span class='ocr_line' id='line_1_104' title="bbox 1893 4433 3480 4508; baseline 0.002 -20"><span class='ocrx_word' id='word_1_762' title='bbox 1893 4433 1999 4488; x_wconf 90' lang='lat' dir='ltr'><strong>Sen</strong></span> <span class='ocrx_word' id='word_1_763' title='bbox 2049 4449 2145 4503; x_wconf 90' lang='lat' dir='ltr'><strong>per</strong></span> <span class='ocrx_word' id='word_1_764' title='bbox 2197 4435 2490 4505; x_wconf 86' lang='lat' dir='ltr'><strong>apostolos,</strong></span> <span class='ocrx_word' id='word_1_765' title='bbox 2548 4443 2608 4489; x_wconf 91' lang='lat' dir='ltr'><strong>ut</strong></span> <span class='ocrx_word' id='word_1_766' title='bbox 2647 4436 2830 4490; x_wconf 90' lang='lat' dir='ltr'><strong>dicere</strong></span> <span class='ocrx_word' id='word_1_767' title='bbox 2885 4435 3150 4506; x_wconf 80' lang='lat' dir='ltr'><strong>capimus</strong></span> <span class='ocrx_word' id='word_1_768' title='bbox 3210 4436 3480 4508; x_wconf 87' lang='lat' dir='ltr'><strong>superius,</strong></span> 
     </span>
    </p>
   </div>
   <div class='ocr_carea' id='block_1_105' title="bbox 1891 4526 3477 4597">
    <p class='ocr_par' dir='ltr' id='par_1_105' title="bbox 1891 4526 3477 4597">
     <span class='ocr_line' id='line_1_105' title="bbox 1891 4526 3477 4597; baseline 0.001 -17"><span class='ocrx_word' id='word_1_769' title='bbox 1891 4541 2104 4581; x_wconf 92' lang='lat' dir='ltr'><strong>omnem</strong></span> <span class='ocrx_word' id='word_1_770' title='bbox 2139 4526 2445 4597; x_wconf 86' lang='lat' dir='ltr'><strong>superbiam</strong></span> <span class='ocrx_word' id='word_1_771' title='bbox 2477 4526 2754 4596; x_wconf 78' lang='lat' dir='ltr'><strong>sapientia</strong></span> <span class='ocrx_word' id='word_1_772' title='bbox 2801 4527 2986 4582; x_wconf 91' lang='lat' dir='ltr'><strong>mundi</strong></span> <span class='ocrx_word' id='word_1_773' title='bbox 3020 4527 3369 4584; x_wconf 87' lang='lat' dir='ltr'><strong>extollentem</strong></span> <span class='ocrx_word' id='word_1_774' title='bbox 3395 4543 3477 4587; x_wconf 90' lang='lat' dir='ltr'><strong>.se</strong></span> 
     </span>
    </p>
   </div>
   <div class='ocr_carea' id='block_1_106' title="bbox 1891 4617 3469 4690">
    <p class='ocr_par' dir='ltr' id='par_1_106' title="bbox 1891 4617 3469 4690">
     <span class='ocr_line' id='line_1_106' title="bbox 1891 4617 3469 4690; baseline 0.001 -18"><span class='ocrx_word' id='word_1_775' title='bbox 1891 4617 2150 4672; x_wconf 82' lang='lat' dir='ltr'><strong>adversus</strong></span> <span class='ocrx_word' id='word_1_776' title='bbox 2170 4617 2486 4673; x_wconf 87' lang='lat' dir='ltr'><strong>Creatorem</strong></span> <span class='ocrx_word' id='word_1_777' title='bbox 2513 4618 2806 4690; x_wconf 80' lang='lat' dir='ltr'><strong>liquefecit,</strong></span> <span class='ocrx_word' id='word_1_778' title='bbox 2831 4626 2885 4674; x_wconf 92' lang='lat' dir='ltr'><strong>et</strong></span> <span class='ocrx_word' id='word_1_779' title='bbox 2911 4618 2978 4674; x_wconf 91' lang='lat' dir='ltr'><strong>ad</strong></span> <span class='ocrx_word' id='word_1_780' title='bbox 3002 4619 3228 4675; x_wconf 91' lang='lat' dir='ltr'><strong>nihilum</strong></span> <span class='ocrx_word' id='word_1_781' title='bbox 3250 4620 3469 4676; x_wconf 87' lang='lat' dir='ltr'><strong>redacta</strong></span> 
     </span>
    </p>
   </div>
   <div class='ocr_carea' id='block_1_107' title="bbox 1891 4707 3479 4782">
    <p class='ocr_par' dir='ltr' id='par_1_107' title="bbox 1891 4707 3479 4782">
     <span class='ocr_line' id='line_1_107' title="bbox 1891 4707 3479 4782; baseline 0 -18"><span class='ocrx_word' id='word_1_782' title='bbox 1891 4707 2227 4764; x_wconf 87' lang='lat' dir='ltr'><strong>bumiliatur.</strong></span> <span class='ocrx_word' id='word_1_783' title='bbox 2260 4709 2317 4762; x_wconf 90' lang='lat' dir='ltr'><strong>lu</strong></span> <span class='ocrx_word' id='word_1_784' title='bbox 2349 4709 2546 4780; x_wconf 91' lang='lat' dir='ltr'><strong>quibus</strong></span> <span class='ocrx_word' id='word_1_785' title='bbox 2569 4726 2673 4764; x_wconf 92' lang='lat' dir='ltr'><strong>non</strong></span> <span class='ocrx_word' id='word_1_786' title='bbox 2706 4709 2976 4764; x_wconf 89' lang='lat' dir='ltr'><strong>rhetorica</strong></span> <span class='ocrx_word' id='word_1_787' title='bbox 3009 4719 3350 4782; x_wconf 89' lang='lat' dir='ltr'><strong>argumenta,</strong></span> <span class='ocrx_word' id='word_1_788' title='bbox 3383 4709 3479 4765; x_wconf 89' lang='lat' dir='ltr'><strong>sed</strong></span> 
     </span>
    </p>
   </div>
   <div class='ocr_carea' id='block_1_108' title="bbox 1893 4798 3480 4871">
    <p class='ocr_par' dir='ltr' id='par_1_108' title="bbox 1893 4798 3480 4871">
     <span class='ocr_line' id='line_1_108' title="bbox 1893 4798 3480 4871; baseline 0 -17"><span class='ocrx_word' id='word_1_789' title='bbox 1893 4798 2065 4854; x_wconf 90' lang='lat' dir='ltr'><strong>sancti</strong></span> <span class='ocrx_word' id='word_1_790' title='bbox 2097 4798 2331 4868; x_wconf 90' lang='lat' dir='ltr'><strong>Spiritus</strong></span> <span class='ocrx_word' id='word_1_791' title='bbox 2362 4799 2530 4854; x_wconf 84' lang='lat' dir='ltr'><strong>virtus</strong></span> <span class='ocrx_word' id='word_1_792' title='bbox 2567 4798 2826 4871; x_wconf 81' lang='lat' dir='ltr'><strong>fulgebat,</strong></span> <span class='ocrx_word' id='word_1_793' title='bbox 2877 4808 2931 4855; x_wconf 90' lang='lat' dir='ltr'><strong>et</strong></span> <span class='ocrx_word' id='word_1_794' title='bbox 2976 4809 3248 4871; x_wconf 88' lang='lat' dir='ltr'><strong>prostrata</strong></span> <span class='ocrx_word' id='word_1_795' title='bbox 3281 4801 3480 4855; x_wconf 88' lang='lat' dir='ltr'><strong>damo-</strong></span> 
     </span>
    </p>
   </div>
   <div class='ocr_carea' id='block_1_109' title="bbox 1892 4891 3478 4962">
    <p class='ocr_par' dir='ltr' id='par_1_109' title="bbox 1892 4891 3478 4962">
     <span class='ocr_line' id='line_1_109' title="bbox 1892 4891 3478 4962; baseline -0.001 -16"><span class='ocrx_word' id='word_1_796' title='bbox 1892 4908 2022 4946; x_wconf 90' lang='lat' dir='ltr'><strong>num</strong></span> <span class='ocrx_word' id='word_1_797' title='bbox 2062 4891 2216 4946; x_wconf 92' lang='lat' dir='ltr'><strong>turba</strong></span> <span class='ocrx_word' id='word_1_798' title='bbox 2259 4892 2359 4947; x_wconf 91' lang='lat' dir='ltr'><strong>sub</strong></span> <span class='ocrx_word' id='word_1_799' title='bbox 2403 4891 2631 4962; x_wconf 90' lang='lat' dir='ltr'><strong>pedibus</strong></span> <span class='ocrx_word' id='word_1_800' title='bbox 2682 4893 3041 4959; x_wconf 87' lang='lat' dir='ltr'><strong>credentium,</strong></span> <span class='ocrx_word' id='word_1_801' title='bbox 3093 4901 3345 4948; x_wconf 88' lang='lat' dir='ltr'><strong>ostensus</strong></span> <span class='ocrx_word' id='word_1_802' title='bbox 3393 4899 3478 4946; x_wconf 89' lang='lat' dir='ltr'><strong>est</strong></span> 
     </span>
    </p>
   </div>
   <div class='ocr_carea' id='block_1_110' title="bbox 1896 4983 3475 5054">
    <p class='ocr_par' dir='ltr' id='par_1_110' title="bbox 1896 4983 3475 5054">
     <span class='ocr_line' id='line_1_110' title="bbox 1896 4983 3475 5054; baseline -0.002 -11"><span class='ocrx_word' id='word_1_803' title='bbox 1896 4989 2155 5044; x_wconf 88' lang='lat' dir='ltr'><strong>Ecclesia</strong></span> <span class='ocrx_word' id='word_1_804' title='bbox 2189 4987 2390 5044; x_wconf 86' lang='lat' dir='ltr'><strong>saliens</strong></span> <span class='ocrx_word' id='word_1_805' title='bbox 2439 4988 2490 5042; x_wconf 92' lang='lat' dir='ltr'><strong>in</strong></span> <span class='ocrx_word' id='word_1_806' title='bbox 2521 4988 2816 5054; x_wconf 91' lang='lat' dir='ltr'><strong>montibus,</strong></span> <span class='ocrx_word' id='word_1_807' title='bbox 2873 4998 2929 5044; x_wconf 89' lang='lat' dir='ltr'><strong>et</strong></span> <span class='ocrx_word' id='word_1_808' title='bbox 2961 4987 3270 5044; x_wconf 86' lang='lat' dir='ltr'><strong>transiliens</strong></span> <span class='ocrx_word' id='word_1_809' title='bbox 3310 4983 3475 5040; x_wconf 89' lang='lat' dir='ltr'><strong>colles</strong></span> 
     </span>
    </p>
   </div>
   <div class='ocr_carea' id='block_1_111' title="bbox 1897 5079 3480 5144">
    <p class='ocr_par' dir='ltr' id='par_1_111' title="bbox 1897 5079 3480 5144">
     <span class='ocr_line' id='line_1_111' title="bbox 1897 5079 3480 5144; baseline -0.002 -10"><span class='ocrx_word' id='word_1_810' title='bbox 1897 5081 2110 5134; x_wconf 90' lang='lat' dir='ltr'><strong>venisse</strong></span> <span class='ocrx_word' id='word_1_811' title='bbox 2164 5079 2216 5133; x_wconf 92' lang='lat' dir='ltr'><strong>in</strong></span> <span class='ocrx_word' id='word_1_812' title='bbox 2247 5081 2527 5144; x_wconf 87' lang='lat' dir='ltr'><strong>mundum,</strong></span> <span class='ocrx_word' id='word_1_813' title='bbox 2571 5089 2625 5134; x_wconf 89' lang='lat' dir='ltr'><strong>et</strong></span> <span class='ocrx_word' id='word_1_814' title='bbox 2665 5080 2808 5136; x_wconf 88' lang='lat' dir='ltr'><strong>inter</strong></span> <span class='ocrx_word' id='word_1_815' title='bbox 2850 5081 3096 5136; x_wconf 88' lang='lat' dir='ltr'><strong>homines</strong></span> <span class='ocrx_word' id='word_1_816' title='bbox 3129 5084 3480 5134; x_wconf 89' lang='lat' dir='ltr'><strong>conversatus</strong></span> 
     </span>
    </p>
   </div>
   <div class='ocr_carea' id='block_1_112' title="bbox 1897 5172 2846 5244">
    <p class='ocr_par' dir='ltr' id='par_1_112' title="bbox 1897 5172 2846 5244">
     <span class='ocr_line' id='line_1_112' title="bbox 1897 5172 2846 5244; baseline 0 -16"><span class='ocrx_word' id='word_1_817' title='bbox 1897 5181 1998 5228; x_wconf 88' lang='lat' dir='ltr'><strong>est.</strong></span> <span class='ocrx_word' id='word_1_818' title='bbox 2047 5172 2199 5228; x_wconf 89' lang='lat' dir='ltr'><strong>Unde</strong></span> <span class='ocrx_word' id='word_1_819' title='bbox 2233 5181 2288 5228; x_wconf 90' lang='lat' dir='ltr'><strong>et</strong></span> <span class='ocrx_word' id='word_1_820' title='bbox 2316 5189 2438 5227; x_wconf 90' lang='lat' dir='ltr'><strong>mox</strong></span> <span class='ocrx_word' id='word_1_821' title='bbox 2469 5172 2846 5244; x_wconf 86' lang='lat' dir='ltr'><strong>subjungitur:</strong></span> 
     </span>
    </p>
   </div>
   <div class='ocr_carea' id='block_1_113' title="bbox 1973 5259 3480 5335">
    <p class='ocr_par' dir='ltr' id='par_1_113' title="bbox 1973 5259 3480 5335">
     <span class='ocr_line' id='line_1_113' title="bbox 1973 5259 3480 5335; baseline -0.001 -22"><span class='ocrx_word' id='word_1_822' title='bbox 1973 5281 1992 5312; x_wconf 87' lang='grc'><em>‹</em></span> <span class='ocrx_word' id='word_1_823' title='bbox 2039 5261 2242 5318; x_wconf 90' lang='lat' dir='ltr'><strong>Similis</strong></span> <span class='ocrx_word' id='word_1_824' title='bbox 2260 5273 2343 5319; x_wconf 90' lang='lat' dir='ltr'><strong>est</strong></span> <span class='ocrx_word' id='word_1_825' title='bbox 2365 5264 2592 5320; x_wconf 82' lang='lat' dir='ltr'><strong>dilectus</strong></span> <span class='ocrx_word' id='word_1_826' title='bbox 2607 5281 2759 5320; x_wconf 90' lang='lat' dir='ltr'><strong>meus</strong></span> <span class='ocrx_word' id='word_1_827' title='bbox 2783 5277 2992 5335; x_wconf 81' lang='lat' dir='ltr'><strong>caprea</strong></span> <span class='ocrx_word' id='word_1_828' title='bbox 3017 5259 3348 5330; x_wconf 89' lang='lat' dir='ltr'><strong>hinnuloque</strong></span> <span class='ocrx_word' id='word_1_829' title='bbox 3361 5272 3480 5314; x_wconf 88' lang='lat' dir='ltr'><strong>cer-</strong></span> 
     </span>
    </p>
   </div>
   <div class='ocr_carea' id='block_1_114' title="bbox 1903 5354 3482 5426">
    <p class='ocr_par' dir='ltr' id='par_1_114' title="bbox 1903 5354 3482 5426">
     <span class='ocr_line' id='line_1_114' title="bbox 1903 5354 3482 5426; baseline -0.003 -18"><span class='ocrx_word' id='word_1_830' title='bbox 1903 5374 1923 5408; x_wconf 72' lang='lat' dir='ltr'><strong>c</strong></span> <span class='ocrx_word' id='word_1_831' title='bbox 1974 5370 2185 5409; x_wconf 90' lang='lat' dir='ltr'><strong>vorum.</strong></span> <span class='ocrx_word' id='word_1_832' title='bbox 2218 5376 2236 5407; x_wconf 73' lang='grc' dir='ltr'><strong><em>ι</em></strong></span> <span class='ocrx_word' id='word_1_833' title='bbox 2284 5354 2503 5426; x_wconf 85' lang='lat' dir='ltr'><strong>Caprea</strong></span> <span class='ocrx_word' id='word_1_834' title='bbox 2529 5355 2802 5412; x_wconf 89' lang='lat' dir='ltr'><strong>Christum</strong></span> <span class='ocrx_word' id='word_1_835' title='bbox 2841 5361 3212 5422; x_wconf 86' lang='lat' dir='ltr'><strong>comparatum</strong></span> <span class='ocrx_word' id='word_1_836' title='bbox 3251 5365 3358 5405; x_wconf 90' lang='lat' dir='ltr'><strong>non</strong></span> <span class='ocrx_word' id='word_1_837' title='bbox 3385 5363 3482 5420; x_wconf 90' lang='lat' dir='ltr'><strong>per</strong></span> 
     </span>
    </p>
   </div>
   <div class='ocr_carea' id='block_1_115' title="bbox 1897 5442 3479 5520">
    <p class='ocr_par' dir='ltr' id='par_1_115' title="bbox 1897 5442 3479 5520">
     <span class='ocr_line' id='line_1_115' title="bbox 1897 5442 3479 5520; baseline -0.004 -18"><span class='ocrx_word' id='word_1_838' title='bbox 1897 5447 2222 5503; x_wconf 87' lang='lat' dir='ltr'><strong>detrimenta</strong></span> <span class='ocrx_word' id='word_1_839' title='bbox 2246 5449 2540 5504; x_wconf 90' lang='lat' dir='ltr'><strong>divinitatis</strong></span> <span class='ocrx_word' id='word_1_840' title='bbox 2570 5450 2660 5520; x_wconf 91' lang='lat' dir='ltr'><strong>qui</strong></span> <span class='ocrx_word' id='word_1_841' title='bbox 2680 5463 2893 5520; x_wconf 87' lang='lat' dir='ltr'><strong>semper</strong></span> <span class='ocrx_word' id='word_1_842' title='bbox 2919 5447 3060 5502; x_wconf 91' lang='lat' dir='ltr'><strong>idem</strong></span> <span class='ocrx_word' id='word_1_843' title='bbox 3086 5453 3189 5510; x_wconf 86' lang='lat' dir='ltr'><strong>est,</strong></span> <span class='ocrx_word' id='word_1_844' title='bbox 3224 5442 3479 5513; x_wconf 85' lang='lat' dir='ltr'><strong>intelligi-</strong></span> 
     </span>
    </p>
   </div>
   <div class='ocr_carea' id='block_1_116' title="bbox 1901 5533 3482 5616">
    <p class='ocr_par' dir='ltr' id='par_1_116' title="bbox 1901 5533 3482 5616">
     <span class='ocr_line' id='line_1_116' title="bbox 1901 5533 3482 5616; baseline -0.004 -21"><span class='ocrx_word' id='word_1_845' title='bbox 1901 5555 2044 5606; x_wconf 91' lang='lat' dir='ltr'><strong>mus,</strong></span> <span class='ocrx_word' id='word_1_846' title='bbox 2069 5542 2162 5598; x_wconf 92' lang='lat' dir='ltr'><strong>sed</strong></span> <span class='ocrx_word' id='word_1_847' title='bbox 2183 5557 2280 5612; x_wconf 90' lang='lat' dir='ltr'><strong>per</strong></span> <span class='ocrx_word' id='word_1_848' title='bbox 2307 5542 2696 5598; x_wconf 88' lang='lat' dir='ltr'><strong>incarnationis</strong></span> <span class='ocrx_word' id='word_1_849' title='bbox 2723 5539 3062 5612; x_wconf 70' lang='lat' dir='ltr'><strong>mysterium,</strong></span> <span class='ocrx_word' id='word_1_850' title='bbox 3093 5535 3336 5616; x_wconf 77' lang='lat' dir='ltr'><strong>videlicet</strong></span> <span class='ocrx_word' id='word_1_851' title='bbox 3351 5533 3482 5605; x_wconf 85' lang='lat' dir='ltr'><strong>quia</strong></span> 
     </span>
    </p>
   </div>
   <div class='ocr_carea' id='block_1_117' title="bbox 1903 5627 3482 5702">
    <p class='ocr_par' dir='ltr' id='par_1_117' title="bbox 1903 5627 3482 5702">
     <span class='ocr_line' id='line_1_117' title="bbox 1903 5627 3482 5702; baseline -0.004 -17"><span class='ocrx_word' id='word_1_852' title='bbox 1903 5632 2152 5702; x_wconf 87' lang='lat' dir='ltr'><strong>apparuit</strong></span> <span class='ocrx_word' id='word_1_853' title='bbox 2177 5632 2230 5686; x_wconf 93' lang='lat' dir='ltr'><strong>in</strong></span> <span class='ocrx_word' id='word_1_854' title='bbox 2269 5632 2668 5688; x_wconf 66' lang='lat' dir='ltr'><strong>similizudinem</strong></span> <span class='ocrx_word' id='word_1_855' title='bbox 2695 5630 2874 5686; x_wconf 89' lang='lat' dir='ltr'><strong>carnis</strong></span> <span class='ocrx_word' id='word_1_856' title='bbox 2899 5627 3106 5700; x_wconf 88' lang='lat' dir='ltr'><strong>peccati</strong></span> <span class='ocrx_word' id='word_1_857' title='bbox 3142 5627 3196 5682; x_wconf 92' lang='lat' dir='ltr'><strong>in</strong></span> <span class='ocrx_word' id='word_1_858' title='bbox 3233 5640 3341 5696; x_wconf 92' lang='lat' dir='ltr'><strong>quo</strong></span> <span class='ocrx_word' id='word_1_859' title='bbox 3384 5639 3482 5678; x_wconf 85' lang='lat' dir='ltr'><strong>au-</strong></span> 
     </span>
    </p>
   </div>
   <div class='ocr_carea' id='block_1_118' title="bbox 1905 5717 3475 5792">
    <p class='ocr_par' dir='ltr' id='par_1_118' title="bbox 1905 5717 3475 5792">
     <span class='ocr_line' id='line_1_118' title="bbox 1905 5717 3475 5792; baseline -0.005 -16"><span class='ocrx_word' id='word_1_860' title='bbox 1905 5733 2122 5792; x_wconf 88' lang='lat' dir='ltr'><strong>gmenta</strong></span> <span class='ocrx_word' id='word_1_861' title='bbox 2160 5731 2448 5778; x_wconf 86' lang='lat' dir='ltr'><strong>consecuta</strong></span> <span class='ocrx_word' id='word_1_862' title='bbox 2475 5732 2577 5786; x_wconf 87' lang='lat' dir='ltr'><strong>est,</strong></span> <span class='ocrx_word' id='word_1_863' title='bbox 2614 5721 2754 5776; x_wconf 84' lang='lat' dir='ltr'><strong>calo</strong></span> <span class='ocrx_word' id='word_1_864' title='bbox 2791 5730 3006 5791; x_wconf 85' lang='lat' dir='ltr'><strong>recepta</strong></span> <span class='ocrx_word' id='word_1_865' title='bbox 3031 5717 3214 5774; x_wconf 88' lang='lat' dir='ltr'><strong>carnis</strong></span> <span class='ocrx_word' id='word_1_866' title='bbox 3257 5724 3475 5770; x_wconf 85' lang='lat' dir='ltr'><strong>natura.</strong></span> 
     </span>
    </p>
   </div>
   <div class='ocr_carea' id='block_1_119' title="bbox 1903 5808 3474 5885">
    <p class='ocr_par' dir='ltr' id='par_1_119' title="bbox 1903 5808 3474 5885">
     <span class='ocr_line' id='line_1_119' title="bbox 1903 5808 3474 5885; baseline -0.003 -17"><span class='ocrx_word' id='word_1_867' title='bbox 1903 5812 2040 5870; x_wconf 79' lang='lat' dir='ltr'><strong>Nam</strong></span> <span class='ocrx_word' id='word_1_868' title='bbox 2066 5823 2122 5870; x_wconf 88' lang='lat' dir='ltr'><strong>et</strong></span> <span class='ocrx_word' id='word_1_869' title='bbox 2143 5829 2354 5885; x_wconf 85' lang='lat' dir='ltr'><strong>caprea</strong></span> <span class='ocrx_word' id='word_1_870' title='bbox 2408 5813 2528 5870; x_wconf 86' lang='lat' dir='ltr'><strong>ideo</strong></span> <span class='ocrx_word' id='word_1_871' title='bbox 2574 5817 2810 5872; x_wconf 86' lang='lat' dir='ltr'><strong>nonnulli</strong></span> <span class='ocrx_word' id='word_1_872' title='bbox 2849 5812 3201 5871; x_wconf 87' lang='lat' dir='ltr'><strong>assimilatum</strong></span> <span class='ocrx_word' id='word_1_873' title='bbox 3239 5808 3474 5881; x_wconf 79' lang='lat' dir='ltr'><strong>opinan-</strong></span> 
     </span>
    </p>
   </div>
   <div class='ocr_carea' id='block_1_120' title="bbox 4058 5253 4068 5991">
    <p class='ocr_par' dir='ltr' id='par_1_120' title="bbox 4059 5701 4063 5991">
     <span class='ocr_line' id='line_1_120' title="bbox 4061 5701 4063 5768; baseline 0 0"><span class='ocrx_word' id='word_1_874' title='bbox 4061 5701 4063 5768; x_wconf 83' lang='lat' dir='ltr'><strong>l</strong></span> 
     </span>
     <span class='ocr_line' id='line_1_121' title="bbox 4059 5777 4063 5991; baseline 0 0"><span class='ocrx_word' id='word_1_875' title='bbox 4059 5819 4063 5991; x_wconf 69' lang='lat'><strong>1</strong></span> 
     </span>
    </p>
   </div>
  </div>
