4078 6340
710 277 817 333 seu
1745 279 2098 349 ANGELOMI
2130 284 2592 359 LUXQVIENSIS
2631 284 2944 357 MONACHI
3808 307 3874 387 μς

710 408 827 463 tur,
877 395 1005 467 quia
1038 403 1240 453 nostrae
1261 386 1453 457 salutis
1482 397 1772 457 illustratio
1799 403 2097 459 caecitatem
2123 404 2303 473 cordis
2326 407 2379 479 ᾼ
2406 406 2596 461 rietem
2627 415 2757 473 stat,
2785 422 2959 483 usque
2987 410 3055 466 ad
3089 412 3644 493 tempus.baptismatis
3666 418 3733 475 vel
3757 427 3871 495 peni-
3950 432 3951 439 ‘

713 484 969 543 auferens
998 487 1052 542 in
1076 486 1377 558 posteriore
1397 489 1576 544 δεουιί
1600 499 1752 562 parte
1772 493 2037 551 veniendo
2059 494 2113 551 in
2132 510 2297 563 carne
2399 498 2598 565 lentiae.
2626 498 2694 553 Et
2738 499 2864 559 licet
2902 516 3009 556 non
3058 516 3371 558 mereamur
3409 484 3526 562 eum
3556 486 3741 579 intueri,
3757 484 3873 573 iam

704 593 764 635 se
790 578 1051 645 ostendit,
1096 594 1257 650 quam
1286 578 1454 653 Moysi
1480 583 1685 655 petenti
1708 582 1762 641 in
1786 594 1966 643 monte
1989 584 2117 643 Sina
2148 605 2296 663 mon:
2394 605 2493 667 per
2524 590 2627 647 hoc
2667 592 2809 663 quod
2835 592 3197 651 idololatriam
3239 595 3568 668 abdicarnus,
3608 578 3813 662 fenestm
3840 610 3872 667 in

703 678 993 727 Straverat.
1025 672 1102 727 De
1125 688 1233 745 quo
1256 675 1517 749 mysterio
1536 675 1704 732 David
1726 678 1858 734 dicit
1881 699 1895 734 :
1923 699 1943 733 ι
1984 680 2181 738 Pennae
2202 698 2293 751 co-
2394 682 2708 753 supradicto
2734 682 2967 741 facimus
2986 686 3219 758 pariete,
3250 688 3447 763 quibus
3469 704 3562 747 nos
3587 691 3646 748 ab
3673 692 3871 756 immundis

702 761 901 819 lumbo:
927 763 1293 835 deargentatae
1322 764 1383 821 1h
1427 768 1731 840 posteriora
1759 771 1926 852 dorsi.
1951 775 2069 847 ejus
2112 773 2288 847 (Psal.

700 854 890 927 vau).
923 877 941 910 ι
970 854 1123 912 Sicut
1147 873 1465 929 caprearum
1486 866 1755 931 posterior
1765 865 2006 935 corporis
2016 883 2146 938 pars
2164 884 2291 925 can-

700 946 885 1003 dorem
920 948 1293 1017 demonstrat;
1323 956 1378 1007 et
1397 949 1522 1020 quia
1565 952 1719 1006 multi
1749 968 1856 1009 non
1884 954 2059 1010 solum
2085 972 2152 1012 ex
2193 956 2291 1026 Ju,

701 1037 852 1103 (imis,
897 1039 991 1095 sed
1017 1038 1181 1095 etiam
1224 1048 1305 1097 ex'
1334 1041 1669 1117 philosophis
1712 1044 1954 1117 gentium
2004 1048 2285 1117 credidere

696 1145 796 1201 per
821 1130 936 1199 ejus
980 1132 1344 1193 humilitatem
1376 1134 1788 1205 incarnationis,
1853 1141 1918 1195 de
1956 1143 2153 1213 quibus
2202 1142 2286 1198 in-

697 1221 1013 1293 telliguntur
1036 1232 1277 1295 agrestes
1315 1223 1421 1280 illae
1449 1228 1644 1284 anima)
1672 1230 1942 1300 quondam
1968 1234 2285 1305 mundiores

694 1312 906 1369 caeteris
943 1317 1298 1387 supradictis,
1347 1333 1466 1389 quae
1502 1335 1600 1391 per
1643 1321 1813 1395 ipsius
1864 1324 2171 1383 doctrinam
2212 1326 2285 1385 ad

610 1446 629 1460 .
691 1405 854 1463 unius
894 1408 1006 1462 veri
1050 1406 1265 1464 Israelis
1310 1412 1640 1468 consortium
1673 1426 1976 1497 aggregatm
2004 1428 2148 1475 sunt.
2182 1419 2287 1493 Ta:

689 1493 832 1551 libus
856 1497 1050 1553 similis
1080 1499 1235 1570 juxta
1269 1500 1579 1575 opinionem
1605 1503 1907 1577 aliquorum
1935 1493 2067 1566 voce
2092 1510 2280 1568 Eccle-
2310 1582 2319 1593 ν

691 1586 784 1642 sla:
808 1592 1209 1659 pronuntiatur,
1250 1594 1342 1666 qui
1371 1606 1593 1671 propter
1631 1597 1981 1659 innocentum
2015 1612 2071 1658 et
2097 1606 2281 1662 multi-

687 1682 928 1741 tudinem
950 1682 1289 1746 credentium
1318 1692 1544 1749 hinnulo
1579 1710 1866 1755 cervorum
1904 1708 2273 1769 comparatur.

2392 770 2673 855 spiritibus
2702 772 3042 830 defendendo
3072 776 3299 847 respicit
3341 776 3598 836 Christus.
3626 781 3683 837 Et
3716 785 3792 856 ipsi
3811 787 3885 844 soii'

2391 850 2564 936 genua
2589 865 2769 920 cordis
2796 860 3133 949 deﬂectendo
3152 869 3423 953 cancellos
3448 869 3678 941 facimus,
3695 850 3770 946 per
3786 895 3871 953 quos

2391 954 2867 1027 compunctionem
2915 958 2983 1014 ad
3035 974 3095 1019 se
3120 944 3490 1037 convertenda
3524 944 3782 1037 prospiciat.
3798 944 3868 1027 ‘Ubi

2389 1060 2520 1102 vero
2561 1050 2878 1106 venerimus
2923 1052 2990 1107 ad
3035 1067 3221 1113 veram
3271 1036 3658 1112 conversionem
3696 1058 3868 1131 baptismi

2387 1122 2633 1211 praedicti
2670 1140 2756 1195 vel
2787 1142 3145 1213 pcenitentiae,
3175 1145 3381 1203 retollit
3409 1163 3526 1203 eum
3554 1147 3615 1203 de
3638 1122 3775 1207 medie
3788 1168 3868 1209 ωηε

2388 1245 2541 1285 cessa
2570 1232 2727 1287 venia
2759 1242 3129 1305 peccatorum,
3154 1244 3209 1292 et
3240 1236 3478 1309 loquitur
3510 1238 3653 1297 nobis
3678 1241 3865 1300 dicendo:

2392 1339 2413 1374 ι
2440 1321 2633 1379 Venite
2659 1325 2727 1381 ad
2752 1341 2858 1393 me,
2890 1342 3079 1384 omnes
3103 1329 3195 1400 qui
3230 1329 3489 1387 laboratis
3511 1341 3562 1388 et
3581 1337 3865 1411 oneratiestis,

2385 1419 2442 1468 et
2460 1428 2560 1485 ego
2583 1413 2821 1472 reficiam
2851 1433 2951 1474 vos
2975 1416 3189 1491 (Matth.
3218 1420 3317 1494 xt).
3344 1441 3361 1475 ι
3391 1422 3492 1478 Et:
3527 1443 3545 1476 ι
3568 1426 3863 1489 Venite,beue~

2385 1502 2514 1560 dicti
2557 1505 2738 1564 Patris
2785 1509 2914 1573 mei,
2948 1510 3226 1581 possidete
3264 1524 3510 1585 paratum
3547 1518 3681 1574 vobis
3715 1535 3863 1593 regnum

2384 1608 2416 1651 a
2449 1599 2837 1657 constitutione
2866 1603 3051 1657 mundi
3080 1604 3299 1675 (Matth.
3327 1608 3476 1681 xxv).
3510 1629 3527 1662 ι
3569 1609 3697 1666 Sicut
3726 1622 3766 1667 et
3792 1629 3863 1668 nu-

2382 1689 2549 1765 gister
2561 1693 2825 1763 gentium,
2844 1693 3066 1763 Paulus,
3089 1697 3276 1753 docuit
3292 1699 3491 1759 factum
3506 1701 3554 1756 in
3574 1701 3675 1773 ejus
3690 1705 3862 1761 adventu.

687 1771 958 1833 liinnulus
984 1794 1270 1839 cervortun
1300 1782 1422 1839 ideo
1454 1785 1675 1853 dicitur,
1702 1788 1828 1860 quia
1858 1790 2073 1865 genitus
2102 1800 2187 1853 est
2209 1808 2277 1857 ex

2251 1809 2277 1857 ,ς
2389 1796 2409 1832 ι
2443 1780 2547 1849 Qui
2582 1784 2720 1847 tulit,
2756 1786 2952 1857 inquit,
2986 1789 3249 1858 parietem
3288 1793 3535 1849 maceriae
3574 1771 3632 1849 de
3666 1795 3861 1863 medio,et

685 1866 856 1936 stirpe
880 1871 1337 1943 patriarcharum,
1364 1876 1455 1949 qui
1486 1892 1772 1934 cervorum
1811 1881 2031 1941 nomine
2058 1898 2275 1954 praeno-

684 1967 892 2029 tantur,
940 1979 1037 2035 seu
1081 1966 1307 2025 hinnulo
1348 1986 1635 2028 cervorum
1681 1984 1904 2047 propter
1950 1977 2283 2041 humilitatis

682 2050 937 2124 formam,
975 2060 1203 2116 necdum
1242 2062 1420 2119 adhuc
1463 2066 1717 2135 potentiae
1758 2069 2016 2126 cornibus
2068 2070 2276 2127 exaltav

682 2142 775 2211 tis,
798 2146 997 2219 quibus
1032 2148 1084 2205 in
1125 2156 1365 2213 secundo
1390 2159 1623 2217 adventu
1654 2170 1978 2221 causaturus
2007 2172 2090 2223 est
2118 2181 2277 2225 mun-

681 2228 832 2301 dum,
860 2237 926 2295 de
949 2239 1147 2313 quibus
1175 2242 1377 2301 dictum
1404 2257 1490 2305 est
1514 2249 1567 2303 in
1592 2250 1801 2320 psalmo
1830 2271 1841 2306 :
1868 2253 2021 2311 Tunc
2043 2273 2063 2306 ί
2091 2256 2274 2315 exsul-

681 2323 942 2382 tabuntur
992 2345 1195 2388 cornua
1242 2333 1381 2409 justi
1430 2337 1616 2410 (Psal.
1668 2345 1884 2417 uxrv).
1934 2364 1954 2399 ›
2009 2345 2305 2417 Hinuulus,

680 2414 827 2472 enim
876 2434 1160 2499 cervorum
1210 2424 1330 2482 sine
1382 2430 1643 2499 cornibus
1683 2442 1786 2498 est,
1829 2414 2068 2495 amorem
2108 2439 2162 2495 in
2213 2455 2277 2509 se

678 2505 860 2575 potius
919 2510 1145 2569 visionis
1198 2531 1311 2573 suae
1354 2534 1517 2590 quam
1572 2520 1967 2585 terribilitatem
2011 2505 2271 2598 ostendit,

678 2595 818 2652 sicut
857 2598 1116 2659 Dominus
1166 2615 1350 2663 noster
1399 2608 1648 2669 Christus
1696 2613 1755 2671 in
1806 2617 1982 2693 primo
2033 2595 2271 2683 adventu

676 2689 869 2746 fecisse
919 2693 1274 2771 dignoscitur.
1320 2700 1397 2759 De
1441 2704 1596 2773 cujus
1636 2689 1825 2778 primo
1860 2711 2092 2769 adventu
2141 2730 2272 2775 mox.

674 2779 1036 2859 subjungitur.
1068 2808 1087 2841 ‹
1118 2788 1197 2845 En
1250 2792 1369 2867 ipse
1412 2804 1521 2852 stat
1558 2808 1684 2870 post
1709 2803 1970 2872 parietem
1998 2817 2269 2887 nostrum,

677 2893 696 2925 ε
739 2876 1039 2951 respiciens
1093 2897 1191 2953 per
1242 2882 1551 2955 fenestras,
1604 2895 1939 2965 prospiciens
1989 2912 2087 2967 per
2136 2876 2269 2957 can;

680 2980 699 3013 σ
742 2964 926 3025 cellos.
965 2988 983 3020 ι
1023 2969 1250 3056 indutus
1286 2976 1495 3047 pariete
1542 2964 1747 3038 nostrae
1786 2964 2155 3056 mortalitatis,
2183 2989 2263 3047 la-

670 3055 775 3108 tuit
817 3054 1122 3115 substantia
1168 3062 1488 3141 divinitatis.
1523 3067 1628 3126 Sed
1671 3074 2010 3147 prospiciens
2052 3054 2263 3141 adﬁnes

668 3156 768 3214 per
803 3149 1074 3208 cancellos
1098 3160 1153 3206 et
1182 3151 1452 3214 fenestras
1485 3160 1613 3215 dum
1644 3163 1903 3221 miracula
1930 3166 2079 3235 fecit,
2107 3178 2168 3225 ut
2196 3187 2264 3227 ex

667 3235 951 3295 miraculis
994 3253 1284 3313 appareret
1323 3248 1416 3319 qui
1456 3265 1524 3305 ex
1564 3254 1911 3322 passionibus
1942 3257 2120 3315 latuit.
2159 3259 2263 3331 Qui

671 3327 815 3381 enirn
864 3329 1118 3394 humanis
1162 3337 1335 3399 oculis
1379 3340 1482 3397 hoc
1519 3345 1662 3414 quod
1696 3345 1762 3403 de
1809 3350 2023 3404 mortali
2068 3327 2262 3409 natura

668 3423 967 3492 assumpsit
995 3428 1255 3496 ostendit,
1281 3438 1338 3489 et
1364 3431 1418 3487 in
1443 3448 1503 3488 se
1532 3433 1672 3505 ipso,
1703 3437 1795 3508 qui
1822 3439 2107 3501 invisibilis
2139 3459 2263 3515 per-

668 3515 892 3587 mansit,
922 3516 973 3571 in
1014 3532 1204 3590 aperto
1248 3539 1307 3580 se
1347 3525 1533 3582 videre
1560 3530 1925 3605 quaerentibus
1952 3535 2105 3603 quasi
2136 3546 2262 3609 post

666 3606 929 3675 parietem
971 3612 1140 3679 stetit,
1174 3614 1300 3684 quia
1328 3616 1620 3675 videndum
1668 3635 1726 3676 se
1764 3622 2107 3682 manifestata
2136 3606 2261 3687 ina-

661 3696 862 3765 jestate
885 3716 992 3759 non
1018 3701 1269 3775 praebuit.
1290 3706 1458 3779 Quasi
1486 3712 1631 3767 enim
1650 3723 1775 3789 post
1791 3716 2055 3786 parietem
2081 3720 2259 3793 stetit,

663 3791 755 3861 qui
797 3792 1155 3853 humanitatis
1193 3807 1442 3856 naturam
1472 3819 1635 3879 quam
1671 3808 1967 3879 assumpsit
1994 3791 2259 3885 ostendit,

661 3890 721 3937 et
769 3885 1067 3947 divinitatis
1122 3899 1372 3951 naturam
1423 3895 1679 3963 humanis
1724 3900 1897 3958 oculis
1939 3904 2251 3965 occultavit.

666 3977 924 4065 Quisquis
956 3982 1101 4039 enim
1140 4001 1238 4057 per
1277 3986 1542 4049 fenestras
1585 3993 1671 4049 vel
1709 3997 1981 4055 cancellos
2008 4001 2253 4075 respicit,

664 4060 767 4128 nec
796 4080 939 4129 totus
966 4074 1201 4148 videtur,
1226 4096 1325 4137 nec
1346 4091 1491 4143 totus
1520 4102 1628 4141 non
1664 4088 1893 4146 videtur.
1922 4060 2255 4167 Redemptor

664 4163 810 4218 enim
841 4175 1045 4233 uoster,
1070 4170 1195 4243 quia
1221 4180 1276 4226 et
1304 4174 1485 4231 divina
1511 4175 1642 4233 fecit
1667 4187 1721 4233 et
1745 4179 1978 4237 humana
2008 4163 2255 4253 pertulit,

576 4312 582 4323 ,
663 4256 818 4324 quasi
849 4271 946 4329 per
969 4262 1237 4319 cancellos
1266 4274 1320 4320 et
1348 4265 1614 4325 fenestras
1644 4270 1710 4325 ad
1737 4272 1985 4335 homines
2006 4278 2153 4335 venit
2192 4288 2257 4345 ut.

662 4349 826 4419 Deus,
855 4359 912 4406 ut
937 4366 1220 4425 appareret
1248 4375 1313 4415 ex
1345 4360 1643 4429 miraculis,
1668 4365 1811 4421 sicut
1841 4358 2041 4425 dictum
2062 4382 2167 4438 est,
2195 4381 2253 4437 etl

659 4444 855 4500 lateret
899 4463 964 4501 ex
1002 4452 1365 4521 passionibus,
1388 4463 1443 4509 et
1478 4455 1640 4515 homo
1674 4472 1991 4521 cerneretur
2021 4480 2088 4520 ex
2124 4482 2246 4537 pas-

659 4540 921 4599 sionibus.
950 4543 1119 4615 flecte
1145 4545 1383 4611 dicitur:
1416 4570 1434 4600 ι
1464 4550 1540 4607 En
1566 4551 1681 4621 ipse
1710 4562 1820 4609 stat
1838 4564 1961 4626 post
1980 4560 2248 4631 parietem

656 4640 926 4701 nostrum,
962 4655 981 4687 ι
1024 4644 1077 4691 et
1102 4636 1327 4708 reliqua.
1352 4637 1558 4707 Potest,
1586 4642 1633 4699 si
1655 4644 1741 4699 cui
1768 4645 2007 4715 libuerit,
2050 4650 2126 4715 ita
2163 4653 2247 4709 in—

654 4724 819 4797 telligi
847 4727 955 4793 :En
988 4729 1102 4799 ipse
1125 4731 1213 4805 qui
1246 4734 1538 4793 cruciﬁxus
1559 4747 1663 4811 est,
1689 4741 1781 4815 qui
1810 4743 2113 4805 divinitatis
2130 4762 2247 4817 sua:

651 4816 872 4881 dextera
926 4820 1290 4893 languentem,
1335 4825 1387 4880 id
1436 4836 1520 4883 est
1566 4829 1839 4909 lugentem
1888 4834 1943 4891 in
1985 4816 2251 4909 apostolis

649 4923 749 4962 con
775 4909 1038 4969 elationis
1091 4914 1339 4987 amplexu
1389 4918 1704 4979 continebat
1738 4920 2073 4991 Ecclesiam,
2111 4941 2241 4991 cum

652 5024 755 5079 qua
783 5027 947 5075 carne
972 5013 1219 5083 sepultus
1262 5024 1363 5081 est,
1397 5034 1518 5077 cum
1550 5022 1671 5095 ipsa
1699 5024 1884 5096 utique
1914 5034 2023 5085 stat
2052 5044 2237 5087 resur-

646 5116 780 5172 gens
806 5114 927 5173 post
951 5106 1213 5174 parietem
1237 5108 1631 5173 incredulitatis
1657 5125 1857 5177 nostrae
1887 5133 2051 5190 quem
2077 5120 2262 5189 luteis.

642 5196 903 5273 aperibus
931 5206 1413 5265 construxeramus
1435 5206 1731 5275 peccando.
1756 5207 1839 5264 De
1868 5209 2066 5281 quibus
2103 5212 2241 5273 dicit

640 5302 739 5357 per
769 5286 967 5349 Isaiam
992 5293 1311 5367 prophetam
1344 5313 1356 5348 :
1393 5314 1413 5351 ι
1441 5296 1693 5371 Nunquid
1722 5317 1833 5359 non
1858 5302 2001 5367 valet
2037 5322 2235 5373 manus

640 5393 763 5435 mea
817 5382 884 5437 ad
934 5382 1311 5455 liberandum?
1360 5386 1467 5445 Sed
1520 5399 1743 5461 peccem
1789 5402 1970 5453 vestra
2015 5412 2233 5463 murum

641 5468 886 5533 fecerunt
926 5474 1070 5533 inter
1108 5491 1205 5532 vos
1253 5486 1307 5532 et
1348 5477 1517 5547 Deum
1546 5478 1683 5553 (Iac.
1718 5484 1795 5555 ι).
1825 5504 1844 5541 ι
1890 5485 2019 5545 Post
2067 5504 2233 5561 quem

640 5570 791 5637 stans
811 5563 1073 5625 Dominus
1107 5565 1355 5627 Christus
1385 5580 1667 5645 exspectat
1693 5590 1753 5651 se
1778 5577 1847 5637 ab
1873 5578 2055 5650 impiis
2080 5582 2233 5641 inve.

637 5652 775 5729 esti,
799 5667 854 5713 ct
891 5662 1049 5713 vocat
1076 5658 1143 5715 ad
1166 5659 1545 5731 poeititentiam
1574 5664 1817 5723 animam
1842 5672 2225 5742 peccatricem,

636 5750 919 5821 exspectat
962 5747 1069 5805 sibi
1112 5750 1180 5809 ab
1228 5752 1521 5815 incredulis
1570 5759 1738 5818 credi.
1766 5760 1897 5819 Post
1925 5781 2087 5831 quem
2128 5783 2225 5833 pa-

2272 4496 2333 4579 η

2382 1875 2759 1933 reconciliavit
2808 1894 2908 1934 nos
2947 1879 3057 1937 Deo
3101 1880 3251 1937 Patri
3300 1900 3399 1955 per
3441 1887 3716 1957 sanguinem
3754 1888 3861 1959 ipsius

2381 1962 2599 2036 (Ephcs.
2631 1965 2716 2033 II).
2750 1986 2769 2020 ι
2806 1967 2960 2047 Unde
2999 1986 3123 2026 cum
3160 1971 3373 2029 inclusa
3400 1982 3539 2031 esset
3562 1975 3756 2033 Ecclesia
3774 1993 3861 2047 quon.

2379 2055 2672 2114 dammodo
2709 2058 2851 2113 intra
2893 2061 3163 2131 parietum
3201 2074 3357 2139 septa
3390 2075 3598 2139 propter
3624 2069 3857 2140 perseattie

2377 2147 2463 2204 nis
2494 2157 2721 2219 metum,
2752 2160 2875 2222 post
2897 2168 3049 2208 suam
3076 2158 3527 2214 resurrectionem
3548 2158 3857 2214 formidantibus

2377 2248 2433 2295 et
2472 2240 2642 2295 nimio
2685 2249 2893 2299 terrore
2943 2246 3167 2316 dejectis
3214 2248 3505 2321 Apostolis,
3540 2251 3697 2324 januis
3727 2249 3856 2309 clausit

2375 2329 2678 2403 ingressus,
2718 2349 2969 2407 magnam
3015 2337 3273 2395 fiduciam
3313 2358 3656 2414 magnumque
3683 2342 3854 2417 gaudium

2376 2424 2682 2494 apportavit
2726 2427 2954 2483 dicendo
2987 2446 2999 2482 :
3038 2448 3057 2480 σ
3086 2428 3199 2485 Pax
3238 2434 3408 2490 vobis.
3452 2434 3558 2506 Ego
3602 2450 3722 2501 sum,
3747 2432 3853 2503 nolite

2376 2513 2572 2572 timere
2599 2515 2753 2589 (Luc.
2775 2519 2948 2585 xxxv).
2983 2539 3002 2573 ι
3048 2519 3202 2581 Tunc
3223 2525 3543 2593 completum
3568 2522 3773 2595 estquod
3797 2535 3853 2577 se-

2375 2604 2601 2675 quﬂur:

2453 2718 2469 2749 ι
2508 2698 2747 2757 Dilectus
2777 2717 2931 2761 meus
2971 2704 3214 2779 loquitur
3254 2707 3427 2764 mihi:
3472 2707 3654 2781 Surge,
3679 2719 3851 2779 prope".

2379 2790 2404 2840 ι’
2434 2790 2607 2846 amica
2634 2807 2774 2859 mea,
2803 2794 3051 2854 columba
3078 2815 3223 2875 mea,
3264 2799 3495 2859 formosa
3520 2816 3646 2869 mea,
3668 2807 3711 2855 et
3726 2797 3848 2854 venit

2371 2876 2641 2949 Loquitur
2677 2883 2727 2938 ei
2777 2886 2986 2947 scilicet
3013 2890 3079 2945 ad
3109 2891 3497 2965 perfectionem
3532 2893 3643 2950 vita:
3669 2889 3849 2953 vocando.

2371 2971 2601 3037 dicendo
2640 2977 2689 3031 ei
2717 2977 2832 3049 jam
2865 2996 2973 3035 non
3004 2983 3198 3039 timere
3233 2985 3425 3043 mortis
3450 2995 3707 3050 auctorem,
3725 2978 3849 3036 diabo-

2371 3062 2506 3133 lum,
2537 3080 2640 3121 nec
2671 3066 2808 3124 ultra
2843 3073 3081 3133 residere
3111 3076 3259 3135 intra
3286 3077 3649 3135 incredulitatis
3671 3083 3714 3131 et
3734 3082 3849 3140 torpo'

2371 3156 2448 3211 ris
2487 3158 2745 3243 claustra.
2784 3182 2801 3213 ι
2831 3160 3092 3239 Propera,
3126 3190 3146 3223 ι
3198 3170 3395 3243 inquit,
3434 3190 3451 3225 ι
3494 3181 3544 3228 et
3583 3168 3700 3234 veni.
3733 3161 3848 3233 HIuia

2367 3264 2469 3320 ego
2496 3236 2780 3309 moriendo
2801 3236 2966 3312 vitam
2993 3236 3512 3341 perditam-reddidi.
3530 3261 3663 3319 Modo
3680 3258 3765 3335 jam
3780 3268 3847 3308 non

2368 3345 2628 3402 terrearis
2652 3362 2682 3400 a
2706 3358 2910 3432 morte.
2932 3353 3022 3409 cui
3041 3369 3141 3433 ego
3168 3356 3414 3414 destruxi
3438 3355 3704 3437 imperium.
3721 3346 3848 3404 Stabat

2364 3450 2601 3508 ηειητιυθ
2643 3449 2768 3511 Ροει
2796 3444 3065 3513 parietem
3103 3459 3376 3519 nostrum,
3411 3449 3528 3527 quia
3560 3446 3690 3503 nobis
3717 3437 3844 3496 umbra

2362 3542 2461 3584 sua
2494 3531 2744 3587 obstabat
2773 3534 2853 3590 sol
2873 3533 3121 3609 justitiae,
3152 3540 3222 3599 de
3261 3557 3369 3615 quo
3399 3538 3636 3617 propheta
3662 3529 3844 3609 promise-

2362 3629 2449 3675 rat
2491 3622 2677 3680 dicens
2724 3643 2736 3680 :
2792 3646 2812 3679 ί
2849 3627 3068 3687 Orietur
3112 3633 3271 3691 vobis
3307 3633 3600 3693 timentibus
3633 3627 3761 3684 Deum
3793 3618 3847 3676 sol

2356 3710 2602 3783 iustitiae,
2642 3728 2698 3777 et
2732 3720 2942 3779 sanitas
2978 3721 3033 3778 in
3080 3726 3281 3797 pennis
3322 3726 3437 3801 ejus
3465 3722 3606 3799 (Hal.
3630 3720 3709 3793 tv).
3735 3736 3749 3769 ι
3778 3708 3844 3781 ουί

2360 3804 2603 3881 loquitur
2648 3810 2908 3871 Ecclesia:
2962 3816 3020 3871 in
3056 3819 3344 3891 apostolis,
3384 3817 3585 3890 quando
3623 3816 3842 3904 sumens"

2358 3903 2591 3961 mortuis
2629 3906 2945 3963 consolatur
2984 3924 3102 3978 eos,
3158 3910 3388 3968 dicens:
3424 3929 3443 3963 ι
3473 3904 3727 3965 ϐοιιίὶάίιθ,

2359 4006 2461 4067 ego
2487 3994 2591 4050 vici
2618 3999 2876 4053 mundum
2908 3999 3092 4075 (Joan.
3129 4003 3269 4077 va).
3303 4024 3322 4056 ι
3356 4002 3421 4058 Et
3453 4019 3465 4057 :
3494 4019 3512 4053 ‹
3542 3997 3655 4053 Data
3677 3985 3840 4051 esth

2358 4083 2539 4141 omnis
2562 4096 2803 4158 potestas
2831 4089 2885 4145 in
2920 4091 3060 4151 ctelo
3095 4102 3152 4149 et
3179 4094 3235 4153 in
3268 4104 3407 4152 terra
3433 4089 3624 4165 (Matth.
3650 4077 3836 4177 xxuttl-f

2356 4171 2427 4228 Et
2460 4192 2473 4229 :
2508 4194 2527 4227 ι
2568 4174 2744 4233 Nolite
2777 4180 2970 4239 timere
3021 4199 3117 4241 eos
3158 4187 3251 4258 qui
3286 4185 3529 4244 occidunt
3554 4191 3729 4253 corpus.
3763 4171 3839 4223 δ’δ’

2356 4281 2502 4322 mam
2529 4278 2711 4326 autem
2733 4289 2838 4329 non
2862 4288 3089 4347 possunt
3107 4281 3360 4341 occidere
3380 4278 3578 4353 (Matth.
3600 4271 3680 4344 ιι).
3702 4288 3718 4320 ι
3736 4260 3838 4325 um“

2358 4373 2459 4443 per
2499 4360 2641 4418 hanc
2672 4369 3001 4429 sententiam
3029 4372 3099 4435 ad
3125 4373 3522 4449 przedicationis
3543 4367 3732 4459 allicit!!!)

2353 4438 2602 4520 vocatur,
2651 4456 2792 4511 sicut
2838 4460 2952 4530 ipsa
2989 4438 3157 4521 dicit‘:
3190 4486 3208 4533 ς
3252 4467 3475 4525 dilectus
3502 4474 3635 4519 meus
3670 4448 3835 4525 ιοίιυίιιπ

2354 4542 2510 4611 mihi,
2552 4565 2570 4596 ι
2602 4545 2655 4600 id
2678 4557 2762 4603 est
2791 4553 2859 4605 ad
2894 4556 3303 4627 prmdicandum
3334 4574 3421 4615 me
3443 4558 3662 4621 hortatur
3676 4546 3832 4603 dicens:

2358 4652 2397 4719 ⁸.
2416 4634 2612 4708 Surget
2631 4655 2882 4715 ιπορενθ.
2906 4646 3083 4705 amica
3106 4664 3253 4725 mea,
3273 4662 3327 4707 et
3356 4649 3499 4719 veni,
3524 4666 3544 4705 ι
3575 4644 3703 4711 idest
3725 4641 3835 4699 W89

2350 4714 2418 4785 de
2453 4740 2625 4785 stratn
2650 4714 3002 4804 quietudinis.
3033 4738 3089 4797 in
3130 4714 3249 4821 (μων
3268 4714 3433 4801 solius
3458 4714 3529 4805 liti
3553 4746 3707 4803 cura!“

2348 4826 2573 4895 quaeris.
2602 4845 2856 4905 propera,
2881 4843 2934 4889 et
2953 4835 3099 4901 veni,
3119 4837 3189 4895 ad
3218 4837 3537 4916 implendam
3559 4831 3694 4922 etiam
3710 4829 3831 4922 pret:-

2346 4918 2423 4973 rni
2451 4934 2639 4979 curam
2692 4900 2906 4993 salutis,
2930 4900 3168 4989 studium
3199 4900 3397 5013 sedilia!
3422 4900 3827 5018 praedici“???

2347 5011 2476 5067 ﬁcio
2508 5013 2781 5085 impende.
2807 5016 2941 5075 Nam
2970 5029 3026 5075 et
3047 5004 3228 5087 verbis
3247 4995 3537 5089 alfabiliblts
3562 5007 3713 5073 tribuit
3733 4995 3825 5055 ﬁdu-

2346 5103 2487 5161 ciam
2512 5105 2641 5163 dum
2663 5106 2971 5185 subiungit:
3784 5196 3792 5206 ⁸

2422 5236 2443 5270 ι
2476 5215 2764 5283 tamenim
2786 5220 2963 5283 hiems
2988 5225 3225 5293 causa.
3257 5219 3626 5285 inbuabiital
3647 5202 3825 5265 ηωεαιυ

2349 5326 2369 5360 ι
2405 5307 2597 5375 Flores
2634 5326 3005 5383 apparuerunt
3036 5316 3097 5375 in
3120 5327 3273 5377 tam
3297 5326 3493 5379 nostra.
3524 5316 3700 5375 tam?"

2349 5416 2371 5452 ι
2406 5400 2569 5467 uobis
2596 5402 2834 5461 advenit.
2870 5423 2889 5459 ι
2926 5405 3097 5467 Docet
3142 5422 3265 5467 eam
3318 5405 3516 5469 scilicet

2340 5506 2495 5559 mare
2512 5494 2738 5561 Omnino
2756 5496 3075 5567 iniquum
3094 5500 3373 5559 nmmum
3396 5483 3739 5557 truculentiam
3753 5476 3823 5524 νο

2339 5584 2647 5653 dammam
2672 5585 2968 5649 formidare
2995 5598 3255 5661 terrores,
3281 5590 3405 5662 quia
3421 5594 3474 5643 οι

2336 5691 2438 5747 per
2477 5648 2768 5751 assumpta
2801 5648 2987 5743 carnis
3401 5658 3721 5739 mmmam
3750 5648 3821 5707 EO.

2336 5771 2538 5849 etesiae.
2566 5782 2625 5835 et
2646 5775 2953 5837 damnum
2976 5778 3276 5837 excitatum
3300 5762 3621 5837 suan
3640 5753 3801 5825 κτα.
