4078 6340
239 358 346 415 591

1381 353 1638 410 ENARR.
1677 353 1745 408 IN
1785 351 2080 410 CANTlCA
2120 353 2388 409 CANTIC.

3436 351 3538 406 59b

242 486 392 537 cem,
425 479 480 525 et
508 477 634 540 post
655 465 954 524 brumalem
992 467 1334 538 gelidamque
1361 469 1709 537 asperitatem
1740 467 1835 522 llo-
1867 472 1918 530 Α
1946 479 2000 522 et
2033 468 2338 522 videbimus
2368 479 2490 520 eum
2509 464 2667 520 sicuti
2691 472 2774 519 est
2806 463 2856 535 (I
2891 463 3014 518 Cor.
3045 465 3188 531 XIII).
3217 485 3235 517 ι
3270 465 3422 522 Tunc
3446 480 3542 536 ap-

241 561 431 617 ridum
455 559 608 615 verni
637 559 902 614 adventus
929 558 1010 612 sui
1041 567 1252 628 tempus
1276 558 1532 624 ostendit,
1559 545 1624 612 et
1641 566 1840 626 quanta

239 652 334 709 vel
351 652 535 723 qualia
563 651 882 720 gaudiorum
909 657 1055 705 esset
1078 649 1303 720 pratmia
1329 648 1380 704 ei
1401 664 1502 720 per
1527 663 1679 704 suam
1703 663 1840 718 prat-

240 751 483 807 sentiam
511 746 875 812 exhibiturus,
901 745 1138 800 futuram
1163 743 1278 814 jam
1301 745 1456 814 quasi
1480 743 1682 800 factam
1713 757 1843 797 nar-

240 841 409 896 ravit.
447 839 600 895 Unde
617 849 674 892 et
702 837 754 892 ei
783 837 1020 892 dicitur:
1062 855 1080 887 ‹
1115 835 1381 905 Exsurge,
1414 849 1668 904 propera,
1699 834 1837 888 ami-

237 949 309 989 ca
360 947 504 996 mea,
559 930 798 986 formosa
849 943 990 994 mea,
1027 936 1083 983 et
1112 927 1254 982 veni.
1307 946 1330 980 ι
1366 926 1555 982 Amica
1594 926 1740 980 enim
1779 924 1844 978 ﬁt

239 1022 592 1095 agnoscendo
613 1021 816 1086 Deum;
840 1019 1094 1082 formosa,
1120 1017 1323 1072 Christi
1340 1017 1703 1074 humilitatem
1726 1023 1861 1072 εει-ί

237 1115 445 1172 vando.
491 1113 753 1170 Columba
786 1126 916 1166 vero
947 1109 1197 1175 edicitur,
1229 1109 1366 1163 nihil
1387 1110 1456 1164 de
1486 1109 1716 1164 terrenis
1745 1123 1840 1163 cu-

238 1206 574 1279 piditatibus
620 1206 830 1276 absque
876 1203 998 1260 cibo
1049 1201 1316 1256 vilissimo
1342 1242 1358 1266 ,
1417 1201 1842 1270 indumentoque

238 1297 492 1368 corporis
519 1295 868 1367 requirendo,
903 1295 998 1349 sed
1025 1308 1244 1364 semper
1289 1293 1664 1348 columbarum
1707 1293 1842 1348 sim-

235 1389 547 1459 plicitatem
568 1395 782 1454 tenens,
811 1385 1042 1456 Spiritui
1069 1394 1260 1455 sancto
1286 1402 1350 1442 se
1371 1386 1560 1442 sociat.
1585 1385 1680 1442 Vel
1702 1385 1839 1440 ami-

239 1495 307 1536 ca
349 1479 552 1535 dicitur
577 1494 676 1549 per
693 1477 1063 1542 dilectionem,
1086 1476 1324 1533 formosa
1351 1477 1436 1533 vel
1465 1477 1716 1548 speciosa
1743 1491 1841 1546 per

240 1570 500 1626 decorem
539 1569 806 1624 virtutum.
834 1575 890 1622 et
931 1567 1209 1623 lavacrum
1251 1567 1702 1637 regenerationis,
1747 1581 1838 1621 co-

239 1659 429 1720 lumba
445 1669 543 1730 per
561 1657 886 1716 inlusionem
910 1655 1146 1726 Spiritus
1166 1656 1358 1712 sancti.
1379 1655 1531 1714 Sicut
1552 1655 1716 1725 igitur
1738 1671 1832 1710 su—

239 1749 598 1820 perveniente
625 1759 794 1804 verno
820 1761 1158 1817 prmeursere
1195 1748 1404 1818 aestatis
1427 1747 1522 1816 qui
1548 1747 1697 1817 fugat
1721 1746 1838 1803 hie-

1945 571 2136 634 parent
2163 561 2344 616 llores-
2368 561 2422 614 in
2459 569 2622 624 terra,
2649 561 2775 630 quia
2804 575 2930 616 cum
2955 559 3024 616 de
3051 567 3270 616 aeternas
3301 559 3554 616 beatitu-

1945 656 2087 712 dinis
2115 655 2227 709 vita
2260 655 2510 726 quaedam
2551 653 2838 710 suavitatis
2883 652 3184 722 primordia
3211 660 3552 724 praegustare,

1946 741 2124 801 anima
2148 747 2396 816 coeperit,
2421 746 2576 815 quasi
2592 744 2706 814 jam
2729 745 2785 799 in
2806 743 3031 802 ﬂoribus
3053 745 3313 804 odoratur
3330 744 3542 810 exiens,

1944 838 2088 906 quod
2116 849 2400 906 postquam
2429 850 2650 907 egressa
2690 834 2858 890 fuerit
2897 836 2952 890 in
2994 836 3174 892 fructu
3204 836 3424 892 uberius
3447 837 3545 891 ha-

1943 923 2122 992 bebit,
2152 927 2294 981 unde
2325 934 2382 979 et
2409 925 2536 986 illuc
2578 926 2868 981 subditur:
2903 944 2922 979 ι
2961 926 3202 996 Tempus
3242 925 3556 996 putationis.-

1945 1011 2183 1072 advenit.
2229 1035 2254 1069 ι
2279 1016 2336 1071 ιιι
2361 1017 2643 1086 putatione
2675 1017 2874 1087 quippe
2909 1026 3187 1072 sarmenta
3214 1017 3419 1072 sterilia
3452 1031 3554 1072 re—.

1944 1108 2219 1173 ciduntur,
2251 1115 2313 1162 ut
2341 1121 2406 1162 ea
2451 1122 2570 1176 qua:
2594 1106 2898 1176 praevalent
2933 1107 3156 1162 uberius
3189 1105 3426 1161 fructum
3467 1105 3548 1160 fe-

1943 1207 2086 1253 rant.
2115 1198 2326 1253 Nostras
2350 1199 2536 1268 itaque
2553 1198 2850 1268 putationis
2872 1206 3084 1268 tempus
3112 1208 3240 1254 tunc
3268 1198 3544 1263 adveniet,

1944 1291 2159 1361 quando
2179 1288 2576 1346 infructuosam
2599 1304 2663 1343 ac
2683 1290 2908 1344 noxiam
2931 1289 3300 1360 corruptionis
3320 1303 3545 1344 carnem

1943 1384 2266 1442 deserimus.
2315 1382 2418 1450 Qui
2467 1381 2676 1436 fructus
2714 1383 2871 1438 nobis
2898 1383 3004 1438 erit
3032 1382 3341 1438 uberrimus
3362 1421 3378 1446 ,
3410 1380 3547 1435 visio

1943 1476 2104 1538 unius
2119 1474 2260 1538 Deis
2271 1473 2341 1530 Ut
2365 1481 2576 1544 tempus
2599 1474 2898 1543 putationis
2919 1481 3027 1539 est,
3056 1473 3270 1530 vocatio
3291 1489 3322 1528 e
3344 1473 3548 1527 mundo

1942 1565 2140 1620 anima:
2165 1563 2491 1624 ctelcstium.
2541 1563 2836 1633 Sequitur:
2874 1583 2894 1616 ι
2932 1563 3048 1622 Vox
3090 1565 3319 1620 turturis
3362 1563 3560 1620 audita.

1951 1673 1970 1706 ‹
2005 1665 2090 1710 est
2115 1655 2172 1709 in
2201 1664 2348 1710 terra
2384 1662 2588 1710 nostra.
2627 1675 2646 1707 ι
2691 1654 2950 1710 Dicamus
2987 1655 3275 1724 opiniones
3303 1653 3546 1710 diverso-

1944 1761 2088 1811 rum,
2137 1760 2208 1799 ne
2243 1745 2384 1800 forte
2426 1746 2706 1816 ignorasse
2735 1747 2950 1801 causari
2995 1746 3295 1801 videamur.
3344 1744 3554 1804 Vocem.

240 1853 412 1906 mem,
462 1838 680 1908 quando
729 1839 908 1894 omnis
938 1844 1188 1904 creatura
1220 1839 1458 1896 rediviva
1508 1838 1754 1904 laetatur,
1783 1829 1916 1896 etB
1946 1840 2178 1894 turturis
2223 1848 2454 1911 propter
2475 1840 2729 1894 decorem
2759 1839 3028 1895 castitatis
3062 1840 3275 1893 beatam
3320 1837 3552 1894 Mariam

239 1931 502 1988 universa
525 1930 786 1988 animalia
807 1931 1104 1988 secundum
1147 1946 1320 2002 genus
1345 1947 1503 1996 suum
1539 1946 1835 2004 cor-peran-

239 2032 334 2080 tur
377 2025 447 2080 ad
484 2023 652 2091 fctus,
686 2033 744 2081 et
769 2019 1108 2096 ingr'avidata
1162 2025 1364 2082 cubilia
1405 2033 1747 2090 construunt,
1779 2035 1840 2082 et

239 2130 376 2172 aves
401 2115 564 2172 nidos
589 2125 945 2188 componunt,
967 2124 1024 2172 et
1070 2129 1189 2173 sese
1238 2116 1310 2174 ad
1338 2116 1570 2172 invicem
1604 2117 1718 2173 suis
1741 2131 1836 2172 vo-

240 2207 400 2263 cibus
427 2207 678 2264 discretis
704 2208 972 2263 advocant
1003 2216 1060 2263 et
1083 2208 1340 2273 motibus,
1367 2209 1461 2264 ubi
1482 2209 1598 2280 jam
1626 2209 1833 2278 reptili-

241 2301 346 2356 bus
385 2301 580 2372 epulas
618 2313 889 2373 praeparat
919 2303 1116 2357 humus
1160 2317 1234 2358 ne
1265 2303 1484 2358 deesset
1523 2303 1836 2374 pennigeris

244 2394 626 2450 animantibus
666 2409 813 2461 esca,
845 2395 938 2449 ubi
966 2409 1166 2450 canora
1195 2409 1301 2450 vox
1325 2395 1626 2450 volatilium
1665 2396 1837 2456 dulcis

247 2487 619 2544 modulamine
644 2497 862 2544 resonat
885 2497 942 2543 et
966 2489 1140 2560 pipat,
1167 2497 1222 2550 et
1241 2488 1308 2544 ad
1333 2489 1652 2560 praedandos
1676 2489 1840 2547 liores

243 2578 364 2649 apis
409 2580 604 2650 pennis
656 2589 868 2635 armata
909 2581 1156 2650 procedit
1189 2595 1204 2634 :
1241 2582 1318 2638 ita
1356 2582 1614 2638 Dominus
1650 2592 1839 2638 noster

245 2669 408 2727 Iesus
436 2671 706 2739 Christus,
731 2682 856 2743 post
877 2674 1154 2729 horridam
1184 2675 1417 2736 hiemem
1442 2675 1760 2732 idololatriae
1782 2685 1842 2733 et

247 2761 682 2832 philosophicam
707 2764 1030 2830 doctrinam,
1063 2779 1288 2820 vernum
1322 2777 1535 2837 tempus
1563 2781 1664 2837 per
1683 2782 1840 2822 suam

245 2854 579 2925 passionem,
609 2857 754 2927 quod
780 2865 868 2913 est
911 2857 1112 2927 pascha
1154 2867 1423 2924 nostrum,
1465 2861 1726 2916 transitus
1772 2861 1842 2916 de

244 2955 428 3002 morte
453 2947 522 3002 ad
549 2948 736 3012 vitam,
788 2948 982 3005 faciem
1030 2951 1218 3006 mundi
1243 2959 1566 3022 martyrum,
1610 2951 1694 3007 vel
1723 2967 1840 3007 om-

247 3039 406 3100 nium
445 3047 758 3096 sanctorum
783 3055 1030 3111 operum,
1064 3049 1124 3096 et
1154 3041 1304 3097 initia
1348 3041 1474 3097 fidei
1502 3041 1850 3098 credentium

245 3130 384 3188 ﬂore
405 3132 704 3190 decoravit.
735 3133 814 3189 Eo
844 3141 1086 3204 tempore
1110 3136 1175 3191 de
1201 3135 1398 3206 quietis
1425 3143 1598 3191 strato
1630 3137 1699 3190 ad
1727 3135 1843 3192 otii-
1873 3167 1876 3170 ~

248 3227 396 3281 cium
424 3227 843 3296 pmdicationis,
876 3227 986 3283 imo
1011 3227 1078 3282 de
1109 3229 1354 3286 convalle
1383 3228 1742 3301 lacrymarum
1774 3229 1845 3284 ad

248 3316 492 3385 paradisi
517 3316 612 3372 Dei
635 3326 877 3374 montem
915 3334 1030 3374 sua:
1048 3321 1246 3376 mortis
1267 3320 1516 3390 exemplo
1541 3320 1840 3376 Ecclesiam

246 3416 430 3462 vocat.
453 3407 690 3479 Denique
711 3424 839 3472 eum
857 3409 1102 3478 dixisset,
1123 3427 1148 3463 ι
1173 3410 1368 3486 Surge,
1388 3425 1645 3481 propera,
1663 3411 1841 3467 amica

247 3514 396 3565 mea,
422 3499 662 3566 formosa
686 3516 830 3568 mea,
861 3512 916 3557 et
941 3503 1085 3570 veni,
1124 3521 1146 3555 ι
1181 3492 1308 3560 mox
1338 3502 1638 3572 subiunxit,
1675 3523 1698 3555 ι
1725 3502 1844 3573 jam

249 3590 400 3644 enim
429 3590 604 3646 hiems
643 3593 878 3659 transiit,
913 3613 934 3646 ι
974 3593 1030 3649 id
1069 3603 1158 3650 est
1183 3603 1428 3666 potestas
1467 3596 1839 3664 tenebrarum,

248 3697 372 3753 qua:
397 3683 614 3739 tristem
637 3686 894 3742 reddebat
916 3675 1199 3755 mundum,
1230 3689 1344 3745 sole
1365 3688 1591 3759 iustitia
1622 3689 1850 3745 Christo

250 3775 504 3830 veniente
530 3816 546 3842 ,
592 3778 784 3833 transit
827 3780 902 3835 de
937 3780 1044 3835 hoc
1082 3781 1284 3836 mundo
1337 3781 1406 3836 ad
1457 3791 1678 3837 tartara.
1721 3781 1844 3836 Jam

249 3865 428 3935 frigus
465 3867 828 3925 infidelitatiis
867 3871 1122 3926 et‘im‘ber
1142 3873 1444 3942 iniquitatis
1475 3883 1840 3940 recesserunt,

247 3971 372 4028 qum
397 3965 576 4012 totum
598 3959 784 4014 orbem
811 3975 986 4030 usque
1006 3962 1086 4016 ad
1097 3970 1310 4032 tempus
1338 3963 1636 4018 Dominicis
1664 3965 1844 4018 incar-

248 4049 490 4104 nationis
531 4059 588 4105 et
635 4053 1058 4108 resurrectionis
1097 4055 1367 4124 tegebant.
1402 4073 1420 4105 ι
1455 4054 1642 4110 Flores
1673 4069 1844 4124 appa-

249 4154 482 4199 ruerunt
505 4145 572 4200 in'
596 4153 745 4201 terra
758 4136 976 4214 nostra,
1007 4167 1026 4199 ι
1066 4148 1122 4202 id
1147 4155 1232 4203 est
1261 4149 1417 4220 initia
1449 4149 1574 4205 fidei
1605 4157 1660 4204 et
1683 4151 1846 4221 justi-

250 4236 341 4290 tiac
371 4237 672 4294 ﬂoruerunt
699 4238 755 4294 in
801 4241 1010 4299 mundo
1027 4245 1310 4296 crescente
1337 4241 1599 4298 Ecclesia.
1631 4261 1650 4294 ι
1685 4243 1847 4297 Tem-

248 4341 352 4396 pus
377 4329 676 4398 putationis
704 4325 941 4395 advenit,
980 4349 1000 4382 ι
1034 4330 1089 4386 ld
1130 4341 1214 4386 est
1243 4333 1538 4403 amputatis
1567 4331 1852 4388 inutilibus

250 4435 407 4476 vanae
435 4421 736 4494 religionis,
780 4424 1074 4478 sarmentis
1101 4421 1298 4480 futurae
1323 4423 1446 4480 lidei
1470 4435 1849 4497 praeparantur

249 4512 416 4566 corda
447 4513 750 4579 hominum,
787 4515 1036 4570 aestivum
1061 4519 1302 4586 namque
1345 4525 1558 4586 tempus
1600 4517 1838 4584 advenit,

248 4606 472 4676 quando
518 4623 588 4661 ex
629 4619 735 4662 una
763 4608 938 4678 stirpe
972 4608 1218 4678 corporis
1267 4608 1393 4663 boni
1439 4619 1762 4679 separantur
1811 4626 1842 4665 a

250 4701 435 4769 malis,
486 4715 554 4755 ne
591 4701 875 4762 vicinitate
917 4701 1180 4756 malorum
1227 4691 1522 4770 depereant
1567 4700 1728 4768 boni,
1776 4717 1846 4758 ne

249 4793 482 4864 perfidia
521 4793 920 4850 incredulorum
972 4794 1350 4866 periclitentur
1395 4796 1698 4850 credentes.
1732 4796 1848 4853 Hoc

257 4887 448 4957 utique
501 4893 714 4958 tempus
765 4887 1118 4943 nuntiabatur
1161 4887 1348 4942 venire
1396 4888 1726 4957 putationis,
1779 4893 1848 4946 de

254 4996 366 5051 quo
397 4979 657 5037 Dominus
696 4980 828 5037 dicit
852 4982 905 5036 in
936 4981 1267 5051 Evangelio:
1303 4999 1321 5033 ‹
1360 4979 1490 5038 Veni
1519 4985 1660 5040 enim
1687 4999 1844 5056 sepa-

257 5089 386 5129 rare
433 5073 602 5129 lilium
629 5089 658 5128 a
686 5083 862 5146 patre,
887 5082 941 5130 et
963 5090 1158 5129 nurum
1188 5091 1217 5129 a
1261 5089 1418 5130 socru
1448 5091 1562 5142 sua,
1593 5087 1646 5133 et
1681 5075 1847 5132 filiam

254 5184 284 5221 a
309 5177 486 5223 matre
505 5183 600 5223 sua
623 5167 835 5244 (Matth.
855 5169 933 5242 x),
953 5189 970 5221 ν
991 5177 1046 5224 et
1064 5169 1393 5239 reliqtta.Vel
1413 5170 1587 5227 hiems
1610 5171 1844 5239 transiit,
1875 5185 1878 5188 '

253 5259 385 5330 quia
413 5261 697 5330 praesentis
723 5261 850 5316 vitae
887 5259 1163 5316 tribulatio
1192 5261 1474 5316 abscessit.
1502 5261 1683 5318 imber
1708 5279 1845 5333 quo-
1871 5283 1876 5286 ·

253 5369 365 5423 que
419 5354 592 5420 abiit,
649 5354 772 5424 quia
819 5369 942 5410 cum
987 5356 1052 5410 ad
1115 5355 1589 5426 contemplandum
1650 5357 1704 5412 in
1748 5373 1847 5414 sua

253 5446 563 5501 substantia
611 5447 1036 5520 omnipotentem
1067 5445 1237 5502 Deum
1273 5443 1542 5513 duicimur,
1579 5448 1692 5520 jam
1719 5464 1844 5504 ver-
1875 5443 1878 5448 ’

252 5537 454 5593 borum
485 5547 648 5610 guttae
681 5535 1000 5594 necessaria:
1025 5554 1130 5594 non
1152 5547 1334 5605 erunt,
1362 5547 1422 5593 ut
1445 5539 1624 5610 pluvia
1654 5539 1847 5596 debeat

253 5629 660 5702 praedicationis
689 5632 914 5688 infundi.
977 5631 1111 5686 Nam
1141 5633 1284 5703 quod
1333 5632 1511 5686 minus
1541 5633 1630 5687 hic
1659 5633 1848 5688 audire

253 5723 384 5795 quis
400 5731 601 5794 potest,
619 5724 690 5780 ibi
717 5725 856 5794 ampl
895 5750 946 5779 τε
972 5723 1207 5780 videbit:
1233 5743 1250 5775 ι
1283 5723 1417 5792 Quia
1444 5740 1586 5780 nunc
1603 5725 1847 5782 videmus

254 5831 356 5898 per
371 5811 649 5894 Speculum
663 5819 717 5876 in
733 5820 1039 5900 aenigmate,
1056 5827 1187 5874 tunc
1203 5827 1383 5874 autem
1400 5818 1534 5875 facie
1549 5819 1615 5874 ad
1629 5816 1844 5878 faciem.

1938 1932 2164 2001 intelligi
2192 1932 2404 1997 volunt,
2433 1930 2586 2002 cuius
2606 1947 2712 1987 vox
2733 1931 2972 2002 primum
3001 1931 3186 1984 audita
3213 1938 3296 1984 est
3317 1929 3374 1982 in
3397 1926 3572 1982 terra‘

1940 2030 2132 2077 nostra
2163 2022 2394 2077 dicendo
2422 2023 2491 2076 ad
2521 2021 2808 2093 angelum:
2863 2040 2880 2074 ι
2924 2021 3206 2088 Quomodo
3236 2021 3330 2074 ﬁet
3361 2019 3542 2084 istud,

1939 2113 2068 2182 quia
2085 2113 2262 2167 virum
2277 2127 2385 2167 non
2411 2099 2714 2184 cognosco?
2733 2131 2752 2164 ι
2773 2111 2926 2184 (Luc.
2942 2113 3010 2184 ι.)
3031 2112 3124 2167 Et:
3147 2131 3168 2163 ι
3185 2111 3328 2166 Ecce
3349 2107 3550 2166 ancilla

1940 2205 2179 2271 Domini,
2215 2207 2310 2261 fiat
2337 2207 2470 2260 mihi
2505 2207 2803 2262 secundum
2831 2207 3059 2262 verbum
3087 2214 3238 2259 tuum
3272 2203 3462 2273 (lbid.)
3493 2220 3544 2258 ιι.

1939 2296 2048 2351 Et:
2080 2317 2098 2349 ι
2127 2297 2206 2352 Ex
2231 2298 2340 2353 hoc
2361 2299 2580 2354 beatam
2613 2313 2700 2352 me
2723 2298 2909 2353 dicent
2949 2311 3140 2353 omnes
3167 2295 3566 2368 generationes

1947 2387 2144 2461 (Ιὸίά.)
2171 2407 2216 2442 ι.
2244 2389 2344 2445 Cui
2373 2388 2600 2460 angelus
2633 2390 2954 2460 respondit:
2989 2408 3009 2441 ι
3047 2387 3282 2459 Spiritus
3328 2394 3564 2442 sanctus

1942 2482 2290 2550 superveniet
2310 2483 2366 2538 in
2382 2491 2454 2548 te,
2472 2491 2526 2536 et
2544 2483 2719 2537 virtus
2736 2481 3000 2538 Altissimi
3023 2479 3371 2538 obumbrabit
3390 2479 3509 2533 tibi.
3525 2497 3546 2530 ι

1941 2573 2050 2629 Et:
2089 2594 2110 2627 ς
2137 2575 2291 2643 Quod
2317 2585 2572 2633 nascetur
2597 2584 2742 2631 exte
2781 2584 3030 2632 sanctum
3061 2573 3347 2630 vocabitur
3368 2571 3544 2626 Filius

1943 2669 2070 2725 Dei.
2103 2689 2122 2722 ι
2159 2671 2228 2726 Et
2255 2687 2385 2726 vere
2410 2671 2660 2740 dignam,
2697 2685 2863 2740 quam
2894 2670 3066 2724 solam
3097 2669 3310 2722 beatam
3355 2677 3548 2719 omnes

1947 2763 2329 2832 generationes
2371 2763 2590 2828 dicunt,
2639 2778 2801 2832 quam
2845 2761 3136 2832 gloriosam
3183 2759 3328 2812 inter
3361 2770 3552 2816 omnes

1945 2855 2179 2912 feminas
2227 2871 2334 2912 non
2379 2857 2555 2912 solum
2590 2855 2928 2910 diversarum
2974 2853 3218 2923 gentium
3264 2851 3549 2916 nationes,

1947 2949 2042 3003 sed
2077 2949 2240 3002 etiam
2264 2948 2524 3003 ctelorum
2554 2948 2786 3002 virtutes
2823 2947 3158 3001 admirantes
3195 2942 3502 2998 collaudant
3525 2983 3546 3022 ,γ

1947 3052 2048 3107 per
2068 3039 2192 3093 vita:
2215 3038 2517 3110 ingressum
2535 3039 2703 3105 enim,
2732 3045 2964 3093 mortem
2990 3037 3252 3107 fugatam,
3285 3032 3550 3088 mundum

1951 3129 2363 3183 reconciliatum
2397 3130 2714 3199 gaudemus.
2759 3128 2938 3198 Aliqui
2969 3141 3100 3181 vero
3139 3127 3356 3181 beatum
3387 3124 3553 3180 Joan-

1950 3237 2076 3277 nem
2099 3222 2399 3292 Baptistam
2429 3230 2700 3286 asserunt,
2735 3219 2891 3289 cujus
2913 3235 3020 3274 vox
3053 3219 3240 3276 audita
3266 3227 3352 3274 est
3375 3216 3552 3272 dicen-

1949 3314 2055 3368 tis:
2101 3333 2120 3364 ι
2160 3313 2274 3385 Ego
2301 3327 2407 3370 vox
2433 3312 2726 3368 clamantis
2775 3313 2830 3366 in
2875 3312 3124 3375 deserto,
3175 3319 3363 3378 parate
3402 3307 3562 3362 viam.

1946 3405 2162 3461 Domini
2189 3404 2408 3476 (Matth.
2431 3404 2510 3477 v).
2549 3425 2569 3458 ι
2595 3405 2662 3466 Et
2685 3422 2696 3457 :
2719 3423 2739 3454 (
2760 3404 2948 3459 Facite
2977 3402 3192 3458 fructus
3211 3399 3406 3471 dignos
3435 3413 3550 3469 pte-

1948 3499 2190 3552 nitentiae
2219 3495 2370 3566 (Luc.
2403 3497 2512 3565 ιιι).
2556 3515 2574 3549 ι
2618 3496 2868 3563 Quandiu
2903 3494 3048 3549 enim
3086 3489 3555 3562 praevaricationis

1946 3593 2126 3648 hiems
2153 3601 2372 3662 tempus
2397 3591 2576 3656 triste,
2623 3589 3088 3658 constrictumque
3135 3586 3202 3641 ab
3231 3583 3380 3638 omni
3421 3596 3549 3652 ger-

1946 3689 2094 3743 mine
2125 3687 2289 3754 bono,
2320 3687 2603 3744 obtexerat
2631 3685 2829 3742 faciem
2865 3684 3072 3749 mundi,
3119 3691 3174 3736 et
3215 3696 3312 3736 sua
3344 3679 3554 3735 ditione

1947 3780 2231 3835 obtinebat
2259 3777 2507 3836 diabolus
2531 3785 2755 3841 terram,
2797 3777 2912 3830 haec
2951 3774 3264 3829 dulcissima
3306 3785 3409 3827 vox
3440 3778 3552 3826 tur-

1951 3875 2108 3939 turis,
2148 3873 2263 3928 sive
2288 3887 2388 3943 per
2415 3871 2632 3926 beatam
2680 3870 2937 3933 Mariam,
2984 3869 3100 3923 sive
3143 3881 3241 3936 per
3287 3865 3546 3924 Joannem

1948 3978 2056 4018 non
2088 3973 2172 4019 est
2200 3964 2384 4018 audita
2412 3963 2466 4016 in
2493 3971 2661 4016 terra.
2691 3961 2798 4015 Sed
2823 3960 2912 4014 ubi
2940 3972 3168 4028 magnus
3189 3956 3277 4010 ille
3293 3953 3380 4024 sol
3395 3952 3545 4024 justi.

1948 4057 2058 4121 tite,
2091 4055 2182 4125 qui
2223 4053 2380 4109 nobis
2427 4052 2763 4122 indulgentia
2799 4051 3010 4106 uastatis
3051 4049 3355 4102 ubertatem
3385 4042 3566 4128 addu-.

1949 4147 2124 4203 cendo
2151 4155 2375 4201 exortus
2399 4154 2515 4212 est,
2546 4145 2714 4215 cmpit
2738 4143 3009 4200 desiderio
3048 4137 3436 4196 conservandae
3464 4151 3554 4191 ca-

1949 4237 2148 4294 stitatis
2201 4251 2305 4292 vox
2351 4237 2579 4292 turturis
2615 4237 2670 4290 in
2717 4244 2863 4290 terra
2920 4242 3105 4289 nostra
3147 4230 3346 4284 audiri.
3397 4227 3554 4283 Justa

1948 4333 2094 4387 enim
2124 4332 2335 4386 ratione
2359 4332 2558 4386 turturi
2589 4331 2912 4386 castissimae
2955 4328 3041 4382 avi
3085 4327 3372 4398 virginitas
3401 4339 3552 4408 com-

1947 4433 2198 4494 paratur,
2225 4437 2346 4494 quae
2374 4424 2426 4477 in
2468 4423 2677 4479 Joanne
2707 4422 2791 4476 vel
2830 4420 2999 4475 Maria
3037 4420 3248 4475 obtinet
3272 4416 3554 4488 principa-

1951 4525 2086 4570 tum.
2120 4515 2255 4583 Quae
2282 4515 2450 4570 semel
2479 4514 2661 4569 Verbo
2689 4513 2784 4568 Dei
2813 4511 2900 4568 vel
2940 4510 3170 4582 Spiritui
3199 4516 3388 4565 sancto
3422 4521 3555 4562 con-

1943 4608 2158 4680 juncta,
2176 4624 2450 4678 nunquam
2475 4609 2642 4663 alium
2671 4607 2873 4679 cogitat
2895 4621 3232 4676 comparem,
3256 4619 3357 4660 nec
3379 4602 3553 4676 altera

1955 4701 2343 4756 desideriorum
2373 4701 2456 4756 sui
2488 4702 2692 4756 amoris
2720 4700 3032 4771 conjunctio
3070 4707 3184 4763 est,
3221 4698 3324 4751 nisi
3355 4696 3428 4750 illi
3461 4694 3551 4750 cui

1954 4795 2123 4851 semel
2151 4794 2520 4864 conglutinata
2553 4795 2834 4864 probatur,
2860 4803 3121 4863 tanquam
3145 4797 3325 4844 turtur
3347 4788 3439 4858 qui
3467 4786 3554 4840 de-

1955 4888 2086 4943 serti
2112 4886 2292 4943 dilecti
2314 4884 2621 4942 habitacula
2645 4885 2838 4956 diligit,
2870 4893 2924 4939 et
2945 4883 3219 4939 advocans
3240 4890 3552 4947 comparem

1956 4981 2102 5038 dulci
2127 4987 2348 5036 resonat
2377 4994 2530 5044 voce,
2564 4987 2619 5034 et
2642 4993 2708 5033 eo
2740 4978 2942 5033 amisso
2969 4975 3134 5031 alium
3161 4987 3266 5028 non
3299 4968 3551 5039 requirit,

1961 5074 2056 5130 sed
2083 5071 2150 5148 ad
2177 5071 2340 5126 alium
2370 5086 2584 5142 semper
2611 5069 2987 5142 promissionis
3034 5080 3218 5122 vocem
3259 5070 3311 5119 et
3353 5060 3554 5116 mentis

1959 5166 2190 5231 emittit,
2239 5165 2324 5220 cui
2369 5163 2623 5234 promisit
2660 5178 2882 5219 servare
2928 5159 3232 5216 dilectionis
3277 5155 3551 5212 affectum.

1961 5257 2080 5325 Quo
2106 5265 2341 5320 mortuo,
2373 5271 2652 5326 nunquam
2693 5254 2798 5309 alio
2830 5252 3086 5324 conjungi
3127 5258 3420 5313 narratur;
3461 5243 3558 5301 sed

1959 5365 2084 5405 eum
2113 5350 2366 5423 omnibus
2393 5347 2585 5404 diebus
2612 5347 2735 5403 vita?
2757 5389 2770 5412 ,
2810 5347 2894 5401 cui
2930 5344 3099 5402 semel
3125 5344 3291 5397 fuerit
3325 5338 3556 5408 conjun-

1959 5449 2081 5508 cta,
2116 5439 2472 5496 desiderando
2516 5438 2762 5509 requirit.
2795 5437 2904 5492 Sed
2949 5434 3228 5490 sciendum
3273 5442 3387 5498 est,
3433 5431 3564 5486 licet

1960 5536 2034 5590 ita
2061 5535 2132 5590 sit
2166 5549 2268 5589 vox
2307 5534 2538 5588 turturis
2583 5549 2702 5602 qua?
2733 5531 2914 5586 audita
2949 5539 3035 5584 est
3071 5530 3296 5583 interra
3327 5527 3554 5580 nostra:

1960 5625 2050 5687 illa
2081 5639 2164 5686 est
2190 5629 2405 5684 Domini
2438 5627 2759 5691 Salvatoris,
2805 5641 2926 5695 qua:
2961 5623 3093 5679 dicit
3137 5621 3189 5676 in
3221 5618 3554 5693 Evangelio:

1965 5743 1986 5776 ι
2017 5723 2400 5780 Paenitentiam
2449 5720 2624 5792 agite,
2670 5716 3124 5791 appropinquabit
3151 5716 3294 5771 enim
3327 5726 3556 5786 regnum

1959 5815 2222 5878 caelorum
2249 5813 2464 5877 (Matth.
2494 5812 2597 5874 ιιι).
2639 5831 2655 5864 ι
2705 5808 2804 5867 Vel
2829 5826 2926 5868 per
2955 5821 3220 5868 turturem
3253 5807 3557 5866 rectissime
