4078 6340
112 5103 120 5178 ι

112 5181 124 5706 ἱ

114 5899 127 5982 Ξ

114 5997 116 6020 |

114 6039 128 6095 .t

621 425 728 482 599
1668 411 2023 468 ANGILLOMI
2061 412 2527 468 ιιυλυγιεᾱδιδ
2568 408 2876 470 ΜΟἈΑΟΗΙ
3772 423 3848 484 σω

616 549 803 593 sancta
837 535 1083 591 Ecclesia
1113 529 1448 602 intelligitur,
1479 527 1740 584 varietate
1770 527 2030 581 virtutum
2059 525 2205 581 velut
2230 529 2281 588 Α
2308 526 2570 582 foramina
2605 527 2656 580 in
2699 525 2897 595 quibus
2928 525 3155 582 docetur
3203 526 3392 583 anima
3425 527 3493 584 ad
3531 533 3708 601 gaudia
3733 542 3848 610 regni

612 630 814 702 plumis
842 637 1060 683 ornata.

693 740 715 775 ε
746 721 910 778 Ficus
935 721 1161 790 protulit
1189 733 1407 790 grossos
1430 730 1576 771 suos.
1615 734 1633 766 ι
1667 713 2073 785 Propinquanle
2105 714 2204 786 igi-

612 823 705 871 tur
729 830 908 870 messe
933 812 1320 880 redemptionis
1346 811 1598 864 humanae
1633 816 1689 862 et
1723 807 1940 879 gloriosi
1967 807 2201 862 Redem-

612 910 785 982 ptoris
807 909 1060 972 adventu,
1094 903 1387 974 impietatis
1418 903 1598 957 hieme
1613 910 1668 955 et
1693 901 1875 972 algore
1911 899 2204 956 constricta

612 1001 748 1055 nihil
775 1001 827 1053 in
859 1014 917 1053 se
959 996 1182 1052 ficulnea
1202 1037 1216 1059 ,
1242 995 1294 1049 id
1335 1005 1418 1050 est
1455 993 1759 1065 Synagoga,
1787 993 1889 1048 nisi
1920 989 2204 1046 amarissi:

613 1109 763 1147 mum
793 1105 1012 1145 succum
1039 1087 1300 1143 doctrina:
1328 1102 1488 1156 quem
1521 1086 1820 1139 animarum
1844 1084 2022 1138 cibum
2054 1098 2206 1138 men-

614 1187 769 1250 titur,
803 1169 1125 1252 intelligitur
1159 1179 1431 1235 habuisse.
1482 1177 1588 1232 Sed
1637 1179 1688 1232 in
1729 1177 1940 1231 Domini
1971 1176 2205 1231 adventu

610 1285 897 1348 postquam
945 1273 1170 1327 Iurturis
1197 1287 1300 1325 vox
1329 1271 1510 1324 audita
1548 1279 1632 1323 est
1658 1268 1922 1332 dicentis,
1973 1285 1992 1317 ‹
2027 1266 2207 1321 Poeni-

613 1368 836 1422 tentiam
889 1365 1054 1436 agite,
1101 1382 1119 1414 ι
1155 1371 1212 1417 et
1254 1362 1494 1431 reliqua,
1537 1360 1671 1414 ficus
1719 1359 1943 1430 protulit
1990 1373 2206 1428 grossos

613 1473 778 1522 suos,
807 1456 859 1511 id
889 1463 973 1511 est
1017 1461 1284 1525 praecepta
1325 1452 1459 1523 legis
1501 1449 1816 1506 ceciderunt
1853 1450 2067 1520 et.ipsa
2109 1464 2208 1519 per

616 1550 887 1620 apostolos
926 1547 1152 1618 protulit
1198 1559 1417 1617 grossos
1455 1560 1616 1608 suos,
1648 1544 1740 1613 qui
1770 1543 1838 1598 de
1862 1557 1927 1598 ea
1964 1543 2206 1613 generati

617 1641 964 1696 dulcissimus
994 1638 1149 1694 cibus
1188 1637 1452 1692 doctrina:
1482 1635 1790 1690 animarum
1835 1631 2013 1688 effecti
2059 1641 2204 1687 sunt.

619 1731 727 1788 Sed
757 1731 882 1802 quia
911 1732 991 1785 eis
1015 1729 1239 1785 credere
1269 1727 1461 1791 noluit,
1491 1735 1692 1781 aeterna
1729 1722 2013 1780 sterilitate
2041 1722 2203 1786 aruit,

615 1832 673 1879 et
713 1823 859 1878 omni
888 1822 1085 1876 decore
1111 1820 1314 1874 nudata
1349 1817 1483 1872 nihil
1526 1817 1579 1870 in
1623 1830 1682 1870 se
1723 1815 1828 1870 nisi
1855 1814 1994 1884 ignis
2017 1812 2206 1868 mtemi

2309 619 2572 674 caelorum
2599 618 2804 672 venire.
2836 617 3022 674 Potest
3046 619 3300 675 foramen
3331 629 3502 690 petra:
3523 623 3851 698 intelligi,pro.

2308 715 2475 770 tectio
2499 713 2740 782 ejusdem
2774 714 2983 769 Domini
3010 714 3136 770 Jesu
3168 713 3405 782 Christi,
3433 718 3502 772 ad
3527 733 3676 789 quam
3701 724 3848 778 confu-

2307 807 2385 878 git
2413 807 2684 873 Ecclesia,
2719 807 2865 861 velut
2902 807 3154 862 columba
3183 806 3255 862 ad
3283 807 3533 864 foramen
3562 818 3728 880 petrae.
3750 813 3849 870 Hinc

2307 897 2476 954 Isaias
2519 899 2630 953 ait:
2675 918 2694 951 ι
2739 898 3027 969 Ingredere
3074 900 3126 956 in
3175 909 3434 969 petram,
3481 902 3775 962 abscondere
3809 907 3847 962 in

2309 987 2457 1044 fossa
2505 989 2669 1044 humo
2711 989 2855 1060 (Isa.
2887 990 2980 1062 ιι).
3020 1007 3036 1042 ι
3081 989 3337 1046 Caverna
3383 993 3628 1049 maceriae
3668 995 3847 1066 Spiritus

2311 1081 2485 1136 sancti
2529 1080 2802 1147 defensio,
2842 1081 2925 1137 vel
2947 1083 3328 1154 'congregatio
3365 1082 3602 1140 fidelium
3637 1087 3844 1158 designari

2309 1186 2520 1248 potest,
2550 1192 2859 1247 quanquam
2891 1177 3154 1232 foramina
3190 1188 3368 1250 petra:
3410 1188 3636 1254 quatuor
3663 1181 3846 1257 Evange-

2308 1271 2504 1327 liorum
2551 1271 2882 1327 assertiones
2925 1271 3140 1326 valeant
3187 1270 3461 1340 intelligi,
3507 1289 3624 1344 quae
3661 1273 3843 1342 ejusdem

2309 1372 2477 1434 petra:
2505 1361 2840 1432 perforatum
2868 1362 3200 1434 supradictis
3241 1363 3448 1418 ictibus
3484 1378 3668 1434 corpus
3697 1374 3845 1421 testan-

2310 1465 2418 1511 tur.
2449 1454 2692 1512 Caverna
2719 1469 2848 1510 vero
2895 1455 3148 1510 maceriae
3211 1453 3586 1524 apostolorum
3614 1455 3842 1520 doctrina,

2311 1547 2378 1602 de
2421 1547 2616 1617 quibus
2659 1554 2724 1601 ut
2761 1547 2934 1602 vineae
2971 1546 3314 1601 credentium
3357 1545 3500 1616 plebi
3545 1547 3841 1602 ﬁrmissimam

2311 1640 2602 1696 maceriam
2647 1639 2717 1695 ob
2762 1637 3164 1694 infestationem
3213 1637 3578 1709 malignorum
3620 1638 3841 1709 spirituum

2313 1730 2480 1786 Deum
2532 1739 2906 1787 construxisse
2950 1729 3236 1800 probatur.
3291 1729 3434 1785 Nam
3485 1730 3620 1786 sicut
3662 1731 3744 1800 ipsi
3775 1745 3843 1800 per

2315 1825 2628 1889 Christum,
2659 1824 2733 1878 ita
2763 1832 2818 1878 et
2856 1838 2954 1878 nos
2989 1837 3087 1894 per
3127 1822 3412 1891 apostolos
3442 1829 3761 1894 agnoscentes
3782 1821 3841 1876 di-

613 1917 931 1972 alimentum
959 1921 1278 1968 conservata
1306 1921 1407 1966 est.
1439 1910 1485 1963 A
1513 1907 1667 1977 cujus
1691 1921 1960 1977 perversae
1988 1921 2201 1976 oppres-

2310 1917 2434 1971 vina
2468 1916 2744 1987 mysteria,
2774 1915 2915 1968 intra
2937 1891 3294 1983 conspectum
3328 1912 3456 1968 fidei
3477 1891 3632 1983 quam
3651 1913 3734 1981 ipsi
3752 1926 3842 1967 con-

614 2007 785 2060 sionis
812 2004 1002 2057 umbra
1031 2003 1257 2057 liberata
1286 2002 1458 2070 plebs,
1476 1999 1662 2068 carpit,
1693 1998 1889 2052 amotis
1917 1996 2075 2050 malis
2106 1996 2202 2051 do—

614 2094 860 2151 ctoribus
889 2092 1196 2156 Pharisaeis,
1240 2093 1294 2146 in
1324 2091 1543 2146 Christo
1579 2089 1848 2144 credendo
1876 2087 2102 2152 florere,
2149 2097 2204 2142 et

615 2203 714 2242 suo
757 2187 1002 2256 exemplo
1046 2185 1273 2239 aliarum
1321 2185 1562 2254 gentium
1609 2183 1855 2236 nationes
1903 2180 1968 2234 ad
2015 2178 2200 2234 florem

614 2279 953 2336 credulitatis
981 2292 1295 2348 provocare.
1326 2277 1402 2331 De
1430 2275 1628 2346 quibus
1663 2273 1909 2343 sequenti
1936 2271 2202 2328 versiculo

614 2370 842 2424 dicitur:
875 2389 892 2419 ι
933 2367 1114 2422 Vineae
1148 2366 1401 2421 florentes
1431 2365 1695 2420 dederunt
1713 2363 1933 2417 odorem
1965 2377 2140 2416 suum.
2177 2379 2196 2411 ι

611 2461 890 2516 Credendo
919 2474 1152 2528 namque
1183 2459 1236 2511 in
1260 2472 1424 2512 unum
1461 2455 1630 2509 Deum
1657 2453 2076 2522 omnipotentem
2109 2450 2202 2506 flo-

611 2561 839 2607 ruerunt
860 2552 1047 2616 vineae,
1075 2551 1125 2604 id
1149 2559 1234 2605 est
1257 2547 1600 2617 evangelicus
1624 2545 1872 2616 populus.
1901 2543 2010 2597 Seu
2031 2543 2202 2598 vinea:

612 2641 885 2706 florentes,
915 2650 1116 2696 sanctm
1146 2638 1590 2694 conversationes
1627 2637 1846 2691 odorem
1877 2635 2034 2707 longe
2069 2633 2202 2689 late-

611 2754 717 2807 que
745 2737 1008 2792 dederunt
1033 2750 1130 2803 per
1157 2734 1364 2788 orbem.
1401 2729 1534 2785 Nam
1568 2731 1706 2784 sicut
1734 2728 1928 2784 hiemis
1962 2737 2204 2797 tempore

613 2830 817 2898 absque
851 2827 1132 2883 frondibus
1161 2835 1215 2880 et
1241 2823 1462 2878 floribus
1487 2823 1604 2877 sine
1631 2823 1825 2876 decore
1851 2828 1977 2874 sunt
2008 2820 2196 2881 vineae,

612 2921 684 2975 ita
715 2920 881 2975 fuisse
918 2920 1122 2989 absque
1152 2919 1347 2973 decore
1380 2915 1604 2985 justitia:
1632 2921 1688 2968 et
1715 2909 2020 2968 sanctitatis
2043 2923 2202 2962 orna-

615 3024 795 3068 mento
821 3029 918 3082 per
957 3013 1144 3065 orbem
1175 3011 1427 3065 nationes
1466 3023 1602 3077 quas
1634 3021 1777 3061 nunc
1806 3005 1993 3060 vineas
2023 3000 2200 3072 appel-

615 3104 763 3166 lavit,
795 3103 1097 3156 certissime
1125 3101 1531 3170 comprobatur.
1565 3097 1863 3165 Sequitur:
2007 3095 2010 3098 ’

690 3224 705 3253 ι
747 3203 950 3272 Surge,
981 3217 1236 3271 propera,
1273 3201 1446 3254 amica
1489 3214 1605 3253 mea
1629 3239 1644 3264 ,
1687 3198 1929 3268 speciosa
1957 3211 2110 3259 mea,
2148 3203 2204 3249 et

621 3317 638 3345 σ
677 3297 820 3357 veni,
848 3294 1098 3349 columba
1147 3309 1284 3356 mea,
1315 3292 1367 3346 in
1398 3291 1757 3346 foraminibus
1783 3299 1984 3360 petrae,
2022 3289 2075 3341 in
2105 3303 2199 3342 ca—

619 3409 636 3436 ι
677 3400 840 3439 verna
867 3384 1135 3438 maceriae.
1167 3403 1184 3435 ›
1212 3381 1436 3437 Jacebat
1458 3396 1587 3451 ergo
1615 3381 1747 3435 satis
1785 3380 1839 3433 in
1869 3377 2055 3433 humili
2083 3377 2201 3432 loco

616 3488 667 3534 et
711 3475 894 3532 abdito
925 3477 1166 3532 Ecclesia
1202 3476 1428 3530 multum
1452 3475 1659 3544 alonge
1681 3481 1895 3536 vocata,
1917 3487 2038 3542 quae
2057 3485 2200 3525 nunc

616 3585 669 3625 In
698 3580 814 3625 toto
844 3571 1042 3624 mundo
1071 3583 1296 3637 regnare
1327 3566 1607 3636 probatur,
1638 3565 1955 3619 conturbata
1987 3561 2072 3616 vel
2107 3577 2202 3631 op-

617 3677 803 3732 pressa
831 3662 898 3716 de
927 3661 1230 3715 daemonum
1263 3665 1600 3728 tempestate.
1648 3655 1754 3711 Sed
1798 3655 1886 3711 ubi
1920 3655 2200 3726 passiones

616 3753 816 3808 Christi
861 3760 1202 3809 sacramenta
1247 3757 1375 3804 sunt
1400 3748 1667 3803 celebrata
1697 3763 1795 3818 per
1835 3747 2200 3819 apostolorum

616 3843 938 3905 doctrinam,
967 3843 1018 3895 in
1043 3842 1239 3911 quibus
1261 3839 1508 3894 Christus
1533 3838 1790 3909 loquitur,
1818 3840 2116 3894 advocatur
2142 3847 2201 3894 ut

617 3943 801 4005 surgat
823 3942 877 3987 et
926 3933 1107 3985 veniat
1129 3932 1194 3984 ad
1218 3931 1650 3986 deambulantem
1674 3945 1930 4000 sponsum
1954 3931 2008 3985 in
2031 3931 2202 3986 vineis

617 4023 682 4076 ad
712 4021 1177 4092 congaudendum,
1209 4030 1265 4075 et
1292 4021 1344 4075 in
1375 4031 1693 4090 proventura
1731 4021 1940 4077 fructus
1979 4022 2202 4092 justitite

619 4113 998 4184 praedictarum
1029 4111 1306 4166 nationum
1339 4127 1396 4167 se
1430 4121 1635 4166 exerat.
1662 4113 1739 4167 Ac
1774 4114 1820 4167 si
1859 4113 1908 4167 ei
1947 4113 2196 4168 dicatur:

617 4206 662 4262 0
685 4222 881 4277 sponsa
911 4214 966 4260 et
994 4206 1191 4270 amica,
1218 4207 1305 4260 cui
1355 4215 1500 4260 tanta
1531 4205 1700 4261 obtuli
1730 4208 1868 4262 bona
1895 4215 1950 4262 et
1977 4223 2076 4276 pro
2095 4223 2200 4277 qua

619 4307 767 4352 tanta
791 4297 1042 4360 sustinui,
1065 4313 1225 4367 surge
1246 4307 1301 4352 et
1321 4299 1465 4364 veni,
1510 4299 1792 4370 accingere
1814 4301 1880 4353 ad
1901 4309 2196 4365 certamen,

2313 2008 2442 2063 fessi
2473 2017 2599 2062 sunt
2640 2007 3001 2062 continemur.
3038 2005 3107 2059 Et
3143 2005 3277 2076 quia
3308 2023 3328 2055 ‹
3363 2003 3501 2058 fides
3521 2005 3631 2058 sine
3649 2001 3841 2072 operibus

2310 2101 2484 2156 otiosa
2533 2111 2619 2155 est
2668 2099 2808 2170 (Jac.
2841 2098 2926 2168 ιι),
2965 2117 2984 2150 ι
3019 2105 3166 2152 recte
3218 2095 3582 2166 subiungitur.
3615 2115 3631 2147 ε
3662 2091 3840 2148 Ostende

2316 2209 2334 2242 ι
2373 2189 2503 2244 mihi
2536 2187 2731 2243 faciem
2759 2197 2924 2242 tuam.
2964 2186 3133 2241 Sonet
3154 2201 3266 2240 vox
3300 2195 3394 2240 tua
3425 2185 3480 2239 in
3503 2183 3704 2238 auribus
3725 2181 3836 2235 meis.

2315 2302 2332 2331 ι
2375 2281 2489 2335 Vox
2517 2279 2662 2334 enim
2694 2288 2784 2332 tua
2813 2277 3006 2342 dulcis,
3039 2286 3092 2330 et
3122 2277 3300 2332 facies
3329 2284 3422 2331 tua
3447 2276 3649 2331 decora.
3682 2291 3698 2324 ι
3728 2272 3784 2326 Ac
3805 2269 3837 2323 si

2307 2381 2494 2442 aperte
2518 2372 2767 2426 dicatur:
2805 2369 3042 2426 Ostende
3077 2370 3215 2424 mihi
3247 2369 3446 2424 faciem
3473 2377 3640 2431 tuam,
3665 2377 3834 2436 precor.

2308 2462 2362 2517 in
2387 2463 2661 2533 publicum
2697 2461 2927 2516 actionis
2956 2461 3225 2529 procede,
3270 2459 3382 2515 noli
3414 2459 3514 2515 sub
3551 2456 3722 2526 quietis
3755 2464 3837 2507 tor-

2305 2572 2438 2627 pore
2464 2557 2745 2627 quiescere
2763 2597 2779 2620 ,
2807 2563 2863 2611 et
2889 2555 3146 2624 operibus
3170 2554 3408 2610 ostende
3447 2552 3602 2606 ﬁdem
3634 2559 3769 2603 tuam.
3789 2543 3836 2598 Et

2307 2656 2462 2702 sonet
2491 2663 2589 2703 vox
2621 2655 2742 2712 tua,
2775 2647 2828 2702 id
2864 2653 2949 2702 est
2975 2645 3418 2716 praedicationis,
3462 2641 3623 2697 laudis
3651 2647 3698 2693 et
3739 2650 3834 2691 eou-

2305 2741 2557 2796 fessionis
2588 2741 2641 2796 in
2686 2740 2910 2795 auribus
2951 2739 3106 2794 meis.
3149 2738 3304 2793 illius
3339 2749 3573 2805 namque
3596 2747 3687 2787 vox
3708 2727 3834 2784 dulcis

2305 2844 2390 2889 est
2432 2833 2577 2898 Deo,
2626 2833 2719 2902 qui
2753 2833 2908 2888 dulce
2947 2841 3004 2886 et
3046 2832 3292 2887 suaviter
3320 2846 3390 2886 ex
3429 2827 3688 2884 dulcedine
3721 2819 3831 2892 regni

2304 2927 2471 2983 verba
2499 2925 2711 2981 Domini
2759 2923 3024 2994 proximis
3057 2923 3382 2987 enuntiare,
3430 2930 3486 2975 et
3525 2917 3618 2989 ipsi
3659 2911 3834 2969 Domino

2303 3021 2493 3076 laudes
2518 3033 2776 3074 resonare
2807 3018 2977 3072 novit.
2997 3018 3065 3072 Et
3083 3008 3180 3072 illa
3223 3016 3362 3071 fldes
3390 3015 3580 3070 decora
3607 3017 3704 3071 est,
3727 3017 3830 3074 quin.

2303 3114 2560 3185 operibus
2587 3118 2800 3174 ornata,
2827 3111 3056 3166 adversa
3081 3110 3194 3179 pati
3228 3123 3338 3164 non
3366 3108 3536 3162 timet.
3565 3087 3805 3170 Sequitur:

2384 3224 2404 3257 ‹
2440 3205 2630 3274 Capite
2659 3203 2816 3258 nobis
2843 3202 3032 3271 vulpes
3071 3200 3336 3271 parvulas
3374 3212 3494 3269 quas
3537 3191 3830 3249 demoliuntur

2311 3318 2330 3351 ι
2366 3299 2591 3361 vineas;
2637 3312 2760 3350 nam
2791 3295 2948 3350 vinea
2979 3291 3404 3348 nostra'floruit.
3441 3308 3460 3340 ι
3497 3286 3751 3341 Transacta
3770 3274 3829 3327 vi-

2305 3388 2503 3444 delicet
2522 3386 2823 3441 daemonum
2853 3391 3192 3454 tempestate,
3217 3397 3386 3453 quam
3400 3377 3633 3450 superius
3651 3370 3826 3426 hiemen

2306 3477 2616 3549 appellavit,
2651 3477 2909 3531 invitatur
2936 3491 3131 3547 sponsa
3153 3474 3269 3544 jam
3300 3473 3449 3544 regis
3475 3464 3667 3540 corpori
3685 3462 3825 3532 juncta

2305 3589 2403 3644 per
2431 3572 2682 3642 baptismi
2713 3578 3054 3626 sacramenta
3090 3569 3144 3623 in
3173 3569 3428 3632 vineam,
3471 3564 3522 3618 id
3562 3566 3636 3614 est
3658 3552 3826 3644 creden-

2307 3639 2441 3718 tium
2468 3639 2571 3717 sibi
2603 3661 2812 3731 plebem
2845 3675 2913 3715 ex
2943 3660 3215 3730 gentibus,
3244 3668 3302 3714 et
3330 3654 3530 3712 invenit
3553 3663 3658 3705 eam
3679 3639 3823 3714 produ-

2306 3762 2519 3809 centem
2549 3751 2710 3808 flores
2737 3765 2836 3822 per
2869 3751 3071 3806 bonum
3119 3759 3366 3814 naturae,
3409 3746 3475 3800 ad
3520 3731 3822 3822 confidendum

2305 3845 2417 3900 Deo
2439 3843 2562 3898 coeli
2587 3817 2853 3912 paratam.
2872 3838 2978 3895 Sed
3005 3839 3305 3895 calliditate
3324 3833 3627 3900 insidiisque
3643 3817 3824 3912 vulpium

2305 3909 2675 3991 maturitatem
2704 3931 2913 3986 fruetus
2941 3929 3379 4000 exspectantium
3407 3925 3475 3980 ad
3500 3909 3820 4010 demoliendalf

2305 4029 2779 4097 devorandamque
2815 4035 3028 4097 parata,
3069 4040 3190 4095 quae
3215 4033 3345 4081 sunt
3374 4023 3716 4094 perversarum
3739 4016 3821 4103 ευξ-

2304 4136 2515 4176 marum
2532 4120 2800 4174 hiereseos
2820 4117 3230 4172 mordacissima
3250 4119 3500 4186 dogmata
3515 4109 3586 4164 ait
3598 4104 3727 4160 Jesns
3740 4107 3820 4150 ³1³1⁸

2304 4211 2645 4268 doctoribus:
2675 4229 2693 4260 ε
2713 4209 2901 4279 Capite
2921 4207 3077 4263 nobis
3097 4206 3288 4278 vulpes
3307 4203 3554 4277 parvulas
3571 4209 3675 4266 qua‘.
3689 4189 3805 4281 deditl

2308 4301 2516 4356 liuntur
2537 4299 2748 4363 vineas,
2778 4319 2797 4350 ι
2837 4298 2890 4353 id
2923 4309 3006 4353 est
3029 4273 3338 4352 convincite
3367 4289 3632 4350 haereticos
3653 4289 3698 4336 et
3715 4273 3819 4330 schi-

618 4391 757 4444 unde
803 4398 1060 4444 aeternam
1108 4390 1344 4457 quietem
1394 4390 1629 4459 accipias
1676 4411 1694 4440 ‹
1744 4391 1795 4444 in
1846 4389 2201 4445 foraminibus
2299 4387 3207 4460 smaticospravosfide,etdolosos
3225 4375 3817 4460 νοτῢοΑυίἀεηιεΡιξξτδ

619 4489 803 4549 petrze,
832 4481 886 4533 in
925 4493 1156 4535 caverna
1194 4481 1463 4535 macerias.
1501 4500 1519 4533 ι
1574 4479 1711 4546 Quid
1757 4481 1827 4535 sit
1865 4489 2016 4550 petra
2060 4480 2202 4550 Apo-

2307 4481 2566 4536 doctrina:
2579 4456 2749 4534 rudes
2772 4478 3010 4534 fidelium
3039 4488 3248 4540 mentes
3276 4479 3514 4534 lacerare
3537 4469 3700 4527 solent.
3720 4456 3816 4512 Nam

618 4575 788 4629 stultis
816 4575 1032 4644 exponit
1057 4592 1069 4628 :
1106 4594 1122 4624 ι
1156 4573 1339 4638 Petra,
1370 4573 1563 4642 inquit,
1586 4549 1968 4628 eratChristus
1995 4572 2048 4645 (I
2071 4549 2192 4628 Cor.
2223 4600 2277 4661 D
2303 4571 2462 4626 vinea
2491 4579 2673 4626 nostra
2699 4569 2909 4636 floruit,
2951 4570 3004 4624 id
3032 4579 3116 4626 est
3143 4579 3346 4626 sancta:
3374 4567 3646 4622 electorum
3669 4549 3815 4661 anilla”

617 4664 703 4736 κ).
741 4686 759 4716 ι
791 4664 1106 4733 Quicunque
1141 4679 1272 4733 ergo
1312 4663 1583 4718 desiderat
1631 4664 1698 4717 ab
1741 4662 1988 4718 hostibus
2035 4662 2199 4717 aeriae

619 4757 898 4826 potestatis
939 4755 1106 4826 eripi,
1144 4766 1196 4809 et
1245 4753 1444 4809 illazsus
1479 4754 1728 4820 evadere,
1762 4754 1814 4809 in
1846 4753 2201 4808 foraminibus

618 4847 778 4916 hujus
808 4856 993 4916 petrae,
1027 4846 1185 4901 fidem
1213 4845 1477 4900 servando
1514 4860 1727 4913 semper
1758 4843 2118 4916 ingrediatur,
2148 4843 2201 4896 id

618 4951 699 4995 est
723 4940 1031 4996 consideret
1079 4938 1298 4992 vulnera
1326 4939 1601 4993 clavorum
1649 4949 1703 4993 et
1729 4940 1928 4994 lanceae
1953 4953 2074 5009 quae
2103 4953 2202 5009 pro

619 5031 792 5084 salute
820 5043 1030 5098 sponsa:
1058 5043 1289 5096 sponsus
1310 5028 1570 5098 suscepit,
1602 5038 1656 5083 et
1679 5030 1732 5082 in
1755 5043 1989 5085 caverna
2018 5043 2198 5084 mace-

619 5122 750 5184 riis,
799 5121 902 5175 hoc
945 5128 1025 5176 est
1072 5118 1318 5172 custodia
1352 5119 1613 5174 virtutum
1660 5120 1984 5176 caelestium.
2030 5117 2203 5174 Habet

619 5214 762 5268 enim
793 5213 893 5266 ista
920 5221 1073 5282 petra
1110 5211 1276 5265 multa
1316 5209 1578 5265 foramina
1603 5253 1618 5277 ,
1649 5212 1702 5266 id
1745 5221 1830 5267 est
1859 5212 2070 5277 aditus,
2105 5225 2203 5282 per

621 5319 758 5373 quos
797 5305 1028 5358 intratur
1075 5303 1140 5357 ad
1180 5302 1396 5359 Patrem
1438 5317 1661 5373 regnum
1693 5303 2037 5358 credentibus
2064 5319 2202 5373 pra:-

619 5405 932 5465 parantem,
980 5396 1081 5449 hoc
1125 5402 1204 5449 est
1249 5392 1700 5457 mansuetudinis,
1732 5393 2072 5459 humilitatis,
2102 5409 2200 5464 pa-

621 5487 854 5553 tientiae,
893 5495 1232 5556 contemptus
1269 5485 1606 5550 divitiarum,
1650 5484 1916 5540 nullarum
1961 5487 2202 5556 acceptio

620 5591 1008 5646 personarum,
1038 5579 1374 5648 pernoctatio
1412 5577 1467 5632 in
1507 5576 1774 5642 oratione,
1819 5578 2205 5634 misericordiae

623 5668 1016 5738 magisterium,
1047 5669 1268 5723 castitas
1299 5667 1604 5728 immobilis,
1637 5667 1808 5723 forma
1835 5669 2202 5735 benignitatis,

570 5771 578 5778 '
619 5758 895 5829 singulare
917 5759 1212 5827 speculum,
1243 5758 1530 5813 individua:
1561 5758 1843 5814 Trinitatis
1881 5760 2118 5828 agnitio,
2147 5759 2202 5813 in

618 5864 728 5919 qua
770 5859 854 5905 est
890 5858 1074 5904 nostra
1114 5849 1434 5918 redemptio.
1482 5849 1603 5903 Haec
1652 5861 1776 5904 sunt
1813 5849 1999 5920 procul
2041 5849 2206 5906 dubio

2303 4663 2610 4734 germinant
2652 4661 2886 4718 fructum
2935 4661 3060 4716 fidei
3106 4671 3162 4717 et
3198 4661 3461 4717 bonorum
3505 4661 3700 4724 operum
3737 4637 3814 4734 late

2305 4721 2588 4823 longeque.
2639 4751 2837 4806 Verum
2882 4750 3079 4821 duplici
3132 4751 3341 4805 ratione
3383 4721 3674 4812 intelligitur
3709 4721 3812 4825 αιξοά

2305 4845 2383 4900 ait
2412 4851 2619 4906 nostra,
2655 4842 2704 4895 id
2735 4851 2822 4896 est
2858 4842 2970 4896 sive
2999 4856 3152 4897 suam
3194 4841 3394 4897 dixerit
3434 4844 3487 4892 et
3525 4828 3700 4903 patris,
3731 4825 3812 4871 5'“

2307 4935 2604 4992 Ecclesiam
2651 4934 2754 4989 sibi
2784 4933 3125 5002 conjunctam
3157 4933 3472 5005 participem
3512 4924 3656 4980 dicat.
3682 4912 3809 5012 QIlMIl

2309 5045 2431 5084 cum
2464 5027 2625 5083 ﬂores
2648 5035 2756 5081 tam
2783 5027 3080 5084 Ecclesium
3109 5043 3179 5082 ex
3213 5025 3427 5087 Judaeis,
3458 5031 3606 5092 quam
3631 5008 3810 5065 maxim

2307 5137 2370 5178 ex
2421 5119 2673 5193 gentibus
2703 5118 2928 5176 vidisset
2967 5117 3232 5190 proferre,
3261 5128 3388 5174 ante
3423 5109 3666 5185 praeparat
3691 5103 3808 5193 venir

2310 5187 2453 5274 tores
2481 5216 2563 5271 vel
2613 5214 2864 5271 custodes
2903 5187 2996 5285 qui
3049 5215 3237 5286 vulpes
3279 5211 3490 5284 capiant
3514 5211 3656 5273 quam
3693 5187 3809 5286 flore-fr

2307 5319 2555 5366 maturos
2604 5307 2812 5364 fructus
2867 5307 3103 5378 pariant.
3162 5308 3239 5363 De
3273 5316 3492 5378 quorum
3520 5297 3714 5351 numero

2307 5415 2448 5454 unus
2477 5399 2568 5469 qui
2596 5398 2808 5454 dicebat
2839 5374 3251 5468 :Corripientcs
3283 5374 3488 5452 omnem
3513 5374 3806 5469 homilfeml‘f

2307 5489 2678 5560 captivitatem
2703 5489 2998 5560 redigimus
3017 5463 3231 5544 omnem
3245 5483 3515 5544 scientiam
3531 5463 3805 5560 extollente:l

2307 5593 2366 5635 se
2430 5579 2689 5634 adversus
2756 5552 3040 5634 scientiam
3096 5579 3210 5634 Dei.
3271 5576 3400 5632 Nam
3448 5570 3552 5626 sive
3595 5552 3804 5650 dmi“?

2307 5668 2496 5739 vulpes
2538 5669 2940 5740 intelligantur,
2990 5669 3104 5726 sive
3139 5666 3376 5724 haeretici
3425 5632 3804 5740 <3ι1)(⁵¹’⁷ξ⁵¹’⁸ίίῖ⁸

2307 5733 2510 5827 ctores,
2534 5777 2631 5831 per
2661 5733 2796 5832 quos
2845 5733 3121 5818 tlremones
3170 5761 3450 5830 loquuntur
3489 5733 3800 5832 ὺιεερδθηηξθ

2308 5861 2598 5920 utrumque
2626 5857 2914 5911 convenire
2947 5855 3292 5909 manifestum
3321 5856 3418 5908 est.
3445 5855 3533 5902 per
3556 5840 3670 5890 auos
3693 5825 3803 5874 111⁸³·
