4078 6340
269 429 372 488 ωδ
1404 428 1661 487 ENARR.
1703 431 1768 487 ΙΝ
1808 431 1879 488 CA

1925 431 2100 491 i'l‘lCA
2135 429 2402 495 CANTIC.
3429 432 3535 497 602

266 557 356 604 tes
382 544 663 602 hominum
705 543 760 599 in
805 542 1001 614 quibus
1022 543 1232 600 habitat
1258 551 1406 601 recta
1440 545 1574 601 ﬁdes
1597 545 1854 604 Ecclesia:
1879 549 1932 610 A
1957 551 2157 606 emissa
2205 552 2332 606 dum
2385 550 2595 606 obviam
2637 549 2740 606 sibi
2769 549 3062 622 opinantur
3109 566 3414 619 occurrere,
3464 555 3536 610 ad

265 639 738 696 disterminantur.
781 635 1022 705 Quorum
1068 639 1447 694 exterminium
1477 638 1562 692 vel
1609 639 1850 694 occultas
1958 643 2135 698 locum
2162 645 2308 700 unde
2328 644 2724 709 abscesserant,
2748 643 3000 700 velociori
3031 661 3193 701 cursu
3219 648 3438 702 reverti.
3468 646 3538 702 Et

265 731 499 788 insidias
533 745 726 786 cavere
751 728 982 785 sollicite
1027 729 1308 796 debemus,
1338 739 1391 785 et
1413 729 1584 784 Deum
1629 743 1696 784 ex
1739 737 1850 786 toto
1956 735 2072 791 haec
2101 751 2263 792 causa
2284 745 2344 791 ut
2366 744 2684 808 exasperata
2708 735 2776 792 ab
2803 737 3373 794 bostibusconsuetam
3402 739 3537 796 nolit

266 824 436 879 corde
462 822 686 892 diligere
706 831 766 876 ut
786 820 932 892 diligi
951 821 1019 876 ab
1045 836 1110 876 eo
1131 837 1438 878 mereamur
1463 839 1476 877 :
1502 822 1729 893 ideoque
1751 822 1852 879 Eo-
1957 827 2334 900 derelinquere
2353 829 2559 884 sedem.
2589 827 2680 884 Sic
2699 837 2753 884 et
2776 828 3024 885 Christus
3047 831 3306 886 Dominus
3324 839 3530 899 uoster,

266 912 434 968 clesia
467 911 771 968 rectissime
800 909 1074 980 subiungit
1098 925 1114 964 :
1958 920 2206 990 quamvis
2231 929 2588 989 provocatus,
2615 922 2862 991 quamvis
2904 930 3254 993 exasperatus
3295 923 3536 995 peccatis

347 1021 368 1055 ει
403 1003 643 1059 Dilectus
668 1019 821 1060 meus
845 1006 1000 1071 mihi,
1026 1016 1082 1061 et
1108 1021 1210 1078 ego
1240 1006 1338 1062 illi.
1374 1027 1395 1060 ι
1426 1005 1724 1078 Conjuncta
1756 1008 1854 1063 ita-
1958 1010 2258 1075 hominum,
2283 1009 2503 1080 jejuniis
2539 1020 2597 1068 et
2612 1012 2864 1083 precibus
2892 1021 3198 1079 revocatus,
3224 1014 3292 1069 ad
3315 1014 3532 1084 pietatis

264 1109 377 1167 que
407 1095 649 1152 Ecclesia
695 1095 913 1153 Christo
945 1097 1031 1152 vel
1071 1099 1252 1153 anima
1295 1098 1463 1155 verbo
1511 1097 1606 1153 Dei
1641 1106 1700 1154 ut
1731 1113 1853 1154 eam
1958 1109 2274 1158 consuetam
2301 1105 2593 1158 revertitur
2624 1104 2828 1160 sedem.
2863 1105 2930 1159 Et
2951 1104 2998 1160 si
3027 1104 3314 1175 aliquando
3339 1119 3537 1174 provo-

265 1188 666 1246 abundantiore
686 1189 883 1261 gaudio
903 1191 1140 1246 cumulet
1162 1207 1260 1262 per
1275 1193 1478 1257 omnia,
1502 1200 1558 1247 et
1582 1191 1636 1246 in
1658 1192 1853 1261 quibus
1958 1192 2070 1248 cari
2095 1192 2341 1258 videtur,
2369 1201 2431 1247 ut
2475 1193 2654 1249 studia
2683 1193 3004 1264 inquirendo
3050 1210 3174 1250 eum
3220 1195 3417 1250 merito
3443 1210 3537 1248 au-

265 1280 388 1351 ipse
415 1296 515 1351 per
557 1280 803 1336 laetitiam
828 1283 1091 1354 pascitur,
1119 1292 1174 1339 et
1204 1285 1331 1354 quid
1361 1285 1448 1340 ille
1478 1284 1772 1340 delectetur
1795 1285 1852 1341 in
1958 1293 2203 1355 geantur,
2235 1301 2341 1340 non
2371 1285 2528 1341 debet
2557 1287 2679 1357 quis
2707 1286 2950 1345 difﬁdere
2979 1301 3080 1344 nec
3122 1289 3190 1344 ab
3219 1287 3538 1360 inquirendo

265 1388 333 1428 ea
363 1376 625 1442 ostendit,
647 1385 703 1432 et
730 1377 859 1448 quid
881 1378 971 1432 illa
1004 1380 1331 1450 respondere
1351 1381 1544 1438 debeat
1562 1397 1662 1452 pro
1686 1383 1852 1438 tantis
1959 1391 2193 1435 cessare.
2221 1377 2376 1434 Unde
2402 1378 2647 1450 sequitur
2673 1396 2688 1434 :

265 1465 551 1524 beneﬁciis
580 1469 822 1526 docetur.
874 1470 1116 1542 Sponsus
1168 1473 1420 1530 videlicet
1465 1475 1715 1530 decoram
1770 1473 1855 1530 fa-

265 1558 412 1614 ciem
451 1559 506 1614 in
553 1576 616 1616 ea
673 1533 985 1628 desiderat,
1023 1563 1163 1619 sicut
1215 1565 1462 1634 superius
1507 1565 1704 1631 innuit,
1734 1579 1856 1634 quae
2582 1533 2812 1592 CAPUT
2832 1533 2919 1590 m-

265 1651 418 1706 nulta
465 1654 672 1723 peccati
709 1655 990 1726 nigredine
1037 1656 1108 1712 sit
1135 1657 1435 1724 maculata,
1476 1674 1584 1714 non
1616 1659 1853 1728 turpium

2036 1667 2061 1700 ς
2084 1647 2142 1703 In
2167 1646 2367 1703 lectulo
2398 1662 2518 1704 meo
2541 1664 2638 1720 per
2668 1657 2885 1704 noctem
2914 1646 3138 1720 quaesivi
3166 1661 3327 1712 quem
3363 1645 3536 1718 diligit

265 1743 560 1797 verborum
587 1745 959 1817 mendaciique
981 1747 1268 1814 absconsa,
1292 1749 1378 1805 vel
1395 1751 1853 1820 blasphemiarum
1966 1757 1987 1791 ‘
2014 1738 2193 1793 anima
2209 1753 2349 1794 “163-
2379 1737 2612 1805 Ουαθείνί
2640 1739 2790 1794 illum
2819 1747 2876 1794 el
2898 1753 3005 1793 ῐιοῐι
3035 1737 3237 1792 invenio
3279 1758 3296 1788 ι
3329 1754 3348 1788 ί
3388 1735 3539 1802 Veni.

264 1833 560 1888 raucedine
586 1849 716 1890 voce
753 1837 990 1904 horrida,
1023 1841 1118 1894 sed
1167 1840 1503 1896 dulcedinem
1535 1841 1650 1897 suis
1675 1841 1854 1897 laudi-

1960 1827 2100 1884 sicut
2138 1828 2192 1883 in
2242 1827 2565 1899 quibusdam
2598 1827 2880 1883 codicibus
2926 1827 3162 1890 additur,
3211 1844 3230 1877 ‹
3267 1835 3322 1880 et
3352 1824 3538 1880 vocavi

262 1923 370 1980 bus
417 1938 759 1982 resonantem
793 1929 968 1986 reddit
1001 1932 1196 1997 vicem,
1225 1931 1414 1988 eadem
1449 1933 1692 1989 Ecclesia
1739 1935 1853 1990 ait:

1930 1922 2110 1985 leum,
2159 1929 2216 1976 et
2264 1935 2374 1976 non
2405 1920 2684 1991 respondit
2712 1919 2866 1974 mihi.
2899 1939 2919 1972 ι
2960 1918 3086 1974 Haec
3133 1933 3262 1989 ergo
3292 1917 3540 1987 quamvis

270 2035 290 2064 σ
332 2016 572 2072 Dilectus
593 2034 744 2076 meus
769 2021 927 2087 mibi,
957 2029 1014 2077 et
1037 2037 1138 2092 ego
1165 2022 1257 2077 illi.
1296 2043 1316 2075 ι
1355 2022 1604 2080 Christus
1627 2033 1682 2080 et
1715 2024 1852 2096 ipsa,

1957 2011 2319 2084 praenuntiata
2371 2012 2483 2067 sint
2511 2018 2567 2068 et
2604 2019 2979 2068 consummata
3021 2011 3078 2064 in
3117 2009 3330 2064 Domini
3361 2005 3541 2077 sepul-

265 2117 432 2179 caput
451 2119 506 2164 et
531 2126 729 2180 corpus
762 2113 909 2168 velut
937 2129 1077 2169 imus
1100 2116 1284 2180 homo,
1313 2125 1369 2171 et
1396 2121 1656 2186 tanquam
1682 2131 1856 2172 mem-
1959 2113 2078 2160 tura
2106 2104 2414 2171 videantur,
2444 2105 2572 2160 dum
2613 2104 2870 2159 mulieres
2905 2102 2972 2156 ad
3008 2101 3318 2172 sepulcrum
3359 2097 3543 2153 Domi-

262 2199 366 2254 bra
397 2210 578 2270 caput,
629 2203 705 2256 ita
759 2203 1030 2276 diligendo
1057 2206 1300 2276 sequitur
1343 2207 1538 2276 ipsum,
1569 2216 1856 2278 propterea
1960 2197 2014 2251 ni
2042 2196 2390 2268 pervigilant,
2432 2212 2554 2252 cum
2585 2195 2814 2266 apostoli
2862 2193 3275 2250 intolerabiliter
3327 2191 3539 2262 lugent,

265 2290 450 2348 taliter
510 2294 764 2366 loquitur.
822 2296 1010 2354 Nullus
1058 2299 1203 2354 enim
1260 2299 1489 2356 dilectus
1539 2308 1591 2356 et
1644 2301 1858 2372 adjutor

1959 2288 2054 2343 sed
2092 2283 2323 2358 amplius
2371 2288 2437 2342 ad
2492 2288 2770 2358 superiora
2822 2287 3124 2357 respiciunt
3161 2300 3291 2356 qua:
3341 2282 3543 2339 subne-

265 2385 555 2453 Ecclesizc,
589 2388 692 2444 nisi
739 2389 1006 2456 Christus,
1037 2400 1092 2447 et
1141 2393 1320 2448 nullus
1365 2393 1566 2448 Christi
1607 2394 1854 2460 dilectus,

1960 2388 2212 2447 ctuntnr;
2245 2395 2309 2435 ac
2330 2380 2375 2436 si
2398 2380 2639 2436 Ecclesia
2666 2381 2754 2436 vel
2781 2395 3118 2450 unaquaeque
3141 2385 3328 2434 sancta
3365 2375 3544 2430 anima

266 2477 373 2532 nisi
402 2478 686 2536 Ecclesia:
740 2483 867 2553 quia
915 2483 1095 2539 nullus
1125 2485 1261 2541 alius
1309 2495 1456 2542 recte
1495 2486 1666 2558 diligit
1695 2487 1855 2542 Chri-
1959 2471 2200 2541 apertius
2249 2471 2439 2526 dicat:
2478 2470 2806 2526 iamdudum
2855 2471 3026 2526 multo
3083 2470 3261 2526 ειυάίο
3317 2465 3546 2558 (ιυωείνί

266 2578 438 2636 stum,
460 2573 563 2627 nisi
589 2575 744 2629 unica
767 2575 1033 2643 Ecclesia,
1050 2585 1105 2632 et
1129 2577 1272 2632 nulla
1293 2577 1397 2632 alia
1420 2579 1486 2634 ab
1512 2594 1577 2634 eo
1597 2579 1854 2649 diligitur,
1960 2562 2130 2628 illum:
2163 2563 2258 2618 sed
2290 2563 2415 2634 quia
2449 2564 2626 2619 adhuc
2652 2563 2924 2619 illecebris
2951 2563 3132 2618 carnis
3163 2575 3296 2617 mea?
3330 2557 3544 2616 subdi”

267 2663 372 2719 nisi
403 2664 539 2736 ipsa.
578 2685 595 2718 ‹
626 2666 726 2735 Qui
781 2670 1026 2740 pascitur
1060 2670 1202 2727 inter
1251 2670 1386 2735 lilia,
1443 2671 1614 2727 donec
1657 2672 1860 2742 aspiret

1959 2654 2037 2710 fui
2067 2696 2084 2722 ,
2137 2664 2192 2711 et
2238 2657 2476 2712 tenebris
2523 2656 2806 2726 profundae
2859 2655 3180 2727 ignorantiae
3229 2654 3542 2717 obcaecata,

272 2773 293 2807 ι
328 2756 476 2823 dies,
507 2768 564 2812 ει
592 2759 920 2815 inclinentur
948 2762 1175 2816 umbrae.
1216 2780 1234 2812 ,
1269 2761 1324 2815 [d
1355 2769 1458 2827 εει,
1492 2762 1581 2832 qui
1617 2740 1859 2830 ρεεέιίιηι-
1962 2762 2068 2801 non
2100 2747 2281 2801 inveni
2317 2747 2500 2802 lumen
2533 2747 2802 2813 veritatis,
2833 2747 2885 2801 id
2925 2756 3009 2802 est
3035 2745 3341 2832 Dominum.
3373 2740 3546 2832 Aliter

266 2848 535 2904 munditia
570 2849 691 2905 ﬁdei
722 2859 776 2906 ει
821 2853 1058 2908 candore
1105 2853 1388 2917 Virtutum,
1419 2830 1589 2909 ἀοιίεο
1641 2853 1856 2908 venturi
1963 2838 2016 2892 in
2065 2837 2264 2892 lectulo
2311 2852 2410 2892 suo
2452 2837 2710 2891 dilectum
2758 2852 2912 2892 suum
2965 2834 3204 2890 Ecclesia
3235 2831 3320 2886 vel
3364 2830 3545 2884 anima

265 2936 452 2993 saeculi
505 2939 622 2994 dies
647 2939 790 2996 illius
813 2939 1006 3010 judicii
1039 2955 1199 2997 verus
1245 2940 1514 3004 adveniat,
1549 2950 1604 2996 et
1650 2941 1861 2996 oriatur

1963 2939 2152 2984 sancta
2183 2929 2397 2997 quazrit,
2439 2929 2657 2998 quando
2697 2928 2766 2984 ab
2805 2927 2952 2983 omni
3003 2923 3412 2996 perturbatione
3442 2937 3545 2978 sae-

263 3024 360 3080 ]ux
389 3037 444 3081 et
470 3029 698 3093 umbm,
732 3029 786 3084 id
815 3039 897 3086 est
925 3045 1142 3086 errores
1189 3031 1468 3100 pungentis
1514 3031 1696 3086 saculi
1720 3071 1735 3096 ,
1765 3031 1858 3101 qui
1963 3020 2067 3076 culi
2101 3020 2390 3090 tranquilla
2425 3022 2478 3076 in
2512 3021 2695 3090 quiete
2727 3021 2910 3076 cordis
2941 3019 3228 3075 Dominum
3271 3032 3425 3072 suum
3454 3030 3547 3071 CO-

261 3131 367 3173 nos
391 3118 955 3193 impediunt,justitiae
979 3122 1095 3178 sole
1125 3130 1402 3178 transeant
1432 3129 1490 3178 et
1531 3121 1860 3178 inclinentur
1961 3115 2114 3186 sitat.
2163 3114 2333 3182 Quem
2390 3131 2641 3185 quaerens
2679 3116 2749 3170 οἱ)
2789 3115 2894 3169 hoc
2946 3113 3170 3168 minime
3225 3110 3452 3176 invenit,
3488 3115 3551 3163 ιιι

264 3222 392 3266 cum
423 3211 536 3265 suis
564 3213 894 3268 amatoribus
923 3213 976 3268 in
999 3214 1166 3271 chaos
1188 3213 1406 3270 inferni,
1901 3269 1928 3274 Α
1963 3222 2148 3262 amore
2175 3207 2318 3262 illius
2347 3221 2575 3261 accensa
2603 3205 2880 3260 ardentius
2907 3218 3178 3274 quzerens.
3208 3200 3314 3256 Per
3333 3208 3550 3255 noctem

341 3318 362 3350 ι
394 3295 688 3360 Revertere
715 3321 730 3358 :
765 3302 970 3360 Similis
994 3269 1132 3374 esto,
1161 3305 1483 3372 dilectemi,
1507 3321 1717 3378 capreae
1738 3308 1859 3362 hin-
1885 3269 1932 3334 C
1965 3299 2280 3369 quaerimus,
2311 3298 2437 3368 Quia
2467 3307 2520 3353 et
2551 3299 2595 3354 si
2616 3297 2909 3366 jammens
2928 3297 2982 3350 in
3013 3295 3104 3350 illo
3126 3293 3337 3365 vigilet,
3365 3300 3546 3346 tamen

269 3411 290 3443 ι
328 3393 570 3464 maloque
596 3410 879 3451 cervorum
905 3410 1069 3468 super
1089 3405 1302 3452 montes
1330 3395 1535 3452 Bethel,
1572 3417 1592 3450 ι
1621 3397 1734 3454 Vox
1774 3408 1860 3455 es;
1963 3389 2139 3444 adhuc
2164 3389 2359 3459 caligat
2385 3388 2592 3443 oculus.
2631 3406 2648 3438 ι
2684 3386 2885 3443 Vocavi
2909 3402 3033 3442 eum
3053 3395 3110 3466 et
3135 3400 3242 3438 non
3273 3379 3552 3451 respondit

262 3485 374 3540 ista
406 3487 730 3556 supradicta;
765 3486 1020 3543 Ecclesia:
1060 3489 1129 3544 ad
1147 3487 1422 3546 Christum
1446 3507 1463 3546 ς
1491 3490 1748 3556 Obsecro,
1784 3493 1857 3548 ηιί
1962 3479 2116 3534 mihi.
2149 3500 2167 3532 ι
2199 3479 2518 3549 Quicunque
2544 3479 2715 3534 solum
2742 3479 3014 3533 hominem
3047 3476 3220 3532 credit
3248 3473 3550 3538 Christum,

263 3574 485 3641 dilecte,
513 3583 574 3630 ut
600 3577 797 3648 saepius
827 3585 930 3633 tua:
953 3579 1282 3636 visitationis
1307 3581 1544 3636 adventu
1567 3583 1860 3638 revertaris
1962 3591 2069 3631 non
2096 3575 2334 3628 inveniet
2362 3589 2506 3628 cum.
2539 3573 2604 3627 Et
2634 3571 2942 3642 quicunque
2965 3569 3219 3625 deitatem
3244 3581 3350 3620 non
3375 3563 3553 3620 credit

266 3669 336 3723 ad
365 3683 472 3732 me,
502 3668 627 3738 quia
651 3684 873 3724 carnem
896 3685 1059 3740 quam
1089 3671 1157 3727 de
1191 3673 1624 3742 patriarcharum
1650 3674 1860 3745 origine
1964 3667 2017 3722 in
2034 3666 2270 3732 Christo,
2305 3682 2410 3722 non
2435 3665 2672 3720 inveniet
2693 3679 2838 3719 eum.
2871 3662 2938 3718 Et
2957 3663 3269 3732 quicunque
3287 3659 3546 3712 deitatem

265 3760 571 3830 sumpsisti,
609 3775 899 3832 resurgens
945 3777 976 3816 a
1009 3764 1268 3830 mortuis,
1310 3779 1474 3835 super
1501 3779 1716 3820 omnem
1742 3779 1858 3820 coe-
1962 3777 2070 3816 non
2107 3760 2280 3816 credit
2300 3759 2356 3814 in
2376 3758 2614 3826 Christo,
2648 3766 2807 3813 vocat
2838 3757 3053 3828 quidem
3079 3756 3133 3809 in
3157 3753 3403 3809 noctibus
3433 3764 3552 3821 pcr-

265 3849 486 3906 lestium
513 3851 779 3908 montium
829 3853 1145 3919 ascendisti,
1175 3861 1234 3908 ut
1279 3853 1519 3910 laborem
1548 3855 1862 3925 percgriua-
1962 3866 2246 3907 versorum
2272 3866 2528 3906 sensuum
2545 3865 2770 3905 suorum
2794 3848 3080 3903 Dominum
3098 3843 3426 3907 DeiFilinm,
3458 3842 3553 3895 sed

268 3943 451 3998 tiones
479 3959 612 3999 meae
657 3943 1025 4014 speculatione
1074 3954 1275 4001 aeterna
1321 3946 1550 4003 releves.
1595 3947 1860 4017 Capream
1965 3958 2072 3997 non
2097 3943 2387 4013 respondet
2408 3942 2616 3996 eisicut
2637 3956 2741 3995 non
2769 3938 3049 4010 respondit
3074 3939 3184 4008 regi
3216 3934 3363 3991 Sauli
3392 3949 3421 3988 a
3445 3945 3554 4002 quo

267 4036 377 4092 hoc
400 4036 454 4090 in
489 4036 608 4092 loco
641 4039 783 4093 sicut
809 4039 1058 4108 superius
1092 4038 1492 4110 praelibavimus
1519 4054 1738 4095 carnem
1775 4040 1861 4094 di-
1969 4043 2272 4090 recesserat
2318 4035 2478 4090 Deus.
2515 4034 2644 4088 Sine
2676 4046 2838 4087 causa
2871 4031 3037 4101 igitur
3065 4029 3306 4083 laborem
3341 4025 3553 4094 impen-

267 4136 401 4183 cunt
428 4127 647 4192 Christi,
695 4138 916 4200 propter
959 4130 1369 4186 similitudinem
1401 4133 1585 4187 carnis
1630 4135 1858 4202 peccati.
1967 4129 2046 4182 dit
2074 4128 2388 4197 quaerendo,
2420 4126 2514 4197 qui
2545 4125 2809 4196 aequalem
2835 4123 3149 4179 hominibus
3183 4121 3390 4190 absque
3422 4133 3552 4187 pec-

267 4216 541 4273 Hinnulus
589 4233 875 4275 cervorum
907 4221 1104 4276 dicitur
1135 4221 1275 4292 ipse,
1305 4223 1430 4292 quia
1461 4223 1527 4277 de
1559 4224 1730 4292 stirpe
1763 4239 1862 4293 pa-
1967 4227 2090 4274 cato
2123 4227 2178 4272 et
2207 4227 2535 4272 comternam
2558 4215 2734 4280 Patri,
2767 4229 2874 4268 non
2907 4211 3070 4267 fuerit
3097 4222 3329 4280 utraque
3361 4217 3554 4262 natura

268 4311 636 4366 triarcharum
665 4313 902 4383 genitus,
932 4314 1022 4382 qui
1072 4321 1195 4382 post
1225 4314 1681 4369 resurrectionem
1707 4330 1861 4369 suam
1969 4313 2252 4368 confessus
2272 4310 2464 4376 Deum,
2492 4309 2586 4380 qui
2618 4306 2866 4371 redemit,
2898 4313 2953 4360 et
2974 4305 3250 4360 hominem
3274 4316 3372 4370 per
3391 4313 3555 4370 quem

269 4401 341 4454 ad
377 4399 544 4457 caelos
571 4417 841 4468 remeans,
866 4403 1299 4473 superexaltatus
1327 4413 1410 4459 est
1461 4420 1624 4474 super
1654 4414 1865 4462 montes
1969 4405 2202 4460 redemit
2254 4403 2494 4473 perditos
2546 4401 2712 4464 Deus,
2767 4399 2833 4454 de
2879 4413 2987 4468 quo
3045 4395 3334 4450 Psalmista
3383 4391 3554 4448 dicit:

268 4490 486 4557 Betbel,
515 4507 636 4562 qua:
663 4493 853 4547 domus
885 4493 981 4547 Dei
1004 4494 1223 4560 dicitur,
1256 4494 1308 4548 id
1333 4504 1418 4548 est
1445 4510 1734 4563 supernam
1762 4510 1862 4565 pa-
1977 4517 1994 4549 ι
2029 4495 2224 4551 Frater
2238 4510 2347 4550 non
2374 4493 2622 4559 redemit,
2648 4491 2875 4546 redimet
2905 4490 3068 4546 homo
3093 4485 3498 4558 (Psal.xr.vm).
3531 4499 3552 4534 ι

269 4583 438 4638 triam
467 4583 802 4655 angelorum.
841 4583 995 4640 Unde
1038 4583 1326 4639 Psalmista
1369 4585 1435 4639 ad
1489 4600 1610 4639 eum
1643 4586 1866 4656 loquens
1893 4633 1944 4659 ῃ
2048 4609 2065 4641 ‹
2108 4586 2364 4659 Surgam,
2397 4594 2448 4641 et
2477 4583 2718 4640 circuibo
2744 4581 3040 4646 civitatem,
3065 4595 3161 4650 per
3187 4579 3336 4633 vicos
3362 4585 3418 4633 et
3445 4573 3560 4646 pla-

273 4633 438 4638 ---—-—
469 4633 802 4655 --τ---η--η
850 4633 993 4640 -----
1038 4633 1326 4639 ηψπ-ηπ
1370 4633 1435 4639 --
1643 4633 1866 4656 ψι-νη-
2050 4633 2064 4641 ς
2110 4633 2364 4659 «μνη-...ι
2401 4633 2448 4641 ν-
2482 4633 2711 4640 ---π-π
3066 4633 3087 4650 τ
3111 4633 3143 4635 -ν
3446 4633 3462 4646 .

271 4674 352 4728 ait
386 4692 399 4727 :
437 4691 457 4724 ι
492 4673 740 4741 Domine,
771 4674 1033 4730 Dominus
1087 4685 1300 4740 noster,
1346 4691 1506 4745 quam
1549 4677 1866 4733 admirabile
1893 4633 1945 4694 Β
1979 4702 1998 4734 ι
2037 4691 2151 4738 teas
2213 4694 2454 4751 quaeram
2509 4693 2669 4749 quem
2710 4674 2885 4746 diligit
2932 4673 3112 4728 anima
3150 4685 3289 4726 mea.
3324 4662 3560 4734 Quaesivi

271 4774 360 4822 est
379 4782 578 4824 nomen
605 4776 756 4823 tuum
785 4769 837 4822 in
863 4769 1113 4825 universa
1141 4771 1312 4824 terra!
1346 4768 1517 4836 Quam
1548 4770 1754 4825 elevata
1781 4779 1868 4826 est
1981 4795 1998 4828 ι
2032 4773 2204 4840 illum,
2235 4781 2292 4826 et
2340 4786 2447 4826 non
2495 4769 2697 4824 inveni.
2741 4788 2760 4820 ι
2807 4765 3072 4836 Proposui
3121 4764 3176 4818 in
3219 4760 3401 4816 animo
3440 4769 3561 4811 meo

273 4860 680 4929 magniﬁcentia
705 4871 794 4916 tua
817 4877 980 4933 super
1003 4863 1199 4920 caelos!
1226 4884 1245 4916 ι
1267 4861 1723 4935 (Psal.vm.)Nec
1745 4879 1863 4918 mo-
1976 4870 2042 4924 de
2073 4866 2272 4923 lectulo
2306 4864 2609 4920 carnalium
2655 4862 2992 4931 voluptatum
3023 4871 3268 4929 surgere,
3293 4863 3348 4909 et
3387 4861 3562 4906 terras

270 4952 407 5008 ralis
432 4952 698 5024 siquidem
729 4955 1096 5011 admittendus
1136 4967 1218 5011 est
1244 4971 1456 5012 sensus.
1489 4955 1868 5027 Unusquisque
1976 4979 2041 5018 ac
2075 4961 2244 5016 maria
2269 4959 2524 5025 circuire,
2552 4965 2608 5012 et
2638 4953 3084 5025 philosophorum
3115 4950 3267 5004 adire
3282 4941 3560 5042 mysteria,

271 5048 422 5102 enim
452 5048 792 5104 credentium
820 5049 952 5116 Deo,
988 5050 1104 5120 ipse
1128 5065 1187 5105 se
1226 5049 1354 5106 fecit
1380 5059 1620 5106 montem
1649 5051 1742 5105 Dei
1773 5065 1870 5118 per
1978 5053 2071 5108 sed
2105 5065 2203 5106 nec
2235 5049 2313 5105 sic
2349 5048 2530 5102 inveni
2579 5045 2750 5102 illum.
2788 5044 2978 5100 Potest
3023 5051 3078 5096 et
3107 5039 3269 5133 aliter
3309 5031 3560 5133 intelligi.

273 5147 525 5194 sanctam
571 5142 1076 5206 conversationem,
1112 5151 1205 5196 aut
1232 5150 1469 5196 montem
1513 5140 1714 5196 diaboli
1742 5156 1869 5210 per-
1976 5141 2182 5197 Civitas
2225 5140 2329 5194 hoc
2377 5138 2430 5193 in
2459 5137 2577 5194 loco
2616 5144 2806 5192 sancta
2855 5135 3153 5189 electorum
3201 5124 3442 5182 Ecclesia
3483 5124 3568 5176 in-

273 5249 433 5290 verse
457 5236 704 5294 vivendo.
733 5238 922 5295 Bethel
946 5239 1092 5294 enim
1120 5239 1309 5294 domus
1337 5238 1430 5292 Dei
1459 5238 1870 5308 interpretatur,
1979 5234 2258 5304 telligitur,
2289 5247 2385 5287 seu
2437 5231 2618 5286 divina
2671 5228 2976 5322 Scriptura.
3012 5221 3176 5277 Vicos
3207 5233 3338 5322 vero
3395 5225 3563 5322 atque

273 5335 336 5380 ut
365 5326 576 5396 praelati
608 5343 818 5384 sumus.
847 5330 1167 5401 Quicunque
1190 5345 1322 5402 ergo
1351 5330 1422 5384 ita
1457 5307 1765 5384 exhibuerit
1788 5327 1873 5385 vi-
1979 5326 2205 5397 plateas,
2244 5324 2412 5379 libros
2435 5322 2569 5396 legis
2591 5320 3054 5392 ctprophatarum
3080 5320 3264 5376 vocat,
3290 5311 3343 5364 in
3367 5307 3566 5380 quibus

277 5429 392 5473 tam
419 5435 596 5487 suam,
623 5430 684 5476 ut
711 5423 765 5477 in
790 5437 855 5476 eo
886 5422 1184 5478 delectetur
1205 5421 1442 5492 Spiritus
1471 5429 1692 5478 sanctus
1723 5421 1876 5476 inha-
1981 5418 2224 5474 Ecclesia
2260 5433 2356 5473 seu
2400 5417 2579 5472 anima
2629 5415 2803 5470 electa
2855 5410 3112 5506 dilectum
3149 5420 3351 5506 suum,-
3377 5401 3568 5506 idnest

275 5514 478 5582 bitare,
505 5533 662 5574 mons
689 5516 916 5573 efﬁcitur
936 5519 1030 5574 Dei
1051 5518 1144 5587 qui
1174 5528 1256 5574 est
1277 5517 1519 5573 Ecclesia
1551 5516 1666 5571 Dei.
1699 5516 1875 5586 Super
1983 5511 2258 5567 Christum
2275 5510 2401 5564 dum
2427 5509 2682 5564 ardenter
2695 5503 2886 5575 quaerit
2905 5499 3131 5565 invenit,
3151 5512 3314 5568 quem
3339 5496 3391 5552 in
3412 5493 3570 5550 libris

277 5610 402 5664 hmo
440 5624 594 5680 ergo,
617 5610 660 5665 si
682 5611 898 5680 quando
919 5608 1161 5692 ollensus
1189 5609 1428 5680 peccatis
1452 5607 1633 5680 populi
1667 5608 1876 5678 prolon-
1982 5604 2429 5676 philosophorum
2466 5616 2574 5655 non
2605 5596 2827 5694 reperit.
2873 5686 2884 5694 .
3029 5693 3035 5694 γ
3097 5683 3130 5694 ﬂ
3218 5690 3227 5694 Δ
3301 5681 3315 5694 ο
3357 5681 3368 5692 ι

277 5701 518 5773 gaverit,
547 5701 859 5768 revertitur,
888 5688 1331 5756 similis'ellicitur
1356 5714 1519 5754 cursu
1542 5699 1628 5753 vel
1649 5713 1878 5756 consue-
2059 5715 2078 5748 ‹
2114 5694 2441 5749 invenerunt
2469 5707 2553 5745 me
2575 5687 2766 5758 vigiles
2795 5686 2885 5756 qui
2923 5683 3234 5785 custodi-unt
3267 5683 3564 5785 civitatem.

253 5767 477 5850 .tudine
504 5809 712 5864 capreae
733 5793 1066 5863 hinnuloque
1091 5807 1397 5856 cervorum,
1421 5806 1649 5861 quarum
1678 5799 1874 5846 natura
1990 5805 2009 5840 ‹
2039 5785 2180 5842 Num
2217 5801 2378 5856 quem
2427 5781 2600 5852 diligit
2639 5779 2820 5832 anima
2871 5791 2992 5833 mea
3051 5773 3306 5830 vidistis?
3339 5792 3357 5823 ›
3391 5767 3567 5864 (Fiat.

283 5894 390 5950 est,
416 5902 550 5944 voce
570 5859 703 5944 ante
725 5901 784 5943 se
811 5886 867 5942 in
894 5859 1168 5942 montibus
1199 5859 1498 5940 resonante
1514 5889 1639 5953 post
1665 5891 1876 5953 tergum
1985 5879 2192 5953 cxxvr.)
2227 5878 2424 5951 Vigiles
2453 5875 2545 5948 qui
2573 5870 2884 5930 custodiunt
2924 5868 3224 5935 civitatem,
3266 5864 3320 5922 id
3349 5871 3432 5919 est
3466 5859 3572 5918 Ec-
