4078 6340
545 365 651 423 605
1572 356 1924 431 ANGELOMI
1962 354 2430 413 LUXOVIENSIS
2472 352 2773 409 MONACHI
3714 356 3843 415 θυι

541 479 783 544 clesiam,
821 478 1048 548 apostoli
1092 478 1175 533 vel
1209 474 1387 547 caeteri
1418 476 1667 530 doctores
1722 481 1847 527 sunt
1890 472 1980 542 qui
2014 468 2118 525 sol-
2146 470 2199 551 ᾼ
2228 488 2246 522 ε
2293 468 2523 540 myrrha:
2569 476 2625 523 et
2666 466 2861 534 thuris,
2911 476 2968 522 et
3003 466 3240 523 universi
3279 468 3512 538 pulveris
3564 467 3846 542 pigmen-

540 574 746 633 licitam
774 571 1135 643 gentilitatem
1176 582 1299 624 cum
1328 564 1573 622 veritatis
1606 562 1860 635 indagine
1906 563 2125 618 invene-
2234 578 2254 613 ο
2301 561 2442 616 tarii.
2481 581 2498 613 ι
2528 560 2584 615 Id
2612 568 2694 616 est
2720 560 2830 630 igni
2855 558 3058 615 amoris
3078 573 3364 627 succensa,
3396 560 3480 615 vel
3503 576 3627 617 cum
3658 560 3845 616 omni

541 675 690 724 runt.
741 664 819 721 De
869 665 1066 736 quibus
1119 662 1359 719 dicitur:
1409 680 1426 711 ι
1463 658 1577 714 Nisi
1629 655 1891 713 Dominus
1942 646 2127 711 (τρειοὶ
2227 654 2350 710 nisu
2388 654 2648 709 virtutum
2688 654 2756 709 ad
2803 652 3045 709 coelestia
3081 654 3329 709 tendens.
3378 653 3481 710 Per
3529 656 3847 728 myrrham

541 761 703 817 dierit
738 760 1046 825 civitatem,
1084 757 1140 826 in
1183 771 1383 812 vanum
1428 752 1655 826 vigilant
1690 750 1782 823 qui
1815 751 2129 807 custodiunt
2227 742 2571 799 mortiﬁcalio
2596 742 2894 800 carnalium
2928 742 3288 814 voluptatum,
3324 758 3423 814 per
3442 744 3566 800 thus
3604 744 3848 814 p'tritas

542 866 660 909 eam
698 848 871 925 (Psal.
902 849 1108 915 cxxvt).
1128 824 1171 899 ⁸ι
1494 824 1507 826 ⁷

2232 834 2555 899 orationum,
2613 840 2669 889 et
2718 832 2771 888 in
2828 832 3057 889 diversis
3108 832 3425 905 pulveribus
3468 834 3848 906 pigmentarii

621 962 641 998 ι
673 920 957 1001 paululum
997 957 1121 998 cum
1157 938 1604 1013 pertransissem,
1650 935 1829 991 inveni
1861 949 2019 1006 quem
2047 933 2129 990 di—
2226 924 2467 979 omnium
2503 924 2764 978 virtutum
2792 924 2945 978 odor.
2976 920 3256 980 Moraliter
3304 938 3434 980 vero
3482 936 3667 980 sancta
3710 924 3849 980 cle-

548 1059 565 1091 α
602 1040 720 1113 ligit
753 1038 931 1094 anima
965 1051 1106 1093 mea.
1149 1016 1171 1086 ἱ
1204 1032 1263 1089 ld
1291 1040 1374 1089 est
1420 1032 1547 1087 dum
1592 1046 1680 1086 me
1713 1028 1927 1085 illorum
1960 1026 2127 1097 magi-

2232 1024 2437 1071 ctorum
2468 1014 2712 1072 Ecclesia
2738 1032 2864 1072 cum
2888 1016 2956 1071 ab
2979 1017 3083 1073 hoc
3110 1018 3314 1073 mundo
3342 1017 3394 1072 iu
3439 1019 3645 1074 sanctis
3692 1033 3847 1089 pro-

542 1108 711 1186 sm'io
742 1129 939 1185 tradidi
982 1143 1107 1183 ,ηοΧ
1160 1124 1344 1180 iumen
1397 1122 1648 1178 vernans
1694 1121 1838 1192 quod
1882 1118 2123 1190 quaesivi,
2229 1109 2381 1177 cibus
2410 1110 2623 1165 ardenti
2654 1124 2841 1166 amore
2881 1125 2940 1165 se
2987 1110 3169 1178 erigit,
3216 1125 3316 1182 per
3357 1110 3628 1166 desertum
3672 1108 3843 1181 quod

542 1223 745 1303 inveni.
772 1221 947 1279 Aliter
976 1239 990 1273 :
1021 1220 1339 1289 Quaerentes
1381 1225 1563 1271 autem
1614 1228 1712 1270 nos
1759 1212 1949 1301 vigiles
1972 1211 2126 1265 inve-

542 1292 700 1371 niunt
737 1315 827 1385 qui
854 1312 1164 1369 custodiunt
1208 1311 1486 1389 civitatem
1536 1309 1659 1381 quia
1702 1292 1873 1364 sancti
1903 1304 2124 1371 Patres,

542 1406 630 1477 qui
682 1405 934 1461 Ecclesiae
966 1414 1165 1459 statum
1195 1402 1532 1467 custodiunt,
1574 1401 1730 1456 bonis
1772 1400 1974 1455 nostris
2014 1406 2127 1457 slu-

2229 1203 2468 1259 dcseruit
2496 1204 2757 1259 ascendit.
2808 1202 3011 1259 Fumus
3055 1203 3121 1258 de
3165 1204 3387 1260 incenso
3434 1205 3701 1259 nascitur.
3766 1202 3845 1259 Et

2226 1309 2327 1366 per
2374 1293 2716 1349 Psalmistam
2764 1294 3015 1350 dicitur:
3066 1312 3085 1345 ‹
3150 1293 3427 1364 Dirigatur
3469 1296 3649 1350 oratio
3698 1310 3844 1350 mea

2227 1384 2367 1440 sicut
2398 1385 2677 1441 incensum
2703 1385 2757 1440 in
2780 1392 3072 1455 conspectu
3099 1393 3212 1451 tuo,
3238 1385 3463 1441 Domine
3485 1383 3601 1458 (Ps.
3633 1387 3797 1457 cu).
3815 1404 3837 1439 ι

541 1476 645 1554 diis
674 1506 981 1558 occurrunt,
1012 1506 1073 1551 ut
1091 1513 1193 1553 suo
1220 1496 1303 1555 vel
1331 1497 1498 1557 verbo
1530 1494 1614 1550 vel
1641 1495 1845 1564 scripto
1872 1494 2122 1548 doceant.
2228 1476 2431 1533 Fumus
2469 1487 2726 1535 exemere
2754 1479 3023 1551 ιεετγηιθε
3068 1478 3224 1535 30m-
3274 1478 3461 1551 lla‘lue
3524 1478 3708 1535 ἥηηηε
3762 1496 3843 1536 εἰ

541 1587 687 1661 Quos
712 1604 835 1644 cum
866 1587 1145 1659 paululum
1181 1586 1603 1658 pertransimus,
1634 1585 1937 1640 invenimus
1965 1597 2123 1653 quem
2228 1572 2564 1628 ποηκὶιῖδυε
2599 1580 2686 1628 εει
2729 1573 3073 1644 οοπψιιηοιῐο
3120 1573 3384 1629 mulionis
3443 1584 3707 1644 θοιιοθριλ
3760 1589 3841 1627 εἰ

541 1679 836 1751 diligimus,
870 1679 1000 1751 quia
1031 1677 1363 1751 Redemptor
1398 1685 1606 1743 noster,
1661 1675 1791 1732 etsi
1824 1672 2126 1730 humilitate
2225 1664 2516 1721 Virtutibus
2553 1667 2774 1721 amoris.
2818 1666 2949 1736 Qum
2994 1675 3176 1722 tamen
3217 1667 3393 1722 oratio
3442 1665 3573 1721 fumi
3606 1665 3840 1739 virgula

538 1770 858 1847 ltomointer
886 1769 1150 1833 homines,
1179 1769 1460 1825 divinitate
1482 1778 1662 1825 tamen
1690 1783 1852 1839 super
1875 1766 2125 1823 homines
2228 1756 2443 1825 dicitur.
2466 1758 2597 1847 quia
2626 1759 2753 1814 dum
2795 1758 2907 1815 sola
2951 1758 3196 1815 caelestia
3225 1754 3484 1829 postulat,
3539 1758 3621 1814 sic
3666 1766 3839 1813 recta

538 1846 660 1921 fuit.
693 1862 831 1932 Quia
870 1863 975 1919 nisi
1004 1862 1097 1935 qui
1124 1860 1249 1918 ﬁdei
1295 1861 1544 1932 passibus
1570 1869 1626 1915 et
1652 1875 1785 1937 pura
1807 1866 1987 1914 mente
2009 1873 2123 1913 om-
2150 1864 2200 1941 η
2225 1846 2571 1941 pmgredilut'
2599 1855 2660 1903 ut
2697 1848 2781 1941 ad-r
2814 1856 3035 1903 terrena
3064 1856 3240 1941 atque
3284 1847 3603 1919 temporalia
3659 1862 3843 1919 aptae.

540 1968 638 2011 nes
666 1961 885 2009 sanctos
928 1952 1229 2021 transierit,
1271 1961 1327 2008 et
1366 1950 1641 2007 Christum
1682 1950 2123 2023 excellentiorem
2172 1938 2183 1955 ³
2229 1939 2389 1995 lentia
2421 1939 2643 1995 minime
2683 1938 3017 1996 reﬂectatur.
3062 1938 3131 1996 Et
3172 1941 3469 1997 notandum
3519 1941 3665 2011 quod
3712 1955 3840 1996 non

538 2043 791 2100 omnibus
842 2044 1046 2100 sanctis
1103 2043 1424 2109 crediderit,
1479 2042 1722 2099 invenire
1780 2058 2121 2115 nequaquam
2225 2030 2401 2101 νίτεθν
2453 2032 2549 2088 sed
2597 2032 2806 2103 νει-διιιδ
2859 2043 3226 2105 nuncupatur.
3277 2034 3402 2106 (illia
3456 2033 3739 2090 interdum
3776 2034 3839 2089 ίιι

538 2137 756 2206 pater“.
796 2155 815 2188 ς
850 2136 1021 2192 Tenui
1068 2153 1287 2193 manum
1330 2137 1446 2208 ejus
1474 2151 1573 2192 nec
1617 2135 1906 2203 dimittam,
1952 2135 2124 2192 donec
2228 2122 2662 2195 compunctiouis
2724 2125 2954 2193 ardore,
3007 2134 3172 2181 tantm
3225 2125 3547 2181 subtilitatis
3599 2134 3690 2181 Εεῐ
3744 2126 3839 2181 vis

545 2246 562 2275 ι
600 2226 938 2282 introducam
970 2226 1121 2281 illum
1151 2226 1203 2280 in
1242 2225 1461 2282 domum
1492 2225 1663 2297 patris
1691 2224 1816 2288 mei,
1850 2232 1904 2278 et
1936 2224 1988 2279 in
2024 2241 2122 2281 cu-
2228 2217 2451 2283 amoriS,
2503 2225 2565 2271 ut
2608 2217 2751 2273 hanc
2790 2233 2893 2274 nec
2936 2220 3052 2289 ipse
3102 2218 3316 2274 animus
3359 2216 3839 2288 comprehendere

547 2333 566 2367 α
600 2312 837 2372 bieulum
869 2316 1151 2390 genitricis
1182 2331 1333 2372 mem.
1374 2337 1393 2370 ι
1434 2314 1615 2371 Teneo
1640 2314 1789 2375 illum
1818 2314 1972 2371 ﬁrma
1995 2315 2123 2385 ﬁde,
2227 2308 2317 2377 qui
2351 2307 2683 2364 illumiuulus
2737 2309 2938 2364 meruit
2984 2309 3207 2365 habere.
3260 2308 3405 2364 Bene
3455 2311 3562 2364 hoc
3624 2308 3837 2363 dicitur

538 2405 712 2461 donec
740 2408 792 2462 in
828 2405 934 2461 ﬁne
980 2406 1162 2463 saeculi
1205 2423 1304 2483 per
1342 2405 1579 2463 ofﬁcium
1609 2404 2010 2475 praedicationis
2039 2406 2124 2460 in-
2227 2400 2466 2472 myrrhae
2494 2409 2548 2455 et
2596 2401 2794 2458 thuris.
2825 2401 2976 2457 Thus
3029 2402 3175 2457 enim
3228 2418 3296 2457 ex
3340 2401 3461 2473 lege
3499 2401 3722 2456 Domini
3776 2400 3835 2455 in

538 2498 817 2554 truducam
851 2497 1000 2553 illum
1034 2499 1090 2553 in
1140 2498 1359 2555 domum
1405 2505 1461 2555 et
1490 2496 1544 2551 in
1587 2495 1896 2551 cubiculum
1945 2492 2121 2566 Syna-
2227 2490 2495 2547 sacriﬁcio
2538 2491 2864 2549 incenditur.
2925 2492 3031 2549 Per
3076 2493 3354 2566 myrrham
3400 2508 3531 2549 vero
3585 2508 3833 2564 corpora

538 2601 707 2660 gogaa,
736 2602 857 2659 quas
901 2602 989 2643 me
1037 2587 1222 2661 genuit
1265 2588 1319 2642 in
1358 2586 1609 2652 Domino,
1656 2603 1676 2636 ‹
1712 2593 1767 2641 et
1815 2584 1909 2640 ﬁet
1954 2598 2124 2645 unum
2227 2592 2438 2638 mortua
2479 2585 2828 2652 condiuntur,
2860 2600 2930 2643 ne
2967 2602 2998 2642 a
3047 2588 3324 2643 vermibus
3375 2596 3831 2656 corrumpantur.

537 2680 681 2737 ovile
708 2689 764 2737 et
796 2696 937 2736 unus
965 2688 1152 2755 pastor
1178 2679 1357 2752 (Joan.
1392 2677 1471 2749 ι).
1507 2698 1525 2730 ι
1560 2676 1851 2748 Sequitur:
2228 2673 2460 2747 Myrrhae
2485 2690 2614 2747 ergo
2651 2684 2706 2731 et
2753 2677 2927 2732 thuris
2963 2676 3290 2733 sacriﬁcium
3338 2674 3603 2741 offerunt,
3643 2677 3739 2748 qui
3773 2684 3833 2732 et

616 2788 635 2825 ι
672 2770 874 2840 Adiuro
912 2786 1029 2837 vos,
1072 2769 1194 2825 ﬁliae
1219 2769 1579 2835 Hierusalem,
1611 2784 1708 2840 per
1749 2783 1976 2839 capreas
2005 2782 2125 2823 cer—
2230 2781 2449 2822 carnem
2478 2766 2735 2835 alliciunt,
2768 2784 2838 2824 ne
2880 2769 2962 2824 eis
2986 2769 3353 2841 corruptionis
3380 2766 3511 2823 vitia
3541 2768 3835 2824 dominen-

545 2880 564 2915 ι
596 2878 801 2935 vosque
857 2877 1205 2934 camporum,
1251 2877 1318 2917 ne
1369 2862 1677 2927 suscitetis,
1724 2876 1897 2931 neque
1948 2858 2121 2930 evigi-
2229 2868 2341 2924 tttr,
2369 2868 2424 2915 et
2450 2861 2782 2918 redolentem
2813 2862 2868 2918 in
2897 2872 3185 2934 conspectu
3236 2862 3446 2937 Domini
3486 2862 3697 2918 amoris
3740 2861 3831 2917 sui

543 2974 564 3010 ε
591 2956 705 3011 lare
754 2954 968 3010 faciatis
1020 2954 1273 3013 dilectam
1304 2996 1321 3022 ,
1355 2955 1527 3011 donec
1580 2955 1693 3025 ipsa
1734 2951 1881 3006 velit.
1912 2972 1931 3004 ι
1991 2948 2128 3007 Ubi-
2222 2948 2462 3006 hostiam
2490 2951 2809 3020 incendunt,
2843 2966 3009 3024 seque
3049 2954 3199 3025 ipsos
3234 2942 3346 3011 Deo
3388 2953 3443 3008 in
3475 2954 3686 3010 sanctis
3719 2952 3831 3007 vir-

538 3064 752 3119 cunque
800 3048 962 3119 igitur
1015 3048 1071 3104 in
1109 3049 1213 3104 hoc
1270 3048 1484 3109 cantico
1526 3045 1725 3101 similia
1757 3044 1923 3100 verba
1974 3058 2128 3115 repe-
2226 3043 2436 3099 tutibus
2483 3043 2762 3101 exhibent.
2813 3044 2967 3100 Unde
2995 3054 3050 3100 et
3081 3044 3190 3101 illic
3214 3043 3512 3117 subditur:
3555 3064 3572 3096 ‹
3606 3044 3681 3099 Et
3706 3043 3832 3098 uni-

538 3143 753 3197 riuutur
782 3141 1116 3203 credentium
1143 3140 1372 3199 diversis
1394 3136 1751 3213 temporibus,
1786 3137 2124 3193 diversorum
2227 3135 2373 3191 versi
2420 3134 2660 3207 pulveris
2722 3135 3089 3208 pigmentarii.
3146 3155 3167 3207 p
3234 3126 3415 3192 Pulvis
3475 3134 3831 3208 pigmentarii

538 3233 859 3325 pupillorum
924 3250 1172 3309 personae
1230 3234 1670 3290 introducuntur.
1728 3229 1831 3287 I-lic
1893 3240 2128 3300 namque
2152 3214 2201 3295 Ω
2230 3227 2407 3282 virtus
2432 3227 2588 3284 bona!
2615 3229 2969 3319 operationis.
3002 3228 3070 3283 Et
3096 3229 3390 3299 notandum
3421 3228 3567 3299 quod
3598 3228 3831 3284 virtutes

539 3319 713 3401 'plebis
742 3323 885 3381 illius
915 3340 1150 3397 persona
1180 3324 1395 3383 videtur
1422 3322 1628 3388 induci,
1659 3336 1779 3391 qua:
1814 3328 1939 3392 post
1963 3319 2125 3374 Chri—

542 3415 611 3471 sti
643 3414 1014 3473 ascensionem
1039 3414 1263 3486 fatigata
1303 3408 1592 3479 desiderio,
1636 3412 1928 3485 quaerendo
1966 3424 2129 3481 quem

520 3505 799 3579 ,diligebat
828 3507 1008 3563 anima
1031 3505 1168 3577 ejus,
1210 3505 1451 3562 Ecclesia
1481 3504 1732 3561 videlicet
1755 3520 1821 3560 ex
1853 3504 2125 3577 gentibus,

539 3617 678 3677 quae,
722 3600 998 3675 paululum
1038 3601 1246 3657 munita
1301 3598 1402 3655 sibi
1435 3596 1838 3673 tranquillitatis
1874 3611 2028 3669 pace,
2067 3595 2125 3652 in

541 3694 851 3753 securitatis
879 3709 1071 3751 somno
1102 3692 1444 3765 requiescere
1479 3690 1752 3763 cupiebat,
1793 3680 1849 3746 et
1886 3689 2007 3745 ideo
2032 3704 2123 3745 re-

538 3784 844 3857 petithunc
888 3798 1105 3839 versum
1158 3797 1408 3859 sponsus,
1458 3795 1526 3835 ne
1555 3781 1818 3836 minorem
1848 3795 1972 3836 eum
2024 3778 2128 3835 Ec-

541 3877 722 3933 clesiae
754 3893 818 3932 ex
846 3877 1097 3949 gentibus
1125 3887 1486 3949 congregatae,
1509 3892 1670 3949 quam
1698 3873 1900 3932 Judaais
1925 3874 2137 3931 habere

541 3967 958 4023 sollicitudinem
987 3977 1226 4038 putares,
1262 3968 1357 4023 sed
1404 3976 1461 4024 ut
1493 3968 1564 4025 sit
1593 3968 1659 4024 de
1691 3984 1797 4023 una
1840 3968 2128 4039 utriusque

542 4072 651 4111 uua
687 4071 905 4127 sponsa,
952 4066 1007 4112 et
1034 4057 1122 4115 illa
1158 4058 1532 4125 dilectissima,
1590 4073 1747 4131 quem
1798 4059 2127 4115 versiculum

2230 3321 2372 3375 bene
2396 3314 2737 3397 operantium
2776 3335 2885 3377 non
2913 3321 3212 3392 pigmenta,
3238 3322 3333 3376 sed
3356 3319 3611 3390 pulveres
3635 3319 3831 3374 dicun-

2232 3419 2341 3466 tur.
2395 3408 2530 3467 Cum
2579 3411 2725 3467 enim
2780 3410 3037 3485 quaelibet
3078 3412 3222 3468 bona
3271 3412 3502 3485 agimus,
3546 3406 3831 3483 pigmenta

2231 3498 2535 3556 offerimus.
2564 3500 2701 3557 Cum
2728 3516 2860 3559 vero
2893 3504 3038 3559 bona
3072 3502 3190 3575 ipsa
3230 3503 3394 3559 etiam
3439 3518 3563 3574 qua:
3612 3504 3832 3579 agimus

2231 3603 2612 3662 retractamns,
2636 3603 2693 3651 et
2718 3610 2788 3652 ne
2825 3596 2953 3667 quid
2987 3597 3042 3651 in
3087 3597 3172 3652 his
3213 3596 3494 3651 sinistrum
3525 3594 3831 3664 sitjndicio

2232 3685 2579 3742 retractiouis
2604 3686 2956 3754 attendimus,
2992 3688 3150 3757 quasi
3197 3702 3265 3743 ex
3306 3686 3598 3759 pigmentis
3642 3686 3833 3759 pulve-

2234 3790 2346 3830 rem
2397 3775 2651 3844 facimus,
2698 3786 2760 3833 ut
2806 3778 3110 3834 orationem
3166 3788 3407 3835 nostram
3448 3776 3685 3835 Domino
3730 3792 3833 3850 per

2230 3867 2614 3925 discretionem
2640 3878 2695 3926 et
2717 3886 2958 3927 amorem
2983 3871 3232 3929 subtilius
3256 3870 3631 3929 incendamus.

2307 3978 2329 4013 ‹
2372 3960 2451 4015 En
2474 3960 2729 4017 lectulum
2773 3961 3084 4020 Salomonis
3134 3964 3412 4037 sexaginta
3464 3964 3718 4019 ambiunt
3763 3978 3831 4033 es:

2237 4069 2257 4103 ‹
2301 4051 2613 4111 fortissimis
2662 4055 2845 4111 lsrael.
2901 4077 2920 4111 ι
2978 4056 3236 4112 Salomon
3287 4057 3381 4129 qui
3426 4056 3832 4127 interpretatur

541 4147 648 4219 iam
676 4147 924 4219 superius
970 4151 1336 4222 exposuimus.
1373 4151 1521 4213 Filia:
1558 4151 1899 4208 Hierusalem
1930 4154 2129 4207 animae
2226 4146 2503 4217 Ρασῧβοιιεν
2528 4147 2817 4205 Dominum
2856 4148 3040 4207 JeSllm
3080 4149 3354 4207 ChriSlllm
3388 4150 3659 4221 designat
3691 4148 3831 4205 πιθε-

542 4246 667 4292 sunt
695 4238 1009 4309 electorum,
1050 4258 1172 4327 quae
1216 4257 1464 4317 supernae
1490 4244 1633 4301 illius
1669 4242 2007 4300 Hierusalem
2045 4244 2130 4298 vi-

541 4328 745 4385 sionem
773 4330 981 4388 scilicet
1007 4335 1158 4407 pacis
1204 4335 1574 4409 speculantur.
1603 4335 1827 4408 Caprea:
1856 4336 1938 4391 vel
1977 4336 2126 4392 cervi

541 4419 732 4478 Patres
765 4420 901 4483 Νονί
955 4439 1020 4479 ac
1070 4422 1277 4482 Veteris
1337 4426 1672 4483 Testamenti
1732 4426 2124 4499 intelliguntur,

539 4527 769 4583 quorum
809 4513 864 4571 in
896 4513 1182 4573 altitudine
1219 4516 1692 4591 contemplationis
1730 4530 1930 4587 pascua
1977 4524 2124 4573 sunt.

618 4624 635 4657 ι
687 4603 820 4677 Quae
865 4615 951 4663 est
983 4606 1088 4663 ista
1134 4624 1254 4680 qua:
1300 4608 1546 4667 ascendit
1595 4623 1692 4681 per
1738 4608 2066 4665 desertum?
2099 4628 2118 4663 ι

540 4698 694 4756 Hanc
736 4700 932 4775 opinor
982 4712 1198 4773 gentem
1249 4718 1348 4779 per
1395 4702 1671 4759 desertum
1723 4703 2123 4768 ascendentem,

540 4809 704 4864 quam
727 4792 919 4853 doctor
950 4794 1187 4868 gentium
1227 4794 1430 4850 Paulus
1474 4792 1541 4849 ab
1572 4792 1908 4850 Hierusalem
1953 4807 2126 4863 usque

542 4886 608 4939 ad
638 4884 909 4957 lllyricum
962 4894 1342 4959 congregatum
1368 4926 1384 4952 ,
1427 4893 1483 4942 et
1526 4886 1820 4957 unguentis
1864 4884 2127 4940 doctrinas

541 4980 859 5055 delibutam,
886 4982 1376 5057 mysteriorumque
1413 4992 1877 5041 sacramentorum
1914 4997 2128 5038 aroma-

541 5071 688 5129 tibus
731 5087 1028 5146 aspersam,
1077 5089 1246 5145 usque
1299 5074 1365 5129 ad
1418 5075 1629 5147 paciﬁci
1680 5075 1824 5149 regis
1868 5075 2126 5129 lectulum

544 5165 815 5239 perducit,
837 5166 903 5223 de
925 5181 1033 5237 quo
1064 5165 1117 5221 in
1144 5167 1496 5238 sequentibus
1532 5166 1748 5239 legitur.
1783 5166 1937 5223 Unde
1964 5167 2130 5221 mira-

545 5264 634 5313 tur
661 5256 944 5331 Synagoga
975 5257 1245 5328 quomodo
1274 5250 1513 5335 gentium
1564 5258 1796 5333 populus
1838 5257 1983 5312 nullo
2022 5259 2129 5314 cir-

543 5348 891 5406 cumcisionis
916 5350 1176 5423 mysterio
1203 5352 1544 5419 emundatus,
1576 5351 1717 5407 nulla
1740 5353 2127 5427 prophetarum

542 5438 915 5496 admonitione
944 5441 1207 5511 eruditus,
1234 5442 1416 5497 subito
1442 5442 1510 5496 ab
1533 5442 1734 5499 inﬁmis
1762 5442 2129 5512 voluptatibus

542 5545 642 5601 per
672 5531 945 5586 desertum
973 5533 1294 5604 gentilitatis
1324 5542 1379 5588 et
1414 5533 1733 5589 idololatria:
1772 5534 1840 5589 ad
1880 5533 1988 5588 alta
2020 5535 2130 5589 vir-

2220 4239 2374 4297 ’lulus
2429 4240 2736 4298 Salomonis
2779 4242 2963 4315 quieta
3024 4252 3108 4299 est
3164 4259 3319 4299 mens
3375 4252 3719 4307 sanctorum,
3775 4242 3830 4298 in

2230 4332 2429 4403 quibus
2462 4334 2577 4404 ipse
2625 4335 2775 4391 velut
2814 4335 2870 4391 in
2913 4335 3113 4391 lectulo
3158 4336 3470 4406 requiescit.
3526 4334 3828 4407 Sexaginta

2230 4421 2399 4481 fortes
2436 4426 2823 4498 prmdicatores
2857 4437 2985 4484 sunt
3039 4428 3233 4493 sancti,
3265 4436 3319 4482 et
3349 4426 3637 4483 fortissimi
3661 4426 3831 4485 bella-

2234 4524 2399 4583 tores,
2451 4518 2543 4588 qui
2592 4520 2794 4575 mundo
2843 4519 3008 4576 corde
3040 4520 3187 4597 digni
3236 4527 3361 4575 sunt
3392 4519 3564 4575 Deum
3604 4519 3815 4575 videre.

2234 4607 2495 4666 Senarius
2549 4611 2694 4691 enim
2740 4626 2999 4667 numerus
3045 4620 3268 4686 propter
3308 4625 3405 4667 sex
3453 4610 3595 4669 dies.
3622 4609 3824 4682 quibus

2234 4699 2380 4757 Deus
2421 4701 2679 4757 mundum
2710 4700 2841 4758 fecit
2866 4712 2921 4759 et
2966 4718 3062 4760 sex
3098 4703 3287 4761 mundi
3329 4710 3517 4760 tetates
3550 4703 3831 4779 perfectus

2234 4801 2338 4847 est.
2366 4790 2632 4849 Denarius
2659 4807 2789 4851 vero
2819 4810 3079 4864 numerus
3107 4795 3174 4851 ad
3199 4793 3513 4868 decalogum
3544 4794 3684 4867 legis
3710 4808 3829 4865 per-

2238 4886 2391 4942 tinet.
2440 4886 2542 4954 Qui
2575 4902 2672 4961 per
2697 4889 2972 4945 senarium
3016 4888 3408 4961 multiplicatus
3448 4886 3643 4955 fuerit,
3673 4902 3830 4942 sexa-

2237 4980 2383 5054 ginta
2422 4982 2713 5055 complent.
2751 4981 2944 5039 Sexies
2971 4982 3114 5048 deni,
3141 4984 3426 5055 sexaginta
3456 4988 3605 5037 sunt.

2316 5089 2334 5122 ι
2370 5069 2572 5127 Omnes
2604 5080 2853 5129 tenentes
2879 5072 3108 5149 gladios,
3139 5058 3194 5129 et
3225 5073 3293 5147 ad
3326 5072 3468 5128 bella
3496 5062 3817 5135 doctissimi,

2240 5178 2260 5214 ς
2305 5161 2729 5234 uniuscujusque
2772 5164 2919 5221 ensis
2959 5178 3122 5234 super
3163 5150 3347 5220 femur
3391 5178 3549 5219 suum
3598 5171 3821 5234 prapter

2239 5274 2257 5323 ς
2304 5255 2528 5319 timores
2574 5266 2888 5312 nocturnos.
2928 5275 2947 5310 ι
2983 5254 3195 5313 Tenent
3240 5258 3386 5312 enim
3427 5255 3670 5328 gladium
3715 5255 3820 5329 spi-

2232 5347 2389 5412 ritus,
2421 5347 2564 5418 quod
2600 5356 2685 5403 est
2722 5352 2944 5403 verbum
2992 5346 3109 5413 Dei,
3159 5348 3252 5418 qui
3297 5346 3441 5419 quod
3482 5361 3579 5402 ore
3625 5348 3820 5403 docent

2233 5439 2487 5509 operibus
2526 5438 2817 5508 complent.
2864 5439 3023 5493 Ensis
3063 5446 3242 5492 autem
3285 5428 3370 5493 est
3413 5436 3664 5493 custodia
3688 5437 3819 5508 vigi-

2233 5529 2371 5596 lans,
2408 5532 2588 5586 cordis
2634 5524 3107 5602 concupiscentias
3151 5545 3429 5602 premens,
3482 5545 3553 5585 ne
3601 5530 3821 5585 verbum

546 5628 720 5679 tutum
749 5620 981 5679 culmina
1019 5634 1074 5680 et
1103 5626 1284 5699 sponsi
1310 5624 1589 5697 amplexus
1616 5627 1965 5683 ascendisset.
1992 5625 2133 5681 Vere
2228 5622 2637 5695 prmdicationis
2680 5623 3019 5679 immunditia
3068 5622 3193 5677 vitae
3232 5621 3488 5677 maculet.
3534 5620 3821 5677 Nocturna:

516 5704 793 5775 ’,ἀδεεῖ-ωε
841 5713 991 5793 locus
1031 5724 1167 5780 erat,
1200 5717 1290 5773 ubi
1321 5732 1518 5775 nomen
1551 5717 1753 5777 Christi
1798 5734 1905 5774 non
1954 5716 2132 5775 fuerat

545 5806 901 5879 geminatum,
962 5826 981 5879 ς
1029 5805 1184 5891 §icut
1223 5804 1431 5881 virgula
1465 5806 1620 5879 fumi,
1686 5824 1751 5869 ex
1798 5811 2132 5871 aromatibus

2233 5730 2363 5772 vero
2388 5716 2611 5773 timores
2638 5726 2765 5772 sunt
2794 5717 3001 5773 insidiae
3035 5715 3232 5771 diaboli
3263 5723 3317 5769 et
3362 5714 3694 5771 tentationes
3733 5726 3822 5768 oc-

2234 5808 2409 5867 cultat.
2436 5806 2624 5899 Neque
2648 5808 2793 5866 enim
2824 5808 3149 5865 credendum
3176 5817 3260 5864 est
3288 5802 3635 5863 Salomonem
3662 5812 3821 5864 tanta
