4078 6340
265 323 372 400 eos

1389 332 1644 390 manu.
1685 337 1752 388 IN
1791 333 2085 406 cannea
2126 333 2398 390 eamne.

3429 337 3535 406 606

267 439 656 510 magnitudinis
683 456 884 514 regem,
909 444 1104 514 quisic
1135 446 1416 502 immensis
1438 447 1641 503 divitiis
1669 449 1850 504 aﬁlue-
1880 451 1931 528 Α
1959 461 2165 508 mentes
2199 452 2487 523 signiﬁcat,
2516 453 2712 523 quibus
2737 454 2880 510 inter
2911 463 3127 512 sanctos
3147 456 3536 526 praedicatores

267 529 380 594 bat,
409 539 469 584 ut
490 531 700 601 pondus
725 533 841 586 auri
874 531 989 600 ejus
1014 536 1272 590 testimari
1311 552 1416 590 non
1440 547 1642 606 posset,
1674 547 1728 593 et
1761 555 1851 592 ar-

265 627 491 690 gentum
528 617 581 673 in
623 620 812 676 diebus
844 621 985 677 illius
1023 625 1257 695 pretium
1303 639 1407 680 non
1437 626 1680 692 haberet,
1713 627 1855 696 quod

265 708 336 764 de
360 705 740 780 lignis‘Lihani
772 711 1032 768 ferculum
1065 717 1169 770 sibi
1201 715 1414 784 fecerit,
1445 725 1503 772 ut
1527 719 1807 788 sequitur:

267 789 286 876 ’ἢ
348 817 369 850 ι
398 799 682 855 Ferculum
718 803 820 858 sibi
866 803 997 862 fecit
1043 823 1138 862 rex
1184 807 1436 866 Salomon
1486 811 1552 866 de
1587 811 1746 878 lignis
1770 809 1858 866 Li-

275 896 297 941 ἆ
345 891 495 946 bani.
535 911 552 942 ι
587 891 872 949 Ferculum
903 895 1210 954 Salomonis
1239 909 1322 954 est
1364 913 1550 956 sancta
1597 902 1852 966 Ecclesia,

267 990 393 1052 Quae
416 985 699 1041 credentes
725 988 793 1042 ad
823 998 1040 1043 artemze
1065 991 1418 1048 beatitudinis
1461 993 1648 1064 epulas
1691 994 1856 1060 levat,

269 1091 396 1144 quze
430 1077 496 1130 de
541 1075 772 1134 fortibus
815 1080 999 1135 animo
1036 1082 1189 1152 quasi
1234 1082 1395 1154 lignis
1439 1083 1860 1154 imputrihilihus

269 1161 588 1224 constructa
629 1180 733 1226 est.
1073 1233 1075 1236 ,

351 1279 372 1310 ε
416 1259 708 1317 Columnas
738 1261 854 1331 ejus
887 1263 1015 1319 fecit
1056 1259 1358 1338 argenteas.
1407 1288 1426 1319 ι
1469 1269 1742 1326 Columna:
1775 1287 1862 1326 ar-

273 1357 484 1421 gentea:
513 1362 639 1410 sunt
663 1353 908 1409 doctores
929 1357 1126 1428 eloquii
1152 1351 1270 1415 luce
1297 1361 1562 1431 fulgentes
1592 1381 1605 1418 :
1639 1383 1656 1415 ‹
1688 1364 1863 1420 Recli—

279 1460 300 1492 ε
325 1443 593 1498 natorium
625 1461 913 1502 aureum...
936 1448 1360 1509 Reclinatorium
1395 1473 1617 1512 aureum
1635 1467 1718 1513 est
1739 1473 1864 1528 spes

272 1545 553 1606 perpetuae
579 1541 778 1610 quietis
815 1542 1060 1599 fidelibus
1092 1548 1378 1615 promissa,
1412 1551 1527 1625 sive
1557 1551 1732 1624 fulgor
1751 1551 1865 1607 cla-

275 1627 454 1683 ritatis
486 1630 706 1693 intimae,
733 1632 786 1686 in
821 1650 926 1704 qua
967 1636 1262 1692 electorum
1295 1627 1491 1696 animae
1535 1642 1868 1698 reclinentur

274 1718 329 1772 in
361 1721 622 1788 requiem.
648 1723 742 1778 Est
765 1735 946 1780 autem
985 1728 1250 1784 columnis
1278 1733 1549 1803 argenteis
1575 1734 1866 1790 reclinato-

1957 551 2011 603 et
2056 552 2347 614 martyres,
2397 561 2493 614 per
2535 554 2802 615 prmeepta
2850 545 3133 606 charitatis
3187 546 3242 600 in
3294 547 3537 604 caelestia

1959 635 2134 690 locum
2153 638 2473 718 constituit,
2505 639 2629 708 quia
2659 645 2715 693 et
2745 639 2834 708 qui
2865 639 2916 693 in
2934 639 3224 720 virtutibus
3260 640 3539 698 inﬁrman.

1958 739 2066 798 tur,
2107 735 2156 788 si
2201 734 2316 805 ipsa
2352 737 2491 790 bona
2517 751 2637 805 qua:
2665 747 2890 805 possunt
2923 736 3102 794 facere
3125 755 3246 799 cum
3270 739 3541 800 charitate

1959 838 2065 876 non
2114 825 2404 896 negligunt,
2441 842 2471 880 a
2509 828 2600 882 Dei
2627 829 2980 886 mdiﬁcatione
3030 829 3190 886 alieni
3230 846 3338 886 non
3389 840 3536 886 sunt.

1960 913 2148 970 Omnis
2175 918 2316 972 enim
2345 919 2434 988 qui
2481 921 2804 974 charitatem
2849 921 3010 976 habet
3051 921 3146 976 Dei
3187 931 3242 978 et
3282 923 3538 992 proximi,

1959 1012 2029 1066 ad
2056 1012 2197 1066 hanc
2243 1013 2484 1080 requiem
2533 1023 2586 1068 et
2611 1014 2678 1068 ad
2707 1015 2806 1072 has
2836 1015 3023 1084 epulas
3051 1014 3204 1072 laetus
3246 1017 3492 1085 pervenit
3523 1033 3538 1072 :

1961 1103 2076 1160 luce
2129 1104 2308 1158 omnia
2357 1115 2678 1182 ornamenta
2714 1106 2968 1162 Ecclesia:
3007 1107 3258 1175 praestitit
3297 1104 3544 1168 Christus

1962 1197 2032 1252 ob
2062 1198 2279 1250 nimiam
2333 1198 2652 1256 charitatem
2699 1214 2804 1268 qua
2833 1199 3022 1255 dilexit
3067 1215 3184 1264 nos,
3225 1207 3281 1254 et
3325 1199 3546 1256 tradidit

1963 1289 2311 1356 semetipsum
2343 1305 2440 1358 pro
2467 1290 2642 1344 nobis.
3490 1345 3494 1348 .

2043 1399 2060 1430 ‹
2094 1379 2424 1450 Egredimini
2459 1390 2513 1435 et
2541 1383 2739 1447 videte,
2784 1383 2903 1438 tiliae
2950 1383 3312 1449 Hierusalem,
3362 1398 3545 1454 regem

1972 1489 1990 1522 ι
2039 1469 2404 1526 Salomonem.
2449 1491 2466 1524 ι
2511 1474 2593 1534 Ad
2640 1475 2780 1527 hanc
2825 1475 3008 1544 itaque
3063 1476 3325 1540 laetitiam,
3377 1484 3431 1528 et
3479 1475 3547 1529 ad

1967 1560 2126 1630 hujus
2151 1563 2396 1632 mysterii
2444 1565 2853 1633 contemplanda
2903 1577 3134 1630 secreta,
3159 1582 3263 1622 non
3297 1565 3546 1632 inﬁrmas.

1969 1653 2062 1707 sed
2087 1652 2338 1720 perfectae
2363 1655 2557 1709 animae
2581 1666 2968 1721 eonvocantur,
2999 1673 3117 1725 quae
3146 1657 3199 1712 iu
3237 1675 3364 1728 rege
3396 1657 3549 1712 Salov

1970 1759 2132 1800 mone
2167 1745 2467 1800 dominium
2515 1747 2843 1816 intelligunt.
2873 1750 3066 1817 quibus
3105 1751 3304 1804 dicitur
3335 1766 3348 1803 :
3382 1750 3548 1820 Egre-

274 1810 418 1865 rium
447 1828 694 1882 aureum»
717 1817 839 1886 (Illi-1
871 1835 966 1887 Per
987 1821 1089 1876 hoc
1119 1822 1261 1892 quod
1303 1841 1332 1876 3
1361 1827 1565 1882 SanCtiS
1607 1830 1864 1898 pl‘mdica-
1891 1810 1940 1892 Β
1970 1838 2160 1896 dimini
2197 1848 2377 1896 mente
2397 1849 2452 1895 et
2490 1850 2611 1896 actu
2635 1843 2700 1895 de
2731 1842 3038 1898 turbulenta
3083 1844 3268 1898 mundi
3323 1857 3550 1898 conver-

271 1903 486 1959 toribus
515 1905 697 1962 lucere
726 1909 944 1978 dicitur,
978 1923 1188 1971 mentes
1227 1917 1558 1987 audientium
1601 1919 1864 1992 fulgorem

273 1997 543 2054 claritatis
600 2002 652 2056 in
701 2019 804 2072 qua
858 2007 1188 2064 reclinentur
1243 2011 1540 2068 inveniunt.
1596 2013 1700 2080 Per
1761 2015 1866 2072 hoc

273 2092 422 2144 enim
449 2093 592 2162 quod
619 2094 924 2154 luculenter
948 2112 1002 2156 et
1029 2110 1216 2172 aperte
1245 2105 1491 2170 audiunt,
1518 2107 1571 2172 in
1599 2107 1689 2162 illo
1721 2108 1865 2177 quod

274 2181 531 2240 clarescit
569 2187 621 2240 in
660 2190 824 2246 corde
873 2193 1238 2268 requiescunt.
1284 2195 1557 2266 Columna:
1603 2214 1733 2269 ergo
1773 2215 1866 2254 are

270 2285 487 2350 gentem
540 2285 594 2334 et
633 2280 1042 2338 reclinatorium
1085 2301 1308 2358 aureum
1350 2287 1686 2357 factumest,
1737 2292 1865 2360 quia

271 2380 375 2444 per
405 2366 577 2424 lucem
601 2374 871 2428 sermonis
904 2375 1174 2432 invenitur
1195 2381 1337 2450 apud
1367 2381 1607 2446 animum
1647 2383 1868 2440 claritas

275 2460 496 2530 quietis.
522 2461 614 2518 Ille
633 2463 747 2535 jam
779 2467 974 2538 quippe
1003 2467 1166 2540 fulget
1206 2471 1298 2541 qui
1346 2472 1574 2538 interius
1629 2483 1866 2542 ruentem

277 2553 526 2620 irradiat,
557 2565 614 2610 ut
639 2572 737 2627 per
768 2559 1119 2616 intentionem
1153 2563 1226 2617 ibi
1255 2565 1577 2634 requiescat,
1611 2568 1698 2622 ubi
1724 2583 1865 2637 przee

277 2643 568 2701 dicationis
595 2649 766 2720 gratia
789 2665 894 2706 non
927 2662 1220 2722 quaeratur.
1249 2653 1352 2710 Sed
1384 2657 1560 2712 adhuc
1595 2658 1735 2726 quod
1760 2643 1869 2718 clar

278 2748 402 2788 rum
426 2737 732 2793 ostenditur
763 2739 934 2805 intus,
981 2743 1158 2812 qualis
1207 2744 1276 2799 sit
1322 2760 1577 2810 ascensus
1603 2745 1866 2818 adjungit,

276 2840 403 2880 cum
433 2827 499 2882 de
525 2830 713 2884 eodem
755 2830 962 2888 ferculo
998 2835 1244 2904 protinus
1272 2837 1453 2892 subdit
1480 2854 1492 2890 :
1523 2857 1542 2890 ‹
1571 2837 1867 2902 Ascensum

281 2933 299 2966 ε
333 2931 684 2988 purpureum.
723 2939 742 2971 ι
776 2921 916 2990 Quid
970 2933 1054 2980 est
1100 2941 1362 2984 ascensus
1407 2944 1734 2998 purpureus,
1766 2930 1870 2994 nisi

1969 1931 2198 1996 satione,
2248 1940 2304 1986 ut
2342 1947 2522 2002 regem
2565 1932 2788 1988 valeatis
2825 1932 3022 1988 videre.
3073 1952 3092 1984 α
3125 1933 3183 1990 In
3225 1934 3549 1997 diademate.

1977 2041 1996 2074 ι
2035 2038 2142 2092 quo
2164 2025 2587 2079 coronaviteum
2617 2035 2793 2080 mater
2817 2041 2932 2080 sua.
2970 2043 2987 2078 ›
3032 2024 3224 2083 Videte
3265 2023 3552 2082 Dominum

1971 2113 2247 2170 Christum
2297 2115 2352 2170 in
2400 2115 2757 2180 humanitate,
2805 2131 2966 2185 quam
3009 2116 3076 2169 de
3123 2115 3332 2184 virgine
3381 2125 3554 2170 matre

1969 2212 2277 2273 Susceptam
2303 2205 2356 2260 in
2389 2206 2686 2276 tnajestatis
2713 2214 2950 2276 paternae
2986 2206 3207 2262 dextera
3245 2203 3551 2260 collocavit.

1977 2318 1995 2352 α
2022 2298 2079 2351 1η
2107 2297 2193 2353 die
2217 2298 2650 2368 desponsationis
2673 2298 2833 2354 illius.
2870 2318 2889 2350 ι
2923 2298 2982 2353 id
3009 2309 3094 2352 est
3123 2297 3176 2354 in
3207 2306 3446 2366 tempore
3475 2297 3554 2356 iu-

1969 2393 2302 2450 carnationis
2331 2391 2491 2456 illius,
2518 2408 2625 2462 quo
2650 2392 2716 2448 ad
2739 2392 3098 2461 copulandam
3127 2391 3228 2446 sibi
3255 2388 3554 2446 Ecclesiam

1971 2500 2224 2556 sponsam
2269 2501 2335 2540 ex
2387 2485 2634 2555 virginali
2685 2494 2840 2540 utero
2885 2488 3169 2555 processit.
3212 2504 3231 2536 ς
3282 2482 3350 2537 Et
3381 2483 3433 2536 in
3463 2482 3552 2536 die

1964 2597 1995 2632 ι(
2022 2577 2220 2633 latitia:
2244 2578 2424 2633 cordis
2446 2576 2582 2646 ejus.
2600 2598 2618 2631 ι
2639 2576 2693 2632 ld
2707 2585 2792 2632 est
2815 2577 3201 2646 redemptionis
3223 2573 3441 2631 humani
3465 2588 3556 2644 ge-

1972 2673 2139 2737 neris,
2173 2688 2292 2740 quze
2321 2671 2422 2725 fuit
2451 2671 2566 2726 dies
2595 2670 2795 2724 laetitiae
2819 2670 3058 2724 Christo.
3091 2669 3264 2722 Aliter
3295 2685 3308 2722 :
3347 2667 3552 2720 Admo-

1965 2775 2068 2820 .net
2094 2773 2152 2819 ut
2203 2780 2417 2834 semper
2447 2775 2572 2818 ante
2617 2764 2803 2821 oeulos
2849 2764 3030 2818 cordis
3072 2763 3303 2817 habeant
3357 2769 3557 2814 sancta:

1963 2857 2170 2911 animm
2199 2871 2380 2924 regem
2413 2855 2790 2920 Salomonem,
2838 2856 2941 2910 hoc
2978 2863 3061 2909 est
3109 2853 3392 2925 paciﬁcum
3432 2866 3558 2905 nos-

1973 2958 2141 3018 trum,
2173 2949 2262 3018 qui
2295 2958 2377 3003 est
2403 2948 2673 3002 Christus.
2699 2947 2757 3001 in
2800 2947 3126 3010 diademate,
3170 2945 3224 3000 id
3260 2953 3342 2999 est
3379 2943 3433 2996 in
3463 2941 3555 2996 illa

277 3017 580 3109 martyrum
628 3012 867 3082 sanguis,
913 3022 966 3068 et
1007 3017 1188 3086 passio
1238 3018 1616 3091 Redemptoris
1663 3022 1870 3088 nostri?
1966 3012 2158 3109 spinea
2186 3012 2407 3102 corona,
2439 3054 2545 3109 qua
2575 3038 2858 3093 coronavit
2892 3052 3016 3091 eum
3036 3043 3210 3090 mater
3235 3046 3352 3099 sua,
3384 3030 3558 3102 Syna-

275 3095 416 3164 Quia
449 3115 556 3154 non
587 3103 898 3160 ascenditur
926 3107 990 3164 ad
1018 3109 1206 3179 epulas
1232 3111 1377 3180 vitae,
1410 3112 1514 3168 nisi
1545 3128 1641 3182 per
1670 3124 1873 3185 myste—
1974 3095 2114 3203 8‘03“
2145 3131 2352 3187 scilicet
2384 3095 2714 3195 ,ιιιξιωοι-υιη,
2757 3145 2822 3184 εχ
2859 3144 2965 3198 qua
3014 3125 3305 3182 secundum
3338 3137 3556 3178 carnem

275 3189 715 3297 riumopassip‘nis
736 3193 959 3250 Christi.
994 3197 1061 3252 Et
1091 3201 1228 3254 bene
1270 3216 1529 3258 ascensus
1566 3218 1870 3274 purpureus
1895 3205 1941 3275 'C
1969 3189 2188 3297 ξεξςίιηε
2209 3234 2293 3279 εει
2317 3225 2372 3280 in
2408 3225 2494 3278 die
2528 3223 2965 3294 desponsaﬁonis
2998 3219 3134 3288 eius,
3169 3232 3276 3290 quo
3325 3217 3426 3273 sibi
3465 3216 3558 3270 αθ,

275 3281 548 3338 subditur.
592 3283 733 3340 Vera
777 3288 974 3359 quippe
1005 3306 1264 3362 purpura,
1313 3297 1442 3364 quia
1489 3296 1557 3352 de
1603 3299 1864 3368 sanguine

273 3373 524 3444 tingitur,
549 3391 655 3431 non
680 3379 952 3438 immerito
994 3382 1050 3436 in
1093 3385 1274 3440 colore
1311 3388 1592 3458 sanguinis
1629 3390 1862 3446 videtur.

275 3461 345 3518 Et
385 3467 510 3536 quia
541 3471 776 3524 maxima
816 3472 1104 3530 multitudo
1131 3475 1368 3534 ﬁdelium
1410 3481 1463 3536 in
1503 3482 1728 3538 exordio
1773 3467 1868 3538 na-

273 3560 480 3615 scentis
505 3560 759 3620 Ecclesiae
783 3582 879 3638 per
899 3570 1151 3642 martyrii
1177 3573 1496 3644 sanguinem
1522 3577 1773 3644 pervenit
1801 3575 1870 3636 ad

276 3665 526 3720 regnum.
576 3652 693 3710 Rex
745 3667 932 3716 noster
972 3676 1256 3719 ascensum
1299 3681 1630 3738 purpureum
1655 3669 1787 3725 fecit
1815 3670 1870 3726 in

277 3739 510 3812 ferculo,
539 3746 666 3816 quia
689 3749 758 3805 ad
793 3751 1000 3808 clarum
1030 3755 1174 3826 quod
1199 3757 1344 3814 intus
1373 3749 1635 3829 aSpieitur
1659 3775 1756 3830 per
1778 3761 1869 3816 tri-

273 3831 606 3896 bulationem
631 3844 913 3916 sanguinis
949 3851 1281 3924 pervenitur.
1315 3852 1454 3922 Quid
1483 3870 1614 3926 ergo
1643 3873 1744 3912 nos
1774 3858 1870 3912 mi—

273 3929 385 3984 seri
418 3941 580 4004 atque
611 3935 680 4002 ab
717 3939 864 3994 omni
903 3939 1218 3999 fortitudine
1243 3945 1512 4013 destituti,
1541 3950 1670 4019 quid
1696 3951 1868 4008 acturi

271 4024 499 4080 sumus?
529 4026 671 4095 Ecce
699 4029 752 4084 in
781 4031 884 4087 hoc
909 4031 1118 4090 ferculo
1141 4035 1407 4093 columna:
1451 4055 1571 4096 esse
1609 4057 1716 4097 non
1749 4059 1870 4112 pos-

271 4130 484 4184 sumus,
516 4120 642 4188 quia
672 4121 724 4176 in
755 4122 912 4178 nobis
960 4141 1061 4182 nec
1101 4125 1364 4185 fortitudo
1405 4133 1604 4201 operis,
1646 4149 1746 4189 nec
1781 4135 1865 4190 lu-

271 4221 400 4260 men
431 4209 631 4263 emicat
653 4213 1073 4281 praedicationis.
1104 4217 1529 4276 Reclinatorium
1559 4239 1668 4278 non
1697 4224 1866 4280 babe-

271 4315 417 4364 mus,
470 4301 597 4372 quia
649 4304 881 4368 necdum
934 4307 1076 4366 sicut
1127 4321 1340 4382 oportet
1388 4327 1485 4383 per
1536 4315 1866 4375 intellectum

271 4391 611 4463 spiritualem
660 4397 902 4476 requiem
950 4410 1164 4460 aeternae
1212 4405 1499 4462 charitatis
1550 4408 1864 4478 aspicimus.

1969 3318 2251 3387 spensavit
2288 3317 2608 3372 Ecclesiam.
2637 3317 2768 3384 Quae
2798 3316 2970 3386 major
2998 3311 3182 3378 laetitia
3221 3325 3343 3366 esse
3384 3309 3559 3379 potuit

1971 3409 2207 3477 Christo,
2253 3425 2416 3480 quam
2450 3425 2572 3464 cum
2614 3424 2712 3479 per
2755 3409 2870 3480 ejus
2902 3407 3212 3478 passionem
3261 3400 3560 3473 redemptio

1971 3500 2111 3558 facta
2141 3509 2230 3558 est
2252 3501 2476 3556 humani
2505 3500 2754 3572 generis?

2587 3656 2816 3714 CAPUT
2851 3653 2933 3712 1V.

2050 3792 2070 3825 ι
2092 3774 2262 3842 Quam
2287 3772 2511 3842 pulchra
2538 3787 2618 3838 es,
2645 3772 2818 3826 amica
2841 3784 2980 3834 mea,
2997 3783 3158 3838 quam
3175 3766 3396 3837 pulchra
3414 3767 3502 3822 es!
3530 3781 3549 3820 ο

1970 3865 2180 3923 Abrasa
2222 3864 2431 3919 scilicet
2471 3863 2618 3918 omni
2653 3863 2906 3918 vitiorum
2930 3859 3322 3917 consuetudine
3351 3857 3552 3921 carnis.

1971 3968 2069 4013 eta
2085 3957 2376 4012 multorum
2396 3956 2623 4014 deorum
2654 3955 2889 4024 turpium
2905 3953 3075 4018 cultu,
3091 3953 3159 4007 ad
3184 3967 3348 4006 unum
3367 3963 3554 4004 verum

1971 4048 2144 4103 Deum
2172 4063 2452 4102 conversae
2474 4046 2730 4102 Ecclesia:
2759 4049 3030 4117 geminam
3061 4043 3177 4114 ejus
3200 4041 3557 4113 pulchritudi-

1970 4154 2092 4193 nem
2118 4137 2314 4192 laudat.
2345 4137 2634 4192 Pulchram
2660 4136 2798 4191 dixit
2823 4135 3141 4198 Ecclesiam,
3176 4142 3232 4188 et
3275 4131 3558 4203 pulchram

1972 4230 2188 4301 repetit,
2236 4231 2363 4300 quia
2398 4231 2539 4284 hanc
2573 4238 2628 4284 et
2670 4227 3055 4300 praedicatione
3092 4235 3149 4281 et
3175 4225 3390 4281 actione
3424 4224 3562 4280 vidit

1969 4335 2090 4378 esse
2140 4320 2486 4388 laudabilem.
2531 4340 2551 4374 ι
2599 4319 2753 4376 Oculi
2799 4321 2872 4375 tui
2926 4318 3318 4374 columbarum.
3355 4337 3373 4370 ι
3421 4314 3558 4372 Sene-

1971 4430 2064 4470 sus
2111 4415 2208 4479 tui,
2254 4413 2452 4483 inquit,
2504 4413 2868 4484 spiritualium
2917 4422 3044 4468 sunt
3084 4427 3264 4466 rerum
3315 4418 3561 4467 contem-

269 4485 550 4542 Ascensus
571 4503 876 4560 purpureus
893 4508 996 4548 non
1019 4510 1225 4560 sumus,
1251 4498 1376 4566 quia
1393 4515 1490 4568 pro
1504 4499 1866 4571 Redemptore
1895 4567 1936 4576 _
1971 4505 2212 4576 platione
2233 4505 2563 4561 excellentes
2588 4519 2654 4559 ac
2694 4502 3003 4560 verectmdi.
3039 4503 3146 4558 Seu
3180 4502 3347 4567 oeuli,
3384 4499 3558 4564 sancti

271 4588 462 4634 nostro
493 4579 717 4642 fundere
745 4586 1062 4654 sanguinem
1102 4603 1210 4644 non
1250 4567 1513 4652 valemus.
1553 4592 1694 4661 Quid
1712 4567 1868 4666 ergo
1894 4567 1946 4629 Β
1975 4567 2226 4660 doctores
2273 4599 2438 4655 decus
2487 4599 2669 4670 populi
2720 4597 3112 4669 intelliguntur.
3169 4615 3188 4648 ‹
3226 4597 3446 4666 Absque
3493 4607 3559 4651 eo

271 4673 338 4729 de
364 4675 524 4730 nobis
570 4679 840 4750 agendum
881 4681 1000 4742 est?
1049 4697 1169 4752 qua:
1193 4699 1319 4754 spes
1346 4687 1470 4752 erit,
1502 4687 1546 4743 si
1575 4687 1754 4744 nullus
1797 4691 1864 4746 ad

275 4778 501 4836 regnum
529 4769 799 4836 pervenit,
835 4771 939 4832 nisi
969 4773 1063 4843 qui
1085 4777 1316 4832 summis
1355 4779 1612 4848 premitus
1652 4781 1866 4838 virtuti.-

272 4853 376 4910 bus
406 4855 608 4913 fuerit?
659 4858 764 4918 Sed
807 4862 962 4922 adest
1009 4881 1222 4938 quoque
1265 4877 1448 4926 nostra
1501 4870 1803 4932 consolatio
1847 4888 1862 4926 :

273 4949 536 5005 Amemus
578 4952 904 5024 inquantum
932 4971 1222 5028 possumus
1261 4961 1452 5028 Deum,
1493 4963 1780 5035 diligamus
1810 4975 1865 5022 et

273 5041 608 5111 proximum,
633 5053 690 5100 et
729 5047 893 5104 simul
913 5065 1130 5122 quoque
1157 5052 1225 5106 ad
1256 5052 1345 5108 Dei
1386 5053 1651 5118 ferculum
1697 5058 1864 5126 perti,

275 5147 515 5189 nemus:
562 5136 690 5206 quia
731 5139 876 5210 sicut
923 5143 1189 5214 scriptum
1227 5154 1332 5209 est,
1377 5147 1551 5206 media
1595 5149 1865 5208 charitato

274 5231 596 5300 constravit.
629 5232 806 5290 Habet
831 5236 1030 5312 quippe
1053 5239 1395 5304 cbaritatem,
1429 5241 1585 5298 et'ibi
1615 5240 1733 5302 sine
1761 5243 1864 5299 du-

271 5321 363 5378 bin
395 5325 687 5396 prmvenis,
715 5328 808 5384 ubi
839 5337 894 5394 et
931 5330 1180 5392 columna
1213 5342 1472 5405 argentea
1507 5335 1760 5407 erigitur,
1807 5345 1865 5393 et

273 5430 535 5475 ascensus
561 5435 866 5490 purpureus
894 5431 1110 5479 tenetur
1157 5443 1170 5478 z
1201 5442 1326 5482 nam
1359 5429 1485 5497 quia
1514 5429 1619 5485 hoc
1643 5440 1866 5501 propter

271 5520 517 5583 nostram
567 5513 938 5570 infirmitatem
1002 5517 1244 5587 dicitur,
1290 5529 1476 5591 aperte
1529 5532 1868 5580 monstratur

271 5619 396 5664 eum
445 5604 556 5661 illic
616 5606 906 5662 subditur:
945 5626 966 5662 ε
1026 5607 1198 5664 Media
1252 5611 1523 5666 cbaritate
1569 5615 1870 5676 constravit

276 5715 294 5748 ι
316 5705 541 5770 propter
561 5696 702 5778 ﬁlias
735 5699 1090 5768 Hierusalem.
1114 5722 1132 5754 ι
1163 5702 1330 5760 Filias
1352 5706 1559 5771 dicunt,
1586 5724 1690 5764 non
1705 5709 1866 5778 ﬁlios,

271 5789 324 5866 id
350 5797 440 5860 est,
461 5789 710 5868 inﬁrmos
740 5810 754 5847 :
784 5808 882 5874 per
910 5792 1051 5850 ﬁlios
1096 5795 1434 5852 Hierusalem
1476 5797 1866 5868 inﬁrmantium

1981 4708 2001 4740 ι
2035 4691 2177 4760 quod
2203 4691 2533 4746 intrinsecus
2571 4690 2720 4745 latet.
2769 4710 2786 4742 ι
2816 4689 3006 4760 Magna
3047 4696 3129 4744 est
3156 4689 3355 4760 quippe
3385 4686 3557 4759 gloria

1976 4785 2146 4854 aperti
2170 4783 2372 4852 operis,
2422 4783 2516 4838 sed
2546 4781 2702 4852 longe
2746 4780 3095 4851 inoptabilior
3128 4789 3350 4835 aeternae
3391 4776 3554 4832 retri-

1973 4876 2237 4941 butionis,
2271 4890 2391 4945 quae
2437 4875 2668 4930 necdum
2716 4874 2886 4929 videri
2941 4882 3138 4944 potest.
3177 4893 3197 4924 ι
3231 4870 3420 4942 Capilli
3477 4869 3556 4926 tui

1978 4985 2001 5020 ι
2036 4966 2178 5022 sicut
2202 4981 2394 5037 greges
2412 4980 2722 5036 capratnm,
2753 4981 2873 5036 quae
2892 4967 3255 5030 ascenderunt
3282 4963 3350 5018 de
3374 4969 3558 5017 monte

1976 5079 1993 5120 ι
2030 5056 2252 5118 Galaad.
2301 5077 2320 5114 ι
2353 5056 2588 5114 Possunt
2617 5060 2672 5112 in
2694 5057 2903 5127 capillis
2935 5057 3119 5112 ﬁdeles
3142 5053 3319 5126 populi
3358 5051 3554 5122 accipi,

1969 5154 2064 5224 qui
2094 5154 2388 5208 maximum
2417 5153 2583 5209 decus
2627 5168 2722 5209 sua
2757 5151 3148 5208 numerositate
3177 5148 3419 5219 praebent
3449 5147 3552 5200 Ec-

1969 5247 2165 5303 clesiae.
2207 5246 2411 5304 Galaad
2455 5263 2670 5302 acervus
2699 5245 2979 5302 testimonii
3011 5243 3414 5312 interpretatur,
3463 5237 3556 5306 qui

1968 5340 2109 5399 bene
2131 5340 2387 5400 convenit
2411 5340 2663 5404 adunatae
2693 5334 3025 5396 multitudini
3053 5343 3388 5389 sanctorum.
3423 5329 3558 5384 Pos-

1973 5440 2100 5490 sunt
2123 5448 2219 5504 per
2257 5433 2486 5503 capillos
2531 5431 2841 5502 specialiter
2886 5427 2988 5497 ipsi
3027 5427 3120 5496 qui
3172 5441 3240 5480 ex
3278 5421 3559 5480 circumciv

1971 5525 2124 5584 sione
2152 5526 2501 5582 crediderunt
2526 5522 2800 5593 designari
2829 5521 2880 5576 hi
2909 5517 3271 5578 ascenderunt
3297 5518 3363 5572 de
3376 5519 3557 5568 monte

1970 5619 2198 5685 Galaad,
2231 5620 2358 5690 quia
2384 5633 2482 5690 per
2510 5615 2818 5672 testimonia
2847 5627 3129 5672 sacrarum
3151 5609 3556 5680 Scripturaruul

1970 5721 2240 5768 venerunt
2268 5713 2333 5768 ad
2360 5712 2540 5766 ﬁdem.

1979 5849 1982 5852 .
2050 5825 2066 5857 ι
2100 5806 2302 5866 Dentes
2353 5802 2427 5860 tui
2459 5801 2601 5878 sicut
2647 5814 2838 5876 «reges
2878 5809 3179 5872 tensamm.
3214 5811 3336 5876 cute
3370 5807 3556 5864 W2
