4078 6340
523 333 624 396 607
1551 319 1905 386 ANGELOMI
1942 314 2405 384 LUXOVlENSlS
2445 315 2752 378 MONACHI
3686 315 3817 378 608

529 476 548 510 α
581 457 777 512 derunt
805 452 871 507 de
907 451 1145 506 lavacro.
1179 469 1198 502 ι
1233 444 1291 503 1η
1319 446 1529 517 capillis
1557 445 1886 516 fragiliores,
1917 443 2103 498 viden-
2130 443 2185 504 Α
2207 450 2294 496 cto
2314 441 2458 496 illata
2503 449 2586 496 est
2614 440 2681 495 ad
2709 441 2843 494 iram
2889 450 3042 495 mens
3071 437 3408 505 accenditur,
3433 440 3614 496 audiat
3635 443 3816 512 quod

521 547 666 601 tibus
696 559 824 599 vero
857 540 1208 613 perfectiores
1245 539 1444 609 quique
1493 545 1913 605 sanctarumque
1960 534 2107 590 Scri-

520 644 804 706 pturarnm
843 632 1199 701 expositores,
1243 637 1300 683 et
1344 629 1412 682 ad
1471 627 1764 698 regendam
1811 625 2106 680 Ecclesiam

521 727 634 798 apti
665 725 1035 795 designantur,
1084 723 1175 792 qui
1209 721 1346 775 lacte
1393 719 1652 774 doctrinae
1699 733 1804 772 non
1845 713 2103 788 indigent,

522 818 750 872 solidum
766 817 948 872 cibum
976 813 1277 869 mandendo
1291 812 1412 866 aliis
1436 811 1773 882 impertiunt.
1791 810 1892 877 Qui
1918 824 2103 864 ascen-

523 908 803 964 deruntde
851 907 1085 972 lavacro,
1128 905 1180 962 id
1216 913 1300 960 est
1342 903 1492 959 fonte
1545 903 1686 959 sacri
1741 900 2104 973 baptismatis,

2211 532 2451 586 dicitur:
2494 550 2513 583 ‹
2545 529 2662 586 Non
2707 545 2924 612 quieras
2960 530 3244 595 ultionem,
3294 546 3391 586 nec
3430 547 3630 588 memor
3681 534 3818 589 eris

2210 623 2420 693 injuriae
2447 623 2644 678 civium
2689 631 2903 676 tuorum
2935 620 3118 693 (Levii.
3149 635 3285 694 XIX).
3320 643 3338 675 ι
3365 621 3425 677 In
3454 625 3631 679 carnis
3653 640 3820 679 con-

2209 715 2541 786 cupiscentia
2583 715 2723 770 male
2773 715 3015 771 sauciata
3044 732 3194 773 mens
3231 719 3563 785 accenditur,
3594 737 3664 775 ne
3713 735 3822 775 se—

2210 817 2410 878 quatur
2451 809 2641 865 oculus
2690 819 2944 874 mentem,
2995 812 3177 868 audiat
3225 815 3368 882 quod
3421 814 3616 869 dictum
3646 825 3753 870 est
3791 833 3809 868 :

2215 919 2235 953 ‹
2267 902 2370 969 Qui
2412 903 2609 958 viderit
2656 903 2936 959 mulierem
2980 906 3046 959 ad
3083 906 3575 977 concupiscendum
3622 924 3763 963 eam
3795 950 3815 976 ,

525 1001 620 1072 qui
662 1009 719 1056 et
753 1000 894 1056 tonsi
923 1009 978 1054 et
1002 999 1094 1054 loti
1129 1005 1274 1061 sunt,
1304 997 1407 1051 hoc
1445 1003 1546 1060 est,
1576 993 1764 1050 nudati
1803 993 1964 1048 rebus
2016 1007 2106 1047 re-
2203 991 2316 1061 jam
2361 995 2663 1050 moechatus
2695 1004 2780 1050 est
2822 1011 2941 1050 eam
2991 996 3045 1050 in
3077 999 3240 1052 corde
3285 1013 3384 1054 suo
3407 997 3618 1071 (Matth.
3649 1001 3744 1070 ν).
3787 1018 3814 1052 ν

526 1095 837 1150 nuntiantes
877 1092 1094 1155 saeculo,
1135 1100 1191 1147 et
1223 1091 1350 1144 vitae
1379 1088 1594 1144 lavacro
1625 1087 1886 1142 mundati.
1934 1103 1953 1137 ι
1982 1084 2110 1140 Om-

532 1205 552 1240 ι
590 1203 688 1243 nes
731 1187 976 1259 gemellis
1023 1185 1240 1240 fetibus.
1271 1203 1290 1236 ›
1320 1180 1378 1237 Id
1423 1190 1507 1238 est
1557 1181 1769 1253 gemina
1817 1179 2105 1244 charitate,

522 1280 610 1336 vel
640 1278 746 1336 fide
781 1288 838 1336 et
859 1293 1022 1349 opere
1051 1276 1289 1332 fecundi.
1326 1294 1346 1328 i
1376 1275 1440 1329 Et
1473 1273 1672 1329 sterilis
1702 1288 1808 1327 non
1841 1279 1923 1326 est
1967 1269 2110 1324 inter

531 1390 550 1424 ‹
586 1384 719 1427 eas:
758 1391 778 1424 ›
811 1386 916 1425 non
939 1378 1023 1425 est
1051 1369 1142 1438 qui
1175 1367 1316 1423 fetus
1349 1366 1474 1421 boni
1503 1365 1682 1434 operis
1709 1379 1816 1418 non
1839 1374 1983 1434 agat.

601 1463 801 1520 (Sicut
847 1463 984 1517 vitta
1039 1460 1290 1517 coccinea
1347 1459 1488 1513 labia
1546 1467 1658 1522 tua,
1717 1464 1774 1510 et
1834 1453 2110 1523 eloquium

528 1573 551 1608 ι
591 1563 741 1610 tuum
780 1554 954 1610 dulce.
993 1571 1012 1605 ι
1067 1551 1300 1608 Coccum
1347 1549 1496 1605 color
1538 1556 1622 1603 est
1659 1547 1940 1617 sanguinis
1979 1545 2111 1600 vitta

524 1645 777 1701 coccinea
815 1643 1063 1716 (myrrha
1099 1640 1317 1713 dicitur)
1350 1655 1597 1696 cruorem
1642 1637 1889 1708 designat
1927 1636 2111 1690 beato-

523 1754 645 1794 rum
671 1747 994 1809 martyrum.
1026 1735 1123 1790 Vel
1149 1735 1280 1788 vitta
1303 1734 1557 1790 coccinea
1591 1732 1836 1787 doctrina
1865 1729 2110 1786 veritatis

2211 1083 2411 1138 Contra
2435 1081 2713 1140 inimicum
2743 1085 2968 1141 forsitan
2992 1087 3220 1158 quisque
3247 1089 3484 1144 animum
3525 1107 3688 1145 suum
3720 1107 3824 1146 re-

2210 1172 2396 1228 laxare
2425 1175 2660 1244 disponit
2683 1175 2740 1230 in
2790 1177 2935 1242 odio,
2986 1178 3172 1233 audiat
3203 1181 3347 1248 quod
3380 1181 3487 1235 illic
3527 1182 3818 1252 scriptum

2211 1275 2336 1322 est:
2377 1287 2394 1319 ι
2430 1267 2645 1342 Diligite
2673 1269 2920 1326 inimicos
2941 1279 3148 1327 vestros
3176 1272 3391 1345 (Ibid.),
3425 1295 3442 1328 ›
3477 1284 3529 1330 et
3559 1275 3816 1345 reliqua.

2213 1357 2320 1413 Sed
2369 1358 2414 1412 is
2460 1359 2550 1428 qui
2599 1359 2770 1414 aliena
2814 1360 2928 1431 jam
2988 1377 3095 1416 non
3144 1365 3306 1434 rapit,
3354 1366 3528 1420 adhuc
3563 1365 3820 1422 forsitan

2210 1449 2514 1506 inordinate
2539 1451 2758 1517 retinet,
2786 1453 2972 1508 audiat
2996 1455 3140 1523 quod
3181 1455 3292 1510 illic
3327 1457 3561 1512 dicitur:
3596 1478 3615 1510 ‹
3655 1459 3822 1512 Ven-

2212 1545 2322 1600 dite
2340 1559 2460 1614 quae
2481 1545 2788 1614 possidetis,
2813 1556 2869 1601 et
2891 1545 3016 1601 date
3035 1547 3430 1619 eleemosynam
3461 1543 3612 1620 (Kac.
3635 1550 3772 1623 xu).
3787 1571 3812 1604 ι

2213 1635 2540 1692 Infirmantis
2571 1637 2785 1692 animus
2834 1639 2926 1710 qui
2962 1638 3165 1709 perfrui
3205 1642 3474 1697 desiderat
3501 1643 3612 1698 Deo
3639 1645 3821 1700 simul

2213 1736 2267 1782 et
2295 1727 2513 1793 saeculo,
2545 1729 2730 1783 audiat
2775 1731 2920 1799 quod
2965 1730 3075 1786 illic
3106 1733 3368 1802 scriptum
3411 1743 3494 1789 est
3523 1752 3536 1788 :
3567 1751 3592 1786 ς
3627 1731 3821 1792 Nemo

523 1807 863 1899 intelligilup,
895 1827 1062 1882 Labia
1111 1841 1347 1896 sponsa,
1396 1826 1448 1880 id
1486 1833 1570 1880 est
1613 1823 1888 1890 Ecclesiae,
1939 1836 2105 1878 cocco
2132 1807 2182 1870 Β
2210 1826 2392 1888 potest
2429 1818 2638 1874 duobus
2683 1819 2920 1874 dominis
2949 1821 3157 1876 servire
3199 1821 3416 1892 (Matth.
3449 1825 3549 1895 Vl).
3588 1843 3607 1876 ι
3644 1825 3821 1883 Alius

525 1919 919 1983 assimilantur,
947 1917 1072 1988 quia
1120 1915 1384 1972 Dominici
1418 1916 1698 1985 sanguinis
1727 1915 1964 1986 pretium
2003 1927 2112 1983 quo

524 2013 803 2080 redempta
832 2019 915 2066 est
955 2010 1251 2081 praedicare
1283 2027 1389 2066 non
1436 2018 1634 2074 cessat,
1662 2019 1717 2065 et
1760 2009 1813 2064 in
1847 2008 2110 2078 praedica-

526 2103 676 2158 tione
701 2103 768 2158 ab
795 2103 986 2158 ardore
1017 2111 1216 2157 sancta:
1241 2101 1520 2156 charitatis
1549 2101 1892 2165 llammescit,
1927 2109 1981 2154 et
2011 2115 2108 2153 au-

525 2194 735 2250 ditores
765 2209 892 2250 suos
922 2194 974 2249 in
1002 2194 1293 2250 dilectione
1313 2193 1678 2248 Deiardentes
1699 2191 1882 2246 eﬂicit.
1919 2209 1937 2241 i
1959 2189 2114 2245 Sicut

533 2305 552 2338 ι
595 2285 838 2357 fragmen
881 2285 1008 2340 mali
1064 2285 1270 2354 punici,
1314 2286 1386 2340 ita
1440 2299 1591 2354 genae
1639 2292 1762 2347 tuae,
1798 2285 2002 2352 alisque
2048 2298 2112 2337 eo

535 2394 556 2427 α
585 2377 729 2448 quod
767 2377 1094 2431 intrinsecus
1124 2375 1275 2430 latet.
1312 2394 1331 2426 ι
1383 2375 1437 2428 In
1477 2376 1629 2446 genis
1660 2373 2010 2438 verecundia,
2057 2373 2112 2427 in

528 2465 672 2520 malo
701 2465 898 2536 punico
940 2466 1123 2536 passio
1168 2463 1372 2520 Christi
1403 2466 1746 2536 exprimitur.
1780 2465 1954 2520 Habet
1984 2479 2113 2534 ergo

530 2557 779 2612 ruborem
833 2558 890 2612 in
939 2557 1092 2625 genis
1125 2572 1320 2627 sponsa
1362 2557 1488 2611 mali
1535 2557 1739 2628 punici,
1772 2573 1896 2612 cum
1931 2571 2114 2612 sacra-

529 2655 769 2703 mentum
803 2647 1099 2704 Dominicae
1135 2649 1314 2704 crucis
1361 2648 1542 2704 verbis
1589 2648 1809 2715 fatetur,
1849 2657 1904 2704 et
1955 2648 2113 2704 factis

529 2738 741 2807 probat.
771 2739 978 2794 Aliter:
1021 2738 1098 2793 llli
1143 2737 1290 2794 enim
1344 2739 1537 2795 faciem
1569 2740 1824 2796 Ecclesiae
1859 2741 2113 2795 decoram

528 2829 754 2896 faciunt,
787 2819 902 2902 qui,
933 2833 1226 2888 comitante
1269 2832 1614 2898 verecundia,
1662 2832 1968 2888 castitatem
1999 2847 2116 2887 ser-

524 2935 674 2979 vant.
699 2922 798 2978 Vel
827 2933 972 2981 certe
994 2941 1145 2996 genie
1173 2925 1430 2980 Ecclesia:
1451 2935 1578 2980 sunt
1605 2925 1782 2980 sancti
1815 2933 2106 2996 martyres,

528 3016 620 3086 qui
667 3015 942 3070 imitantes
985 3015 1186 3071 Christi
1232 3016 1570 3086 passionem,
1621 3029 1778 3070 roseo
1827 3013 2112 3085 sanguinis

531 3105 616 3160 sui
643 3103 790 3158 velut
815 3103 1057 3175 fragmen
1084 3105 1208 3159 mali
1240 3105 1420 3174 punici
1473 3105 1670 3160 decore
1699 3103 1903 3174 perfusi
1958 3111 2103 3158 sunt.

607 3213 626 3246 ι
663 3193 815 3250 Sicut
837 3195 1005 3249 turris
1043 3196 1212 3250 David
1246 3196 1442 3252 collum
1486 3205 1660 3260 tuum,
1686 3210 1805 3265 qua:
1845 3195 2112 3250 :editicata

534 3311 552 3342 ι
591 3299 677 3346 est
706 3306 828 3345 cum
860 3289 1275 3360 propugnaculis
1303 3290 1436 3344 suis.
1469 3308 1486 3341 ι
1513 3288 1704 3343 Turris
1730 3288 1898 3342 David
1921 3297 2112 3343 sancta

528 3383 769 3440 Ecclesia
793 3393 894 3448 est,
939 3384 1053 3440 sive
1076 3381 1336 3454 perfectio
1376 3381 1460 3436 vel
1507 3382 1750 3436 doctrina
1779 3390 2110 3447 sanctorum,

531 3491 652 3547 quae
690 3491 796 3531 non
829 3493 857 3530 a
889 3491 969 3543 se,
1001 3476 1096 3531 sed
1134 3491 1162 3528 a
1189 3473 1409 3528 Christo
1451 3482 1558 3528 est.
1583 3471 1790 3527 Collum
1842 3472 1943 3542 ipsi
1990 3479 2114 3526 sunt

529 3567 932 3639 praedicatores,
989 3582 1218 3637 quorum
1259 3573 1314 3619 et
1368 3565 1668 3619 constantia
1705 3565 1892 3620 eadem
1922 3564 2115 3621 civitas

532 3659 685 3715 firma
721 3667 826 3726 est,
853 3668 907 3714 et
939 3659 1173 3728 undique
1216 3655 1666 3727 inexpugnabilis.
1700 3655 2113 3726 Propugnacula

533 3763 712 3808 autem
758 3753 997 3822 ejusdem
1049 3751 1289 3807 civitatis
1363 3749 1764 3818 Scripturarum
1835 3763 2114 3804 sacrarum

529 3843 825 3896 munimina
856 3849 1000 3905 sunt,
1030 3841 1115 3896 vel
1139 3849 1354 3910 patrum
1384 3839 1791 3911 precedentium
1832 3839 2102 3909 exempla.

535 3949 555 3982 ‹
592 3913 734 3985 tunc
757 3931 929 4001 clypei
977 3931 1215 4000 pendent
1239 3947 1304 3986 ex
1329 3945 1414 3985 ea.
1451 3949 1469 3983 ι
1501 3930 1636 3997 Quia
1661 3939 1792 3999 quot
1827 3931 1880 3984 in
1910 3931 2112 3985 divinis

531 4019 684 4075 libris
704 4030 970 4091 praecepta
1010 4031 1154 4085 sunt,
1187 4029 1264 4076 tot
1295 4031 1422 4076 sunt
1465 4021 1633 4076 nostri
1673 4021 1908 4090 pectoris
1938 4020 2115 4075 muni-

530 4111 703 4178 mina,
747 4113 941 4182 quibus
993 4122 1182 4168 contra
1233 4113 1458 4169 insidias
1505 4128 1695 4168 omnes
1747 4112 2109 4168 defendimur.

537 4221 557 4256 i
595 4202 782 4260 Omnis
805 4213 1081 4260 armatura
1123 4204 1366 4261 fortium.
1408 4226 1426 4258 ι
1469 4203 1659 4260 Omnis
1697 4204 1983 4260 instructio
2007 4213 2111 4270 est,

529 4299 616 4354 vel
669 4300 1016 4368 operationis,
1070 4301 1154 4356 vel
1211 4301 1477 4356 doctrinae
1524 4298 1782 4362 caelestis,
1824 4314 1924 4368 per
1951 4314 2112 4369 quam

531 4405 640 4445 non
656 4389 830 4445 solum
855 4393 1152 4457 evadimus,
1184 4393 1280 4448 sed
1301 4393 1467 4470 etiam
1497 4405 1833 4459 superamus.
1860 4389 2114 4445 Dicamus

527 4489 690 4552 prout
712 4495 848 4551 papa
879 4481 1173 4553 Gregorius
1207 4498 1358 4538 more
1397 4497 1498 4538 suo
1534 4480 1853 4535 mirabiliter
1882 4480 2108 4534 intonat.

525 4570 583 4627 In
611 4573 752 4628 collo
779 4574 979 4630 etenim
1010 4583 1196 4646 guttur
1235 4576 1290 4630 in
1323 4583 1540 4645 gutture
1574 4588 1681 4628 vox
1713 4581 1816 4627 est.
1851 4571 1988 4639 Quid
2015 4587 2113 4642 per

529 4664 726 4720 collum
758 4674 959 4720 sanctae
975 4667 1248 4730 Ecclesiae,
1281 4666 1383 4721 nisi
1409 4681 1564 4721 sacra
1585 4664 1797 4735 eloquio
1824 4665 2113 4736 designan-

532 4756 656 4810 tur?
685 4757 742 4810 ln
789 4772 896 4828 qua
945 4757 1091 4811 mille
1141 4757 1316 4828 clypei
1354 4757 1660 4828 dependere
1697 4765 2109 4811 memorantur:

525 4861 624 4916 per
673 4846 818 4902 hunc
863 4845 1164 4917 perfectum
1213 4863 1496 4903 numerum
1542 4862 1800 4902 numerus
1824 4847 2113 4904 universus

527 4939 852 5002 ostenditur,
881 4940 1008 5009 quia
1058 4939 1310 4995 universa
1354 4950 1539 4996 nostra
1585 4941 1814 4996 munitio
1852 4941 1906 4994 in
1956 4956 2112 4996 sacro

532 5035 750 5106 eloquio
795 5037 1124 5092 continetur.
1149 5038 1224 5092 lbi
1255 5039 1452 5111 quippe
1501 5047 1627 5095 sunt
1657 5048 1926 5110 praecepta
1975 5039 2068 5094 Dei
2094 5079 2110 5105 ,

533 5127 606 5181 ibi
639 5129 882 5199 exempla
903 5127 1198 5197 justorum.
1225 5130 1281 5185 Si
1310 5132 1454 5187 enim
1488 5139 1666 5201 torpet
1687 5131 1946 5184 animusa
1975 5130 2114 5185 Con-

532 5221 724 5278 ditoris
746 5238 846 5278 suo
872 5224 1172 5290 desiderio,
1203 5226 1386 5281 audiat
1411 5226 1556 5296 quod
1584 5224 1786 5280 dicitur
1813 5241 1827 5278 :
1864 5242 1882 5274 i
1917 5223 2114 5295 Diliges

532 5314 817 5372 Dominum
859 5319 1026 5374 Deum
1059 5330 1208 5374 tuum
1241 5320 1436 5392 (Exod.
1483 5320 1577 5391 xx)
1605 5362 1620 5386 ,
1653 5341 1670 5373 ι
1716 5329 1772 5375 et
1805 5319 2032 5390 reliqua.
2057 5319 2116 5374 lu

533 5407 658 5462 odio
691 5407 919 5465 fortasse
955 5411 1152 5466 labitur
1180 5413 1433 5480 proximi,
1485 5413 1669 5467 audiat
1697 5412 1838 5484 quod
1869 5412 2066 5467 dicitur
2096 5430 2110 5466 :

541 5519 560 5552 ι
597 5501 795 5574 Diliges
854 5507 1156 5574 proximum
1208 5515 1356 5562 tuum
1411 5508 1552 5564 sicut
1606 5507 1835 5578 teipsum
1888 5506 1906 5577 (
1924 5507 2112 5562 Matth.

535 5596 728 5666 Χιιι).ι
770 5596 878 5652 Res
918 5598 1121 5654 alienas
1161 5601 1540 5671 concupiscit,
1599 5600 1785 5654 audiat
1829 5600 1972 5668 quod
2003 5598 2116 5653 illic

536 5689 796 5757 scriptum
833 5699 917 5745 est
947 5710 958 5747 :
1022 5712 1039 5744 ι
1068 5693 1184 5749 Non
1223 5696 1574 5766 concupisces
1619 5711 1732 5748 rem
1769 5694 2003 5763 proximi
2037 5693 2115 5746 tui

533 5775 734 5856 (Exod.
777 5780 890 5854 xx).
924 5801 943 5835 ι
986 5781 1065 5841 De
1099 5785 1297 5858 injuria
1321 5801 1444 5856 quae
1469 5803 1500 5841 a
1525 5783 1758 5856 proximi
1801 5798 1898 5840 ore
1921 5781 2006 5838 vel
2033 5781 2115 5837 fa-

2141 4529 2192 4591 D

2212 1923 2320 1964 non
2363 1909 2430 1962 ad
2475 1910 2852 1964 necessitatem
2892 1911 3167 1981 stipendii,
3209 1913 3303 1968 sed
3350 1915 3416 1969 ad
3463 1916 3822 1972 voluntatem

2212 1999 2465 2055 desiderii
2491 2016 2738 2070 possessa
2767 2004 2985 2067 retinet,
3018 2005 3201 2059 audiat
3234 2007 3377 2074 quod
3422 2006 3530 2063 illic
3561 2009 3820 2064 dicitur:

2221 2110 2239 2143 ι
2273 2091 2374 2159 Qui
2407 2107 2512 2146 non
2548 2093 2946 2148 renuntiaverit
2978 2095 3228 2150 omnibus
3257 2112 3378 2166 quze
3397 2099 3664 2167 possidet,
3693 2115 3822 2156 non

2211 2193 2392 2256 potest
2445 2200 2566 2240 esse
2615 2200 2769 2240 meus
2809 2186 3106 2256 discipulus
3137 2186 3291 2256 (Luc.
3328 2189 3462 2259 χεν).
3506 2211 3524 2242 ι
3559 2189 3618 2244 1η
3662 2191 3824 2246 collo

2213 2272 2475 2329 Ecclesia:
2501 2314 2516 2339 ,
2555 2273 2610 2328 id
2645 2283 2727 2329 est
2766 2275 2821 2329 in
2853 2276 2995 2330 sacri
3023 2276 3223 2348 eloquii
3247 2279 3656 2347 praedicatione,
3685 2298 3822 2352 quae

2211 2378 2312 2434 pro
2347 2363 2429 2418 sui
2484 2363 2784 2419 munitione
2817 2372 2871 2420 et
2915 2364 3200 2422 altitudine
3241 2368 3380 2422 turri
3417 2370 3583 2424 David
3609 2370 3822 2427 similis

2212 2455 2436 2520 dicitur,
2464 2455 2610 2510 mille
2639 2456 2811 2527 clypei
2847 2457 3174 2527 dependent,
3211 2460 3340 2530 quia
3369 2469 3503 2531 quot
3527 2461 3640 2518 illic
3669 2479 3822 2533 prie-

2213 2558 2368 2622 cepta
2395 2561 2535 2614 sunt,
2565 2557 2645 2604 tot
2681 2551 2846 2605 etiam
2879 2553 3118 2620 pectoris
3145 2555 3316 2610 nostri
3352 2555 3677 2622 munimina,
3706 2558 3818 2614 sic-

2213 2645 2274 2692 ut
2319 2621 2522 2694 dictum
2567 2649 2652 2694 est
2697 2656 2710 2692 :
2747 2640 2830 2695 Ad
2863 2643 3184 2698 servandam
3222 2644 3407 2714 itaque
3435 2621 3817 2704 innocentiam

2213 2730 2376 2784 etiam
2404 2731 2518 2786 liesi
2554 2746 2584 2784 a
2615 2731 2865 2800 proximo
2891 2733 3191 2802 perdurare
3233 2734 3288 2788 in
3320 2736 3626 2792 humilitate
3660 2738 3820 2793 festi-

2215 2837 2426 2877 namus.
2459 2822 2594 2878 Abel
2623 2833 2748 2878 ante
2775 2824 2961 2880 oculos
2984 2827 3186 2891 veniat,
3233 2829 3326 2898 qui
3347 2839 3400 2884 et
3429 2831 3647 2886 occisus
3680 2833 3816 2887 dici-

2215 2922 2304 2969 tur
2332 2930 2362 2968 a
2387 2914 2653 2981 fratre,et
2677 2933 2782 2972 non
2818 2917 3015 2989 legitur
3055 2921 3372 2977 reluctatus.
3417 2921 3508 2978 Sic
3557 2923 3623 2978 de
3646 2933 3816 2980 caete-

2216 3007 2292 3062 ris
2338 3017 2650 3064 sanctorum
2681 3011 2943 3082 exemplis
2994 3014 3355 3070 sentiendum.
3394 3016 3533 3084 Quia
3586 3033 3724 3087 ergo
3755 3021 3811 3074 in

2215 3113 2347 3156 voce
2369 3101 2508 3154 sacri
2539 3100 2738 3172 eloquii
2785 3102 3078 3173 cujuslibet
3107 3107 3150 3160 si
3186 3108 3480 3176 quierimus
3503 3111 3813 3166 munimina

2217 3193 2435 3248 virtutis
2487 3193 2812 3250 invenimus.
2869 3195 3011 3252 Mille
3061 3199 3234 3269 clypei
3280 3201 3584 3270 dependent
3619 3218 3691 3256 ex
3723 3219 3810 3269 ea,

2218 3287 2396 3341 omnis
2430 3297 2710 3343 armatura
2757 3289 2996 3344 fortium.
3030 3291 3170 3346 Ecce
3197 3293 3340 3348 enim
3389 3304 3580 3350 contra
3617 3312 3812 3353 aereas

2216 3378 2533 3445 potestates,
2559 3379 2602 3433 si
2635 3378 2954 3435 festinamus
2982 3380 3151 3437 fortes
3179 3383 3412 3440 existere
3447 3386 3499 3439 in
3533 3387 3638 3441 hac
3673 3387 3810 3441 turri

2217 3478 2551 3523 armaturam
2598 3479 2798 3527 nostra;
2844 3473 3041 3528 mentis
3071 3472 3398 3540 invenimus,
3428 3484 3488 3530 ut
3512 3477 3639 3532 inde
3670 3494 3811 3548 pra!-

2216 3567 2371 3628 ccpta
2405 3558 2741 3626 Conditoris,
2769 3562 2892 3618 inde
2923 3579 3198 3620 sumamus
3218 3567 3465 3638 exempla
3497 3571 3812 3638 praeceden-

2217 3650 2352 3705 tium
2384 3659 2618 3722 patrum,
2655 3671 2754 3725 per
2781 3672 2942 3725 quam
2985 3669 3175 3713 contra
3217 3661 3563 3718 adversarios
3594 3676 3811 3722 nostros

2220 3743 2706 3814 inexpugnabiliter
2730 3763 3023 3805 armentur.
3053 3751 3120 3806 Et
3153 3754 3451 3809 notandum
3482 3758 3611 3827 quia
3635 3759 3812 3814 :edifi-

2218 3847 2337 3892 cata
2383 3853 2504 3892 cum
2548 3841 2963 3912 pr0pugnaculis
3013 3845 3127 3900 suis
3182 3847 3400 3902 dicitur.
3449 3849 3552 3904 Hic
3604 3851 3806 3923 quippe

2218 3938 2384 4000 agunt
2423 3933 2827 4002 propugnacula
2877 3935 3019 4003 quod
3056 3936 3248 4008 clypei,
3285 3940 3412 4009 quia
3452 3950 3686 4012 utraque
3712 3961 3812 4016 pu~

2219 4031 2474 4090 gnantem
2498 4023 2766 4077 muniunt.
2792 4024 2896 4078 Sed
2926 4026 3026 4081 hoc
3048 4027 3189 4082 inter
3212 4036 3441 4098 utraque
3464 4031 3656 4095 distat,
3682 4035 3810 4103 quia

2219 4112 2435 4183 clypeos
2491 4129 2590 4183 pro
2632 4125 2820 4170 nostro
2864 4118 3164 4174 munimine
3214 4119 3524 4190 ubicunque
3557 4122 3810 4179 volumus

2218 4220 2530 4272 movemus,
2573 4208 2977 4278 propugnaculo
3025 4219 3204 4266 autem
3247 4211 3460 4268 defendi
3491 4231 3807 4285 possumus,

2219 4298 2313 4352 sed
2340 4297 2443 4352 hoc
2467 4312 2684 4354 movere
2709 4314 2812 4354 non
2829 4315 3134 4370 possumus.
3152 4302 3385 4375 Clypeus
3410 4305 3464 4360 in
3493 4322 3662 4362 manu
3683 4317 3766 4363 est
3791 4322 3807 4361 :

2218 4403 2344 4443 nam
2385 4391 2842 4460 propugnaculum
2891 4407 2997 4449 non
3045 4401 3281 4450 tenetur.
3328 4395 3467 4464 Quid
3513 4414 3648 4470 ergo
3669 4399 3812 4455 inter

2217 4479 2620 4551 propugnacula
2662 4489 2717 4536 et
2755 4481 2974 4553 clypeos
3013 4483 3212 4552 distat,
3259 4486 3364 4542 nisi
3393 4487 3538 4556 quod
3569 4487 3627 4542 in
3653 4503 3811 4544 sacro

2220 4569 2434 4639 eloquio
2477 4581 2690 4642 patrum
2719 4575 3137 4642 przecedentium
3175 4587 3231 4634 et
3266 4579 3532 4636 miracula
3555 4581 3808 4653 legimus,

2221 4682 2341 4737 quae
2366 4669 2579 4737 operari
2609 4684 2715 4724 non
2741 4669 3003 4737 valemus,
3027 4681 3082 4727 et
3110 4673 3338 4730 virtutes
3377 4675 3650 4732 bonorum
3677 4693 3810 4748 ope-

2222 4773 2340 4813 rum
2367 4759 2639 4826 audimus,
2661 4761 2859 4830 quibus
2879 4763 3154 4832 operando
3185 4765 3384 4819 muniri
3409 4770 3740 4836 possumus?

2299 4871 2317 4902 ‹
2356 4851 2472 4907 Duo
2495 4853 2663 4907 ubera
2687 4861 2776 4908 tua
2799 4854 2938 4909 sicut
2962 4855 3068 4910 duo
3097 4856 3307 4911 hinnuli
3332 4873 3543 4928 capreae
3570 4860 3804 4930 gemelli,

2225 4961 2246 4995 ι
2273 4943 2363 5012 qui
2387 4952 2682 5012 pascuntur
2707 4944 2759 4998 in
2780 4943 2905 5000 liliis
2925 4947 3095 5001 donec
3115 4948 3445 5017 aspiretdies
3465 4959 3522 5004 et
3547 4950 3809 5006 inclinen-

2221 5055 2240 5088 ι
2274 5044 2361 5090 tur
2391 5037 2618 5092 umbrae.
2642 5058 2660 5089 ›
2679 5037 2794 5093 Duo
2817 5039 2982 5095 ubera
3006 5039 3279 5104 Ecclesiae,
3297 5042 3403 5096 duo
3432 5041 3804 5099 Testamenta.

2216 5129 2333 5184 Duo
2361 5128 2569 5184 hinnuli
2595 5169 2610 5194 ,
2649 5129 2752 5185 duo
2783 5131 2966 5201 populi
3015 5141 3143 5188 sunt
3168 5148 3236 5189 ex
3262 5133 3690 5191 circumcisione
3719 5150 3808 5190 ve-

2216 5223 2430 5278 nientes
2467 5230 2524 5277 et
2553 5223 2878 5290 gentilitate,
2917 5225 3042 5294 quia
3077 5226 3200 5281 inde
3233 5226 3570 5281 nutriuntur.
3597 5226 3808 5298 Quique

2217 5328 2317 5385 per
2337 5315 2692 5369 humilitatem
2719 5317 2968 5386 parvulos
2996 5332 3055 5373 se
3076 5318 3376 5390 intelligunt
3397 5328 3803 5390 etpeccatores,

2219 5416 2275 5464 et
2324 5424 2447 5464 cum
2476 5410 2742 5464 charitatc
2779 5423 3060 5470 currentes
3086 5415 3267 5470 omnia
3301 5415 3486 5470 mundi
3523 5425 3806 5472 transeunt

2217 5501 2512 5558 obstacula.
2545 5503 2645 5570 Qui
2677 5511 2974 5574 pascuntur
3004 5507 3056 5560 in
3087 5505 3235 5568 liliis,
3273 5507 3376 5562 hoc
3405 5514 3490 5562 est
3534 5508 3803 5564 candidis-

2218 5598 2372 5653 simis
2423 5609 2734 5654 sanctorum
2765 5601 3024 5672 exemplis
3065 5601 3152 5656 vel
3185 5602 3465 5656 doctrinis.
3500 5601 3578 5656 De
3608 5603 3801 5672 quibus

2219 5694 2466 5763 superius
2515 5703 2766 5764 tauquam
2807 5712 2870 5751 ex
2906 5703 3182 5749 armatura
3211 5694 3427 5749 fortium
3465 5695 3796 5766 disputatum

2217 5785 2464 5857 legimus.
2513 5789 2692 5844 Donec
2735 5789 2936 5858 aspiret
2975 5789 3090 5846 dies
3115 5794 3372 5852 teternus,
3421 5795 3477 5842 et
3515 5793 3798 5842 transeant
