4078 6340
271 345 383 404 609

1393 335 1650 395 ENARR.
1693 337 1760 392 ΙΝ
1797 335 2096 394 CANTICA
2134 337 2404 395 CANTIC.

3441 343 3547 404 610

271 454 482 511 umbra:
506 453 632 509 vita
669 452 973 523 praesentis.
1006 450 1074 507 Et
1102 449 1229 506 hinc
1248 449 1361 520 jam
1385 451 1631 520 superius
1669 451 1853 520 dispu-
1885 455 1935 514 Α
2036 469 2058 505 ‹
2086 451 2258 520 Quam
2298 450 2535 522 pulchrae
2587 460 2713 509 sunt
2772 469 3024 511 mammae
3058 466 3178 523 tuae,
3211 472 3366 515 soror
3403 476 3547 532 mea,

273 545 529 598 lavimus.
567 561 586 595 ‹
633 543 838 598 Vadam
886 541 952 598 ad
977 551 1219 598 montem
1247 543 1483 613 myrrha:
1507 550 1560 596 et
1581 542 1648 595 ad
1670 541 1859 597 collem

279 656 299 690 ‹
333 637 529 692 thuris.
561 656 579 688 ›
599 636 702 692 Per
722 638 1000 708 myrrham
1031 636 1374 692 mortiﬁcatio
1398 636 1598 702 carnis,
1626 652 1722 706 per
1739 638 1862 694 thus

273 729 491 784 devotio
510 729 774 784 orationis
803 729 1147 800 exprimitur.
1181 728 1344 796 Quasi
1367 729 1567 784 diceret
1598 745 1856 799 sponsus:

268 822 656 893 Frequentabo
676 837 792 889 eos,
820 835 880 879 et-
894 824 982 894 pia
1016 825 1282 896 propitius
1313 824 1670 880 illustratione
1699 823 1862 894 glori-

270 913 452 970 ﬁcabo
477 929 613 986 quos
637 930 737 985 per
758 917 1036 987 passiones
1062 917 1175 972 sive
1201 918 1473 974 orationes
1495 918 1547 972 in
1572 917 1861 972 virtutibus

269 1005 538 1061 sublimes
568 1020 690 1062 esse
736 1007 970 1062 invenio.
997 1005 1172 1062 Aliter
1204 1025 1216 1061 :
1261 1006 1376 1060 Vox
1405 1015 1486 1061 est
1510 1005 1860 1076 imperfecto-

269 1113 423 1164 rum,
455 1099 547 1168 qui
584 1113 705 1154 cum
743 1100 810 1154 ad
848 1109 1084 1155 montem
1132 1102 1368 1173 myrrhae
1387 1111 1441 1155 et
1471 1101 1659 1156 collem
1687 1101 1860 1158 thuris

268 1191 595 1256 ascendunt,
633 1191 849 1261 quando
889 1191 1101 1248 illorum
1125 1193 1218 1263 qui
1258 1208 1360 1263 per
1385 1191 1858 1247 mortiﬁcationem

269 1282 458 1337 carnis
487 1290 541 1337 et
564 1283 886 1352 purissimas
921 1284 1201 1340 orationes
1244 1284 1588 1355 placuerunt,
1619 1283 1856 1339 imitato-

267 1387 364 1429 res
391 1389 512 1429 esse
533 1374 861 1430 desiderant.

347 1484 367 1517 ι
409 1465 544 1521 Tota
566 1465 791 1536 pulchra
817 1481 908 1533 es,
937 1465 1112 1521 amica
1139 1481 1259 1522 mea
1277 1507 1292 1532 ,
1317 1474 1372 1520 et
1396 1465 1608 1521 macula
1641 1481 1748 1520 non
1776 1472 1859 1521 est

273 1579 294 1610 ε
333 1558 392 1613 in
421 1567 494 1614 te.
525 1577 544 1611 ι
583 1557 696 1614 Hoc
717 1568 798 1614 est
823 1560 964 1630 quod
992 1559 1070 1614 ait
1090 1559 1379 1630 Apostolus
1402 1558 1562 1630 (Eph.
1597 1559 1652 1630 v)
1683 1577 1695 1613 :
1737 1578 1755 1610 ‹
1791 1559 1859 1614 Ut

267 1652 556 1707 exhiberet
587 1653 687 1707 sibi
729 1653 1017 1723 gloriosam
1063 1652 1365 1708 Ecclesiam
1412 1668 1520 1707 non
1567 1652 1858 1708 habentem

265 1742 545 1798 maculam
579 1763 596 1794 ι
632 1742 787 1797 malae
813 1743 1181 1813 operationis,
1235 1763 1253 1794 ι
1283 1756 1386 1798 nec
1420 1757 1607 1814 rugam
1648 1761 1667 1795 ι
1702 1741 1859 1797 indu-

263 1835 486 1906 plicalte
520 1834 663 1890 ﬁdei.

344 1945 365 1978 ι
403 1925 534 1981 Veni
568 1927 634 1981 de
662 1925 902 1992 Libano,
935 1941 1131 1996 sponsa
1161 1939 1315 1992 mea,
1347 1925 1474 1980 veni
1505 1930 1570 1982 de
1605 1925 1816 1981 Libano
1838 1966 1854 1994 ,

271 2037 294 2071 ς
327 2018 473 2073 veni.
509 2036 526 2067 ι
554 2017 790 2073 Libanus
817 2018 1016 2072 candor
1044 2018 1454 2089 interpretatur,
1491 2018 1543 2072 id
1567 2026 1652 2074 est
1677 2018 1856 2074 anima

262 2111 429 2166 bonis
458 2111 673 2166 actibus
698 2111 1019 2178 candidata,
1044 2126 1206 2182 quam
1231 2111 1391 2167 tertio
1419 2112 1668 2166 hortatur
1696 2127 1857 2183 spon-

261 2217 363 2258 sus
389 2210 448 2256 ut
473 2202 672 2256 veniat.
704 2201 887 2258 Primo
931 2203 1226 2260 adveniens
1277 2205 1330 2258 in
1371 2219 1537 2260 carne
1581 2220 1678 2274 per
1716 2205 1855 2260 bona

262 2308 464 2364 opera,
499 2294 742 2350 secundo
767 2294 1014 2350 absoluta
1041 2310 1208 2350 carne
1244 2294 1311 2349 ad
1341 2295 1747 2365 percipiendam
1775 2296 1858 2350 vi-

264 2393 382 2440 tam
407 2393 663 2441 aeternam
681 2426 694 2448 ,
732 2387 889 2441 tertio
915 2395 1132 2456 recepto
1159 2402 1389 2458 corpore
1419 2387 1486 2442 ad
1523 2387 1854 2457 perfruenda

259 2488 392 2550 post
420 2479 876 2534 resurrectionem
907 2481 1098 2550 gaudia
1122 2479 1382 2550 perfecta.
1415 2499 1432 2531 ι
1469 2480 1849 2548 Coronaberis,

268 2589 293 2624 α
333 2573 402 2627 de
426 2573 602 2642 capite
629 2571 834 2627 Amana
853 2613 869 2639 ,
899 2573 968 2628 de.
995 2575 1198 2629 vertice
1231 2574 1393 2629 Sanir
1419 2583 1475 2630 et
1496 2573 1756 2638 Hermon,
1788 2574 1856 2628 de

268 2685 291 2716 σ
327 2664 596 2719 cubilibus
637 2663 884 2731 leonum,
916 2667 984 2722 de
1011 2668 1290 2723 montibus
1321 2667 1631 2736 pardorum.
1665 2685 1684 2717 ι
1720 2665 1857 2720 Leo-

259 2772 368 2810 nes
396 2766 616 2827 propter
646 2758 956 2827 superbiam
977 2799 992 2824 ,
1036 2759 1192 2830 pardi
1229 2768 1450 2828 propter
1477 2757 1855 2814 crudelitatem

260 2849 494 2921 maligni
524 2850 748 2919 spiritus
767 2890 782 2916 ,
813 2853 1078 2907 montium
1109 2868 1242 2908 vero
1267 2853 1484 2909 nomine
1512 2854 1744 2924 superba
1773 2853 1856 2908 in-

261 2941 510 2997 ﬁdelium
536 2942 699 2997 corda
718 2983 733 3008 ,
766 2944 855 2998 ubi
885 2943 1149 3000 immundi
1173 2939 1398 3016 spiritus
1423 2945 1607 3000 sedem
1631 2945 1853 3012 habent,

262 3031 641 3103 designantur.
668 3033 804 3088 Dum
827 3036 1002 3090 sancti
1025 3036 1415 3105 praedicatores
1437 3035 1570 3090 tales
1595 3035 1661 3090 ad
1686 3035 1854 3090 vitam

262 3125 462 3181 salutis
506 3135 834 3182 convertunt
853 3171 866 3192 ,
907 3138 1240 3184 coronantur
1271 3129 1336 3185 de
1364 3130 1540 3200 capite
1569 3139 1622 3185 et
1650 3131 1856 3186 vertice

1966 558 2180 613 sponsa.
2212 564 2230 596 ι
2259 543 2316 597 ln
2367 559 2722 599 mammarum
2781 546 3029 611 nomine,
3083 550 3257 604 sancti
3300 552 3548 609 doctores

1963 643 2186 704 propter
2199 635 2622 692 consolationem
2639 636 2975 694 inﬁrmorum
2999 648 3053 694 et
3073 641 3549 710 parvulornmsus-

1965 728 2320 783 tentationem
2347 731 2738 801 exprimuntur.
2771 731 3024 788 Suavitas
3055 735 3243 804 gratire
3271 735 3549 806 pulchrior

1963 821 2386 877 est‘austeritate
2407 821 2560 891 legis.
2594 842 2612 874 ε
2651 823 2716 877 Ει
2745 824 2879 879 odor
2902 836 3301 894 unguentorum
3331 837 3548 886 tuorum

1968 925 1988 960 ‹
2011 924 2173 980 super
2195 911 2376 965 omnia
2393 920 2658 967 aromata.
2684 931 2704 964 ›
2721 911 2886 968 Fama
2900 916 3219 971 suavissima
3243 916 3431 972 diffusa
3453 934 3549 987 per

1962 1001 2147 1056 orbem
2178 1008 2349 1056 totum
2377 1001 2499 1058 ﬁdei
2528 1003 2687 1059 latior
2709 1014 2821 1071 est,
2853 1021 3016 1076 quam
3058 1008 3258 1064 veteris
3291 1008 3443 1081 legis,
3493 1019 3550 1066 et

1961 1099 2175 1161 patrum
2197 1091 2252 1145 in
2277 1107 2342 1146 ea
2363 1108 2482 1162 qua:
2504 1095 2558 1149 in
2593 1095 2705 1150 sola
2724 1095 2908 1151 Judaaa
2939 1106 3381 1170 coangustantur.
3409 1100 3547 1167 Quid

1960 1195 2059 1249 per
2079 1190 2346 1248 aromata,
2366 1183 2466 1238 nisi
2487 1183 2696 1240 Veteris
2722 1185 3055 1243 Testamenti
3073 1189 3232 1256 dona,
3255 1206 3376 1261 quae
3395 1190 3548 1246 odori

1961 1270 2216 1327 Ecclesiae
2235 1313 2248 1338 ,
2279 1273 2333 1328 id
2361 1285 2445 1329 est
2473 1276 2662 1344 gratiae
2699 1275 2936 1347 Spiritus
2965 1281 3138 1336 sancti
3158 1321 3174 1346 ,
3202 1296 3296 1337 seu
3324 1283 3542 1337 virtuti-

1959 1365 2061 1420 bus
2088 1376 2480 1436 comparantur
2515 1369 2916 1438 pulcherrimis.
2963 1373 3283 1428 Perseverat
3332 1389 3548 1444 semper

1961 1474 2190 1528 sponsus
2215 1462 2361 1516 vices
2398 1463 2674 1518 reddendo
2707 1463 2996 1529 Ecclesiae,
3025 1463 3166 1519 sicut
3209 1480 3331 1519 eum
3364 1464 3550 1520 Eccle-

1961 1553 2039 1608 sia
2067 1555 2380 1611 laudaverat
2423 1557 2694 1626 superius.
2739 1558 2865 1613 ldeo
2895 1559 3014 1612 ait:
3051 1574 3076 1610 α
3113 1557 3422 1614 Vulnerasti
3451 1573 3550 1614 cor

1959 1661 2162 1712 meum,
2191 1663 2349 1702 soror
2375 1664 2493 1704 mea
2510 1689 2524 1712 ,
2564 1668 2584 1702 ι
2611 1657 2667 1705 et
2691 1650 2919 1720 reliqua.

2035 1757 2054 1789 ι
2090 1737 2269 1794 Favus
2316 1740 2589 1796 distillans
2637 1740 2778 1796 labia
2822 1751 2945 1808 tua,
2976 1758 3192 1814 sponsa.
3229 1763 3249 1796 ι
3283 1743 3422 1812 Quid
3453 1760 3551 1816 per

1885 1822 1935 1884 B
1963 1844 2176 1896 ceram,
2223 1831 2327 1886 nisi
2362 1831 2634 1886 litteram?
2671 1843 2725 1888 et
2753 1847 2851 1903 per
2875 1834 3002 1898 mel,
3044 1835 3144 1890 nisi
3169 1850 3364 1891 sensus
3390 1835 3552 1906 spiri-

1961 1919 2156 2004 tualis?
2185 1920 2288 1976 Mel
2336 1922 2391 1975 in
2438 1936 2561 1977 cera
2620 1931 2705 1979 est
2751 1923 3047 1994 spiritualis
3077 1924 3382 1980 divinorum
3436 1925 3523 1980 elo

1961 2014 2211 2084 quiorum
2245 2030 2440 2072 sensus
2464 2016 2520 2070 in
2548 2016 2748 2071 littera.
2788 2016 2888 2072 Mel
2919 2031 3096 2072 ceram
3136 2016 3392 2084 distillat,
3422 2018 3549 2089 quia

1959 2107 2285 2177 multiplices
2313 2123 2505 2164 sensus
2533 2125 2670 2180 pene
2714 2109 2938 2181 singulae
2979 2111 3199 2182 pariunt
3243 2111 3546 2167 sententiae.

1959 2194 2125 2252 Labia
2151 2213 2365 2269 sponsa:
2395 2208 2522 2255 sunt
2555 2201 2810 2256 doctores
2831 2242 2846 2267 ,
2881 2201 2970 2271 qui
3009 2201 3333 2258 multifarios
3360 2218 3552 2260 sensus

1960 2292 2130 2347 sacris
2158 2292 2354 2348 litteris
2380 2293 2556 2348 inesse
2579 2295 2840 2364 pandunt.
2869 2313 2888 2348 ι
2920 2293 3024 2350 Mel
3055 2303 3110 2350 et
3131 2295 3212 2350 lac
3243 2296 3343 2350 sub
3367 2295 3551 2367 lingua

1966 2403 1984 2436 ι
2019 2393 2110 2440 tua
2128 2404 2176 2439 .›
2195 2385 2250 2440 ln
2278 2385 2416 2441 lacte
2445 2387 2676 2442 eruditio
2699 2386 3070 2458 parvulorum,
3096 2388 3150 2442 in
3178 2387 3336 2443 melle
3361 2387 3555 2443 fortior

1959 2474 2205 2530 doctrina
2243 2475 2606 2546 perfectorum
2653 2477 2916 2548 signatur.
2954 2478 3068 2533 Sub
3099 2479 3316 2551 lingua,
3367 2480 3420 2535 id
3467 2489 3554 2535 est

1963 2564 2017 2619 in
2049 2566 2400 2621 meditatione
2442 2568 2642 2622 cordis.
2686 2567 2800 2623 Non
2831 2577 2914 2624 est
2943 2583 3166 2624 necesse
3205 2570 3549 2634 subnectere,

1959 2655 2087 2724 quid
2111 2655 2234 2711 inde
2266 2655 2464 2711 Paulus
2497 2658 2772 2726 apostolus
2812 2657 3096 2728 loquatur:
3132 2677 3150 2710 ς
3188 2658 3256 2714 Et
3300 2659 3434 2713 odor
3462 2673 3552 2712 ve-

1965 2763 1983 2796 ι
2013 2745 2394 2801 stimentorum
2411 2754 2625 2802 tuorum
2646 2748 2787 2804 sicut
2805 2750 2940 2805 odor
2957 2750 3151 2805 thuris.
3175 2769 3194 2802 ι
3215 2749 3552 2804 Vestimenta

1960 2837 2215 2892 Ecclesia:
2259 2838 2399 2893 bona
2447 2847 2573 2895 sunt
2604 2838 2722 2908 ejus
2766 2855 2962 2910 opera,
3003 2856 3124 2910 qua:
3171 2840 3324 2895 odori
3378 2839 3552 2896 thuris

1959 2935 2345 2998 comparantur
2375 2945 2389 2982 :
2431 2929 2559 2998 quia
2594 2938 2790 2986 cuncta
2819 2947 2942 3001 quae
2972 2938 3160 2986 sancta
3190 2945 3291 3001 pro
3317 2930 3548 2986 Domino

1959 3021 2072 3091 agit
2099 3020 2340 3076 Ecclesia
2361 3061 2376 3086 ,
2398 3021 2709 3076 orationum
2741 3038 2840 3092 pro
2875 3039 2939 3078 ea
2970 3023 3146 3078 vicem
3179 3023 3428 3078 reddunt.
3458 3022 3550 3078 ln-

1961 3112 2277 3182 telliguntur
2301 3113 2500 3168 etenim
2526 3113 2848 3170 vestimenta
2880 3113 3134 3171 Ecclesiae
3160 3115 3328 3185 ipsius
3357 3116 3550 3186 praedi-

221 3285 224 3288 .
265 3218 536 3273 montium
557 3259 572 3284 ,
607 3219 661 3274 id
691 3228 774 3274 est
800 3219 1137 3290 principibus
1167 3191 1473 3292 iniquorum
1506 3241 1516 3274 :
1545 3221 1672 3292 quia
1695 3223 1761 3278 de
1787 3223 1859 3277 la-
1885 3191 1931 3255 θ
1961 3214 2205 3271 calores,
2246 3221 2412 3277 Ρυτθδ
2449 3206 2517 3259 ad
2560 3206 2846 3262 Dominum
2894 3208 3232 3278 mundas‘lue
3277 3209 3552 3265 ιηίῑῑθηιεε

263 3311 406 3366 bore
435 3312 746 3366 certaminis
770 3313 968 3368 crescit
995 3329 1196 3369 corona
1225 3314 1430 3387 gloriae.
1458 3313 1636 3368 Aliter
1661 3333 1673 3368 :
1699 3314 1860 3370 Liba-

264 3418 412 3468 nus,
458 3411 519 3456 ut
561 3403 763 3458 dictum
798 3413 912 3471 est,
944 3405 1246 3460 candidatio
1295 3406 1706 3476 interpretatur.
1745 3403 1859 3460 Nisi

267 3496 418 3552 enim
446 3497 567 3566 quis
596 3512 693 3568 per
719 3499 1009 3553 candorem
1043 3500 1183 3554 sacri
1210 3499 1551 3570 baptismatis
1578 3498 1859 3553 remissio-

268 3603 400 3644 nem
427 3600 777 3660 peccatorum
805 3593 1112 3662 acceperit,
1143 3593 1211 3647 ad
1236 3591 1514 3647 Christum
1539 3592 1724 3646 venire
1752 3606 1859 3646 non

265 3687 473 3750 potest.
503 3677 665 3734 Sanir
708 3681 1094 3751 interpretatur
1119 3684 1262 3738 enim
1307 3683 1520 3737 lucerna
1552 3699 1571 3737 :
1618 3683 1856 3747 Amana,

268 3768 526 3838 iniquitas
557 3781 576 3820 :
607 3768 843 3827 Hermon
875 3789 1005 3828 vero
1031 3776 1374 3829 consecratio.
1405 3775 1536 3843 Qum
1562 3776 1744 3831 omnia
1775 3790 1858 3831 re-

269 3861 526 3917 feruntur
546 3863 612 3917 ad
639 3864 911 3920 Christum
937 3907 953 3932 ,
982 3867 1076 3937 qui
1105 3883 1242 3938 quos
1270 3877 1392 3937 post
1419 3868 1761 3938 iniquitatem
1791 3866 1859 3922 il-

269 3953 544 4022 luminat,
574 3967 890 4024 consecrat,
931 3959 1184 4030 ipsosque
1213 3970 1458 4016 coronat.
1485 3961 1563 4017 De
1593 3961 1860 4017 cubilibus

267 4044 495 4101 leonum
526 4048 780 4115 veniunt,
812 4050 902 4119 qui
928 4051 994 4105 de
1034 4067 1219 4123 regum
1258 4052 1674 4122 principumque
1699 4051 1861 4122 hujus

271 4141 462 4196 πευιί
491 4141 736 4197 domibus
763 4143 830 4198 ad
860 4143 1017 4199 ﬁdem
1045 4154 1291 4199 currunt.
1323 4144 1399 4200 De
1424 4144 1730 4209 montibus,
1772 4143 1857 4197 in-

273 4233 428 4302 quit,
456 4235 778 4304 pardorum,
824 4236 916 4305 qui
968 4236 1155 4291 relicta
1203 4236 1436 4292 elatione
1475 4236 1742 4306 superbiae
1776 4234 1860 4290 vel

273 4327 612 4383 diversorum
646 4330 1086 4400 philosophorum
1137 4331 1458 4397 traditione,
1505 4332 1776 4403 simplices
1806 4339 1860 4388 et

274 4420 512 4476 humiles
535 4432 768 4492 pergunt
795 4425 862 4480 ad
893 4422 1189 4480 Christum.

356 4530 376 4563 ο
414 4509 724 4568 Vulnerasti
753 4528 847 4568 cor
872 4531 1049 4572 meum
1069 4557 1084 4582 ,
1118 4532 1274 4572 soror
1298 4533 1416 4574 mea
1433 4559 1447 4583 ,
1483 4534 1680 4590 sponsa
1699 4560 1715 4586 ,
1741 4519 1860 4575 vul-
1885 4556 1942 4619 Β

281 4625 304 4659 ι
347 4606 553 4662 nerasti
594 4622 692 4662 cor
725 4623 924 4662 meum.
966 4610 1068 4664 »1η
1096 4610 1471 4668 vulneratione
1525 4612 1707 4668 cordis
1745 4627 1862 4668 ma-

275 4697 505 4769 gnitudo
531 4699 733 4753 amoris
773 4699 977 4754 Christi
1024 4701 1077 4754 in
1119 4701 1358 4756 Ecclesia
1389 4703 1726 4776 intelligitur.
1757 4724 1774 4757 ‹
1801 4705 1862 4760 In

282 4806 304 4840 ι
337 4803 449 4842 uno
479 4788 757 4843 oculorum
791 4797 1033 4853 tuorum,
1066 4801 1120 4845 et
1151 4791 1204 4846 in
1238 4809 1346 4848 uno
1373 4794 1525 4849 crine
1553 4794 1673 4850 colli
1705 4796 1800 4852 tui.
1837 4815 1856 4847 ι

275 4877 336 4932 Id
392 4887 475 4933 est
519 4879 573 4933 in
619 4880 824 4935 unitate
856 4890 1045 4936 sancta
1073 4883 1385 4950 doctorum,
1419 4895 1473 4941 et
1499 4886 1551 4940 in
1580 4903 1687 4941 uno
1712 4887 1862 4944 crine

279 4967 407 5023 colli
447 4969 552 5034 tui,
583 4969 632 5023 id
663 4971 818 5024 estin
850 4973 1056 5027 unitate
1079 4972 1167 5042 pia
1196 4973 1448 5042 subjectae
1477 4975 1648 5046 plebis
1668 5017 1682 5040 ,
1705 4976 1757 5032 id
1780 4984 1864 5032 est

275 5059 532 5115 crinium.
564 5061 695 5115 Item
731 5079 744 5114 :
772 5062 829 5117 in
859 5063 948 5119 illo
981 5065 1162 5135 itaque
1183 5065 1340 5120 oculo
1369 5065 1623 5123 Ecclesiae
1649 5067 1864 5125 Christo

277 5151 642 5221 complacuit,
675 5169 781 5224 quo
825 5174 932 5212 non
975 5160 1322 5230 temporalia,
1356 5161 1450 5217 sed
1479 5170 1682 5217 aeterna
1734 5178 1865 5218 con-

275 5245 477 5313 spexit.
525 5241 678 5300 Unde
720 5247 1004 5304 Psalmista
1045 5267 1057 5303 :
1093 5269 1110 5302 ‹
1151 5251 1324 5307 Unam
1367 5254 1497 5322 petii
1535 5269 1565 5307 a
1601 5253 1860 5320 Domino,

277 5336 425 5393 hanc
465 5339 737 5408 requiram
767 5355 781 5394 :
814 5351 873 5396 ut
902 5341 1200 5400 inhabilem
1226 5346 1279 5400 in
1307 5327 1471 5400 domo
1508 5345 1718 5401 Domini
1747 5362 1864 5402 om-

280 5429 445 5484 nibus
473 5429 662 5486 diebus
688 5431 809 5488 vitae
849 5450 982 5490 mea:
1021 5455 1038 5488 ›
1074 5433 1247 5507 (Psal.
1278 5437 1448 5507 xxvi).
1495 5456 1514 5488 ι
1549 5437 1615 5492 Et
1657 5439 1709 5493 in
1757 5455 1863 5496 uno

285 5522 439 5576 crine
479 5524 635 5589 colli,
671 5545 689 5576 ι
745 5527 835 5596 qui
887 5544 993 5582 non
1045 5529 1227 5583 ornari
1271 5529 1574 5586 visibilibus
1621 5533 1862 5599 studuit,

282 5613 380 5667 sed
407 5617 644 5670 aeternis.
673 5619 804 5685 Quae
832 5619 1072 5676 Ecclesia
1091 5661 1106 5686 ,
1155 5637 1310 5676 soror
1339 5623 1540 5678 Christi
1577 5625 1782 5694 pariter
1811 5636 1866 5682 et

280 5717 481 5772 sponsa
509 5713 610 5760 est.
650 5707 858 5777 Sponsa
900 5709 1104 5765 scilicet
1132 5725 1230 5782 per
1257 5711 1414 5767 ﬁdem
1438 5753 1452 5780 ,
1483 5728 1639 5769 soror
1666 5731 1762 5786 per
1784 5715 1866 5771 di-

280 5793 592 5851 lectionem.

1959 3297 2252 3353 orationes.

2040 3408 2058 3440 (
2099 3387 2302 3444 Hortus
2339 3388 2658 3453 conclusus,
2707 3403 2863 3445 soror
2885 3403 3029 3458 mea,
3078 3405 3310 3462 sponsa,
3359 3391 3550 3446 hortus

1967 3501 1987 3536 ‹
2024 3484 2344 3549 conclusus,
2396 3484 2517 3538 t'ons
2563 3483 2828 3553 signatus.
2868 3504 2887 3538 ι
2943 3483 3206 3555 Superius
3248 3485 3301 3540 in
3351 3484 3548 3556 prmia-

1963 3575 2112 3629 tione
2139 3576 2461 3630 succinctim
2491 3574 2764 3643 disputare
2789 3576 3148 3632 decrevimus.
3182 3575 3383 3632 Hortus
3422 3593 3554 3633 con-

1961 3667 2145 3723 clusus
2171 3668 2410 3724 Ecclesia
2439 3681 2523 3726 est
2549 3691 2561 3726 :
2585 3669 2906 3736 conclusus,
2941 3670 3068 3740 quia
3115 3670 3325 3726 Domini
3365 3681 3551 3742 prote-

1962 3759 2140 3814 ctione
2166 3761 2395 3827 munita,
2429 3763 2484 3816 in
2515 3775 2704 3818 sancta
2735 3759 2987 3818 consistit
3016 3760 3148 3828 ﬁde;
3184 3761 3396 3828 hortus,
3425 3762 3553 3831 quia

1961 3847 2256 3904 multifaria
2283 3851 2642 3922 spiritualium
2674 3870 2898 3925 operum
2923 3853 3167 3925 germina
3193 3853 3403 3926 gignit,
3435 3855 3551 3911 sive

1962 3951 2186 4012 propter
2209 3943 2347 4000 ﬁlios
2368 3961 2464 4016 per
2488 3946 2816 4018 baptismum
2843 3947 3150 4019 spirituales
3173 3947 3388 4016 dicitur.
3405 3948 3552 4009 Fons

1962 4045 2076 4100 est,
2106 4036 2232 4106 quia
2264 4036 2512 4092 doctrina
2553 4039 2780 4094 salutari
2808 4041 3095 4096 redundat.
3129 4040 3384 4113 Signatus
3419 4043 3554 4098 dicio

1962 4135 2053 4181 tur
2079 4140 2328 4182 sermone
2355 4127 2499 4182 ﬁdei.
3510 4147 3518 4156 κ

2040 4236 2058 4268 ‹
2099 4217 2555 4274 Εηιίεεὶοηθειυω
2581 4220 2867 4289 paradisus
2917 4236 3180 4277 maiorum
3224 4224 3546 4293 punicorum

1969 4329 1988 4360 ‹
2026 4325 2147 4365 cum
2178 4325 2459 4380 pomorum
2491 4310 2769 4367 fructibus.
2818 4331 2838 4366 ι
2873 4312 2978 4368 Per
3004 4314 3373 4386 irrigationem
3407 4317 3550 4373 sacri

1963 4403 2339 4474 baptismatis,
2367 4415 2554 4461 sancta
2583 4405 2822 4461 Ecclesia
2845 4405 3158 4477 paradisum
3183 4424 3249 4462 ex
3274 4424 3334 4464 se
3362 4410 3550 4478 mittit,

1964 4493 2093 4564 quia
2124 4494 2372 4550 homines
2397 4510 2534 4564 quos
2556 4510 2654 4566 per
2679 4505 2924 4552 sanctum
2953 4505 3176 4567 generat
3201 4497 3554 4569 baptismum,

1967 4585 2036 4639 ad
2066 4584 2343 4640 caelestem
2389 4587 2701 4657 paradisum
2733 4588 2965 4659 dirigere
2999 4590 3166 4660 cupit.
3196 4588 3333 4646 Mala
3359 4593 3555 4663 punica
3619 4597 3626 4604 ’

1967 4677 2139 4731 sancti
2170 4677 2425 4732 dicuntur
2478 4689 2781 4750 martyres;
2815 4697 3098 4751 pomorum
3136 4681 3347 4738 fructus
3385 4685 3556 4740 bono-

1965 4782 2088 4822 rum
2117 4781 2338 4838 Operum
2370 4770 2665 4826 suavitates
2695 4771 3088 4843 intelliguntur.
3121 4772 3256 4840 Quia
3287 4789 3416 4830 vero
3443 4790 3550 4828 non

1967 4860 2140 4916 solum
2192 4860 2510 4932 imperium,
2540 4863 2633 4917 sed
2676 4865 2941 4920 adventus
2971 4865 3174 4931 instat,
3209 4865 3556 4920 festinantius

1961 4951 2074 5022 jam
2133 4953 2259 5009 hinc
2307 4955 2608 5011 sententias
2654 4956 2777 5011 libri
2829 4957 3120 5028 decerpere
3152 4959 3553 5029 disposuimus,

1970 5060 2131 5117 quam
2163 5046 2410 5116 superius
2437 5047 2706 5118 protelare
2734 5049 3124 5118 ccepissemus,
3155 5064 3224 5104 ne
3252 5050 3468 5104 modum
3497 5049 3557 5104 li-

1967 5138 2094 5194 belli
2126 5139 2390 5194 excedere
2415 5140 2748 5208 videremur,
2781 5142 2940 5197 sicuti
2972 5140 3101 5197 fassi
3130 5157 3335 5196 sumus.

2048 5269 2067 5302 α
2105 5249 2314 5323 Cyprus
2340 5268 2462 5308 cum
2495 5255 2694 5321 nardo,
2737 5257 2941 5311 nardus
2983 5271 3104 5310 cum
3147 5270 3343 5321 croco,
3376 5257 3556 5314 ﬁstula

1973 5362 1992 5394 ‹
2031 5351 2086 5396 et
2119 5343 2543 5400 cinnamomum.
2580 5366 2599 5399 ι
2640 5345 2852 5419 Cyprus
2891 5348 3053 5403 arbor
3096 5350 3392 5404 aromatica
3441 5360 3552 5418 est,

1973 5435 2287 5508 signiﬁcans
2333 5439 2574 5496 caelestis
2605 5440 2794 5512 gratiae
2843 5440 3289 5495 benedictionem.
3349 5441 3557 5500 Nardns

1973 5530 2267 5586 Dominicaa
2293 5532 2562 5600 passionis
2605 5541 2791 5603 typum
2839 5539 3003 5587 tenet.
3039 5532 3245 5588 Crocus
3272 5535 3558 5595 charitatis

1976 5624 2243 5679 fervorem
2277 5627 2549 5696 exprimit.
2581 5624 2937 5696 Conjnngitur
2977 5641 3178 5699 cyprus
3205 5627 3408 5696 nardo,
3433 5645 3557 5685 cum

1977 5716 2156 5771 divina
2187 5718 2360 5786 gratia
2409 5717 2678 5771 coufortat
2723 5732 2824 5772 nos
2859 5715 3076 5773 Christo
3120 5721 3376 5791 compati.
3423 5721 3556 5777 Item

1978 5810 2179 5864 nardus
2201 5825 2322 5865 cum
2364 5823 2526 5864 croco
2555 5809 2918 5883 conjungitur,
2942 5827 3064 5868 cum
3095 5826 3190 5890 per
3235 5813 3556 5874 charitatem
