4078 6340
233 312 352 401 81%

1292 316 1299 325 ’
1382 316 1647 387 ENAliii.
1686 321 1753 383 ΙΝ
1790 320 2086 384 CANTICA
2124 322 2394 387 CAN'HU.
2470 332 2475 337 ⁷

231 446 413 508 tionis
435 428 694 507 studium.
720 446 821 505 Cui
860 445 1180 520 provocanti
1206 443 1275 500 ad
1318 442 1559 498 laborem
1595 439 1821 496 docendi
1857 440 1911 502 Α
1935 439 2014 494 sia
2041 439 2319 510 pessulum
2347 453 2548 511 sponso
2577 440 2825 513 aperuit:
2859 440 2987 513 quia
3009 441 3273 514 templum
3306 443 3392 515 sui
3423 460 3523 518 pe-

234 540 526 613 respondit
548 538 791 595 Ecclesia
821 552 836 592 :

317 655 335 685 ι
360 631 669 702 Exspoliavi
685 643 780 685 me
799 628 978 684 tunica
996 643 1140 694 mea,
1157 626 1426 697 quomodo
1453 624 1648 679 induar
1668 623 1757 679 illa
1773 625 1826 678 ’ξι

238 724 320 780 Ac
371 724 417 779 si
459 730 643 792 aperte
681 722 863 777 dicat:
897 718 1123 775 Deserui
1170 718 1385 788 negotia
1432 715 1709 772 saecularia
1757 715 1831 769 tui

234 828 428 877 causa,
458 812 733 884 quomodo
780 820 1023 881 repetam
1058 804 1185 864 illa?
1236 827 1254 860 ‹
1288 806 1413 863 Lavi
1450 809 1614 879 pedes
1640 820 1790 862 meos
1814 847 1830 873 ,

240 924 260 957 ι
299 907 574 977 quomodo
595 900 1058 973 inquinabbiilosli
1090 914 1109 953 ο
1130 901 1282 957 idest
1296 901 1408 971 jam
1439 904 1662 955 scutula:
1686 912 1834 954 eom-

232 1000 553 1073 punctionis
580 998 798 1055 ﬂetibus
828 997 975 1053 ablui
1019 996 1380 1068 cogitationes
1404 1002 1674 1060 terrenas,
1699 1002 1834 1063 quo-

230 1094 405 1149 ‘rnodo
444 1091 630 1149 mundi
662 1086 916 1148 soi-dibus
966 1090 1166 1146 lterum
1195 1089 1444 1160 polluat?
1470 1088 1608 1156 Quia
1632 1087 1832 1159 praedi-

233 1186 476 1242 cationis
503 1180 736 1241 ofﬁcium
784 1184 906 1241 sine
931 1183 1291 1253 occupatione
1327 1180 1573 1238 saeculari
1619 1181 1708 1236 vix
1738 1192 1834 1251 po-

230 1284 353 1336 test
375 1290 516 1336 esse.
546 1262 757 1334 Aliter:
790 1276 1114 1334 Sacerdotes
1148 1277 1205 1332 in
1225 1273 1490 1340 Ecclesia,
1518 1275 1611 1345 qui
1639 1273 1693 1329 in
1718 1273 1835 1344 ipsa

207 1346 663 1443 “congregatione
711 1360 949 1424 ildelium
974 1409 989 1433 ,
1046 1374 1391 1423 sacramenta
1420 1362 1659 1421 visibilia'
1682 1362 1835 1418 mini-

236 1462 446 1529 strant,
497 1461 645 1518 velut
675 1462 892 1532 quidam
933 1456 1172 1516 cincirmi
1204 1458 1260 1513 in
1285 1460 1609 1512 ornamento
1632 1453 1835 1510 deseris

232 1553 470 1610 buntur.
519 1546 631 1609 Sed
668 1552 796 1623 quia
820 1548 1144 1623 plerumque
1188 1545 1542 1603 mortalitatis
1580 1544 1738 1614 hujus
1758 1543 1836 1599 vi-

232 1638 365 1708 ctis,
410 1644 499 1699 vel
544 1644 892 1699 tenebrarum
932 1638 1194 1710 operibus
1246 1637 1629 1703 ubinscantur,
1686 1634 1834 1689 velut

230 1734 413 1807 guttis
448 1730 688 1791 noctium
714 1732 1059 1804 praegravati,
1112 1728 1331 1787 Ciiristo
1359 1727 1519 1798 quasi
1554 1726 1835 1782 adhaerere

1937 533 2106 589 ctoris
2152 534 2333 589 divina
2381 534 2692 591 visitatione
2749 542 2804 591 et
2855 535 3251 594 lnhabitatione
3297 540 3520 612 dignum

1935 623 2084 681 facit.
2122 642 2144 678 ι
2176 626 2249 681 At
2276 624 2366 683 ille
2395 627 2757 684 declinaverat
2791 637 2952 699 atque
2989 622 3297 686 transierat.
3330 650 3350 685 ι
3385 623 3522 701 Quia

1934 719 2066 775 nulli
2092 720 2147 775 in
2177 721 2281 777 hac
2311 721 2423 777 vita
2450 721 2613 793 plena
2635 721 2773 777 visio
2801 721 2919 787 Dei,
2940 722 3079 778 sicut
3114 724 3167 777 in
3196 723 3377 781 futuro
3397 736 3526 781 conl-

1933 814 2163 879 ceditur,
2197 815 2319 871 ideo
2342 816 2581 872 transire
2628 815 2850 881 dicitur,
2881 817 3007 888 quia
3042 817 3097 873 in
3144 816 3328 875 futuro
3355 834 3415 875 se
3444 820 3525 875 vi-

1934 907 2168 963 nendum
2213 915 2269 963 et
2292 908 2685 979 perimendum
2734 909 2950 980 plenius
2990 912 3250 968 ostendit.
3284 929 3305 967 ι
3330 911 3526 969 Anima

1936 1020 1959 1053 ε
1990 1014 2111 1057 mea
2132 1002 2423 1072 liquefacta
2455 1013 2558 1070 est,
2598 1011 2659 1058 ut
2686 1000 2916 1059 dilectus
2954 1004 3165 1061 loeutus
3190 1014 3294 1060 est.
3334 1024 3354 1058 ι
3390 1004 3525 1062 Pen-

1933 1096 2147 1151 severat
2166 1090 2407 1152 Ecclesia
2436 1097 2491 1151 in
2510 1097 2876 1152 admiratione
2896 1098 2981 1153 sui
3020 1099 3277 1169 stuporis.
3308 1098 3526 1167 Quanto

1932 1189 2176 1254 suavius,
2209 1188 2404 1261 inquit,
2438 1204 2627 1246 vocem
2655 1196 2817 1261 atque
2844 1188 3304 1261 propinquitatem
3342 1190 3522 1248 dilecti

1934 1280 2041 1336 mei
2068 1281 2273 1351 accepi,
2303 1289 2454 1337 tanto
2475 1280 2760 1337 sublimius
2781 1276 3045 1352 quidquid
3082 1281 3140 1336 in
3164 1294 3253 1337 me
3278 1293 3399 1338 erat
3425 1281 3525 1339 tri-

1933 1370 2139 1444 ‘gidum,
2167 1372 2433 1427 charitate
2455 1373 2701 1439 incaluit,
2725 1381 2783 1428 et
2798 1372 3062 1443 quidquid
3080 1374 3336 1445 rigidum,
3358 1374 3529 1446 lique-

1932 1460 2055 1516 fuit.
2096 1480 2116 1513 ι
2152 1461 2389 1530 Ωιιωείνί
2428 1463 2576 1518 illum
2620 1471 2677 1519 et
2721 1476 2830 1518 non
2860 1464 3063 1519 inveni.
3100 1478 3119 1514 δ
3154 1463 3292 1532 Quia
3323 1465 3527 1521 donum

1934 1553 2372 1623 compunctionis
2395 1562 2451 1609 et
2474 1552 2778 1609 dulcedinis
2810 1554 3017 1611 intima
3054 1570 3163 1610 non
3187 1558 3414 1613 arbitrio
3439 1565 3527 1614 est

1934 1644 2157 1710 volenti,
2186 1645 2283 1699 sed
2312 1645 2367 1699 in
2392 1645 2743 1701 miseratione
2765 1645 2965 1702 dantis.
3012 1644 3142 1702 ideo
3168 1662 3277 1713 non
3313 1662 3529 1719 semper

1938 1734 2139 1790 habent
2166 1734 2295 1789 illud
2328 1735 2631 1805 aequaliter,
2675 1736 2803 1806 quia
2846 1751 2954 1791 non
2992 1737 3067 1791 ita
3107 1752 3168 1794 se
3197 1737 3356 1794 oilert
3386 1739 3528 1796 Deus

233 1805 513 1886 iidentur.
545 1828 651 1884 Sed
679 1829 806 1899 quia
852 1825 1104 1882 eumdem
1130 1822 1413 1881 curiatum
1462 1832 1570 1878 non
1618 1821 1834 1877 sincere
1856 1805 1909 1867 Β
1932 1825 1990 1880 in
2021 1825 2214 1881 exsilio
2242 1823 2639 1891 laborantibus,
2686 1805 2956 1895 quomodo
2982 1825 3042 1881 in
3078 1828 3259 1897 patria
3298 1840 3527 1901 regnan-

230 1920 583 1986 annuutiant,
600 1926 883 1990 propterea
911 1928 1009 1990 pro
1032 1914 1227 1971 talibus
1252 1908 1616 1986 ingemiscens
1634 1913 1829 1968 subse-

226 2015 447 2085 ‘quitur.
487 2028 506 2067 t
538 2010 779 2085 Spoliavi
807 2024 892 2069 me
921 2012 1103 2068 tunica
1132 2008 1279 2077 inea,
1318 2008 1600 2080 quomodo
1638 2002 1834 2063 induar
1930 2022 1935 2027 '

228 2106 371 2164 illa?
394 2104 524 2163 Lavi
557 2109 722 2180 pedes
766 2114 940 2171 meos,
983 2104 1254 2177 quomodo
1294 2100 1589 2174 inquinabo
1616 2100 1826 2157 illos“

230 2196 345 2255 hoc
373 2204 478 2264 est,
504 2196 729 2253 Veniens
750 2194 818 2252 ad
848 2196 1008 2252 iidem
1028 2194 1142 2267 jam
1166 2198 1408 2249 veterem
1435 2192 1714 2248 hominem
1741 2204 1828 2247 se-

228 2288 477 2346 cundum
506 2290 789 2360 pristinam
819 2289 1288 2345 cnnversationem
1323 2286 1570 2360 deposui,
1601 2292 1656 2342 et
1680 2280 1829 2341 indui

164 2450 173 2456 .
222 2380 460 2445 "novum,
492 2384 549 2438 et
579 2383 623 2438 si
663 2382 794 2454 quid
818 2378 1077 2453 ‘contagi’i,
1127 2382 1255 2436 dum
1304 2379 1359 2434 in
1388 2378 1619 2434 terrenis
1642 2374 1831 2432 ambo:

228 2472 431 2540 larem,
474 2473 700 2545 pedibus
722 2472 859 2529 meis
887 2474 1140 2539 acceSsit,
1172 2468 1391 2527 Christo
1414 2470 1656 2538 lavaute,
1680 2469 1830 2524 abin.

226 2556 353 2620 tum
383 2572 488 2635 est,
512 2556 566 2621 et
595 2574 739 2622 nunc
764 2560 1051 2621 ministros
1074 2556 1541 2621 sacramentorum
1566 2574 1664 2633 per
1690 2564 1829 2631 quos

220 2652 479 2712 ordinari
500 2652 750 2723 debeam,
786 2654 1103 2713 carnalibus
1140 2654 1376 2712 infectos
1413 2655 1562 2710 vitiis
1607 2655 1827 2725 conspi-

224 2749 339 2805 cio.
370 2746 624 2819 Nunquid
668 2756 883 2819 aequum
910 2750 1003 2805 est
1048 2744 1264 2805 rursum
1293 2758 1390 2819 per
1416 2760 1606 2804 eorum
1640 2760 1824 2805 exem-

222 2836 324 2913 pla
376 2841 514 2898 male
560 2838 791 2898 vivendo
822 2840 1103 2912 inquinari
1140 2852 1175 2896 a
1216 2840 1466 2912 pristinis
1516 2848 1604 2895 me
1646 2838 1827 2911 patiar

220 2928 430 2989 anatis?

312 3038 332 3075 ι
373 3018 609 3080 Dilectus
624 3026 777 3080 meus
794 3022 944 3078 misit
964 3022 1189 3077 manum
1214 3032 1368 3077 suam
1396 3032 1494 3093 per
1512 3019 1813 3077 foramen.i

220 3112 453 3172 Manum
503 3116 701 3186 quippe
754 3128 906 3172 suam
953 3112 1182 3171 dilectus
1224 3126 1320 3186 per
1349 3113 1594 3171 {crumen
1637 3113 1820 3182 mittit,

1936 1916 2098 1972 tibus.

2012 2034 2033 2080 δ
2069 2026 2397 2085 invenerunt
2438 2032 2527 2086 tne
2556 2029 2808 2086 custodes
2833 2030 2929 2101 ‘qul
2956 2026 3297 2086 circuitieunt
3336 2030 3525 2088 civita-

1934 2126 1961 2173 ἱ
1988 2128 2118 2188 tem,
2154 2129 2542 2190 percusserunt
2566 2134 2654 2177 me
2678 2124 2735 2177 et
2774 2121 3197 2178 vulneraverunt
3244 2136 3351 2189 me,
3380 2123 3518 2181 tule-

1939 2220 2118 2269 rrunt
2164 2210 2389 2285 pallium
2446 2224 2623 2269 meum
2674 2213 2807 2269 mihi
2847 2213 3103 2270 custodes
3154 2218 3517 2272 murorum.i

1931 2300 2197 2359 Custodes
2222 2304 2484 2369 civitatis,
2533 2304 2587 2360 id
2634 2310 2720 2360 est
2748 2303 3003 2360 Ecclesia
3055 2304 3231 2361 sancti
3276 2306 3527 2364 doctores

1928 2398 2077 2461 Sunt,
2103 2397 2193 2467 qui
2224 2389 2409 2453 sedula
2436 2398 2822 2469 praedicatione
2843 2398 3185 2454 circumeunt
3207 2400 3373 2455 corda
3405 2400 3523 2456 siu-

1928 2486 2198 2557 guiorum,
2236 2498 2291 2543 et
2313 2488 2536 2559 spiculis
2558 2488 2804 2543 scelestis
2832 2489 3036 2544 amoris
3056 2489 3365 2556 vulnerant,
3388 2496 3528 2545 etut

1926 2581 2104 2650 magis
2140 2580 2370 2634 ardeant
2398 2579 2852 2646 inilammescunt,
2888 2589 2944 2635 et
2976 2588 3203 2636 vetustas
3235 2590 3523 2637 conversat-

1924 2670 2092 2725 tionis
2114 2678 2326 2741 tegtnen
2349 2670 2430 2725 eis
2458 2671 2803 2726 subtrahunt.
2830 2669 3064 2727 Possunt
3084 2678 3139 2725 et
3158 2686 3257 2742 per
3274 2672 3527 2729 custodes

1926 2760 2167 2816 civitatis
2210 2761 2395 2816 saeculi
2438 2759 2597 2829 hujus
2640 2761 2865 2834 intelligi
2914 2770 3227 2832 potestates,
3260 2764 3352 2834 qui
3405 2776 3523 2821 rem

1924 2852 2197 2922 publicam
2243 2852 2392 2908 velut
2419 2854 2710 2923 quamdam
2738 2854 3015 2909 civitatem
3060 2866 3253 2927 regere
3290 2871 3523 2912 noscun-

1929 2953 2035 2999 tur.
2062 2943 2127 2998 Hi
2149 2944 2292 2999 enim
2320 2944 2545 3000 electam
2573 2944 2869 3001 Ecclesium
2889 2947 2944 3001 in
2968 2946 3281 3018 primordiis
3300 2948 3521 3007 Christo

1924 3032 2236 3091 credentem
2290 3036 2840 3105 comprehendentes,
2908 3034 3083 3109 plagis
3130 3046 3189 3094 et
3235 3038 3523 3110 suppliciis

1920 3126 2073 3181 illam
2127 3126 2581 3193 det/astnverunt,
2632 3128 3057 3198 sacerdotesque
3106 3136 3168 3184 et
3240 3130 3521 3187 ministros

224 3206 357 3266 'cum
382 3204 481 3264 n'os
510 3204 768 3265 Dominus
794 3198 1001 3265 Occulta
1035 3206 1375 3266 invisibiliter
1400 3211 1821 3292 compunctione
1846 3189 1897 3254 εἶ
1926 3216 2073 3273 unus
2112 3216 2508 3283 imminentes,
2560 3189 2721 3289 quasi
2772 3189 3042 3290 ιιιιοάιέιῃ
3091 3217 3315 3300 pallium
3354 3232 3520 3275 an..-

222 3300 303 3357 "ad
361 3312 497 3373 opus
541 3302 800 3358 virtutum
846 3298 1115 3369 accendit,
1148 3300 1325 3372 ‘atque
1369 3289 1473 3373 pe'r
1518 3312 1728 3357 arctam
1770 3311 1827 3357 et

228 3392 522 3470 ‘angustain
564 3392 707 3451 viam
756 3396 821 3451 ad
853 3394 1018 3467 regna
1046 3397 1307 3452 caalorum
1356 3395 1594 3452 transire
1643 3390 1820 3462 do‘ce't,

230 3489 502 3561 nobisque
526 3490 581 3545 in
611 3490 930 3544 memoriam
964 3496 1185 3544 revocat
1233 3487 1505 3558 quomodo
1533 3492 1589 3543 et
1620 3494 1824 3557 quanta

228 3584 302 3638 de
334 3580 458 3637 sinu
487 3583 658 3655 patris
701 3582 1037 3638 descendens
1078 3588 1177 3654 pro
1204 3582 1367 3637 nobis
1415 3589 1561 3638 esset
1606 3588 1819 3652 passus.

230 3680 257 3729 ἢ
292 3676 363 3731 Et
409 3682 595 3730 Venter
620 3688 773 3730 meus
819 3672 1099 3729 intremuit
1127 3672 1194 3729 ad
1225 3680 1431 3730 tactum
1464 3673 1601 3744 ejus.
1643 3690 1661 3725 ι
1692 3666 1825 3728 Haec

220 3765 481 3823 rccoiens
526 3764 716 3820 intima
757 3763 1087 3820 conscientia
1133 3772 1366 3834 sponsa,
1428 3766 1542 3819 tuta
1592 3774 1824 3836 expave-

230 3873 418 3923 scens,
440 3856 712 3927 pigritiam
734 3856 935 3927 quietis
958 3866 1222 3911 accusans
1253 3854 1321 3910 ad
1358 3854 1602 3912 laborem
1629 3852 1820 3926 piandi-

231 3947 468 4005 eationis
492 3944 735 4002 festinat.
782 3936 1097 4002 litoraliter:
1126 3942 1370 4002 Dilectus
1405 3956 1626 4001 manum
1666 3954 1822 4001 suam

229 4050 333 4110 per
364 4037 603 4093 foramen
630 4036 820 4105 mittit,
844 4036 1069 4107 quando
1089 4036 1291 4093 virtute
1318 4048 1417 4092 sua
1434 4030 1698 4092 Dominus
1722 4038 1822 4091 nd-

234 4140 413 4188 Strom
446 4128 682 4185 animiim
721 4142 819 4201 per
857 4128 1107 4186 Subtiiem
1148 4130 1484 4186 intelleCtum
1532 4126 1728 4201 pulsat.
1758 4124 1827 4186 Et

232 4230 431 4277 venter
464 4221 523 4276 in
564 4226 713 4276 tactu
760 4212 905 4277 illius
930 4221 1317 4285 contremiscit,
1366 4221 1493 4293 quia
1537 4218 1829 4277 inﬁrmitds

236 4323 426 4371 nostra
454 4330 554 4386 per
570 4313 678 4370 bo‘c
700 4315 842 4386 quod
869 4312 1107 4370 omissus
1130 4312 1309 4385 gaudii
1332 4313 1612 4368 intellectu
1645 4314 1824 4384 tangi-

212 4404 350 4475 ‘tur,
384 4406 500 4478 ipsa
525 4422 619 4464 sua
657 4408 1020 4465 exsanatione
1044 4402 1325 4470 turbatur,
1359 4412 1413 4461 et
1456 4406 1518 4461 iit
1560 4406 1613 4461 in
1645 4416 1825 4463 mente

238 4518 413 4577 pavor
450 4504 503 4559 in
551 4501 757 4571 laetitia,
800 4502 925 4574 quia
971 4502 1083 4571 jam
1143 4502 1308 4558 sentit
1335 4498 1478 4573 quod
1508 4502 1574 4558 de
1614 4502 1826 4559 caelesti

239 4594 441 4669 gaudio
472 4594 675 4667 diligat,
721 4603 776 4650 et
817 4594 994 4650 adhuc
1038 4593 1233 4649 metuit
1268 4606 1335 4647 ne
1377 4608 1482 4647 non
1534 4594 1823 4664 percipiat,

240 4676 387 4761 quod
434 4689 524 4743 vix
581 4686 815 4744 tenuiter
843 4687 1025 4744 sentit.
1074 4682 1223 4756 Quid
1279 4686 1444 4758 igitur
1473 4694 1666 4753 restat,
1721 4688 1828 4743 nisi

240 4776 388 4852 quod
411 4780 658 4849 sequitur
690 4798 702 4834 :

319 4894 338 4927 ε
385 4868 610 4929 Surrexi
646 4870 705 4928 u't
744 4868 1013 4944 aperirem
1044 4864 1241 4929 dilecto
1269 4886 1389 4927 meo
1420 4886 1434 4926 :
1465 4854 1657 4927 Manus
1698 4888 1831 4928 mete

245 4987 266 5021 ι
306 4962 707 5024 distillaverunt
757 4962 1058 5039 myrrham,
1094 4974 1148 5021 et
1180 4960 1332 5038 digiti
1371 4965 1474 5021 mei
1505 4965 1648 5038 pleni
1682 4956 1831 5037 myr-

245 5083 267 5116 σ
304 5062 406 5118 rba
432 5056 834 5132 probatissima.
874 5058 895 5112 ἰ
937 5056 1053 5115 Vni
1100 5066 1182 5114 est
1212 5073 1443 5130 sponsae.
1486 5056 1723 5131 Surgere
1753 5067 1837 5114 est

238 5148 312 5212 ad
340 5152 617 5209 Christum
654 5148 827 5209 'cdrde
882 5151 1155 5223 evigilare.
1204 5148 1430 5223 Aperirc
1477 5150 1561 5207 est
1609 5152 1835 5208 verbum

242 5240 341 5303 Dci
368 5234 688 5317 praedicare,
716 5234 803 5301 vel
842 5240 1033 5315 puram
1069 5241 1441 5301 confusionem
1475 5243 1741 5316 proferre.
1772 5240 1833 5301 in

245 5337 501 5396 manibus
556 5328 742 5409 opera,
768 5330 829 5392 in
884 5334 1067 5409 digitis
1118 5332 1375 5392 discretio
1401 5334 1668 5407 signatur,
1719 5336 1836 5391 sive

248 5428 537 5502 martyres.
578 5428 639 5483 in
686 5424 908 5502 myrrha
943 5426 1292 5483 mairtiilc'atio
1323 5427 1527 5493 carnis,
1574 5427 1686 5482 sive
1713 5443 1835 5498 pas-

248 5522 450 5579 siones.
483 5518 614 5588 Quce
660 5531 790 5575 tunc
815 5518 1193 5589 probatissima
1219 5526 1304 5586 est
1344 5532 1467 5573 cum
1498 5517 1837 5575 solummodo

240 5626 347 5686 pro
367 5610 636 5666 charitate
662 5592 757 5665 Dei
776 5612 842 5664 et
862 5608 1117 5680 proximi,
1146 5607 1231 5664 vel
1267 5608 1599 5664 continentia
1642 5606 1721 5674 m,
1751 5609 1835 5663 vel

243 5704 532 5778 passiones
554 5701 691 5757 fiunt

325 5813 349 5851 ς
382 5792 664 5851 Pessuium
690 5794 814 5848 ostii
836 5791 945 5848 mei
975 5791 1159 5862 aperui
1188 5789 1390 5847 dilecto
1410 5804 1552 5846 meo.
1594 5810 1613 5844 ι
1640 5790 1834 5846 Eucte-

1924 3311 2096 3366 tnenti
2121 3310 2203 3364 sui
2230 3310 2485 3366 tulerunt.

2006 3441 2024 3474 ι
2067 3418 2271 3495 Adjuro
2300 3434 2418 3489 vos,
2458 3420 2580 3478 tiliae
2596 3418 2956 3490 Hierusalem,
2990 3424 3035 3480 si
3076 3424 3399 3482 inveneritis
3431 3425 3514 3482 di-

1933 3518 1952 3568 i
1988 3516 2187 3572 lectum
2237 3532 2436 3583 meum,
2480 3526 2543 3571 ut
2580 3516 2846 3573 nuntietis
2888 3517 2938 3573 ei
2989 3518 3115 3588 quia
3179 3530 3363 3576 amore
3404 3520 3522 3577 ian-

1935 3629 1952 3661 ι
1988 3612 2143 3680 gueo.
2183 3628 2201 3661 ι
2230 3606 2359 3676 Qum
2384 3617 2512 3664 sunt
2557 3609 2680 3665 lilia:
2702 3606 3062 3678 Hierusalem,
3094 3612 3290 3668 crebro
3315 3612 3517 3673 dictum

1929 3710 2013 3758 est
2032 3721 2055 3785 (ε
2096 3702 2289 3758 merito
2333 3700 2551 3774 languet
2588 3718 2806 3774 sponsa,
2852 3720 2975 3759 cum
3020 3705 3197 3777 gladio
3236 3706 3390 3762 verbi
3422 3706 3519 3762 Dei

1924 3794 2207 3865 percussa,
2249 3790 2479 3849 actionis
2528 3796 2757 3850 terrena}
2786 3792 2935 3849 exuit
2964 3794 3240 3851 amictum.
3284 3794 3353 3851 Et
3382 3794 3520 3852 tilias

1927 3878 2385 3952 Hierusalem,‘id
2417 3896 2502 3943 est
2549 3882 2659 3943 Deo
2710 3882 2901 3959 dignas
2936 3888 3147 3946 animas
3192 3889 3423 3961 adjurat,
3458 3901 3519 3948 ut

1929 3976 2013 4036 sui
2045 3978 2245 4035 amoris
2285 3979 2717 4051 magnitudinem
2752 3981 2819 4037 ad
2860 3980 3029 4037 Deum
3086 3984 3348 4052 referant,
3374 3994 3429 4040 et
3453 3985 3522 4041 ad

1930 4060 2046 4141 ejus
2073 4066 2357 4128 videndam
2382 4068 2608 4144 gloriam
2637 4072 2932 4145 supernum
2966 4070 3068 4129 sibi
3098 4086 3329 4145 poscant
3365 4074 3495 4131 auxi

1930 4166 2085 4222 lium.

2007 4298 2027 4330 ι
2058 4277 2243 4346 Qualis
2285 4286 2370 4335 est
2397 4277 2625 4335 dilectus
2650 4287 2777 4334 tuus
2822 4292 2890 4333 ex
2930 4277 3152 4344 dilecto,
3194 4294 3228 4334 ο
3271 4279 3521 4351 pulcher-

1938 4391 1957 4425 ‹
1989 4372 2125 4427 rima
2146 4371 2456 4438 mulierum,
2483 4371 2660 4443 qualis
2689 4382 2771 4427 est
2801 4370 3030 4429 dilectus
3059 4364 3182 4429 tuus
3205 4388 3273 4429 ex
3302 4374 3518 4439 dilecto,

1939 4479 1957 4514 ι
1986 4462 2112 4531 quia
2143 4461 2221 4517 sic
2242 4461 2505 4532 adjurasli
2532 4460 2668 4517 nos?
2696 4462 2839 4521 »νοι
2864 4470 3175 4518 sanctorum
3196 4464 3519 4534 praedicato-

1852 4558 1906 4620 D
1940 4569 2061 4607 rum
2101 4553 2551 4624 iuterrogantium
2596 4562 2652 4607 et
2701 4552 2858 4609 ﬁdem
2888 4552 3141 4610 Ecclesize
3183 4570 3249 4609 ex
3278 4554 3393 4625 ejus
3434 4570 3523 4613 re-

1935 4645 2228 4714 sponsione
2272 4644 2683 4715 inquirentium,
2717 4645 2770 4700 id
2811 4653 2896 4700 est
2922 4645 3148 4701 obsecro
3181 4653 3252 4707 te,
3282 4645 3409 4716 quia
3440 4645 3521 4701 sic

1934 4735 2198 4805 adjurasti
2236 4752 2344 4801 me,
2387 4746 2445 4790 ut
2487 4751 2730 4792 amorem
2762 4751 2870 4807 quo
2902 4744 2953 4792 te
3000 4736 3348 4808 languescere
3385 4736 3522 4791 dicis

1937 4836 2070 4890 mihi
2094 4835 2368 4899 ostendas,
2392 4844 2446 4890 et
2484 4835 2661 4905 qualis
2687 4836 2761 4891 sit
2781 4835 3009 4892 dilectus
3039 4845 3164 4891 tuus
3194 4850 3261 4891 ex
3296 4835 3516 4900 dilecto,

1936 4928 1995 4985 id
2046 4937 2133 4985 est
2172 4925 2344 4982 Filius
2389 4942 2456 4982 ex
2512 4925 2704 4991 Patre,
2751 4926 2895 4991 Deus
2941 4943 3011 4983 ex
3052 4926 3197 4993 Deo,
3251 4937 3305 4982 et
3334 4941 3404 4981 ex
3456 4941 3521 4981 ea

1940 5034 2059 5088 qua-
2086 5018 2257 5087 possit
2296 5026 2452 5088 parte
2477 5017 2627 5090 diligi
2672 5026 2727 5074 et
2768 5034 2876 5075 non
2925 5018 3123 5085 timeri,
3166 5016 3519 5073 manifestas.

1908 5111 2194 5181 quoniam
2224 5130 2244 5163 ‹
2270 5108 2511 5182 perfecta
2535 5111 2776 5167 citaritas
2805 5110 2953 5167 foras
2994 5110 3161 5167 mittit
3192 5110 3460 5167 timorem.
3497 5129 3517 5167 ι

2017 5247 2035 5279 ι
2063 5226 2306 5282 Dilech
2330 5240 2486 5282 meus
2508 5226 2791 5294 candidus,
2832 5234 2889 5285 et
2930 5227 3285 5292 rubicundus,
3314 5227 3522 5287 siccus

1947 5336 1966 5369 ι
2003 5332 2069 5375 ex
2113 5316 2373 5374 millibus.
2404 5337 2423 5369 ›
2458 5317 2697 5374 Dilectus
2726 5318 3011 5383 Ecclesia,
3040 5318 3294 5376 Christus
3338 5318 3524 5375 eandi-

1940 5416 2042 5473 dus
2089 5424 2190 5481 est,
2240 5416 2367 5486 quia
2396 5417 2516 5473 sine
2542 5424 2790 5488 peccato.
2839 5415 3353 5475 Aliter:de
3390 5417 3525 5474 dici-

1940 5518 2049 5577 tur,
2090 5510 2384 5567 secndum
2414 5510 2470 5565 id
2494 5511 2638 5579 quod
2678 5526 2700 5560 ‹
2729 5509 2785 5567 in
2813 5506 3081 5581 principio
3108 5521 3227 5567 erat
3252 5509 3485 5566 Verbum
3503 5550 3519 5576 ,

1934 5606 1993 5661 et
2023 5604 2258 5660 V’e't-lmm
2283 5612 2403 5660 erat
2432 5603 2572 5673 apud
2598 5603 2787 5668 Deum,
2818 5610 2878 5657 et
2904 5601 3046 5658 Deus
3062 5611 3185 5657 erat
3213 5601 3468 5658 Verbum.
3501 5620 3520 5655 ›

1938 5698 2313 5762 Rubicundus,
2362 5697 2486 5768 quia
2516 5713 2535 5746 ι
2570 5693 2805 5751 Verbum
2831 5708 2961 5750 caro
3000 5694 3200 5750 laetum
3229 5704 3312 5751 est
3336 5705 3392 5751 ct
3422 5696 3523 5750 ba-

1934 5790 2132 5847 bitavit
2162 5790 2215 5845 in
2253 5790 2426 5845 nobis.
2460 5808 2479 5842 ›
2510 5786 2605 5842 Vel
2632 5787 2893 5844 candidus
2929 5788 2983 5842 in
3027 5786 3353 5859 virginitate,
3381 5786 3526 5844 rubi-
