4078 6340
1583 231 1944 290 ANGELOMI
1983 231 2448 290 LUXOVIENSIS
2485 233 2792 293 MONACHI

3739 241 3858 299 616

555 346 768 408 cundus
800 346 855 402 in
895 360 1156 418 sanguine
1183 346 1474 418 passionis.
1508 347 1730 402 Electus
1760 361 1828 401 ex
1874 343 2137 414 millibus,
2164 352 2215 412 Α
2241 347 2350 402 rari
2388 364 2496 404 non
2543 349 2814 416 desinunt,
2862 352 2990 422 quia
3031 367 3102 408 ao
3147 367 3310 410 omne
3351 369 3486 427 opus
3521 355 3734 412 bonum
3777 359 3858 415 ob

554 431 682 514 quia
710 439 860 494 solus
884 439 1148 493 mediator
1179 437 1274 493 Dei
1296 447 1352 494 et
1391 439 1694 494 hominum.
1847 495 1860 503 _

629 552 651 586 ι
701 532 876 602 Caput
914 530 1030 600 ejus
1089 546 1282 584 aurum
1335 531 1616 600 Optimum.
1657 551 1676 584 ›
1725 531 1899 602 Caput
1940 532 2141 590 Christi

553 625 718 683 Deus.
746 624 900 679 Sicut.
934 623 1076 678 inter
1103 623 1318 677 metalla
1353 623 1488 677 nihil
1528 624 1722 679 melius
1747 640 1901 694 auro,
1933 626 2005 680 ita
2040 642 2143 682 nec

551 715 610 770 in
639 713 907 771 creaturis
931 713 1228 784 quidquam
1271 715 1676 784 comparabitur
1713 713 1975 781 Creatori,
2012 717 2140 786 quia

553 809 702 866 solus
729 810 904 865 bonus
931 816 1013 864 est
1041 817 1096 864 et
1124 807 1381 878 optimus.
1419 828 1436 858 ι
1465 806 1646 864 Cumae
1668 807 1788 878 ejus
1817 809 1957 864 sicut
1983 809 2140 865 elatae

559 920 579 954 ι
609 901 944 974 palmarum,
981 899 1148 971 nigra:
1192 899 1348 969 quasi
1396 914 1610 955 corvus.
1659 919 1678 951 ι
1711 899 1890 955 Comae
1933 899 2141 987 Christi

553 1001 787 1049 catervae
839 996 966 1046 sunt
1007 996 1341 1056 sanctorum,
1381 1006 1501 1061 quae
1546 992 1656 1046 Deo
1687 991 1829 1046 fideli
1877 991 2140 1048 famulatu

557 1084 851 1140 adhaerent.
871 1081 1051 1137 .Elatae
1070 1082 1284 1152 palmae,
1302 1083 1456 1154 juxta
1483 1083 1611 1140 illud
1639 1083 1882 1154 Apostoli
1905 1076 1967 1138 ;’‹
1997 1083 2140 1140 Con-

554 1175 791 1232 versatio
808 1174 1060 1230 nostrain
1075 1175 1231 1230 caelis
1247 1179 1359 1246 est(
1367 1174 1507 1230 Phil.
1534 1175 1616 1246 ιιι)
1639 1195 1653 1231 :
1679 1197 1698 1229 ι
1719 1176 1896 1249 Nigrae
1915 1184 2140 1248 propter

551 1267 953 1338 despectionem
983 1265 1124 1336 apud
1165 1265 1432 1332 homines,
1466 1267 1548 1320 vel
1577 1269 1702 1337 quia
1733 1276 2050 1338 peccatores
2079 1281 2138 1323 se

549 1373 674 1414 esse
701 1366 987 1414 testantur.
1039 1357 1277 1413 Possunt
1310 1367 1365 1413 et
1401 1359 1556 1413 elata:
1587 1359 1658 1414 ob
1695 1359 1981 1414 victoriam
2011 1377 2024 1413 :
2055 1359 2138 1414 ui-

550 1469 660 1524 grte
681 1453 760 1524 .ob
783 1467 1069 1524 pressuras
1109 1452 1213 1508 dici
1241 1470 1253 1506 :
1283 1451 1546 1507 Laudavit
1573 1467 1803 1523 sponsus
1832 1453 2134 1524 pulchritu-

548 1544 729 1600 dinem
767 1559 1000 1615 sponsae,
1024 1542 1229 1600 idcirco
1257 1543 1434 1599 reddit
1464 1559 1661 1615 sponsa
1686 1545 1832 1600 vices
1860 1554 1915 1600 et
1951 1544 2137 1600 laudat

545 1651 692 1694 eum.

2243 456 2392 510 spem
2426 443 2576 514 regni
2610 443 2869 498 calorum
2915 460 3129 517 semper
3163 449 3484 518 persistunt,
3515 460 3570 506 et
3592 453 3853 523 prompti

2243 541 2368 588 sunt
2396 534 2464 588 ad
2500 535 2907 603 perficiendum.

2321 642 2339 674 ι
2379 623 2758 682 Venter'illius
2807 629 3098 698 eburneus,
3143 631 3433 690 distinctus
3474 637 3784 708 sapphiris.
3827 660 3850 692 ι

2244 715 2445 771 Venter
2471 732 2602 788 ergo
2633 719 2811 774 dilecti
2835 720 3188 793 fragilitatem
3218 725 3567 783 humanitatis
3593 728 3718 798 ejus
3748 733 3856 786 de-

2242 806 2438 878 signat.
2459 807 2624 873 Ebur,
2643 810 2894 867 decorem
2919 813 3218 884 castitatis;
3245 819 3554 889 sapphirus,
3576 821 3852 877 sublimi-

2241 905 2407 953 tatem
2432 899 2692 956 virtutum
2715 903 3038 960 caelestium.
3063 905 3364 976 Distinctus
3379 911 3672 982 sapphiris,
3705 916 3851 985 quia

2241 991 2440 1059 partim
2479 991 2715 1047 humana
2745 992 3012 1066 fragilitas
3041 997 3242 1064 esurie,
3290 1001 3605 1066 tentatione,
3637 1001 3854 1074 fatiga-

2242 1078 2408 1145 tione,
2457 1091 2632 1136 morte
2657 1097 2672 1136 :
2695 1083 2896 1152 partim
2926 1085 3107 1141 divina
3135 1087 3398 1144 celsitudo
3426 1091 3729 1157 miraculis,
3765 1109 3854 1149 re-

2241 1173 2576 1230 surrectione
2620 1185 2676 1231 et
2719 1178 3052 1234 ascensionis
3097 1180 3269 1250 gloria
3327 1182 3658 1256 intelligitur.
3701 1185 3852 1242 Pos-

2240 1271 2369 1318 sunt
2395 1279 2493 1334 per
2519 1274 2763 1322 ventrem
2792 1268 2847 1322 hi
2890 1268 2944 1322 in
2970 1284 3200 1340 corpore
3229 1271 3431 1327 Christi
3457 1274 3709 1346 intelligi,
3741 1277 3846 1347 qui

2239 1354 2525 1410 credentes
2544 1355 2599 1411 in
2623 1355 2729 1413 fide
2757 1357 2955 1413 bonum
2980 1360 3294 1429 parturiunt
3317 1378 3472 1433 opus.
3507 1365 3849 1439 lntelligitur

2240 1453 2430 1501 venter
2457 1449 2748 1514 eburneus,
2792 1451 2914 1506 fons
2959 1453 3103 1508 sacri
3147 1453 3509 1524 baptismatis,
3538 1457 3623 1513 vel
3657 1461 3838 1516 ebur-

2238 1552 2394 1603 neus,
2422 1548 2645 1610 propter
2673 1544 3136 1610 perseverantiam
3164 1546 3454 1614 castitatis,
3497 1563 3562 1604 ex
3587 1567 3694 1621 quo
3723 1569 3848 1608 om-

2238 1643 2337 1685 nes
2367 1631 2651 1689 credentes
2691 1633 2745 1688 in
2772 1633 2879 1691 fide
2931 1645 3250 1704 nascuntur,
3300 1645 3355 1693 et
3396 1654 3756 1711 perseverant
3781 1646 3842 1701 in

625 1747 644 1781 ι
674 1728 829 1786 Oculi
875 1744 995 1800 ejus
1041 1731 1186 1786 sicut
1229 1729 1494 1787 columbae
1522 1745 1684 1802 super
1723 1730 1928 1787 rivulos
1967 1745 2135 1802 aqua—
2160 1743 2209 1805 Β
2237 1721 2488 1778 caSlilale
2517 1722 2641 1778 ﬁd8i
2670 1733 2727 1780 et
2755 1726 2975 1783 mentis.

553 1843 573 1878 ι
605 1840 749 1880 rum.
785 1844 803 1876 ι
831 1824 890 1880 Id
919 1833 1001 1880 est
1025 1825 1201 1881 sancti
1229 1824 1480 1881 doctores
1507 1839 1603 1896 per
1626 1840 1762 1896 quos
1783 1824 2026 1881 Ecclesia
2050 1824 2130 1880 vi-

549 1916 642 1974 det
681 1932 802 1988 quae
848 1925 996 1973 recta
1046 1927 1174 1973 sunt
1217 1935 1228 1970 :
1263 1916 1364 1985 Qui
1419 1917 1557 1973 bene
1605 1917 1868 1973 columbae
1911 1924 2134 1988 propter

549 2008 951 2079 simplicitatem
975 2017 1030 2064 et
1060 2009 1426 2065 innocentiam
1457 2016 1861 2080 comparantur,
1885 2018 1942 2064 et
1978 2009 2130 2064 rivu-

545 2097 616 2156 lis
641 2115 906 2170 aquarum
933 2109 1154 2170 propter
1186 2101 1517 2155 charismata
1545 2099 1748 2156 divina.
1787 2118 1807 2152 ι
1835 2098 1966 2167 Quae
1992 2099 2134 2158 lacte

555 2211 576 2244 ε
608 2201 734 2247 sunt
766 2192 911 2256 lotae,
941 2201 997 2248 et
1035 2191 1277 2248 resident
1311 2189 1467 2260 juxta
1509 2190 1710 2248 ﬂuenta
1731 2191 2068 2263 plenissima.
2103 2213 2125 2247 ι

546 2280 716 2337 Lacte
744 2281 883 2338 totas
909 2282 1059 2349 dicit,
1096 2282 1149 2338 id
1179 2293 1262 2338 est
1283 2284 1456 2356 gratia
1482 2283 1794 2340 dulcissima
1817 2286 2128 2354 mundatas,

547 2376 664 2432 sive
692 2393 788 2448 per
814 2378 1141 2446 baptismum
1178 2377 1509 2448 puriﬁcatas.
1539 2377 1764 2434 Fluenta
1816 2379 2128 2450 plenissima

546 2469 787 2524 omnium
829 2469 1090 2524 donorum
1124 2469 1488 2540 spiritualium
1519 2479 1606 2527 est
1645 2471 1996 2528 abundantia.
2036 2473 2133 2530 Po-

554 2569 661 2616 test
689 2561 744 2615 in
789 2560 976 2617 rivulis
1015 2562 1216 2618 veteris
1258 2562 1389 2634 legis
1417 2563 1675 2630 eruditio,
1727 2573 1781 2620 et
1829 2566 1884 2620 in
1913 2564 2132 2624 fluentis

549 2653 864 2724 plenissima
891 2655 1153 2726 perfectio
1179 2657 1507 2728 evangelicae
1547 2658 1808 2715 doctrinae
1832 2659 2128 2732 designari,

549 2746 678 2816 quia
720 2747 894 2802 sancti
940 2747 1326 2819 praedicatores
1367 2749 1434 2805 de
1473 2749 1746 2807 thesauris
1791 2751 1906 2808 suis
1945 2751 2130 2823 profe-

547 2846 675 2892 runt
703 2853 845 2894 nova
864 2847 920 2894 et
953 2839 1137 2894 vetera
1170 2837 1387 2911 (Matth.
1411 2844 1559 2910 xui).

623 2948 643 2980 ι
671 2927 836 2984 Cena:
883 2928 1025 2985 illius
1063 2931 1205 2986 sicut
1230 2931 1427 2986 areola:
1455 2941 1784 3001 aromatum,
1835 2933 2059 2990 consita:
2096 2949 2130 2990 a

556 3038 576 3071 ι
605 3021 998 3091 pigmentariis.
1031 3041 1049 3074 ι
1084 3021 1142 3076 lu
1177 3024 1329 3093 genis
1357 3023 1657 3080 Salvatoris
1676 3025 1849 3081 nostri
1874 3024 1993 3095 ejus
2019 3041 2132 3081 mo-

2316 1833 2335 1866 ι
2368 1813 2540 1870 Crura
2569 1815 2714 1873 illius
2757 1818 3025 1876 columnas
3061 1837 3401 1889 marmoreae,
3430 1840 3553 1896 quae
3590 1825 3842 1884 fundata:

2241 1923 2261 1956 ι
2300 1914 2428 1960 sunt
2463 1921 2625 1977 super
2659 1909 2815 1965 bases
2861 1925 3076 1967 aureas.
3115 1932 3134 1965 ι
3179 1912 3414 1971 Crurum
3437 1917 3705 1974 vocabulo
3751 1921 3844 1976 iti-

2209 2009 2368 2051 ~nera
2395 1996 2784 2055 incarnationis
2824 1999 3023 2058 Christi
3067 2002 3431 2074 insinuantur,
3463 2021 3585 2076 qua:
3623 2009 3842 2066 colum.

2236 2085 2324 2143 nis
2354 2090 2679 2145 marmoreis
2721 2101 2944 2162 propter
2988 2093 3301 2152 firmitatem
3346 2107 3404 2153 et
3449 2101 3842 2160 rectitudinem

2233 2186 2638 2248 comparantur.
2667 2179 2797 2248 Quae
2826 2181 3063 2240 fundata:
3089 2194 3217 2240 sunt
3237 2202 3401 2258 super
3423 2189 3582 2246 bases
3607 2207 3837 2261 aureas,

2234 2270 2364 2340 quia
2401 2270 2661 2342 quidquid
2693 2286 2790 2343 per
2817 2287 2966 2340 eum,
2996 2276 3084 2331 vel
3124 2277 3191 2332 de
3226 2293 3292 2335 eo
3326 2288 3540 2352 gestum
3572 2292 3679 2348 est,
3712 2300 3842 2340 om-

2235 2363 2325 2416 nia
2360 2363 2558 2426 divinae
2594 2365 2974 2435 promissionis
3015 2371 3244 2426 consilio
3287 2381 3416 2428 ante
3453 2383 3696 2446 tempora
3732 2395 3843 2435 sat-

2236 2453 2442 2512 cularia
2493 2457 2755 2528 disposita
2811 2468 2956 2516 sunt.
3009 2461 3183 2518 Aliter
3213 2481 3228 2518 :
3255 2463 3430 2521 Crura
3479 2482 3602 2538 quae
3655 2480 3840 2530 totum

2235 2561 2434 2616 corpus
2461 2548 2724 2618 bajulant,
2748 2551 2825 2606 illi
2870 2560 2998 2608 sunt
3026 2555 3120 2624 qui
3144 2554 3348 2612 donum
3373 2557 3654 2626 Ecclesiae,
3686 2565 3843 2620 velut

2238 2637 2438 2692 donum
2479 2639 2744 2696 columnae
2779 2643 3066 2699 sustinent.
3106 2645 3350 2717 Denique
3382 2657 3439 2704 et
3476 2649 3536 2704 in
3579 2651 3840 2708 taberna-

2235 2730 2358 2787 culo
2389 2740 2444 2787 et
2469 2733 2525 2788 in
2557 2735 2756 2806 templo
2778 2723 3044 2794 columnae
3070 2748 3344 2812 argentea:
3368 2741 3652 2799 fabricata:
3682 2757 3839 2813 sunt,

2235 2821 2290 2876 in
2324 2822 2719 2894 signiﬁcatione
2769 2827 3074 2896 doctorum,
3123 2833 3216 2902 qui
3253 2831 3522 2890 fabricam
3568 2835 3842 2896 Ecclesia:

2236 2921 2565 2970 sustentant.
2589 2915 2820 2974 Fundati
2842 2935 3006 2992 super
3023 2922 3184 2980 bases
3209 2939 3424 2992 aureas,
3447 2927 3555 2984 hoc
3583 2938 3674 2984 est
3690 2946 3840 3000 pra-

2237 3003 2545 3060 cedentiuin
2573 3015 2791 3076 patrum
2827 3011 3291 3083 praedicationem,
3329 3025 3382 3072 et
3411 3031 3510 3087 per
3547 3018 3722 3076 libros
3763 3022 3842 3079 le-

551 3112 704 3168 desta
737 3111 932 3180 pietas,
960 3112 1121 3167 simul
1148 3122 1202 3168 et
1233 3115 1496 3170 severitas
1532 3117 1876 3186 exprimitur.
1909 3094 2130 3172 VAreolae

2239 3094 2321 3166 gis
2348 3103 2404 3150 et
2424 3096 2702 3169 Evangelii
2737 3100 2998 3156 roborati.
3031 3120 3050 3154 ι
3083 3103 3302 3175 Species
3329 3106 3448 3178 ejus
3475 3109 3778 3166 utLibani.
3812 3133 3834 3167 ι

550 3212 858 3260 aromatum
889 3205 1114 3262 virtutes
1164 3218 1219 3262 et
1265 3207 1490 3263 dulcedo
1517 3219 1573 3263 et
1608 3208 1752 3264 lania
1789 3209 1975 3280 gloria:
2016 3209 2135 3280 ejus

549 3293 880 3366 designatur.
903 3293 1138 3352 Consita:
1177 3311 1208 3350 a
1244 3296 1644 3366 pigmentariis,
1697 3297 1751 3352 id
1788 3307 1872 3354 est
1895 3301 2132 3369 prophe-

551 3387 640 3453 tis,
683 3387 964 3458 apostolis,
1013 3386 1196 3443 futura
1226 3387 1617 3443 incarnationis
1659 3387 1775 3456 ejus
1809 3404 2031 3455 arcana,
2077 3398 2134 3446 et

547 3479 694 3536 illius
719 3467 871 3535 facta
919 3489 1228 3535 narrantes.
1260 3478 1434 3534 Aliter
1463 3497 1478 3533 :
1510 3477 1664 3534 Sicut
1699 3481 1752 3534 in
1795 3480 1968 3537 oculis
1997 3497 2133 3552 apo-

547 3573 694 3639 stoli,
729 3573 802 3626 ita
831 3573 887 3626 in
921 3570 1076 3640 genis
1117 3569 1261 3625 illius
1289 3570 1546 3625 Ecclesiae
1577 3571 1970 3642 intelliguntur,
2011 3590 2132 3645 qua:

547 3664 616 3719 ab
642 3661 902 3733 apostolis
929 3663 982 3716 in
1023 3660 1337 3733 primordiis
1365 3659 1736 3727 crediderunt,
1767 3670 1822 3716 et
1847 3678 1915 3718 ex
1941 3675 2130 3720 sancta

546 3751 958 3809 conversatione
1009 3750 1078 3804 ad
1149 3750 1350 3805 donum
1414 3751 1674 3806 virtutum
1719 3753 1890 3818 .velut
1947 3755 2130 3812 areola

546 3852 852 3900 aromatum
895 3855 963 3896 ex
1010 3855 1071 3896 se
1118 3840 1506 3911 perduxerunt,
1545 3857 1664 3912 quae
1704 3858 1735 3897 a
1779 3844 1884 3914 piis
1921 3845 2132 3903 scilicet

546 3931 992 4004 praedicatoribus
1020 3931 1278 3998 consitae,
1313 3932 1366 3988 id
1406 3942 1488 3988 est
1515 3933 1740 3989 eruditae
1783 3943 1939 4000 sunt,
1986 3954 2004 3987 ι
2031 3936 2131 3991 La-

551 4041 571 4074 c
600 4022 690 4077 hia
716 4020 856 4076 illius
885 4021 994 4078 lilia
1021 4021 1336 4077 distillautia
1369 4025 1650 4096 myrrham
1682 4026 1933 4096 primam.
1967 4044 1986 4079 ι
2018 4025 2126 4080 La-

543 4113 634 4170 bia
660 4113 802 4170 illius
825 4113 988 4169 verba
1015 4114 1292 4170 doctrinae.
1324 4114 1514 4182 Labia,
1540 4117 1666 4186 quia
1697 4117 1941 4172 claritate
1967 4117 2128 4173 coale-

545 4203 646 4260 stis
669 4203 821 4276 regni
843 4205 1187 4278 promittunt.
1216 4205 1539 4262 Distillantia
1568 4210 1844 4280 myrrham
1869 4209 2126 4279 primam,

545 4297 672 4370 quia
718 4313 815 4368 per
861 4307 1228 4370 contemptum
1271 4300 1607 4370 voluptatum
1659 4303 2014 4371 praesentium
2059 4304 2128 4360 ad

544 4387 686 4442 hanc
727 4387 1147 4457 perveniendum
1182 4403 1304 4445 esse
1345 4390 1660 4459 praedicant.
1705 4391 1921 4446 Aliter:
1955 4391 2124 4449 Labia

2244 3185 2312 3242 Ut
2338 3185 2576 3244 Libanus
2601 3189 2920 3248 celsitudine
2949 3203 3004 3248 et
3029 3197 3203 3266 gratia
3224 3198 3479 3253 arborum
3511 3201 3655 3257 alios
3677 3218 3838 3258 mon-

2237 3286 2342 3344 tes,
2374 3279 2454 3335 sic
2494 3280 2752 3355 nimirum
2805 3283 3066 3339 Dominus
3103 3285 3348 3343 Christus
3379 3305 3572 3345 omnes
3613 3304 3836 3350 sanctos

2235 3371 2554 3428 meritorum
2601 3373 2942 3442 celsitudine,
2983 3385 3038 3432 et
3067 3378 3241 3448 gratia
3285 3379 3548 3436 virtutum
3590 3385 3838 3440 antecel-

2234 3461 2317 3516 lit.
2355 3481 2374 3514 ‹
2405 3463 2620 3519 Electus
2650 3475 2712 3520 ut
2738 3469 2954 3524 cedrus.
2987 3488 3007 3521 ι
3037 3469 3193 3527 Sicut
3220 3473 3416 3528 cedrus
3436 3473 3573 3530 alias
3599 3491 3620 3528 ε
3638 3476 3834 3535 rbores

2233 3571 2355 3626 qua:
2383 3555 2437 3611 in
2469 3557 2678 3614 Libano
2711 3569 3012 3616 nascuntur
3045 3573 3268 3634 superat
3306 3565 3570 3637 dignitate
3595 3584 3722 3634 sua,
3754 3571 3830 3625 ita

2233 3649 2483 3706 Christus
2509 3666 2699 3708 omnes
2726 3653 2819 3724 qui
2851 3654 2906 3709 in
2929 3655 3174 3712 Ecclesia
3199 3657 3466 3714 ad-vitam
3497 3672 3829 3730 nascuntur,

2233 3757 2328 3797 sua
2363 3745 2694 3800 transcendit
2724 3746 2912 3818 gloria.

2309 3850 2328 3883 ι
2358 3833 2558 3889 Guttur
2597 3836 2742 3892 illius
2769 3839 3178 3908 suavissimum,
3221 3850 3278 3897 et
3309 3851 3456 3899 totus
3490 3844 3832 3905 desiderabi-

2239 3946 2260 3980 ι
2290 3927 2376 3984 lis.
2415 3949 2435 3982 ι
2471 3929 2531 3984 lu
2581 3939 2801 4002 gutture
2842 3933 3057 3990 interna
3089 3935 3316 3992 dulcedo
3358 3939 3654 3994 verborum
3686 3941 3832 3997 illius

2233 4029 2592 4085 memoratur,
2639 4038 2801 4092 quam
2829 4023 2919 4094 qui
2957 4025 3096 4096 sapit
3138 4042 3244 4081 non
3275 4029 3465 4084 esurit.
3496 4028 3737 4086 Possunt
3774 4041 3834 4087 et

2233 4109 2288 4164 in
2315 4119 2534 4181 gutture
2555 4111 2631 4166 illi
2660 4103 2884 4185 intelligi
2910 4115 3002 4187 qui
3020 4118 3279 4188 mysteria
3295 4118 3499 4174 Christi
3519 4131 3827 4191 exponunt,

2231 4209 2288 4256 et
2326 4201 2378 4256 in
2425 4201 2540 4272 lege
2587 4203 2758 4274 ipsius
2783 4208 3022 4276 quotidie
3070 4211 3420 4277 meditantur,
3459 4212 3554 4282 qui
3595 4215 3828 4271 verbum

2230 4292 2634 4361 praedicationis
2662 4309 2730 4350 ex
2757 4311 2854 4352 ore
2887 4297 3230 4369 depromunt.
3258 4301 3325 4356 Et
3361 4310 3508 4358 totus
3551 4303 3832 4362 desidera-

2229 4381 2356 4436 bilis
2380 4381 2460 4438 :0
2491 4384 2676 4452 homo,
2709 4387 2837 4456 quid
2865 4389 3096 4459 amplius
3132 4392 3368 4460 quaeris?
3400 4391 3574 4449 Totus
3609 4397 3831 4453 deside-

543 4477 748 4534 Christi
775 4478 1025 4536 doctores
1059 4490 1186 4536 sunt
1229 4481 1394 4547 illius,
1419 4490 1600 4536 mente
1625 4482 1712 4536 vel
1753 4484 1917 4538 etiam
1961 4501 2125 4543 carne
2155 4490 2204 4552 D
2232 4474 2440 4540 rabilis,
2470 4475 2597 4544 (illia
2638 4485 2781 4532 ῐοῑυδ
2803 4479 2946 4533 Deus
2974 4489 3029 4534 ει
3060 4488 3204 4536 ῑοῑυε
3231 4481 3393 4537 homo
3423 4493 3531 4550 εει,
3561 4485 3616 4539 in
3660 4502 3828 4556 quem

541 4569 798 4640 virgines.
828 4570 896 4624 Et
919 4571 972 4625 in
995 4571 1097 4626 hoc
1117 4571 1424 4642 passionem
1452 4580 1510 4626 et
1528 4582 1758 4629 mortem
1791 4575 1964 4646 ipsius
1985 4591 2124 4646 prae-

541 4663 804 4729 dicentes,
832 4673 892 4718 ut
921 4680 1020 4735 pro
1047 4665 1137 4719 illo
1180 4658 1270 4736 qui
1300 4680 1400 4736 pro
1441 4667 1598 4722 nobis
1631 4676 1876 4724 mortuus
1895 4677 1978 4724 est
2015 4683 2123 4725 non

540 4768 853 4809 recusemus
881 4756 1158 4826 suscipere
1193 4767 1443 4812 mortem.

619 4865 640 4899 ι
675 4847 864 4902 Manus
915 4847 1055 4904 illius
1115 4851 1394 4907 tornatiles
1441 4867 1648 4919 aureae,
1698 4872 1716 4904 ι
1775 4862 1879 4909 etc.
1934 4853 2124 4910 Manus

511 4951 705 5010 'opera
743 4945 870 4992 sunt
898 4937 1058 5006 illius,
1091 4941 1215 5009 quia
1238 4956 1358 5012 qua:
1392 4944 1570 4999 verbis
1595 4944 1778 5000 docuit
1817 4945 1975 5001 factis
2013 4946 2116 5001 im-

539 5028 723 5100 plevit.
757 5030 1064 5088 Tornatiles
1085 5049 1284 5100 aureae,
1311 5036 1434 5105 quia
1459 5037 1512 5090 in
1537 5051 1597 5092 se
1629 5052 1848 5092 omnem
1879 5038 2120 5108 regulam

535 5117 760 5188 justitia:
790 5130 994 5188 tenent,
1031 5131 1089 5178 ut
1133 5124 1248 5192 ipse
1281 5125 1448 5180 dicit:
1483 5146 1501 5178 ε
1537 5126 1628 5182 Sic
1663 5128 1810 5183 enim
1841 5129 1996 5184 decet
2024 5145 2122 5186 nos

541 5212 768 5285 implere
809 5231 1022 5271 omnem
1054 5217 1318 5288 justitiam
1350 5220 1565 5293 (Matth.
1614 5221 1719 5292 ιιι).
1756 5240 1773 5274 ι
1806 5221 1998 5278 Aurea:
2042 5223 2124 5280 di-

541 5314 756 5371 cuntur,
782 5307 908 5379 quia
935 5310 1118 5364 omnia
1138 5326 1260 5381 qua:
1290 5311 1344 5366 in
1372 5313 1588 5369 homine
1616 5315 1802 5386 gessit,
1827 5317 2124 5373 divinitatis

541 5397 710 5468 gloria
733 5398 991 5471 implevit.
1022 5400 1198 5457 Plenm
1223 5403 1546 5475 hyacintbis,
1580 5407 1706 5478 quia
1739 5408 1808 5464 ad
1847 5423 1996 5481 spem
2024 5425 2123 5466 nos

543 5489 840 5544 caelestium
874 5499 1035 5562 atque
1081 5509 1323 5550 amorem
1364 5497 1582 5563 excitat,
1626 5500 1749 5570 quia
1804 5501 2124 5573 hyacinthus

543 5583 763 5638 aetherei
801 5584 996 5641 coloris
1024 5601 1234 5658 gemma
1260 5597 1362 5645 est.
1395 5589 1628 5647 Possunt
1663 5593 1826 5648 etiam
1858 5594 1912 5648 in
1956 5593 2124 5648 mani-

545 5673 648 5740 bus
677 5671 873 5732 Christi
900 5675 974 5739 illi
1018 5678 1286 5749 deputari,
1308 5682 1402 5752 qui
1433 5698 1495 5740 ea
1525 5699 1646 5754 qua:
1672 5685 1812 5742 bona
1839 5695 1966 5742 sunt
1994 5699 2122 5758 ope—

2229 4565 2541 4620 desiderant
2576 4569 2752 4639 angeli
2776 4570 3106 4641 prospicere.
3141 4572 3283 4629 Deus
3317 4574 3372 4629 in
3401 4575 3695 4644 majestate
3727 4581 3832 4635 Pa-

2229 4656 2354 4723 tris,
2402 4657 2562 4712 homo
2604 4659 2658 4713 in
2686 4660 2995 4732 virginitate
3023 4664 3214 4719 matris
3239 4684 3250 4718 :
3277 4666 3334 4720 in
3365 4665 3455 4721 illa
3482 4667 3741 4736 Creator,
3771 4673 3827 4727 in

2228 4749 2332 4804 hac
2361 4747 2628 4806 Salvator.
2666 4771 2683 4803 ι
2715 4751 2861 4809 Talis
2887 4764 2971 4809 est
3006 4754 3237 4812 dilectus
3283 4774 3455 4823 meus,
3489 4768 3546 4814 ct
3587 4763 3709 4832 ipse
3743 4773 3832 4820 est

2233 4857 2252 4890 ι
2289 4840 2495 4896 amicus
2516 4856 2689 4907 meus,
2711 4840 2836 4898 filia:
2856 4842 3211 4902 Hierusalem.
3235 4867 3254 4900 ι
3281 4846 3622 4906 Gratulaudo
3640 4854 3832 4909 exsul-

2227 4941 2350 4989 tans
2379 4935 2616 5006 loquitur
2657 4936 2896 4993 Ecclesia
2940 4950 3164 5009 propter
3195 4944 3723 5012 reconciliationem,
3769 4957 3831 5003 et

2230 5026 2444 5097 cognita
2471 5028 2724 5098 mysteria
2753 5030 2836 5084 sui
2881 5032 3084 5100 sponsi,
3115 5048 3180 5088 ac
3213 5034 3260 5090 si
3293 5036 3699 5107 gratulabunda
3742 5040 3830 5095 di-

2231 5125 2336 5180 cat,
2373 5127 2427 5172 et
2459 5115 2780 5174 familiarius
2805 5118 3033 5176 effecta:
3062 5121 3277 5190 Quanto
3302 5127 3551 5181 devotius
3586 5130 3826 5200 quisque

2231 5209 2401 5279 diligit
2429 5209 2615 5274 Deum,
2649 5219 2798 5267 tanto
2827 5212 3148 5272 familiarius
3187 5217 3351 5273 habet
3380 5219 3620 5276 amicum
3671 5239 3822 5287 eum,

2229 5311 2284 5358 et
2315 5303 2474 5358 talem
2503 5319 2726 5360 necesse
2745 5316 2848 5372 est,
2879 5307 3076 5378 inquit,
3108 5317 3166 5366 ut
3195 5311 3465 5384 intelligas
3491 5329 3643 5382 eum,
3668 5318 3716 5372 si
3742 5317 3827 5373 vis

2225 5393 2372 5449 illum
2402 5395 2602 5452 habere
2628 5398 2864 5455 amicum
2897 5409 3068 5458 tuum.
3301 5403 3308 5408 ’

2303 5526 2321 5558 ι
2349 5505 2469 5572 Quo
2511 5508 2643 5564 abiit
2695 5509 2924 5568 dilectus
2966 5522 3112 5580 tuus,
3139 5531 3172 5571 ο
3212 5518 3581 5589 pulcherrima
3621 5524 3823 5581 mulie-

2232 5614 2250 5646 ι
2289 5611 2431 5661 rum,
2459 5611 2566 5668 quo
2611 5598 2902 5657 declinavit
2931 5605 3158 5662 dilectus
3205 5610 3364 5664 tuus?
3401 5611 3472 5666 Et
3503 5628 3824 5682 quaeremus

2233 5707 2253 5742 ι
2288 5705 2411 5746 eum
2437 5699 2632 5748 tecum.
2664 5713 2683 5747 ι
2717 5692 2842 5751 Haec
2867 5713 2973 5753 vox
3011 5700 3544 5762 adolescentularum
3579 5718 3668 5763 est
3698 5721 3824 5778 qua
