4078 6340
227 355 332 410 617

1360 341 1610 408 ENARR.
1655 339 1718 393 IN
1759 337 2056 394 CANTICA
2099 335 2366 392 CANTIC.

3377 329 3482 384 618

225 467 522 534 loquuntur
571 461 636 514 ad
681 473 954 530 sponsam.
988 457 1092 512 Pro
1135 457 1327 511 decore
1355 455 1500 508 enim
1545 453 1806 508 carminis
1833 457 1882 514 Α
1909 451 2108 504 amoris
2145 451 2228 504 sui
2268 447 2534 504 desideria
2579 447 2782 518 angelis
2819 445 3008 502 similis
3061 445 3288 500 dicatur.
3349 443 3480 512 Quae

225 555 510 608 variantur
555 565 798 618 persmue
839 549 1190 616 loquentium,
1235 545 1328 600 sed
1371 553 1546 597 tamen
1603 543 1802 596 Christi

225 639 556 706 Ecclesium,
585 655 706 708 qua:
735 639 992 694 vocabulo
1039 651 1250 706 sponsa:
1294 633 1632 704 exprimitur,
1670 631 1806 687 desi-

227 742 363 802 gnat
399 731 515 786 haec
553 729 916 800 pulcherrima
949 727 1250 782 mulierum.
1281 725 1528 778 Pulchra:
1553 729 1677 776 sunt
1697 722 1806 776 sin-

229 822 371 894 gula!
398 827 710 876 sanctorum
751 817 1022 880 ecclesim,
1051 815 1144 870 sed
1171 813 1529 884 pulcherrima
1565 818 1650 866 est
1683 809 1806 864 uni-

227 915 470 970 'versitas
519 911 934 966 totius’sancttc
965 906 1216 960 Ecclesiae
1243 919 1341 974 per
1383 913 1551 957 totum
1597 900 1804 956 orbem.

225 1003 404 1058 Aliter
429 1021 442 1055 :
463 1001 632 1055 Recte
659 999 800 1051 cnim
826 1003 1010 1050 sancta
1045 993 1280 1048 Ecclesia
1311 989 1674 1062 pulcherrima
1697 989 1811 1042 mu-

227 1093 426 1148 lierum
459 1089 780 1160 appellatur,
805 1086 930 1156 quia
973 1085 1123 1154 virgo
1151 1091 1204 1138 et
1255 1083 1569 1150 incorrupta
1595 1087 1696 1142 est,
1722 1077 1810 1132 cui

225 1185 524 1258 Apostolus
552 1181 796 1250 laqueus,
829 1179 938 1232 ait:
965 1173 1264 1244 uDespoudi
1287 1173 1430 1228 enim
1459 1187 1556 1226 vos
1579 1170 1671 1224 uni
1695 1169 1812 1223 viro

225 1275 498 1346 virginem
551 1279 756 1326 castam
797 1267 1054 1322 exhibere
1103 1265 1322 1320 Christo
1359 1261 1450 1334 (II
1484 1259 1608 1316 Cor.
1655 1258 1755 1330 x1).
1787 1277 1806 1312 ι

227 1367 500 1422 Dicuntur
545 1361 726 1430 itaque
773 1359 1028 1414 mulieres
1071 1355 1254 1426 plebes
1297 1353 1675 1408 luereticorum
1717 1349 1812 1404 Ju-

225 1453 498 1516 dreornm,
557 1451 1093 1522 hypocritarumque,
1156 1445 1250 1502 sed
1301 1451 1554 1512 corrupta
1607 1441 1712 1496 tlde
1760 1448 1816 1496 et

219 1558 418 1614 "opere.
443 1541 550 1596 Sed
571 1539 685 1596 sola
717 1537 956 1592 Ecclesia
983 1549 1086 1588 non
1111 1533 1282 1590 solum
1307 1533 1450 1588 fonte
1475 1531 1816 1602 baptismatis

131 1697 136 1702 _
225 1645 290 1690 et
317 1634 580 1688 varietate
633 1631 890 1684 virtutum
933 1625 1292 1696 pulcherrima
1319 1631 1426 1688 est,
1473 1621 1568 1676 sed
1614 1621 1720 1676 ﬁde
1761 1627 1817 1674 et

221 1735 422 1794 Opere,
447 1735 554 1776 non
583 1719 790 1774 habens
819 1715 1082 1771 maculam
1125 1723 1214 1768 ant
1241 1728 1456 1788 rugam.
1475 1711 1642 1766 Aiunt
1671 1711 1816 1766 enim

1906 547 2104 606 quanto
2129 537 2240 592 Deo
2273 537 2516 592 amabilis
2537 535 2782 600 edicitur,
2809 543 2956 590 tanto
3004 535 3113 606 agit
3141 543 3201 589 ut
3231 533 3481 606 malignis

1907 625 2184 694 spiritibus
2213 625 2467 680 terribilis
2493 625 2602 679 liat.
2629 625 2867 692 Qualiter
2888 635 3068 678 autem
3097 625 3168 680 sit
3199 623 3480 691 terribilis,

1907 713 2190 784 subiuncta
2221 715 2620 784 comparatione
2643 715 2960 778 ostenditur,
2995 715 3046 768 id
3069 723 3152 770 est
3181 725 3242 770 ut
3271 725 3480 772 castro-

1911 821 2028 858 rum
2053 805 2198 860 acies
2237 807 2506 860 ordinata.
2539 805 2750 860 Scimus
2775 815 2834 860 et
2883 813 3094 860 constat
3117 807 3244 876 quia
3276 815 3488 862 castro-

1909 907 2029 946 rum
2071 893 2215 947 acies
2257 903 2383 948 tnnc
2411 893 2657 948 hostibus
2701 891 2956 948 terribilis
2989 902 3104 958 est,
3145 894 3360 962 quando
3409 893 3484 948 ita

1911 979 2074 1036 fuerit
2103 983 2404 1052 constipata
2434 999 2499 1037 ac
2525 983 2768 1048 densata,
2801 992 2862 1036 nt
2890 982 2942 1036 in
2981 983 3128 1038 nullo
3158 983 3277 1038 loco
3309 984 3482 1040 inter-

1911 1077 2068 1148 rupta
2101 1077 2364 1132 videatur.
2416 1077 2550 1131 Nam
2581 1075 2624 1130 si
2659 1077 2730 1130 ita
2772 1077 3092 1146 disponitur,
3125 1085 3186 1130 ut
3219 1077 3368 1133 locus
3393 1093 3486 1134 va-

1911 1187 2044 1227 cuus
2069 1187 2166 1242 per
2213 1175 2374 1240 quem
2417 1171 2586 1242 possit
2617 1171 2822 1236 ingredi
2870 1171 3194 1236 dimittatur,
3243 1171 3488 1242 profecto

1907 1261 2018 1332 jam
2051 1263 2160 1316 suis
2185 1261 2428 1316 hostibus
2451 1261 2706 1316 terribilis
2733 1277 2836 1315 nun
2857 1271 2958 1316 est.
2995 1261 3062 1316 Et
3087 1277 3182 1316 nos
3214 1277 3342 1334 ergo
3363 1279 3484 1318 cum

1914 1357 2102 1408 contra
2139 1351 2400 1422 malignos
2421 1353 2644 1422 spiritus
2665 1353 2958 1423 spiritualis
2979 1355 3292 1410 certaminis
3313 1355 3484 1410 aciem

1913 1445 2182 1516 ponimus,
2215 1455 2554 1512 summopere
2577 1457 2801 1500 necesse
2829 1453 2992 1498 estut
3027 1459 3122 1514 per
3167 1445 3488 1500 eharitatcm

1915 1549 2128 1604 semper
2149 1533 2282 1588 uniti
2311 1541 2474 1604 atque
2500 1535 2800 1602 con—stricti,
2825 1544 2879 1590 et
2901 1549 3173 1604 nunquam
3203 1535 3492 1606 interrupti

1913 1633 2013 1698 per
2039 1626 2362 1682 discordiam
2387 1627 2724 1681 inveniamur
2755 1645 2768 1680 :
2804 1627 2928 1698 quia
2957 1627 3210 1698 qumlibet
3231 1644 3286 1682 m
3335 1629 3490 1684 nobis

1915 1719 2056 1774 bona
2103 1733 2268 1787 Opera
2311 1716 2534 1782 fuerint,
2573 1717 2618 1771 si
2651 1719 2888 1772 charitas
2929 1719 3100 1773 desit?
3143 1717 3247 1772 Per
3291 1719 3488 1774 malum

225 1809 650 1867 adolescentulie
675 1823 688 1862 :
717 1807 836 1875 Quo
880 1805 1169 1862 declinavit
1195 1803 1425 1858 dilectus
1469 1801 1628 1858 tuus?
1665 1817 1811 1872 quze—
1839 1797 1886 1856 Β
1913 1807 2214 1872 discordiae,
2251 1805 2399 1862 locus
2427 1809 2666 1878 aperitur
2689 1809 2740 1862 in
2771 1809 2906 1874 acie,
2933 1811 3072 1864 unde
3093 1809 3160 1864 ad
3189 1809 3490 1866 feriendum

227 1917 422 1958 remus
463 1915 586 1955 eum
617 1909 812 1962 tecum,
865 1897 918 1950 id
969 1905 1054 1950 est
1088 1895 1174 1964 qui
1231 1893 1520 1964 aliquando
1545 1891 1812 1964 corporali

223 1993 418 2062 specie
445 1991 496 2044 in
537 1999 681 2044 terra
711 1997 958 2042 versatus
992 1995 1108 2050 est,
1149 1985 1234 2040 dic
1255 1999 1362 2056 quo
1387 1983 1679 2040 declinavit
1699 1983 1812 2049 ille,

225 2091 294 2136 ut
321 2083 474 2138 illum
501 2094 794 2151 sequamur
827 2087 1024 2132 tecum.

835 2229 1072 2297 ’CAPUT
1113 2240 1200 2296 γι.

303 2363 330 2408 ἰ
369 2343 606 2410 Dilectus
639 2366 790 2406 meus
834 2351 1112 2408 descendit
1157 2352 1212 2406 in
1267 2351 1486 2406 hortum
1542 2365 1698 2408 suum
1741 2349 1818 2406 ad

229 2461 258 2496 ιι
295 2441 536 2498 areolam
566 2449 890 2506 aromatum,
921 2447 944 2492 ‘i
992 2451 1048 2496 et
1087 2441 1312 2512 reliqua.
1345 2440 1510 2508 Quasi
1540 2441 1768 2496 dixisset
1797 2453 1814 2494 :

231 2533 370 2590 illuc
406 2533 684 2596 ascendit,
725 2531 864 2587 unde
893 2531 1190 2586 descendit.
1247 2531 1304 2586 in
1357 2533 1592 2592 hortum,
1643 2531 1698 2585 id
1736 2536 1820 2584 est

229 2623 538 2682 Ecclesium
581 2637 753 2686 suam,
805 2629 863 2676 ut
913 2637 1033 2677 eam
1081 2619 1226 2676 fonte
1256 2621 1444 2691 gratia:
1487 2637 1618 2684 suae,
1663 2619 1818 2690 quasi

235 2713 482 2770 areolam
527 2721 830 2766 aromatum
883 2711 1154 2782 irrigaret,
1189 2719 1246 2764 ut
1293 2711 1552 2764 virtu-tum
1595 2709 1818 2766 floribus

231 2806 592 2878 germinaret.
623 2803 796 2858 Aliter
823 2817 836 2856 :
872 2801 1108 2858 Dilectus
1133 2801 1400 2864 Ecclesize,
1432 2800 1700 2864 Christus,
1719 2799 1814 2854 de-

235 2895 454 2951 scendit
481 2895 536 2948 in
585 2895 798 2946 hortum
829 2909 1009 2957 smtm,
1045 2893 1260 2962 quando
1293 2893 1526 2948 visitavit
1575 2893 1816 2961 priorem

233 2991 498 3061 populum
549 3003 726 3042 suum.
769 2987 1020 3042 Areoiam
1061 2989 1320 3044 aromatis
1359 2989 1532 3058 ipsam
1573 2996 1816 3042 sanctam

237 3079 470 3134 Mariam
497 3079 776 3148 virginem,
813 3077 880 3132 de
919 3091 1024 3146 qua
1059 3077 1354 3132 secundum
1401 3091 1620 3132 carnem
1659 3085 1818 3130 natus

1913 1913 2013 1952 nos
2041 1897 2218 1952 va‘leat
2269 1897 2440 1952 hostis
2491 1899 2717 1954 intrare.
2761 1899 3028 1970 Antiqnus
3069 1915 3200 1956 vero
3243 1901 3494 1956 inimicus

1914 1987 2220 2042 castitatem
2253 1987 2304 2040 in
2335 1987 2489 2040 nobis
2512 1987 2556 2040 si
2581 1988 2698 2043 sine
2717 1987 2984 2048 eharitate
3005 1987 3165 2044 fuerit
3185 2003 3292 2044 non
3313 1989 3490 2054 timet,

1913 2077 2039 2148 quia
2067 2077 2180 2146 ipse
2211 2087 2311 2132 nec
2343 2089 2502 2130 carne
2535 2077 2813 2146 premitur,
2857 2085 2916 2132 ut
2965 2077 3020 2132 in
3057 2077 3175 2148 ejus
3221 2079 3488 2156 luxuriam

1914 2169 2260 2224 dissolvatur.
2298 2169 2692 2224 Abstinentiam
2725 2185 2829 2224 non
2869 2171 3041 2236 timet,
3067 2171 3194 2242 quia
3227 2172 3342 2242 ipse
3371 2172 3494 2229 cibo
3581 2193 3586 2196 ·

1831 2281 1836 2286 ·
1915 2273 2024 2318 n'On
2044 2261 2232 2328 utitur,
2257 2261 2350 2332 qui
2371 2263 2692 2317 necessitate
2709 2263 2954 2332 corporis
2975 2279 3080 2318 non
3105 2273 3345 2334 urgetur.
3369 2264 3496 2320 Dis-

1915 2349 2238 2408 tributiones
2271 2359 2608 2408 terrenarum
2643 2369 2820 2408 rerum
2847 2369 2950 2408 non
2999 2355 3185 2418 timet,
3220 2355 3264 2408 si
3291 2355 3496 2410 eisdem

1915 2449 2080 2514 opera
2101 2443 2382 2500 charitatis
2405 2443 2599 2504 desint,
2629 2445 2752 2514 quia
2778 2445 3087 2498 divitiarum
3115 2445 3376 2506 subsidiis
3397 2463 3496 2502 nec

1917 2533 2032 2605 ipse
2055 2545 2196 2606 eget.
2229 2534 2396 2590 Valde
2427 2535 2526 2590 hoc
2563 2536 2618 2588 in
2664 2535 2818 2590 nobis
2845 2537 3165 2593 eharitatcm
3209 2553 3414 2604 veram,
3441 2539 3496 2594 id

1917 2629 2002 2678 est
2027 2637 2265 2678 amorem
2301 2623 2558 2678 humilem
2579 2639 2742 2692 quem
2775 2625 2930 2680 nobis
2959 2627 3192 2681 vicissim
3227 2627 3464 2698 impendi
3492 2657 3500 2664 -

1917 2729 2040 2776 mus
2071 2713 2242 2780 timet.
2272 2713 2338 2768 Et
2365 2715 2526 2768 nimis
2545 2716 2850 2772 concordia:
2893 2725 3092 2772 nostra:
3119 2717 3338 2782 invidet,
3375 2719 3496 2790 quia

1918 2803 2059 2858 hanc
2087 2815 2183 2860 nos
2207 2803 2460 2859 timemus
2483 2805 2540 2858 iu
2587 2813 2726 2860 terra
2767 2821 2928 2875 quam
2967 2807 3081 2876 ipse
3105 2807 3293 2862 nolens
3315 2815 3500 2864 tenere

1919 2895 2102 2950 amisit
2133 2895 2184 2949 in
2215 2895 2372 2950 cmlo.
2405 2895 2548 2952 Bene
2574 2911 2704 2968 ergo
2741 2897 2942 2952 dicitur
2963 2899 3239 2966 terribilis,
3279 2908 3336 2954 et
3369 2879 3508 2956 reti?

1919 3001 2026 3056 qua
2057 3005 2070 3038 :
2102 2987 2224 3055 quia
2247 2987 2544 3040 electorum
2575 2987 2914 3044 multitudine
2937 3005 3000 3043 eo
3029 2989 3246 3058 maligni
3275 2991 3496 3062 spiritus

1921 3077 2328 3146 pertimescunt,
2375 3087 2482 3146 quo
2531 3091 2628 3132 eos
2667 3093 2760 3148 per
2813 3079 3094 3158 charitatis
3147 3083 3494 3140 concordiam

235 3177 350 3233 est,
377 3167 510 3222 dicit
538 3187 552 3220 :
585 3144 608 3216 ἶ
641 3166 708 3222 Ut
737 3144 990 3236 pascatur
1005 3167 1064 3221 in
1093 3165 1286 3232 hortis,
1312 3173 1368 3220 et
1389 3165 1504 3220 lilia
1527 3165 1758 3236 colligat.
1791 3185 1812 3218 ›
1847 3144 1890 3204 (ἶ
1923 3144 2102 3222 unitos
2141 3177 2326 3222 contra
2357 3144 2416 3222 se
2444 3175 2500 3222 et
2527 3144 2872 3239 conglobatos
2893 3171 3176 3240 aspiciunt.

235 3263 302 3318 ω
317 3269 422 3326 est,
447 3269 506 3314 ut
527 3265 716 3330 regnet
745 3259 800 3314 in
829 3259 1076 3330 gentibus
1105 3271 1198 3314 seu
1225 3259 1278 3312 in
1301 3257 1558 3314 Ecclesiis
1583 3257 1812 3312 delecte-

243 3365 356 3420 tur,
385 3361 446 3408 ut
473 3367 540 3406 ex
575 3353 654 3406 eis
673 3349 908 3420 virgines
935 3363 1176 3420 quasque
1198 3349 1284 3405 vel
1311 3357 1526 3404 sanctos
1557 3359 1818 3404 assumat.

240 3445 458 3500 Aliter:
505 3461 524 3494 ι
561 3441 633 3496 Ut
677 3447 936 3512 pascatur
975 3441 1030 3495 in
1059 3439 1232 3496 hortis
1279 3447 1334 3494 et
1375 3439 1486 3494 lilia
1523 3439 1759 3511 colligat.
1799 3461 1816 3492 ι

239 3535 494 3592 Pascitur
541 3533 594 3588 in
641 3531 832 3592 hortis.
881 3531 1006 3587 dum
1037 3531 1140 3604 piis
1184 3539 1500 3586 sanctorum
1545 3529 1822 3586 laboribus

243 3629 566 3684 delectatur.
601 3625 734 3680 Lilia
772 3624 992 3696 colligit,
1037 3625 1164 3680 dum
1195 3621 1264 3678 ad
1293 3621 1676 3694 perlecturum
1707 3635 1824 3676 me-

243 3719 482 3774 ritorum
529 3715 818 3772 candorem
863 3713 1240 3785 pervenientes
1268 3713 1336 3768 ad
1370 3711 1610 3768 coelestia
1657 3727 1820 3783 regna

243 3811 513 3881 perducit.

319 3921 342 3954 ς
387 3901 500 3972 Ego
547 3901 742 3956 dilecto
791 3913 932 3964 meo,
963 3906 1020 3952 et
1061 3897 1290 3952 dilectus
1341 3907 1492 3950 meus
1539 3895 1692 3958 mihi,
1731 3895 1822 3964 qui

251 4015 268 4044 ι
305 3995 550 4066 pascitur
581 3993 722 4046 inter
751 3991 880 4044 lilia.
929 4011 948 4042 ι
997 3989 1122 4044 [hec
1169 3989 1412 4057 loquitur
1463 3985 1707 4042 Ecclesia
1756 4001 1822 4040 ex

245 4087 444 4142 liducia
483 4085 688 4140 amoris
725 4083 831 4136 sui.
883 4077 994 4154 Ego
1039 4081 1236 4136 dilecto
1267 4095 1386 4134 meo
1413 4078 1591 4134 locum
1622 4077 1826 4132 habita-

247 4179 416 4234 tionis
465 4191 708 4248 prmparo
753 4177 806 4230 in
853 4191 960 4240 me,
1011 4183 1066 4230 et
1105 4174 1220 4244 ipse
1249 4173 1380 4227 mihi
1416 4173 1556 4242 apud
1601 4187 1682 4225 se.
1713 4169 1826 4238 Ego

247 4285 476 4342 regnum
507 4269 666 4338 illius,
703 4277 758 4322 et
791 4269 902 4338 ipse
931 4281 1026 4322 rex
1055 4279 1226 4320 meus.
1257 4265 1368 4332 Ego
1388 4279 1582 4344 corpus
1603 4263 1743 4334 ejus,
1773 4269 1828 4316 et

247 4363 366 4438 ipse
397 4371 552 4432 caput
581 4377 758 4416 meum
791 4377 805 4412 :
835 4360 926 4430 qui
949 4373 1162 4430 semper
1185 4357 1328 4412 inter
1345 4365 1532 4411 sancta
1562 4353 1828 4412 desideria

247 4463 526 4512 castarum
571 4451 852 4516 mentium,
895 4451 1008 4506 sive
1045 4463 1332 4518 corporum
1363 4447 1632 4518 pascitur,
1663 4443 1716 4502 id
1743 4453 1828 4500 est

249 4546 568 4600 delectatur.
607 4543 878 4596 Hactenus
907 4547 1106 4616 sanetae
1149 4535 1406 4595 Ecclesiae
1443 4553 1546 4593 vox
1573 4545 1657 4594 est
1683 4547 1828 4606 qure-

251 4635 426 4692 rentis
459 4649 523 4688 ac
549 4633 842 4698 laudantis,
869 4647 1010 4690 nunc
1033 4631 1160 4702 quid
1199 4629 1456 4700 quaesitus
1485 4629 1828 4700 respondeat,

251 4725 608 4782 subinl‘ertur.

327 4835 346 4866 ι
393 4813 628 4868 Pulchra
655 4827 734 4878 es,
763 4813 934 4868 amica
977 4823 1118 4878 mea,
1153 4811 1336 4866 suavis
1361 4819 1418 4866 et
1445 4813 1638 4866 decora
1684 4809 1830 4865 sicut

257 4929 274 4960 ι
337 4905 696 4968 Hierusalem,
737 4904 996 4960 terribilis
1047 4912 1108 4958 ut
1155 4911 1460 4959 castrorum
1501 4901 1646 4958 acies
1683 4903 1834 4956 ordi-

257 5017 276 5050 σ
312 5005 462 5052 nata.
505 5015 524 5048 ι
557 4993 788 5050 Pulchra
809 5009 888 5060 es,
920 5005 1104 5050 sancta
1127 4993 1386 5058 Ecclesia,
1407 5009 1506 5062 per
1522 4993 1788 5062 justitiam
1817 5009 1830 5046 :

253 5089 456 5152 amica,
481 5085 606 5156 quia
635 5099 850 5154 semper
883 5085 1132 5156 paciﬁca,
1167 5085 1292 5154 quia
1327 5083 1472 5139 enim
1498 5077 1832 5138 Hierusalem

253 5179 400 5250 pacis
437 5177 568 5231 visio
615 5176 1022 5246 interpretatur,
1061 5173 1212 5244 cujus
1252 5173 1468 5229 nomine
1497 5171 1674 5242 patria
1724 5185 1836 5228 cu:-

255 5267 410 5324 lestis
443 5267 786 5336 exprimitur.
820 5265 1020 5322 Sancta
1065 5265 1301 5322 Ecclesia
1329 5265 1510 5322 suavis
1539 5273 1596 5321 et
1639 5265 1836 5322 decora

257 5367 316 5416 ut
347 5357 690 5414 Hierusalem
723 5357 942 5422 dicitur,
973 5357 1098 5428 quia
1133 5357 1250 5428 ejus
1279 5357 1390 5412 vita
1427 5365 1484 5411 et
1507 5355 1834 5412 desiderium

257 5451 458 5508 visioni
481 5449 594 5520 jam
617 5449 768 5520 pacis
793 5450 994 5506 intimae
1015 5457 1418 5521 comparantur,
1443 5457 1502 5504 ut
1525 5449 1578 5504 in
1605 5463 1670 5504 eo
1695 5447 1838 5520 quod

259 5549 540 5598 auctorem
583 5557 738 5596 suum
789 5541 980 5612 diligit,
1029 5541 1173 5612 quod
1215 5541 1332 5612 ejus
1375 5542 1608 5610 speciem
1657 5539 1842 5596 videre

255 5629 620 5700 concupiscit,
667 5631 732 5686 de
779 5647 888 5700 quo
916 5632 1176 5702 scriptum
1221 5637 1306 5686 est
1333 5629 1384 5703 (1
1418 5629 1564 5684 Petr.
1611 5629 1650 5700 ι)
1687 5649 1743 5684 ε(
1783 5631 1840 5686 In

259 5737 424 5798 quem
457 5723 766 5778 desiderant
791 5723 964 5796 angeli
1013 5725 1338 5796 prospicere,
1377 5745 1394 5776 ι
1429 5739 1526 5794 per
1569 5723 1682 5794 ipsa
1723 5723 1834 5794 jam

631 5817 901 5880 ΡΑτιιοι.
947 5817 1132 5884 CXV.

1999 3277 2018 3308 ε
2059 3257 2258 3314 AVert'e
2285 3257 2472 3314 'oculos
2521 3269 2640 3315 tuos
2665 3277 2695 3314 a
2725 3277 2832 3326 me,
2864 3263 2991 3330 quia
3027 3263 3128 3334 ipsi
3171 3279 3258 3320 me
3283 3266 3500 3322 avolare

1929 3365 1946 3396 ι
1977 3347 2246 3402 fecerunt.
2285 3369 2304 3400 ι
2333 3349 2394 3404 id
2423 3359 2506 3404 est
2543 3349 2718 3405 oculis
2747 3351 2943 3408 mentis
2969 3361 3072 3408 tuae
3101 3354 3212 3410 nuli
3257 3371 3504 3427 quairere
3565 3343 3576 3356 ’

1925 3439 1978 3492 in
2008 3447 2114 3493 tua:
2157 3441 2612 3510 peregrinationis
2665 3441 2858 3498 itinere
2907 3459 2991 3498 me
3023 3443 3264 3514 perfecte
3305 3463 3502 3518 cogno-

1921 3541 2094 3590 scere,
2124 3525 2268 3596 quod
2309 3527 2426 3582 ﬁeri
2461 3545 2566 3583 non
2599 3539 2794 3598 potest,
2833 3531 2958 3600 quia
2991 3547 3098 3603 quo
3125 3535 3384 3590 intentius
3411 3553 3498 3592 me

1923 3623 2216 3686 agnoscere
2243 3618 2457 3688 qumris,
2493 3633 2558 3672 eo
2595 3621 2798 3676 certius
2841 3637 2926 3676 me
2975 3623 3494 3694 incomprehensibi-

1923 3707 2026 3764 leut
2059 3723 2178 3766 esse
2221 3708 2494 3779 intelligis.
2547 3709 2612 3765 Et
2640 3725 2708 3764 ne
2751 3727 2960 3782 quaeras
2999 3713 3052 3768 in
3083 3713 3166 3768 via
3195 3717 3496 3786 prmmium,

1923 3801 2066 3870 quod
2098 3799 2192 3854 tibi
2215 3799 2268 3854 in
2297 3801 2470 3869 patria
2511 3809 2840 3856 reservatur.
2871 3801 3042 3858 Aliter
3077 3819 3204 3858 vero
3235 3807 3498 3870 sentitur,

1924 3909 1988 3948 ac
2017 3893 2060 3948 si
2086 3893 2290 3948 diceret
2319 3909 2332 3946 :
2361 3891 2548 3946 Nonne
2589 3908 2801 3964 semper
2829 3893 2882 3949 in
2911 3911 3138 3966 corpore
3163 3897 3500 3968 conspicien-

1925 3985 2050 4040 dum
2069 3985 2337 4054 requiras,
2366 3999 2524 4054 quem
2547 3999 2761 4055 semper
2780 4001 2878 4057 per
2900 3986 3058 4044 [idem
3079 3989 3508 4048 meliuscernis?

1925 4075 2130 4131 idcirco
2181 4076 2380 4132 etenim
2423 4077 2478 4130 in
2525 4077 2720 4132 cmlnm
2767 4080 3008 4146 ascendi,
3041 4089 3101 4136 ut
3148 4097 3364 4154 semper
3409 4085 3508 4141 tibi

1927 4167 2112 4222 loculis
2147 4181 2454 4238 appaream.
2503 4185 2522 4218 ‹
2567 4167 2758 4238 Capilli
2807 4170 2884 4224 tui
2931 4169 3072 4226 sicut
3096 4187 3288 4242 greges
3317 4189 3512 4245 capra-

1931 4277 1950 4310 ι
1983 4269 2122 4324 rum,
2159 4273 2278 4328 quae
2320 4259 2684 4314 ascenderunt
2727 4259 2794 4316 de
2845 4269 3026 4317 monte
3065 4251 3286 4320 Galaad.
3337 4285 3357 4318 ι
3405 4267 3510 4333 Qui

1923 4347 2176 4402 versiculi
2207 4347 2358 4418 prius
2383 4347 2614 4418 expositi
2643 4355 2794 4412 sunt,
2835 4351 2930 4404 sed
2959 4351 3208 4420 repetitio
3231 4355 3508 4412 ﬁrmitatis

1931 4437 2190 4496 iudicium
2244 4449 2344 4496 est.
2399 4439 2456 4494 lu
2499 4439 2704 4510 capillis
2745 4441 2964 4512 populi,
3001 4443 3058 4498 in
3106 4441 3360 4502 dentibus
3413 4447 3510 4504 do-

1933 4541 2142 4596 ctores,
2181 4531 2234 4586 in
2275 4531 2516 4602 gemellis
2556 4530 2752 4588 fetibus
2789 4541 3058 4604 praecepta
3105 4535 3392 4594 charitatis
3431 4539 3514 4594 in—
3587 4523 3590 4526 λ

1935 4623 2264 4694 telliguntur.

2013 4735 2030 4768 ε
2067 4713 2219 4769 Sicut
2247 4723 2432 4770 cortex
2462 4715 2588 4770 mali
2613 4713 2834 4782 Punici,
2865 4715 2942 4772 sic
2979 4733 3128 4788 genre
3169 4727 3274 4776 tuae
3309 4721 3512 4792 absque

1945 4825 1964 4857 ι
1987 4803 2156 4860 oculis
2173 4803 2296 4859 tuis.
2321 4823 2338 4856 ι
2367 4803 2528 4859 Genu:
2551 4803 2804 4860 Ecclesia:
2833 4807 3138 4876 spirituales
3163 4819 3290 4865 sunt
3310 4819 3514 4880 patres,

1941 4907 2002 4952 ut
2031 4895 2278 4966 superius
2310 4895 2564 4960 diximus,
2614 4895 2706 4966 qui
2736 4895 3026 4954 virtutibus
3071 4909 3198 4954 sunt
3235 4901 3512 4959 mirabiles

1941 4999 1998 5044 et
2023 4987 2266 5042 moribus
2308 4986 2660 5052 venerabiles,
2691 4995 2746 5042 et
2771 4987 2825 5042 iu
2855 4987 3058 5046 Christi
3096 5007 3260 5046 cruce
3297 4991 3518 5064 gloriari

1941 5097 2048 5136 non
2072 5079 2475 5136 erubescentes.
2503 5079 2710 5138 EtJue'c
2738 5097 2934 5154 magna
2961 5095 3088 5140 sunt
3113 5085 3266 5142 valde
3291 5103 3413 5158 quae
3433 5091 3518 5146 vi-

1943 5171 2138 5228 dentur
2171 5171 2224 5226 in
2257 5185 2342 5236 ea,
2370 5169 2464 5226 sed
2499 5169 2670 5225 multo
2713 5173 2916 5244 majora
2951 5189 3070 5244 qua:
3105 5189 3212 5229 non
3245 5177 3520 5250 videntur,

1941 5271 1998 5320 et
2022 5263 2076 5319 in
2105 5263 2345 5320 futurum
2371 5271 2736 5318 reservantur.
2775 5265 2922 5320 L'nde
2945 5263 3208 5334 Propheta
3237 5281 3252 5322 :
3287 5287 3306 5322 ‹
3333 5269 3520 5330 Omnis

1945 5355 2112 5428 gloria
2143 5353 2260 5426 ejus
2293 5353 2418 5410 tiliae
2451 5355 2596 5428 regis
2621 5355 2688 5410 ab
2713 5353 2878 5409 intus.
2909 5353 3082 5426 (Ρεαι.
3112 5359 3282 5428 κων).
3313 5379 3332 5413 ι

2019 5465 2039 5498 ι
2079 5445 2370 5518 Sexaginta
2423 5453 2552 5500 sunt
2607 5443 2828 5516 reginae,
2885 5455 2940 5500 et
2991 5449 3264 5516 octOginta
3317 5465 3520 5514 concu-

1952 5557 1972 5589 ι
2005 5537 2168 5604 binae,
2196 5545 2252 5592 et
2311 5535 2834 5592 adolescentularum
2891 5551 2998 5592 non
3063 5547 3148 5594 est
3203 5555 3462 5600 numerus
3497 5565 3516 5596 ο

1949 5629 2167 5704 Regina;
2235 5637 2360 5686 sunt
2433 5643 2552 5699 qua:
2629 5641 2814 5684 amore
2877 5631 3098 5700 sponsi,
3167 5641 3222 5688 et
3283 5633 3524 5690 caelestis

1949 5723 2154 5794 [ιι-ωηιἰί
2191 5723 2384 5778 intuitu
2437 5735 2534 5792 per
2567 5719 3006 5792 praedicationem
3049 5725 3294 5782 veritatis
3351 5735 3406 5782 ct
3455 5725 3524 5780 li-
