4078 6340
633 323 736 378 619

1663 312 2009 370 ANGELOMI
2051 309 2510 367 LUXOVIENSIS
2550 306 2850 365 MONACIII
3737 307 3816 366 6&0

635 431 746 496 dei,
800 436 855 481 et
903 425 1042 482 sacri
1077 423 1415 495 baptismatis
1461 420 1691 482 fontem.
1735 419 1971 476 sobolem
2015 426 2216 472 aeterno
2243 422 2289 481 Α
2320 418 2419 472 sub
2449 417 2885 489 tegminclittene
2920 415 3397 473 velutstibcertice
3417 414 3816 487 @irituaiislatr't

638 519 751 589 regi
803 514 1139 588 spiritualcm
1205 520 1484 583 generant.
1539 509 1798 566 Senarius
1848 522 2107 562 numerus
2146 507 2216 562 ad

637 608 1025 683 perfectionem
1057 604 1343 677 praesentis
1386 602 1510 656 vitae
1550 600 1811 671 pertinet,
1857 605 2077 669 propter
2120 611 2214 652 sex

639 682 760 758 dies
790 702 843 754 in
879 695 1078 768 quibus
1104 685 1413 749 licet'bona
1452 689 1690 763 operari.
1739 682 2063 745 Concubinae
2089 700 2216 742 vero

606 850 610 859 ,
640 789 915 861 simplices
954 786 1010 843 in
1039 782 1280 840 Ecclesia
1319 781 1641 853 signiﬁcant,
1670 778 1761 850 qui
1790 784 2042 848 suscepto
2066 775 2218 831 verbi

642 879 870 943 semine,
904 890 1014 931 non
1044 870 1382 945 spiritaliter,
1409 870 1505 926 sed
1529 866 1820 925 carnaliter
1845 865 2082 936 sapiunt,
2102 863 2219 920 sive

641 971 737 1043 qui
772 967 976 1026 carnali
1017 962 1351 1021 solummodo
1371 959 1766 1032 quodammodo
1784 958 2057 1014 Christum
2081 968 2220 1028 prte—

646 1059 876 1117 dicando
899 1055 983 1112 vel
1013 1053 1339 1125 baptizando
1377 1053 1590 1108 docent.
1631 1046 2057 1105 Adolescentulae
2095 1053 2223 1103 sunt

646 1151 841 1206 animae
892 1160 1064 1225 nuper
1099 1145 1154 1200 in
1204 1141 1422 1200 Christo
1464 1148 1687 1207 renatae,
1739 1153 1967 1209 quarum
2008 1151 2221 1193 summa

647 1250 870 1312 propter
906 1230 1308 1295 multitudinem
1355 1234 1554 1292 civium
1594 1232 1895 1289 caelestium
1936 1244 2219 1286 numerum

645 1329 1000 1386 transcendit.
1030 1327 1265 1383 Possunt
1289 1326 1472 1397 itaque
1501 1324 1557 1379 in
1594 1320 2011 1378 adolescentulis
2035 1319 2111 1375 illi
2134 1320 2218 1374 in-

646 1420 835 1494 telligi,
869 1420 958 1490 qui
984 1429 1341 1488 semperque:
1362 1423 1547 1471 sancta
1581 1421 1707 1470 sunt
1755 1411 1945 1467 audire
1970 1410 2218 1482 cupiunt,

645 1528 753 1567 non
788 1520 968 1566 tamen
996 1508 1177 1565 audita
1207 1508 1459 1580 operibus
1485 1505 1707 1576 implere
1728 1512 2006 1576 satagunt.

608 1656 617 1659 _
722 1621 741 1653 ι
778 1600 898 1656 Una
935 1606 1022 1654 est
1064 1597 1312 1655 columba
1352 1613 1494 1661 mea,
1535 1594 1775 1667 perfecta
1800 1610 1948 1661 mea;
1988 1608 2093 1649 una
2109 1602 2206 1649 'est

654 1712 673 1742 ι
721 1689 883 1752 matri
921 1702 1053 1755 sum,
1107 1686 1600 1759 electa'genitricis
1642 1700 1772 1740 suae.
1820 1703 1843 1737 ο
1891 1682 2091 1740 Sancta
2133 1683 2217 1739 vi-

2306 521 2528 572 sensus,
2562 527 2580 558 ι
2614 505 2683 562 Ut
2736 507 3060 577 inspicerem
3113 508 3156 562 si
3208 504 3511 561 ﬂoruissent
3551 507 3710 564 vittae.
3743 500 3817 567 rid

2315 606 2413 659 est,
2446 596 2490 651 si
2521 594 2671 665 plebs
2691 594 2861 651 ﬁdelis
2890 596 2942 650 in
2967 595 3146 651 studio
3172 595 3429 649 virtutum
3459 591 3717 651 ﬂoruisset.
3736 616 3752 648 ι
3770 598 3817 653 lit

2316 684 2710 756 germinassent
2750 683 2892 739 mala
2943 683 3165 740 Punica.
3206 701 3226 734 ι
3256 681 3315 738 Si
3359 680 3451 751 qui
3473 681 3537 738 ad
3575 685 3817 756 exemplum

2317 775 2607 833 Detuinica:
2637 773 2902 846 passionis
2934 773 3221 846 prreparati
3256 781 3439 829 essent
3477 786 3621 827 suum
3643 773 3817 830 fundere

2317 867 2653 936 sanguinem.

2380 969 2412 1008 ⁸(
2449 954 2658 1012 Nescivi
2683 973 2698 1010 :
2729 955 2908 1011 anima
2927 969 3048 1010 mea
3062 953 3409 1010 conturbavit
3426 966 3509 1008 me
3520 961 3713 1023 propter
3726 968 3817 1023 qua-

2324 1066 2344 1100 ι
2377 1047 2555 1118 drigas
2582 1047 3006 1104 Atnminadabn
3034 1049 3149 1104 Vox
3169 1047 3500 1119 Synagogre:
3528 1044 3821 1103 Nescividom

2319 1140 2507 1211 gratia:
2529 1139 2824 1209 spiritualis
2850 1141 2906 1195 in
2941 1147 3011 1197 te.
3032 1154 3155 1195 esse
3183 1153 3405 1210 sponsa,
3452 1137 3543 1193 sed
3564 1137 3719 1192 anima
3734 1152 3819 1192 mea

2281 1223 2285 1226 ’
2320 1228 2664 1301 conturbavit
2702 1243 2810 1295 me,
2854 1238 3080 1302 prepter
3111 1228 3493 1287 inductionem
3520 1226 3643 1282 Novi
3683 1226 3820 1284 Testa-

2320 1322 2488 1377 meuti
2523 1328 2580 1379 et
2606 1321 2941 1393 Evangelicai
2982 1320 3275 1392 quadrigzc.
3317 1319 3657 1375 Amminadab
3680 1319 3821 1390 quippe

2320 1410 2706 1482 interpretatur
2732 1410 2912 1482 populi
2936 1410 3036 1465 mei
3065 1424 3404 1481 spectamus,
3436 1409 3487 1465 id
3510 1417 3587 1464 est
3609 1408 3821 1475 Christus,

2322 1499 2417 1570 qui
2452 1514 2548 1570 per
2576 1507 2747 1556 totum
2786 1499 3002 1556 vehitur
3041 1499 3251 1556 orbem.
3298 1497 3397 1554 Cui
3430 1496 3650 1554 Ecclesia
3679 1513 3821 1556 conso-

2308 1591 2482 1647 lando
2509 1606 2635 1647 mox
2661 1578 2939 1663 reSpondit
2967 1609 2983 1647 :
3158 1666 3165 1671 _
3466 1632 3471 1639 .

2400 1704 2418 1737 ι
2451 1684 2769 1751 Revertere,
2794 1692 3089 1749 revertere,
3114 1681 3449 1749 Sunamitis;
3480 1689 3743 1747 revertere,
3761 1697 3822 1738 re-

648 1780 844 1837 delicet
870 1778 1111 1835 Ecclesia
1138 1777 1460 1832 universalis
1486 1790 1582 1846 per
1611 1783 1781 1831 totum
1807 1774 1993 1830 orbem
2018 1788 2123 1829 una
2141 1782 2226 1831 est
2251 1767 2299 1827 B
2330 1795 2350 1829 ι
2371 1784 2603 1842 vertere,
2631 1783 2694 1830 ut
2712 1773 3022 1833 intueamur
3042 1783 3113 1832 te.
3140 1795 3161 1831 ι
3187 1774 3246 1831 ld
3264 1782 3371 1839 est,
3385 1773 3498 1829 Noli
3525 1773 3824 1834 turbamenta.

650 1870 813 1927 matri
842 1883 972 1933 suae,
996 1868 1064 1923 *id
1085 1875 1170 1922 est
1194 1866 1398 1922 caelesti
1424 1864 1750 1931 Jerusalem,
1785 1880 1905 1936 qua:
1930 1873 2014 1920 est
2054 1873 2228 1920 mater

650 1960 894 2016 omnium
915 1967 1178 2024 nostrum,
1209 1958 1351 2013 unde
1377 1957 1444 2011 ad
1471 1971 1568 2012 nos
1598 1957 1773 2029 gratia
1799 1954 2035 2026 Spiritus
2054 1953 2226 2011 sancti

653 2048 931 2106 descendit
960 2062 1057 2117 per
1080 2061 1243 2118 quam
1263 2045 1601 2102 renascimur
1634 2045 1763 2101 Deo.
1793 2042 1913 2099 Una
1938 2059 2067 2100 vero
2094 2043 2232 2099 dici-

653 2151 765 2205 tur,
804 2139 954 2210 quia,
999 2137 1239 2208 expulsis
1278 2136 1488 2193 cunctis
1528 2135 1794 2207 reprobis,
1842 2134 1958 2205 ipsa
2000 2142 2233 2189 tantum—

654 2233 817 2288 modo
846 2230 1142 2288 sociabitur
1177 2228 1413 2287 Christo.
1440 2247 1471 2280 1
1510 2228 1777 2283 Viderunt
1802 2242 1922 2282 eam
1952 2224 2075 2282 ﬁliae
2099 2223 2231 2283 Sion

662 2346 680 2378 ι
723 2336 779 2382 et
826 2324 1196 2381 beatissimam
1243 2323 1671 2394 praedicaverunt
1726 2320 1948 2391 reginae,
1998 2325 2055 2374 et
2088 2316 2236 2373 'con-

661 2439 679 2469 ι
724 2417 933 2474 cuhinae
956 2414 1326 2470 laudaverunt
1362 2427 1504 2467 eam.
1547 2430 1566 2464 ι
1598 2411 1745 2479 Quas
1769 2412 1919 2482 prius
1945 2410 2080 2466 dixit
2104 2411 2235 2466 ado-

657 2506 1010 2569 lescentulas,
1062 2522 1208 2561 nunc
1239 2505 1375 2560 ﬁlias
1431 2504 1695 2558 nominat.
1748 2502 2064 2574 Reginte‘et
2107 2517 2236 2557 conc

658 2601 866 2655 eubina:
892 2599 1030 2653 idem
1057 2605 1183 2653 sunt
1210 2606 1329 2665 qua:
1354 2604 1407 2650 et
1445 2602 1594 2663 ante,
1619 2608 1739 2664 quae
1776 2607 1967 2649 omnes
2007 2592 2239 2649 catholi-

662 2703 782 2744 cam
812 2685 1036 2741 laudant
1062 2683 1382 2763 Ecclesium.
1847 2680 1853 2689 '
2212 2744 2245 2771 .

734 2798 753 2829 ι
799 2776 930 2844 Qum
961 2783 1045 2830 est
1082 2774 1184 2830 ista
1214 2788 1334 2843 qua:
1379 2771 1623 2828 ascendit
1668 2770 1825 2843 quasi
1864 2784 2060 2827 aurora
2106 2770 2239 2826 eoné

665 2888 685 2921 ι
723 2882 972 2939 surgens,
994 2865 1219 2937 pulchra
1245 2873 1306 2920 ut
1332 2864 1456 2920 luna
1476 2905 1491 2929 ,
1520 2864 1692 2920 electa
1732 2872 1790 2919 ut
1828 2861 1907 2918 sol
1928 2903 1944 2929 ,
1987 2860 2243 2923 terribilis

666 2980 685 3012 ι
731 2966 790 3014 ιιι
801 2969 1101 3014 castrorum
1117 2957 1262 3012 acies
1274 2957 1557 3011 ordinata?
1578 2975 1596 3007 ι
1609 2955 1721 3012 Vox
1733 2963 1816 3011 est
1830 2953 2244 3026 istaSynagogte

668 3047 992 3103 admirantis
1038 3046 1498 3115 pulchritudinem
1545 3044 1801 3101 Ecclesia:
1848 3060 1917 3100 ex
1966 3045 2239 3116 gentibus,

2325 1867 2421 1923 sed
2450 1875 2722 1922 revertere
2749 1866 2818 1923 ad
2841 1865 3223 1935 cognitionem
3279 1865 3357 1923 tui
3385 1862 3744 1934 Redemptoris,
3761 1862 3823 1931 qui

2329 1955 2634 2028 tibipotius
2660 1955 3018 2026 inprophetis
3042 1962 3098 2011 et
3116 1954 3235 2027 lege
3254 1953 3548 2026 promissus
3562 1961 3656 2009 est.
3678 1950 3824 2009 Rever-

2328 2055 2448 2104 tere
2491 2048 2728 2118 puritate
2779 2046 2925 2114 ﬁdei,
2972 2057 3249 2105 revertere
3288 2043 3825 2119 operumpcrlectione.

2331 2140 2377 2196 Ο
2401 2139 2720 2205 Sunamitis,
2751 2139 2804 2194 id
2842 2148 2928 2194 est
2963 2139 3199 2209 captiva,
3250 2139 3367 2210 jam
3401 2153 3431 2192 a
3467 2135 3662 2191 vinculo
3693 2134 3824 2189 inﬁde-

2332 2229 2501 2286 litatis
2555 2237 2828 2285 revertere
2853 2230 2922 2287 ad
2946 2238 3099 2285 tuum
3142 2228 3586 2300 Redemptor-em,
3611 2233 3663 2281 ut
3699 2224 3824 2281 salve

2368 2321 2438 2376 is!

2332 2336 2438 2378 US!

2930 2388 3156 2446 CAPUT
3197 2389 3312 2445 VII.

2413 2520 2432 2554 ι
2466 2500 2607 2570 Quid
2638 2501 2843 2557 videbis
2872 2501 2926 2557 in
2970 2500 3277 2575 Sunamitc,
3310 2501 3416 2557 nisi
3435 2506 3704 2557 eaStrorum
3734 2494 3825 2551 cho-

2342 2608 2362 2643 ι
2395 2591 2521 2647 ros?
2557 2610 2577 2644 ι
2614 2588 2726 2646 lloc
2767 2599 2851 2649 est
2877 2608 2892 2644 ε
2923 2590 3003 2645 Tu
3026 2590 3177 2645 doles
3200 2591 3537 2663 Synagogam
3564 2587 3825 2646 obduratam.

2337 2697 2506 2754 prope
2531 2690 2615 2736 est
2650 2690 2857 2751 tempus
2883 2682 3028 2753 quod
3070 2683 3269 2738 choros
3296 2680 3601 2737 bellantium
3634 2676 3826 2732 adversus

2340 2771 2606 2845 malignos
2633 2772 2880 2842 spiritus,
2906 2781 2963 2827 et
2988 2772 3323 2827 laudantium
3367 2772 3529 2827 Deum
3576 2768 3624 2822 in
3644 2780 3698 2821 ea
3726 2762 3824 2818 vide

2340 2862 2444 2919 bis.
2482 2862 2665 2918 Potest
2708 2875 2766 2917 et
2816 2863 2974 2919 aliter
3020 2861 3251 2934 intelligi
3306 2862 3512 2919 nescivi.
3553 2857 3715 2913 Anima
3747 2864 3827 2906 mea

2340 2951 2684 3009 conturbavit
2737 2964 2860 3015 me,
2915 2960 3137 3023 propter
3194 2951 3487 3022 quadrigas
3537 2940 3830 3001 Amminadalv.

2343 3041 2483 3110 Quid
2541 3042 2772 3099 nescivit
2821 3042 3100 3109 Christus,
3138 3042 3242 3099 nisi
3307 3037 3617 3112 peccatum?
3663 3030 3829 3089 Nescivil

664 3154 732 3195 eo
760 3138 901 3209 quod
930 3137 1046 3192 sine
1074 3136 1291 3205 iudiciis
1332 3137 1465 3207 legis
1489 3145 1545 3191 et
1575 3134 2243 3206 iustructionepropheta—
2268 3118 2314 3181 C
2347 3132 2464 3187 illos
2493 3131 2654 3187 etiam
2680 3131 2875 3201 quibus
2914 3132 2966 3186 in
2990 3130 3204 3201 judicio
3232 3130 3478 3186 dicturus
3511 3135 3620 3182 est:
3650 3142 3665 3174 ι
3694 3123 3830 3179 Amen.

667 3245 791 3283 rum
817 3227 883 3282 ad
930 3225 1364 3297 prtedicationem
1414 3224 1685 3297 Evangelii
1723 3234 1833 3280 tam
1876 3226 2055 3282 subito
2095 3234 2239 3281 tanta

664 3315 996 3389 perfectione
1022 3313 1277 3368 virtutum
1302 3313 1623 3379 excreverit,
1654 3312 2055 3384 sicutsuperius
2078 3313 2245 3368 admi-

665 3419 785 3462 rata
829 3403 938 3474 jam
976 3402 1167 3459 fuerat.
1222 3402 1313 3457 Ait
1345 3416 1575 3472 namque
1619 3420 1631 3456 ε
1674 3421 1692 3453 ι
1738 3401 1868 3469 Qum
1887 3410 1970 3458 est
2003 3402 2106 3457 ista
2127 3416 2244 3472 qua:

667 3494 911 3550 ascendit
956 3493 1096 3549 sicut
1141 3507 1336 3548 aurora
1366 3506 1723 3563 consurgens,
1761 3510 1781 3544 ι
1814 3499 1920 3547 etc.
1956 3491 2242 3563 Progredi-

667 3598 757 3642 tnr
793 3584 1031 3640 Ecclesia
1069 3583 1225 3655 quasi
1252 3597 1473 3649 aurora,
1510 3582 1635 3653 quia
1662 3582 1777 3652 jam
1802 3582 1917 3637 veri
1942 3581 2162 3637 luminis
2190 3581 2245 3636 in

666 3690 731 3731 ea
761 3673 838 3730 sol
878 3684 1032 3730 ortus
1054 3675 1253 3729 mundo
1290 3682 1412 3744 post
1451 3673 1704 3728 tenebras
1726 3671 1898 3744 longa:
1930 3671 2247 3742 ignorantia:

668 3774 1019 3830 monstratur,
1060 3764 1147 3820 vel
1177 3766 1392 3836 quando
1427 3764 1736 3835 relinquens
1763 3774 1885 3835 post
1912 3779 1972 3821 se
1993 3764 2248 3820 tenebra-

673 3873 797 3913 rum
822 3871 987 3927 opera
1033 3864 1183 3912 caste
1222 3864 1279 3910 et
1330 3856 1509 3912 sobrie
1542 3855 1700 3921 vivit,
1729 3864 1785 3911 et
1834 3855 1901 3910 ad
1946 3853 2247 3926 perfectum

670 3948 814 4003 diem
844 3946 1015 4002 tendit
1043 3964 1056 3999 :
1092 3964 1111 3997 ι
1142 3944 1376 4002 Pulchra
1403 3956 1463 4001 ut
1504 3945 1655 4012 luna,
1674 3966 1704 4001 η»
1736 3947 1863 4018 quia
1890 3961 1921 4001 a
1943 3945 2054 4003 sole
2091 3945 2249 4017 justi-

674 4040 763 4094 tia:
794 4037 1078 4105 illustrata,
1106 4047 1318 4094 noctem
1364 4039 1550 4094 mundi
1597 4038 1880 4095 illuminat.
1918 4058 1938 4090 ι
1980 4039 2158 4095 Electa
2192 4049 2251 4094 ut

675 4127 777 4193 sol,
809 4146 827 4179 ι
862 4128 988 4197 quia
1020 4127 1305 4199 imaginem
1330 4128 1416 4183 sui
1453 4127 1761 4185 Conditoris
1782 4131 1834 4185 in
1862 4129 2252 4201 omnijustitite

674 4218 965 4297 sanctitate
1007 4227 1062 4275 et
1095 4219 1320 4274 veritate
1361 4226 1562 4290 portat.
1615 4219 1827 4275 Aliter:
1861 4238 1880 4273 ι
1929 4220 2161 4276 Pulchra
2193 4228 2253 4276 ut

675 4309 802 4366 luna
820 4352 835 4378 ,
872 4330 892 4364 ι
921 4326 1019 4383 per
1040 4311 1295 4367 virtutem
1320 4310 1373 4366 in
1401 4311 1653 4381 praesenti
1680 4309 1876 4366 saeculo
1895 4318 1951 4365 et
1981 4309 2250 4366 decorem.

683 4418 702 4453 ι
744 4398 927 4456 Electa
955 4399 1129 4467 utsol,
1158 4419 1177 4453 ι
1206 4400 1262 4456 ἰη
1288 4400 1466 4456 futura
1485 4400 1838 4456 beatitudine.
1864 4400 1958 4457 Vel
1979 4420 1997 4453 ι
2028 4401 2253 4472 pulchra

676 4499 740 4546 ut
762 4489 910 4557 luna,
941 4511 961 4544 ι
991 4492 1043 4546 in
1067 4489 1372 4564 coniugatis
1394 4509 1409 4546 :
1433 4512 1453 4546 ι
1481 4491 1650 4549 electa
1678 4498 1737 4547 ut
1765 4490 1865 4557 sol,
1902 4512 1920 4545 ι
1953 4492 2007 4547 in
2028 4491 2254 4562 virgini-

675 4582 818 4639 bus:
866 4583 1121 4639 terribilis
1157 4584 1332 4639 aereis
1372 4584 1751 4654 potestatibus,
1795 4590 1851 4639 et
1891 4597 1990 4654 per
2014 4591 2252 4654 potesta-

679 4681 789 4727 tem
820 4670 1019 4742 ligandi
1063 4679 1119 4727 et
1167 4672 1429 4728 solvendi.
1480 4671 1740 4728 Ordinata
1773 4673 1826 4727 in
1871 4673 2077 4727 unitate
2110 4672 2253 4741 ﬁdei,

679 4762 819 4834 spei,
848 4774 906 4817 et
943 4761 1250 4829 charitatis,
1286 4771 1342 4818 et
1371 4763 1424 4817 in
1468 4763 1847 4835 mysteriorum
1883 4764 2251 4832 dispositione.

757 4874 777 4906 ι
812 4853 1075 4909 Descendi
1106 4854 1159 4908 in
1200 4854 1415 4909 hortum
1465 4870 1685 4920 nucum,
1723 4864 1783 4909 nt
1828 4856 2065 4911 viderem
2099 4872 2255 4926 poma

681 4946 708 4995 ἰ
745 4942 1088 5001 convallium.
1123 4963 1143 4997 ι
1174 4944 1374 5001 Hortus
1420 4946 1622 5001 etenim
1667 4962 1863 5002 nucum
1907 4956 1991 5002 est
2022 4947 2261 5003 Ecclesia

680 5046 940 5105 praesens,
970 5034 1062 5091 ubi
1077 5043 1290 5091 nostras
1309 5035 1671 5093 conscientias
1699 5036 2019 5092 alterutrum
2043 5038 2263 5095 minime

680 5125 949 5193 videmus,
1006 5125 1101 5183 sed
1151 5124 1322 5181 fracta
1372 5140 1470 5197 per
1508 5126 1862 5182 tentationcm
1904 5134 2043 5182 testa
2085 5127 2263 5183 carnis
2306 5124 2323 5130 ’

686 5215 776 5271 vel
819 5214 1085 5287 corporis,
1132 5214 1412 5288 apparebit
1454 5216 1677 5271 interna:
1713 5214 2014 5270 dulcedinis
2053 5225 2258 5287 gustus.

684 5306 851 5365 Poma
883 5308 1162 5375 convallis,
1193 5307 1402 5363 fructus
1426 5307 1785 5363 humilitatis:
1819 5306 2095 5364 descendit
2117 5308 2258 5363 enim

688 5392 873 5455 sancta‘
898 5399 1138 5455 Ecclesia
1166 5415 1265 5470 per
1294 5399 1542 5454 doctores
1585 5406 1825 5464 sanctos,
1856 5407 1917 5453 ut
1950 5399 2127 5454 videat
2168 5399 2261 5469 qui

680 5488 975 5559 proficiant
1018 5488 1086 5544 ad
1128 5488 1339 5545 fructus
1387 5482 1673 5552 bonorum,
1728 5490 1886 5559 quive
1914 5488 2093 5545 adhuc
2126 5490 2264 5544 iudi-

694 5586 856 5648 geant
876 5577 1136 5633 doctrinae
1162 5577 1496 5649 irrigatione.
1525 5576 1714 5633 Potest
1739 5586 1794 5633 et
1828 5578 2020 5635 hortus
2064 5595 2261 5635 nucum

690 5682 863 5723 canon
889 5668 1021 5725 Novi
1044 5685 1105 5725 ac
1136 5669 1342 5725 Veteris
1372 5668 1704 5725 Testamenti
1735 5668 2003 5741 designari
2034 5687 2048 5725 :
2082 5671 2135 5725 in
2158 5684 2264 5741 quo

2346 3226 2466 3282 dico
2505 3225 2686 3291 vobis,
2723 3225 2906 3280 nescio
2945 3239 3047 3280 vos
3074 3223 3313 3295 (Matth.
3351 3219 3506 3293 xxv).
3559 3238 3576 3272 ι
3613 3212 3831 3284 Quadrith

2343 3310 2734 3383 Amminadab,
2762 3317 3121 3387 evangelistas
3146 3316 3301 3371 dicit.
3341 3310 3668 3370 Amminadab
3692 3304 3833 3376 ςυίριιε

2346 3407 2734 3478 interpretatur
2759 3407 2935 3479 populi
2976 3418 3298 3479 spontaneus
3315 3448 3330 3471 ,
3356 3405 3408 3461 id
3436 3415 3521 3460 aest
3554 3399 3681 3472 plebs
3706 3391 3831 3449 Eode‘

2338 3497 2440 3553 site
2469 3495 2659 3553 ﬁdelis.
2691 3496 2987 3553 Sunamitis
3022 3497 3123 3553 ista
3164 3496 3458 3555 Ecclesiam
3491 3488 3739 3562 signiﬁcat.
3765 3496 3832 3536 w-

2340 3588 2431 3658 illS
2463 3587 2693 3660 ﬁguram
2721 3587 3018 3643 Sunamitis
3056 3586 3146 3643 illa
3186 3589 3241 3642 in
3284 3587 3419 3643 libro
3452 3585 3632 3653 Regum
3647 3571 3829 3649 gestatil-

2348 3677 2449 3746 Qui
2477 3679 2547 3734 ob
2572 3678 2675 3735 hoc
2701 3679 2793 3751 qui
2820 3677 3023 3734 Christi
3049 3680 3315 3748 sanguine
3334 3677 3621 3736 decoratur,
3648 3663 3830 3724 coccinea

2346 3770 2403 3826 in
2418 3769 2624 3825 Latino
2654 3780 2808 3825 sonat
2838 3770 2923 3825 cui
2968 3770 3288 3839 frequenter
3313 3784 3342 3824 a
3383 3765 3572 3823 sanctis
3602 3756 3832 3833 pradicalo'

2347 3860 2499 3916 ribus
2533 3860 2731 3915 dicitur
2758 3879 2777 3912 ι
2814 3860 3104 3915 Revertere
3136 3878 3149 3913 :
3192 3878 3210 3912 ι
3247 3868 3312 3915 ut
3341 3854 3539 3914 etiamsi
3562 3864 3651 3923 per
3670 3845 3830 3901 adversi

2349 3952 2658 4023 deliquerit.
2708 3953 2761 4008 in
2811 3953 3242 4022 despetationem
3293 3966 3398 4006 non
3450 3944 3667 4005 decidat,
3707 3931 3830 4031 setia

2348 4045 2605 4116 peccandi
2635 4044 3019 4099 consuetudine
3053 4058 3175 4099 cum
3214 4057 3313 4113 spe
3337 4034 3648 4114 indulgentia:

2351 4146 2458 4194 cat.
2493 4155 2513 4188 ι
2545 4135 2935 4205 Quampulchri
2962 4144 3089 4191 sunt
3109 4149 3332 4205 gressus
3351 4132 3423 4187 tui
3452 4129 3500 4184 in
3520 4119 3830 4183 cadceamellusv

2357 4244 2378 4279 ι
2406 4224 2512 4281 ﬁlia
2527 4226 2813 4297 principis!
2842 4247 2858 4277 ι
2880 4223 3033 4280 Nunc
3048 4224 3234 4280 laudes
3250 4221 3495 4281 Ecclesia:
3512 4215 3680 4285 abipso

2354 4316 2722 4389 proferuntur,
2753 4325 2806 4372 et
2821 4317 3001 4387 primo
3039 4329 3264 4387 cperunt
3298 4306 3604 4371 constantia.
3628 4311 3673 4356 ει

2352 4383 2537 4462 iicatio
2567 4383 2896 4478 voluptatum
2927 4383 3217 4461 lauda—titur
3252 4405 3309 4460 in
3352 4419 3413 4460 ea
3455 4398 3682 4486 quamet
3714 4383 3829 4486 illi“?

2360 4495 2635 4566 principis,
2664 4474 2712 4550 id
2748 4504 2833 4550 est
2865 4494 3085 4560 Christi,
3117 4496 3186 4550 ob
3226 4494 3452 4566 gratiam
3493 4474 3766 4558 baptismatis
3794 4474 3830 4522 α

2358 4583 2693 4640 nobilitatem
2719 4584 2977 4640 virtutum
3012 4585 3271 4640 nominat.
3302 4603 3320 4637 ι
3369 4580 3622 4637 Juncturte
3636 4568 3828 4625 ΐοηιθτιιηι

2366 4696 2384 4729 ι
2426 4686 2642 4732 tuorum
2670 4677 2809 4733 sicut
2837 4677 3056 4733 monilia
3080 4693 3200 4748 quae
3224 4675 3480 4731 fabricata
3506 4669 3755 4725 suntmanu

2368 4789 2386 4823 ι
2414 4768 2594 4824 tilicis.
2617 4788 2634 4821 ι
2661 4770 2896 4827 Duorum
2917 4738 3524 4841 concordiapopnlorum
3536 4748 3714 4830 speciali
3728 4738 3828 4817 Ιπ⁰¹⁰

2364 4861 2792 4929 fecundantium,
2859 4863 2910 4917 in
2957 4863 3211 4934 junctura
3268 4861 3520 4917 femorum
3580 4843 3827 4940 desilit“:

2363 4967 2483 5022 quae
2511 4952 2651 5007 sicut
2675 4917 2892 5006 monilia
2935 4917 3194 5007 fabricata
3229 4958 3354 5006 sunt
3392 4958 3541 5003 manu
3576 4917 3827 5022 artiﬁcia"?l

2363 5008 2446 5097 est
2477 5039 2730 5096 ineﬁ‘abili
2759 5041 3005 5113 largitate
3024 5040 3330 5096 Conditoris
3360 5032 3521 5095 nostri
3549 5046 3563 5085 :
3597 5026 3643 5082 in
3674 5008 3825 5075 monili'

2362 5132 2466 5188 bus
2484 5131 2625 5188 bona
2662 5146 2823 5201 opera
2853 5126 3246 5203 exprimuntur.

2439 5240 2457 5273 ι
2498 5221 2792 5277 Umbilicus
2822 5201 2942 5277 tuus
2970 5221 3112 5277 sicut
3135 5231 3315 5277 crater
3345 5211 3610 5274 tornatilis,
3630 5201 3825 5265 tttttt‘lnam

2370 5330 2389 5365 ι
2436 5311 2681 5384 indigens
2704 5310 2926 5381 poculis.
2970 5332 2987 5363 ι
3033 5310 3468 5367 Umbilicustuus
3519 5290 3828 5384 ΐΐέικί¹ί¹³⁵

2367 5412 2493 5459 stra:
2513 5381 2859 5458 inﬁrmitatis.
2878 5401 3067 5457 Crater
3117 5401 3177 5457 lit
3203 5397 3475 5457 tornatitis.
3502 5403 3609 5447 cum
3628 5381 3829 5465 οοη⁸⁶⁸⁸¹ξ⁴

2370 5492 2442 5546 tia
2472 5491 2817 5548 mortalitatis
2855 5500 3052 5546 nostrae
3097 5490 3374 5553 admoniti,
3424 5484 3619 5541 calicem
3649 5465 3829 5553 salutat?!

2368 5579 2519 5635 verbi
2540 5589 2786 5650 prompta
2838 5588 3015 5635 mente
3059 5579 3347 5651 propinare
3362 5552 3367 5553 γ
3382 5552 3829 5656 εαιιιςίηιιιεὶιξθωᾼῗ

2371 5642 2630 5725 umbilico
2660 5642 3029 5741 intelliguntur
3055 5642 3145 5740 qui
3162 5642 3284 5726 non
3309 5674 3556 5727 extremo,
3596 5647 3674 5709 sed
3694 5643 3735 5698 in
3757 5642 3832 5690 θ’θ’
