4078 6340
297 295 396 351 6‘2!

1425 280 1676 373 ENARR.
1717 279 1785 334 IN
1821 275 2113 335 CANTICA
2152 271 2418 338 CARTIC.

3442 259 3546 315 622

298 409 392 462 dio
420 403 673 460 Ecclesia:
698 416 924 471 corpore
950 407 1370 457 commorantur.
1401 395 1456 450 ln
1488 395 1574 449 his
1619 407 1746 463 ergo
1795 405 1876 443 re-
1904 394 1950 452 Α
1978 387 2204 443 Canales
2227 381 2521 456 praecordia
2565 387 2690 436 sunt
2733 383 3059 471 sanctorum,
3091 377 3160 471 in
3205 374 3564 471 quibusallia

300 496 586 565 periuntur
627 508 747 562 qua:
785 501 909 546 sunt
956 505 1084 544 vasa
1130 489 1280 542 utilia
1318 505 1330 538 :
1363 487 1417 540 in
1461 499 1526 539 eo
1579 480 1870 544 tornatilis,

1975 486 2168 548 gantur
2209 476 2342 532 tales
2389 462 2765 546 cogitationes:
2792 469 2965 524 Aliter
3012 485 3025 521 :

3079 467 3257 538 Caput
3296 465 3554 522 Ecclesia:

299 554 432 654 quia
460 584 528 637 ad
548 554 904 638 obedientium
929 580 1011 635 vel
1037 579 1103 633 ad
1139 592 1298 632 omne
1321 591 1454 646 Opus
1483 575 1683 628 bonum
1735 585 1879 624 sem-
1977 569 2254 632 Christus,
2298 582 2405 636 quo
2467 563 2749 622 sublimius
2788 559 2944 654 nihil
2990 557 3310 654 est.__Coma
3363 554 3555 626 capitis

303 651 404 746 per
427 673 621 745 parati.
651 669 708 726 ln
737 687 803 726 eo
825 685 1097 740 nunquam
1138 668 1384 737 indigens
1435 662 1661 734 poculis,
1708 675 1880 728 quan-
1978 659 2360 716 eminentiores
2389 659 2585 744 quique
2627 653 2836 746 sancti,
2860 652 3005 708 beati
3039 651 3244 746 scilicet
3267 657 3556 746 martyres,

305 774 424 820 tum
448 763 623 819 sancti
653 761 887 832 Spiritus
910 761 1086 831 gratia
1113 773 1181 813 ex
1213 765 1324 812 toto
1363 753 1572 824 repleti.
1612 768 1630 803 ε
1681 751 1878 805 Venter

307 875 331 908 ‹
377 865 502 911 tuus
524 863 664 909 sncut
690 866 918 907 acervus
945 850 1110 905 tritici
1135 848 1361 902 vallatus
1384 845 1529 899 liliis.
1571 862 1590 894 ι
1637 841 1703 896 lli
1734 853 1876 895 nam<

307 963 419 1017 que
448 945 538 1014 qui
588 958 800 1014 semper
833 951 1142 997 sanctarum
1189 938 1591 1008 Scripturarum
1633 932 1886 988 alimenta

307 1037 636 1109 percipiunt,
663 1044 720 1090 et
740 1050 803 1088 ea
831 1049 951 1102 qua:
967 1041 1090 1088 sunt
1111 1029 1365 1085 salutaria
1412 1025 1548 1080 infra
1591 1037 1648 1080 se
1693 1037 1883 1091 conge.

1981 748 2306 804 consimilati
2342 741 2610 818 purpura,
2641 744 2907 815 regalibus
2944 742 3306 806 ornamentis,
3336 749 3392 796 et
3414 739 3561 796 salu-

1983 841 2189 896 taribus
2209 841 2439 910 c0pulati
2465 838 2743 895 doctrinis.

2061 951 2080 984 ι
2114 931 2281 998 Quam
2309 930 2531 1001 pulchra
2556 945 2614 984 es
2653 937 2710 984 et
2745 913 2966 993 decora,
2993 925 3308 982 charissima
3347 925 3401 980 in
3425 922 3565 978 deli-

1993 1040 2011 1073 ι
2055 1021 2172 1075 ciis.
2214 1039 2232 1072 ι
2261 1019 2488 1074 Pulchra
2517 1019 2714 1074 dicitur
2738 1016 3000 1084 Ecclesia,
3029 1015 3134 1071 ﬁde
3179 1024 3234 1071 et
3257 1029 3440 1086 Opere.
3464 1014 3570 1069 De-

311 1103 480 1189 runt,
515 1134 680 1195 atque
739 1123 859 1178 aliis
909 1122 1208 1178 doctrinam
1257 1133 1410 1174 suam
1457 1117 1605 1171 velut
1646 1115 1888 1169 triticum
1987 1125 2118 1164 cora
2145 1109 2477 1164 ornamentis
2505 1108 2782 1163 virtutum.
2817 1105 3146 1195 Cbarissima
3189 1103 3568 1195 perdilectio-

307 1191 607 1286 erogantes
628 1214 921 1284 [medicare
948 1227 1052 1266 non
1088 1211 1362 1272 desinunt,
1400 1207 1456 1262 in
1485 1206 1658 1261 ventri
1707 1203 1894 1259 simili-
1992 1215 2138 1256 nem.
2167 1218 2186 1251 ‹
2213 1200 2270 1254 ln
2299 1199 2522 1264 deliciis,
2559 1217 2578 1251 ι
2613 1199 2665 1252 id
2687 1197 2844 1252 estin
2871 1193 3238 1286 spiritualibus
3263 1191 3569 1286 virtutibus.

312 1304 560 1359 tudinem
612 1303 957 1373 deputantur.
1010 1302 1252 1356 Acervus
1291 1298 1454 1352 tritici
1499 1296 1727 1352 vallat-us
1767 1293 1893 1348 liliis

311 1403 420 1457 est,
447 1407 570 1446 cum
604 1391 928 1446 abundantia
955 1389 1080 1445 boni
1101 1389 1284 1459 aperis
1311 1387 1424 1444 sola
1453 1395 1734 1457 perpetua:
1759 1385 1894 1438 lucis

315 1495 416 1550 spe
441 1480 727 1551 colligitur.
764 1479 820 1533 ln
871 1487 1060 1534 ventre
1108 1479 1364 1532 memoria
1385 1518 1400 1542 ,
1430 1477 1504 1531 in
1536 1477 1718 1530 tritico
1762 1475 1902 1529 mul-

2069 1307 2088 1342 ι
2126 1291 2347 1346 Statura
2382 1298 2470 1344 tua
2500 1286 2794 1344 assimilata
2825 1293 2911 1342 est
2947 1285 3158 1357 palmae,
3186 1293 3245 1339 et
3285 1283 3452 1338 ubera
3481 1293 3574 1337 tua

2000 1401 2021 1436 ι
2062 1384 2251 1439 botris.
2291 1403 2310 1436 ι
2345 1383 2400 1438 ld
2431 1391 2514 1438 est
2545 1381 2810 1438 rectiludo
2829 1380 2983 1435 bona:
3025 1377 3372 1450 operationis,
3429 1389 3574 1432 sem-

1997 1488 2096 1544 per
2120 1474 2187 1527 ad
2216 1472 2498 1528 victoriam
2522 1470 2710 1526 tendit.
2735 1468 2999 1526 Uberibus
3020 1467 3268 1525 doetores
3301 1463 3576 1530 Ecclesiae,

315 1569 584 1638 tiplicatio
609 1568 732 1624 boni
757 1569 968 1638 operis,
997 1569 1051 1622 in
1079 1567 1205 1622 liliis
1231 1567 1460 1623 castitas
1492 1567 1606 1636 spei
1643 1565 1902 1637 exprimi-
1998 1560 2220 1636 propter
2244 1564 2540 1634 lac-primae
2569 1562 2888 1618 eruditionis
2934 1563 3336 1631 comparantur,
3384 1565 3440 1614 et
3476 1555 3577 1613 bo-

317 1667 434 1713 tur.

2001 1659 2103 1713 tris
2131 1665 2431 1728 aequantur,
2464 1664 2683 1726 propter
2707 1653 2963 1726 mysteria
2987 1653 3308 1710 dulcissima:
3359 1648 3580 1706 aeterni-

401 1766 421 1800 ι
462 1749 579 1804 Duo
627 1749 794 1804 ubera
841 1756 954 1813 tua,
998 1747 1138 1803 sicut
1158 1747 1264 1802 duo
1304 1747 1510 1802 binnuli
1547 1746 1758 1818 gemelli
1809 1762 1900 1802 ca-
1927 1741 1974 1802 B
2003 1752 2151 1808 tatis.

325 1861 346 1893 ς
374 1853 538 1910 preae.
563 1859 580 1890 ι
607 1839 684 1894 De
707 1841 808 1894 hoc
829 1854 984 1894 versu
1008 1839 1208 1894 dictum
1232 1846 1316 1893 est
1341 1839 1610 1908 superius,
1627 1840 1720 1894 sed
1743 1854 1900 1910 repe-

324 1933 448 1993 titio
494 1933 766 1988 ﬁrmitatis
809 1934 1063 1989 indicium
1121 1943 1223 1989 est.
1278 1934 1393 1988 Duo
1436 1935 1601 1990 ubera
1653 1935 1904 1991 doctores

321 2030 457 2077 sunt
483 2022 760 2093 utriusque
787 2022 983 2092 populi.
1011 2023 1229 2077 [linnuli
1257 2022 1467 2094 gemelli
1499 2033 1718 2094 propter
1742 2039 1906 2079 unam

325 2114 726 2168 concordiam:
779 2114 908 2169 item
947 2115 1052 2169 duo
1101 2116 1267 2169 ubera
1315 2114 1568 2170 Ecclesiae
1623 2116 1727 2170 duo
1781 2124 1908 2172 sunt

326 2202 678 2259 Testamenta
707 2205 915 2259 duobus
960 2205 1172 2276 populis
1215 2220 1282 2258 ex
1311 2205 1533 2260 traduce
1575 2205 1783 2274 peccati
1812 2221 1908 2261 ve-

329 2293 606 2348 nientibus
659 2303 940 2362 coaptata.
976 2293 1040 2347 lli
1093 2293 1238 2348 enim
1287 2302 1541 2362 tanquam
1595 2293 1802 2348 hinnuli
1856 2296 1911 2349 in

323 2383 552 2438 Christo
599 2393 958 2439 renascuntur
996 2394 1157 2454 atque
1205 2399 1273 2438 ex
1330 2383 1415 2440 bis
1457 2384 1664 2440 duobus
1722 2384 1913 2441 Testa-

333 2473 534 2530 mentis
561 2472 644 2528 lac
673 2475 952 2542 sapientia:
988 2483 1258 2544 sugentes.

411 2581 430 2613 ‹
461 2563 666 2617 Collum
697 2573 844 2618 tuum
873 2564 1010 2618 sicut
1037 2566 1202 2619 turris
1227 2565 1484 2620 eburnea.
1519 2584 1537 2618 ι
1566 2565 1625 2620 In
1655 2565 1794 2621 collo
1819 2565 1916 2621 do-

329 2665 516 2710 ctores
543 2656 910 2726 designantur,
942 2656 1033 2726 qui
1059 2658 1192 2711 turri
1215 2659 1471 2713 eburneae
1501 2666 1720 2728 propter
1744 2656 1916 2712 ﬁrmi-

329 2760 505 2804 tatem
539 2759 594 2804 et
618 2750 1070 2820 pulchritudinem
1102 2760 1510 2820 comparantur,
1539 2752 1664 2820 quia
1711 2751 1915 2806 civitati

335 2841 434 2896 Dei
467 2843 630 2898 robur
657 2851 914 2912 praestant
934 2852 988 2896 et
1007 2843 1188 2897 decus.
1215 2842 1398 2898 Potest
1416 2851 1469 2898 et
1492 2843 1546 2897 in
1569 2843 1708 2899 collo
1726 2843 1916 2898 notitia

337 2947 616 2986 sacrarum
642 2931 1044 3002 Scripturarum
1067 2933 1358 3002 designari,
1375 2949 1494 3003 quae
1523 2933 1724 2989 idcirco
1750 2935 1916 2988 turris

335 3023 576 3077 eburnea
623 3024 953 3094 appellatur,
982 3024 1107 3093 quia
1150 3025 1240 3094 qui
1287 3025 1454 3080 verbo
1501 3025 1593 3078 Dei
1637 3025 1914 3090 insistunt,

2079 1861 2102 1894 ‹
2140 1841 2258 1896 Dixi
2292 1857 2308 1894 :
2342 1841 2646 1898 Ascendam
2675 1839 2728 1895 in
2757 1839 3012 1910 palmam,
3041 1837 3438 1909 apprehendam
3467 1834 3584 1890 fru-

2011 1949 2032 1984 c
2064 1939 2184 1987 ctus
2207 1929 2345 1998 ejus.
2373 1949 2392 1982 ο
2423 1931 2560 2001 Apte
2581 1930 2728 1984 enim
2752 1928 3202 1985 victoriosissima
3242 1942 3372 1982 crux
3397 1924 3588 1995 palma:

2007 2032 2369 2094 comparatur,
2402 2023 2455 2076 in
2485 2037 2646 2092 quam
2669 2020 2914 2076 Christus
2958 2018 3254 2075 ascendens
3282 2015 3586 2088 apprehen-

2009 2117 2088 2172 dit
2114 2115 2347 2170 fructum
2373 2114 2510 2184 ejus.
2543 2112 2623 2168 Illi
2657 2111 2801 2166 enim
2827 2111 2882 2166 in
2913 2109 3149 2181 palmam
3173 2105 3470 2166 ascendunt
3496 2103 3591 2174 qui

2009 2209 2066 2264 in
2097 2222 2260 2264 cruce
2282 2205 2480 2262 Christi
2517 2203 2824 2276 proﬁciunt.
2874 2205 2950 2258 De
2997 2217 3104 2272 quo
3141 2198 3428 2272 Apostolus
3471 2195 3590 2251 ait:

2015 2321 2036 2355 ‹
2071 2301 2173 2370 Qui
2202 2300 2347 2354 enim
2373 2307 2500 2354 sunt
2527 2297 2752 2362 Christi,
2785 2289 3002 2350 carnem
3021 2307 3173 2349 suam
3205 2279 3595 2348 crticiﬁi’emnt

2013 2405 2136 2446 cum
2162 2390 2310 2444 vitiis
2331 2397 2386 2444 et
2411 2386 2862 2457 concupiscentiis
2886 2382 3028 2456 (Cal.
3053 2386 3128 2454 v).
3169 2402 3187 2434 ι
3208 2412 3278 2422 -
3295 2400 3314 2432 ί
3339 2379 3407 2434 Et
3433 2384 3596 2446 erunt

2019 2502 2038 2536 ι
2067 2482 2232 2538 ubera
2264 2491 2354 2536 tua
2383 2481 2520 2536 sicut
2545 2479 2685 2535 botri
2712 2477 2901 2542 vineae,
2942 2495 2960 2529 ι
3005 2476 3057 2530 id
3083 2483 3168 2530 est
3190 2474 3326 2530 dona
3347 2461 3598 2542 quatiar-

2015 2572 2156 2642 gitus
2185 2579 2492 2626 estsanctae
2521 2568 2798 2632 Ecclesiae,
2831 2582 2953 2637 quae
2977 2581 3048 2621 ex
3081 2565 3171 2620 illo
3214 2573 3455 2634 tempore
3498 2561 3597 2642 bo-

2017 2647 2132 2717 tros
2151 2662 2321 2716 vinea:
2343 2660 2686 2732 germinavit,
2717 2659 2770 2714 id
2794 2666 2877 2714 est
2916 2666 3135 2714 sanctos
3182 2657 3451 2720 doctores,
3503 2651 3598 2732 Qui

2017 2753 2221 2822 majore
2245 2751 2472 2807 scientia
2499 2760 2554 2806 et
2573 2751 2747 2821 gratia
2771 2759 2892 2821 post
2921 2762 3138 2805 crucem
3168 2757 3225 2804 et
3246 2751 3601 2830 resurrectip-

2019 2860 2142 2901 nem
2172 2843 2469 2900 Salvatoris
2499 2843 2860 2899 abundabant.
2906 2842 3148 2897 Possunt
3171 2851 3226 2896 et
3252 2843 3420 2896 ubera
3459 2839 3600 2912 prm-

2017 2934 2284 3015 dicatore§
2308 2932 2565 2988 Ecclesia:
2589 2931 2684 3002 qui
2715 2939 3066 2986 renascentes
3092 2935 3145 2984 in
3183 2929 3290 2984 ﬁde
3333 2929 3598 3015 nutriunt,

2021 3023 2264 3094 intelligi.
2317 3042 2336 3074 ‹
2365 3023 2433 3077 Εῑ
2477 3022 2610 3077 odor
2656 3021 2769 3077 oris
2817 3021 2892 3076 tui
2937 3021 3078 3076 sicut
3126 3021 3262 3076 odor
3312 3018 3601 3084 malorum.

339 3112 657 3181 quotidiano
695 3111 938 3182 profectu
987 3127 1084 3182 per
1117 3093 1348 3169 nitorem
1386 3113 1610 3184 iustitiae
1651 3114 1707 3168 in
1741 3114 1919 3170 excel-
1945 3093 1992 3156 Ο
2027 3133 2047 3166 ‹
2076 3093 2274 3169 Cultor
2303 3122 2452 3168 tuum
2483 3113 2622 3168 sicut
2648 3113 2830 3167 vinum
2856 3112 3115 3182 optimum
3148 3113 3214 3167 ad
3240 3111 3600 3183 potandum;

339 3203 484 3259 siora
509 3202 816 3272 proﬁciunt.
837 3223 858 3254 ι
889 3203 1040 3259 Oculi
1066 3205 1140 3258 tui
1167 3205 1305 3259 sicut
1327 3207 1546 3275 piscinae
1571 3206 1624 3260 in
1648 3205 1919 3274 Hesebon,

341 3313 366 3345 4
397 3309 517 3363 qum
543 3305 672 3348 sunt
699 3295 753 3348 in
789 3304 941 3364 porta
974 3295 1094 3349 ﬁlim
1124 3295 1498 3350 multitudinis.
1530 3296 1716 3352 »Οοιιιί
1740 3297 1923 3352 Eccle-

333 3384 439 3464 siae
459 3384 706 3440 doctores
728 3393 852 3438 sunt
877 3393 1095 3455 propter
1115 3386 1527 3454 providentiam,
1556 3387 1696 3441 sicut
1723 3387 1922 3441 collum

338 3485 566 3544 propter
586 3477 996 3530 nutrimentum.
1020 3477 1084 3530 Et
1108 3485 1250 3531 recte
1271 3478 1490 3547 piscina:
1515 3487 1920 3549 comparantur,

342 3565 470 3634 quia
508 3564 707 3620 ﬂuenta
735 3567 992 3622 doctrina:
1037 3569 1150 3639 suis
1186 3569 1524 3624 auditoribus
1550 3570 1790 3639 praebere
1815 3585 1924 3624 non

342 3666 577 3713 cessant.
631 3657 874 3713 llesehon
914 3659 1178 3729 cingulum
1224 3661 1459 3714 mazroris
1496 3660 1882 3730 interpretatur
1907 3703 1922 3727 ,

341 3749 472 3818 quia
505 3749 675 3803 sancti
720 3765 817 3818 pro
861 3765 998 3803 vana
1041 3749 1226 3804 laetitia
1273 3751 1473 3816 carnis,
1501 3751 1714 3822 cingulo
1760 3753 1925 3807 absti-

345 3840 548 3894 nentia:
563 3840 1028 3912 constringuntur.
1066 3840 1133 3894 Et
1155 3841 1292 3896 bene
1320 3841 1373 3895 in
1403 3843 1570 3911 portis
1594 3843 1716 3898 ﬁliae
1748 3839 1927 3898 multi-

343 3929 573 3995 tudinis,
607 3931 678 3985 ob
713 3929 1096 3986 abundantiam
1138 3930 1454 4000 populorum
1489 3933 1926 3987 concurrentium

343 4036 448 4091 per
471 4030 682 4090 portam
719 4020 842 4075 ﬁdei
869 4022 920 4076 in
953 4019 1272 4075 Ecclesium.
1303 4019 1486 4075 Potest
1514 4029 1569 4075 et
1591 4035 1690 4090 per
1717 4031 1928 4091 portam

343 4112 596 4168 Christus
624 4111 867 4180 intelligi.
898 4130 916 4164 ε
945 4109 1118 4165 Nasus
1150 4119 1271 4164 tuus
1298 4109 1438 4165 sicut
1468 4111 1633 4164 turris
1658 4110 1866 4164 Libani.
1903 4128 1923 4162 ο

347 4203 412 4256 in
451 4216 586 4256 naso
628 4201 777 4256 verbi
804 4201 898 4256 Dei
935 4201 1366 4270 dispensatores,
1397 4215 1559 4254 causa
1592 4201 1931 4256 discretionis

345 4292 723 4363 designantur,
747 4291 838 4360 qui
867 4291 1085 4346 odorem
1108 4290 1329 4360 justitim
1369 4289 1456 4358 qui
1499 4297 1582 4345 est
1619 4289 1672 4343 in
1717 4289 1932 4346 Christo

347 4381 732 4452 percipientes,
759 4379 871 4434 suis
895 4380 1178 4450 porrigunt
1203 4378 1560 4443 auditoribus,
1589 4388 1749 4448 atque
1776 4379 1932 4433 intel-

349 4471 496 4524 lectu
522 4469 862 4524 discretionis
898 4470 1038 4523 inter
1069 4469 1288 4523 odorem
1317 4467 1572 4522 virtutum
1597 4477 1651 4522 et
1679 4469 1931 4523 vitiorum

349 4560 556 4616 fetores
587 4575 653 4616 ex
693 4560 803 4614 alto
838 4560 1169 4615 discernunt.
1220 4558 1378 4611 Turri
1423 4559 1810 4624 assimilantur,
1842 4560 1933 4628 qni

351 4665 453 4721 per
497 4649 818 4721 sapientiam
867 4649 1356 4705 eminentissimum
1406 4649 1581 4703 locum
1639 4659 1826 4704 tenent
1879 4650 1934 4705 in

352 4740 619 4796 Ecclesia.
646 4757 664 4792 ι
695 4739 826 4808 Quae
869 4739 1091 4810 respicit
1125 4748 1316 4794 contra
1345 4739 1689 4803 Damascum,
1724 4759 1743 4792 ι
1773 4740 1825 4794 id
1854 4748 1938 4796 est

351 4832 735 4902 sanguinarios
769 4844 826 4886 et
870 4832 1099 4902 impios,
1138 4831 1263 4900 quia
1305 4831 1601 4886 Damascus
1629 4831 1938 4901 sanguine»:

351 4927 534 4981 bibens
577 4926 982 4996 interpretatur,
1008 4924 1274 4995 signiﬁcat
1303 4925 1548 4980 carnales
1585 4933 1640 4979 et
1667 4923 1938 4991 crudeles,

353 5024 552 5074 contra
589 5030 722 5086 quos
761 5016 934 5070 sancti
977 5016 1225 5071 doctores
1267 5014 1321 5068 in
1357 5015 1495 5069 turri
1528 5013 1748 5080 Libani,
1775 5013 1826 5068 id
1856 5021 1942 5069 est

354 5105 618 5160 ﬁrmitate
652 5105 906 5160 Ecclesiae
931 5119 1143 5174 semper
1162 5103 1404 5175 vigilant.

437 5225 457 5257 ι
495 5205 669 5276 Caput
711 5214 862 5260 tuum
903 5213 965 5259 ut
1006 5204 1301 5271 Carmelus,
1335 5213 1389 5260 et
1429 5220 1597 5261 comae
1639 5205 1832 5275 capitis
1863 5206 1940 5260 tui

362 5315 386 5350 ι
427 5297 568 5354 sicut
611 5311 852 5367 purpura
890 5297 1032 5364 regis
1076 5297 1255 5352 vincta
1296 5296 1590 5352 canalibus.
1629 5315 1647 5347 ι
1679 5295 1736 5350 lu
1767 5298 1943 5367 capite

359 5402 548 5450 mens,
583 5387 637 5440 in
682 5387 852 5441 comis
890 5387 1242 5457 cogitationes
1291 5387 1641 5456 designantur
1670 5404 1682 5438 :
1709 5395 1765 5442 et
1805 5387 1944 5443 sicut

357 5479 541 5548 capite
565 5479 828 5543 membra,
864 5478 938 5532 ita
968 5486 1146 5532 mente
1187 5477 1540 5548 cogitationes
1583 5487 1860 5549 reguntur,
1888 5488 1946 5534 ut

357 5571 418 5624 in
447 5568 724 5634 Carmelo,
754 5567 805 5622 id
833 5577 916 5623 est
943 5567 1270 5624 sublimitate
1305 5569 1564 5623 virtutum
1604 5577 1659 5624 et
1699 5571 1946 5640 passione

360 5660 566 5714 Christi
605 5675 723 5729 qua:
751 5659 966 5714 nomine
1002 5675 1252 5729 purpur-.1:
1273 5661 1614 5728 exprimitur,
1639 5672 1940 5718 versentur.

2022 3205 2078 3260 In
2126 3215 2344 3277 gutture
2383 3222 2487 3260 vox
2522 3205 2804 3276 praxscntis
2843 3206 3129 3269 doctrinm,
3167 3205 3221 3260 in
3263 3205 3428 3260 odore
3464 3191 3609 3264 fama

2021 3298 2260 3353 absentis
2288 3297 2617 3370 designatur.
2645 3297 2846 3353 Etid-eo
2859 3297 2986 3352 vino
3009 3297 3097 3352 illa
3125 3306 3344 3368 propter
3371 3297 3608 3368 ﬂagran-

2025 3387 2153 3442 tiam
2179 3389 2462 3454 virtutum,
2491 3389 2605 3444 haec
2657 3387 2833 3454 malis,
2891 3395 3111 3458 propter
3152 3387 3475 3443 suavitatem
3521 3387 3612 3442 ab-

2021 3476 2193 3531 sentis
2209 3475 2384 3542 famae,
2401 3485 2785 3547 comparantur
2819 3493 2832 3531 :
2867 3495 2886 3528 ‹
2922 3476 3154 3548 Dignum
3183 3476 3380 3530 dilecto
3396 3489 3538 3530 meo.
3584 3495 3602 3526 ι

2028 3565 2224 3636 Rapuit
2245 3567 2389 3621 enim
2419 3581 2616 3637 sponsa
2645 3567 2868 3621 verbum
2891 3581 2958 3621 ex
2985 3580 3079 3620 ore
3109 3564 3315 3634 sponsi,
3355 3563 3483 3634 quia
3521 3562 3610 3617 ille

2026 3659 2154 3713 vino
2193 3658 2398 3727 optimo
2432 3672 2557 3712 eam
2589 3656 2944 3726 comparavit,
2987 3664 3042 3710 et
3079 3655 3328 3725 subjecit.
3379 3653 3609 3724 Dignum

2013 3750 2222 3806 dilecto
2249 3765 2389 3816 meo,
2429 3750 2483 3805 id
2510 3760 2594 3805 est
2629 3757 2773 3803 tanta
2811 3758 2896 3804 est
2936 3747 3238 3804 sublimitas
3286 3745 3612 3816 evangelicae

2028 3833 2444 3912 praedicationis,
2471 3849 2532 3895 ut
2557 3841 2672 3910 ipse
2697 3839 2926 3894 dilectus
2972 3853 3124 3895 meus
3153 3837 3362 3908 primus
3386 3852 3484 3906 per
3523 3837 3610 3892 in-

2029 3933 2398 3988 carnationem
2427 3945 2712 4002 apparens,
2737 3930 2937 3984 mundo
2967 3930 3071 3984 iter
3098 3927 3322 3985 caeleste
3348 3927 3562 4000 aperuit
3595 3944 3608 3980 :

2028 4031 2255 4093 possunt
2281 4022 2334 4077 in
2370 4031 2584 4093 gutture
2621 4021 2696 4076 illi
2733 4021 2956 4092 intelligi
2993 4020 3084 4090 qui
3117 4036 3215 4092 per
3246 4018 3617 4092 evangelicam

2029 4112 2469 4184 praedicationem
2516 4113 2678 4167 corda
2730 4111 3038 4166 auditorum
3092 4111 3363 4166 inebriant
3409 4125 3424 4165 :
3473 4109 3618 4164 unde

2034 4203 2280 4259 Christus
2309 4209 2546 4272 potatur,
2569 4215 2694 4256 cum
2717 4215 2784 4254 ex
2811 4215 2875 4256 ea
2897 4199 3218 4267 Christiani,
3247 4201 3340 4271 qui
3370 4201 3616 4256 membra

2036 4294 2206 4364 ipsius
2229 4300 2386 4358 sunt,
2423 4291 2842 4363 incomparabili
2861 4289 3142 4346 dulcedine
3165 4291 3448 4344 satiantur.
3473 4307 3491 4341 ι
3519 4287 3620 4342 La-

2042 4404 2060 4436 ι
2093 4385 2302 4454 biisque
2358 4392 2415 4438 et
2452 4383 2704 4438 dentibus
2752 4381 2894 4436 illius
2943 4381 3009 4435 ad
3047 4380 3446 4444 ruminandum,
3483 4398 3502 4432 ι
3565 4377 3620 4432 id

2037 4485 2120 4533 est
2153 4477 2414 4548 apostolis
2441 4483 2496 4531 et
2524 4473 2970 4546 pratdicatoribus
3000 4473 3196 4543 quibus
3243 4472 3478 4528 maxime
3525 4471 3619 4526 de-

2041 4569 2118 4624 dit
2139 4569 2208 4623 ad
2233 4555 2621 4623 meditandum.

2119 4678 2140 4711 ς
2174 4660 2284 4730 Ego
2311 4659 2508 4714 dilecto
2538 4674 2680 4725 meo,
2719 4678 2738 4712 ι
2768 4668 2823 4714 et
2854 4675 2961 4715 non
2985 4659 3139 4714 alteri
3171 4657 3260 4714 cui
3300 4663 3475 4735 totam.
3518 4670 3616 4711 cu-

2039 4766 2158 4805 ram
2187 4749 2461 4805 servitutis
2486 4758 2543 4805 et
2571 4749 2878 4804 dilectionis
2931 4749 3202 4820 impendo.
3259 4767 3277 4800 σ
3332 4747 3400 4802 Et
3435 4745 3504 4800 ad
3532 4759 3620 4800 me

2045 4862 2065 4895 t
2127 4841 2409 4897 conversio
2461 4840 2600 4911 ejus,
2632 4861 2650 4893 ι
2702 4841 2754 4896 id
2807 4849 2933 4908 est,
2990 4857 3076 4896 me
3122 4840 3291 4895 solam
3337 4836 3530 4908 diligit,
3565 4843 3624 4890 et

2043 4933 2262 5004 adjuvat
2297 4948 2416 5000 me,
2450 4949 2517 4988 ne
2550 4933 2792 4990 deﬁciam
2826 4934 2878 4988 in
2911 4935 3016 4989 via.
3049 4934 3147 4989 Cui
3173 4933 3368 4988 dilecto
3395 4945 3463 4984 ex
3488 4943 3623 4984 voce

2045 5027 2304 5084 Ecclesiae
2349 5043 2445 5100 per
2498 5028 2839 5084 Psalmistam
2881 5029 3080 5085 dicitur
3111 5046 3124 5083 :
3161 5049 3178 5080 ι
3225 5026 3464 5081 Adhaesit
3506 5025 3624 5080 ani-

2053 5138 2138 5177 ma
2163 5135 2282 5176 mea
2305 5129 2429 5191 post
2447 5130 2516 5186 te,
2532 5136 2618 5177 me
2633 5121 3103 5190 suscepitdextera
3132 5127 3218 5173 tua
3237 5115 3407 5189 (Psal.
3429 5121 3582 5188 an).
3599 5137 3617 5168 ι

2121 5235 2139 5266 ι
2177 5213 2333 5281 Veni,
2371 5215 2562 5271 dilecte
2599 5216 2694 5282 mi,
2749 5215 3089 5288 egrediantur
3128 5214 3181 5268 in
3214 5229 3428 5284 agrum,
3475 5229 3623 5270 com-

2051 5325 2070 5357 ε
2106 5321 2383 5361 moremur
2405 5307 2458 5361 in
2490 5305 2668 5373 villis;
2704 5319 2862 5360 mane
2890 5319 3177 5373 surgamus
3207 5304 3274 5359 ad
3301 5305 3510 5370 vineas,
3543 5303 3622 5357 vi—

2051 5413 2071 5444 «
2106 5396 2329 5451 deamus
2355 5381 2400 5450 si
2449 5395 2630 5452 ﬁoruit
2681 5397 2858 5459 vinea,
2891 5395 2935 5449 si
2978 5393 3141 5463 ﬂores
3183 5393 3396 5450 fructus
3438 5402 3628 5464 partu.

2051 5502 2070 5535 ‹
2104 5485 2270 5549 riunt,
2297 5485 2340 5540 si
2361 5483 2660 5540 ﬁoruerunt
2695 5483 2837 5538 mala
2861 5483 3085 5538 Punica.
3118 5503 3136 5536 ι
3165 5484 3300 5552 Quia
3324 5484 3627 5539 nullatenus

2045 5575 2308 5642 Ecclesia,
2333 5576 2416 5631 vel
2443 5577 2509 5630 ad
2525 5577 2725 5632 bonum
2750 5575 3078 5644 operandum
3101 5578 3429 5649 egrediendo
3444 5592 3630 5648 proce-

2046 5665 2195 5732 dere,
2233 5666 2314 5720 vel
2364 5666 2415 5721 in
2444 5665 2702 5724 exercitio
2730 5667 2882 5722 bonae
2925 5668 3257 5736 operationis
3289 5668 3626 5741 persistendo
