4078 6340
613 287 719 341 623

612 395 967 463 commorari,
1003 395 1082 450 vel
1124 395 1315 451 saltem
1349 396 1415 450 ad
1449 396 1782 467 propositum
1817 396 1954 453 bene
1997 397 2189 473 agendi

614 503 923 560 assurgere,
956 487 1038 543 vel
1067 489 1279 552 animos
1317 487 1620 542 auditorum
1670 501 1891 543 suorum
1928 496 2190 558 quantum

611 577 942 651 profecerint
968 577 1277 641 discernere
1301 575 1516 644 sullicit,
1544 577 1651 632 nisi
1674 577 1769 634 Dei
1805 578 1978 650 gratia
2008 575 2191 647 adjuta

611 670 706 741 qui
731 669 900 733 dixit:
932 687 951 722 ι
980 667 1121 725 Ecce
1148 683 1249 739 ego
1274 668 1550 724 vobiscum
1578 683 1696 724 sum
1716 668 1965 726 omnibus
1977 668 2187 738 diebus,

611 750 879 834 usquead
902 750 1418 819 consummationem
1445 763 1626 819 saeculi
1659 763 1874 836 (Matth.
1906 764 2125 839 nvm).
2163 785 2183 819 ι

612 853 901 926 Egreditur
930 852 1183 909 Christus
1210 868 1331 908 cum
1378 852 1621 909 Ecclesia
1648 854 1702 911 in
1732 870 1945 926 agrum,
1973 857 2189 926 quando

608 958 712 1014 per
746 952 965 999 sanctos
1006 944 1256 1019 doctores
1282 943 1470 998 visitat
1495 946 1777 1000 mundum.
1807 945 2187 1002 Cemmoratur

613 1032 670 1089 in
696 1031 859 1101 villis,
902 1045 1001 1103 per
1032 1031 1193 1086 ﬁdem
1237 1030 1446 1087 scilicet
1479 1032 1532 1087 in
1563 1033 1775 1104 populis
1818 1048 1888 1090 ex
1936 1035 2187 1107 gentibus

612 1125 978 1191 credentibus,
1003 1125 1427 1195 circumquaque
1463 1123 1689 1181 diffusis.
1727 1125 1882 1183 Mane
1909 1126 2188 1197 consurgit

613 1215 680 1271 ad
715 1215 919 1279 vineas,
971 1221 1030 1270 ut
1071 1214 1267 1269 anima:
1312 1229 1432 1284 qute
1479 1214 1777 1286 per-ﬁdem
1808 1215 1922 1285 jam
1964 1231 2182 1273 merue-

612 1315 739 1361 runt
765 1304 961 1376 colligi,
994 1305 1051 1359 in
1080 1302 1362 1359 matutinis
1396 1303 1675 1367 Christum
1705 1305 2069 1361 resurrexisse
2097 1320 2188 1362 co-

614 1407 903 1467 gnoseant,
961 1411 1061 1452 nec
1107 1395 1249 1451 ultra
1294 1396 1362 1451 de
1384 1397 1468 1451 sui
1514 1398 1763 1468 corporis
1792 1399 2190 1457 resurrectione

609 1486 877 1555 dubitent.
927 1485 1216 1540 Videamus
1244 1487 1290 1541 si
1336 1483 1608 1543 ﬂoruisset
1653 1487 1838 1555 vinea,
1869 1488 1914 1544 si
1945 1488 2189 1546 Ecclesia

606 1576 769 1645 liores
792 1576 900 1632 ﬁde
935 1585 991 1632 et
1018 1575 1309 1646 parturiat,
1352 1575 1397 1631 si
1427 1574 1588 1633 flores
1620 1576 1830 1634 fructus
1862 1578 2190 1648 parturiunt,

607 1670 664 1726 id
698 1670 852 1727 estsi
879 1669 1054 1726 sancti
1089 1668 1275 1724 ﬁdeles
1315 1668 1459 1738 quod
1508 1669 1671 1747 corde
1712 1670 2057 1745 crediderunt
2095 1685 2191 1726 ore

605 1761 977 1831 pronuntiant.
1008 1760 1064 1816 Si
1093 1759 1391 1818 ﬂoruerunt
1417 1762 1560 1818 mala
1582 1762 1809 1830 Punica,
1833 1764 1880 1819 si
1909 1763 1987 1820 illi
2017 1764 2108 1836 qui
2132 1764 2188 1820 in

606 1848 827 1903 Christo
853 1848 1206 1904 crediderunt
1228 1848 1282 1902 in
1307 1857 1455 1903 tanta
1484 1849 1771 1907 dilectione
1796 1851 2107 1921 proﬁciunt,
2129 1860 2191 1907 ut

605 1937 773 1992 etiam
810 1952 909 2008 pro
956 1939 1075 2010 ipso
1118 1938 1290 1993 occidi
1339 1938 1694 1995 delectentur.
1740 1939 1844 1997 llis
1885 1941 2032 1997 enim
2079 1941 2190 1996 sin-

607 2028 747 2098 gulis
798 2042 999 2100 sponsa
1046 2028 1226 2085 dilecti
1273 2029 1355 2085 sui
1396 2030 1767 2101 paenitentiam
1812 2032 2024 2104 quaerit.
2058 2051 2077 2086 ι
2102 2032 2189 2089 lbi

613 2138 633 2170 ι
672 2119 766 2175 tibi
795 2118 935 2176 dabo
961 2118 1128 2177 ubera
1152 2136 1293 2186 mea,
1331 2140 1351 2174 ι
1393 2122 1446 2177 id
1465 2131 1551 2178 est
1576 2123 1926 2194 parvulorum
1945 2140 2189 2185 meorum

606 2208 942 2282 paedagogos.
991 2209 1128 2278 Quia
1167 2210 1232 2266 in
1276 2210 1361 2266 his
1394 2212 1645 2270 omnibus
1684 2214 1974 2284 proﬁciunt
2012 2215 2189 2272 sancti

609 2300 881 2368 doctores,
905 2300 960 2356 in
983 2300 1086 2357 hac
1110 2311 1298 2357 sancta
1329 2290 1671 2361 confessione
1709 2304 2060 2371 sociabuntur
2092 2305 2189 2361 tibi

609 2390 857 2467 doctores
894 2392 1023 2448 mei.
1063 2391 1132 2447 Et
1169 2392 1295 2464 quia
1325 2393 1502 2465 parati
1540 2401 1665 2450 sunt
1693 2395 2055 2466 utpatiantur
2088 2410 2189 2466 pro

611 2488 687 2549 te,
717 2480 1019 2553 regnahunt
1044 2483 1186 2557 apud
1215 2492 1285 2539 te.

607 2632 615 2637 _
684 2588 706 2623 ι
737 2569 1111 2651 mandragorae
1157 2573 1421 2630 dederunt
1467 2574 1688 2631 odorem
1730 2590 1887 2632 suum
1921 2576 1977 2631 in
2008 2577 2189 2649 portis

613 2679 633 2713 ι
669 2662 894 2719 nostris.
933 2685 953 2716 ι
987 2662 1359 2736 Mandragorae
1387 2665 1493 2720 duo
1526 2668 1652 2722 sunt
1671 2680 1894 2738 genera,
1921 2668 2188 2725 masculus

605 2760 664 2808 et
688 2749 913 2810 femina.
940 2751 1165 2809 Femina
1190 2754 1354 2810 rubea
1371 2795 1387 2818 ,
1428 2754 1701 2812 masculus
1728 2756 1881 2814 albus
1905 2775 1919 2812 :
1947 2760 2188 2831 utrisque

607 2856 715 2897 una
753 2834 838 2898 vis
880 2841 948 2898 ad
1003 2843 1415 2900 medicamenta.
1482 2845 1849 2917 Mandragorm
1897 2846 2076 2912 dictae,
2120 2862 2187 2904 eo

604 2933 750 3004 quod
782 2924 1019 2990 habeant
1055 2933 1199 2990 mala
1241 2934 1627 3002 suaveolentia,
1657 2937 1715 2992 in
1759 2937 2185 3011 magnitudinem

603 3018 756 3090 iaali,
783 3023 927 3079 unde
948 3032 1005 3080 et
1029 3039 1150 3080 eam
1168 3018 1347 3081 Latini
1368 3025 1567 3082 malum
1598 3035 1755 3083 terra:
1780 3010 1980 3084 vocarit
2007 3045 2022 3082 :
2045 3029 2185 3084 hanc

601 3120 777 3183 poetae
802 3115 1213 3193 ἆνθροπόμορφον
1237 3116 1524 3185 appellant,
1553 3118 1698 3188 quod
1726 3117 1926 3174 habeat
1948 3119 2187 3177 radicem

605 3204 837 3258 formam
864 3204 1097 3260 hominis
1117 3205 1537 3274 assimilantem;
1563 3223 1684 3279 quae
1710 3208 1870 3263 datur
1893 3209 1948 3264 in
1974 3208 2098 3265 vino
2120 3209 2189 3267 ad

604 3294 921 3360 bibendum,
948 3309 1179 3365 quorum
1204 3309 1403 3366 corpus
1430 3307 1653 3369 propter
1680 3313 1868 3357 curam
1897 3301 2189 3356 secandum

554 3458 557 3461 Α
604 3394 709 3450 est,
739 3397 800 3441 ut
830 3386 1068 3456 soporati
1090 3385 1330 3443 dolorem
1372 3404 1479 3443 non
1523 3390 1780 3447 sentiant.
1820 3388 2191 3464 Maudragorae

605 3486 830 3551 propter
852 3476 1168 3533 multimoda
1201 3477 1619 3535 medicaminum
1650 3494 1853 3553 genera
1878 3491 2188 3540 sanctorum

605 3566 899 3624 virtutibus
946 3577 1352 3640 comparantur,
1390 3585 1513 3642 qua:
1558 3585 1710 3627 more
1749 3573 2080 3631 medicorum
2121 3575 2190 3630 ad

605 3656 838 3714 salutem
877 3657 1180 3715 animarum
1201 3675 1233 3714 a
1272 3660 1526 3716 vitiorum
1556 3659 1962 3720 inﬁrmitatibus
1997 3679 2192 3720 sanen-

607 3758 717 3817 tur,
751 3749 1129 3815 ostenduntur.
1163 3749 1341 3808 Portus
1366 3750 1623 3809 Ecclesia:
1645 3753 1894 3829 doctores
1922 3763 2052 3810 sunt
2068 3770 2205 3811 san--

607 3839 706 3907 eti,
745 3848 803 3898 et
841 3840 898 3896 in
923 3840 1231 3913 huiusmodi
1263 3841 1440 3912 portis
1485 3842 1870 3917 mandragorte
1889 3845 2023 3902 dant
2061 3847 2192 3903 odo-

606 3945 746 3999 rem,
771 3946 896 3988 cum
929 3930 1236 4004 spirituales
1260 3934 1460 4004 quique
1479 3948 1549 3989 ex
1571 3948 1633 3990 se
1669 3935 1928 3992 virtutum
1954 3934 2189 4007 palmam

606 4023 769 4103 longe
794 4022 1009 4095 lateque
1052 4033 1332 4097 spargunt.
1368 4044 1387 4078 ι
1419 4024 1612 4082 Omnia
1638 4018 1821 4097 poma,
1863 4041 2001 4083 nova
2024 4035 2082 4084 et
2103 4042 2190 4083 ve-

612 4132 633 4166 ι
669 4121 807 4197 tera,
841 4112 1042 4172 dilecte
1079 4116 1174 4183 mi,
1209 4118 1421 4173 servavi
1460 4118 1577 4174 tibi.
1607 4137 1628 4172 ι
1651 4117 1820 4175 Poma
1848 4133 1986 4176 nova
2015 4128 2071 4177 et
2100 4135 2194 4176 ve-

606 4211 747 4270 tera,
779 4213 1048 4276 praecepta
1087 4206 1201 4265 sive
1225 4208 1492 4279 promissa
1528 4220 1657 4267 sunt
1680 4210 1814 4269 Novi
1860 4211 2192 4271 Testamenti

606 4301 665 4349 et
699 4291 938 4364 Veteris,
980 4311 1103 4368 quae
1145 4299 1330 4354 omnia
1361 4299 1431 4356 ad
1463 4300 1581 4372 ejus
1609 4302 1839 4373 gratiam
1878 4302 2046 4361 refert
2086 4304 2191 4363 Ec-

608 4386 790 4465 clesia,
821 4389 936 4448 sive
962 4388 1156 4447 Patres
1196 4389 1333 4449 Novi
1369 4390 1703 4451 Testamenti
1722 4404 1780 4450 et
1817 4394 2031 4453 Veteris
2060 4412 2189 4469 pos-

607 4489 736 4536 sunt
765 4480 1013 4553 intelligi,
1042 4480 1170 4552 quia
1196 4496 1310 4569 una
1337 4482 1636 4554 eademque
1664 4481 1903 4543 Ecclesia
1925 4492 2028 4543 est.

1206 4632 1435 4693 CAPUT
1461 4634 1592 4693 VIII.

608 4808 613 4815 θ
684 4763 704 4798 ι
746 4736 881 4813 Quis
910 4736 1042 4802 mihi
1078 4746 1172 4804 dat
1205 4744 1433 4805 fratrem
1477 4763 1658 4807 meum
1700 4759 1986 4824 augentem
2023 4754 2192 4811 ubera

612 4854 635 4891 ι
658 4833 828 4898 mea?
854 4855 875 4892 υ
903 4837 1019 4896 Vox
1038 4838 1146 4895 ista
1165 4847 1250 4896 est
1269 4840 1609 4913 antiquorum
1633 4843 1871 4900 virorum
1891 4846 2192 4918 optantinm

611 4927 901 4985 adventum
958 4928 1159 4986 Christi
1200 4929 1255 4986 in
1302 4944 1468 4988 carne
1509 4941 1564 4989 et
1608 4932 1757 4989 illum
1803 4936 1860 4991 in
1906 4934 2190 5010 Synagoga

609 5019 761 5074 nasci
798 5033 863 5075 ac
888 5020 1105 5088 nutriri,
1123 5021 1278 5093 juxta
1301 5022 1550 5081 humana:
1576 5026 1901 5086 conditionis
1918 5036 2190 5085 naturam.

616 5126 637 5159 ι
686 5104 758 5165 Ut
807 5105 1080 5167 inveniam
1113 5119 1168 5168 te
1211 5108 1345 5169 foris
1387 5123 1445 5169 et
1470 5102 1768 5174 deosculer.
1804 5136 1825 5171 ι
1871 5119 2020 5175 Intus
2072 5128 2193 5175 erat

611 5197 862 5269 dilectus,
909 5202 1040 5260 dum
1064 5222 1084 5258 ι
1112 5204 1166 5261 in
1204 5206 1470 5279 principio
1513 5218 1634 5265 erat
1675 5210 1936 5277 Verbum,
1968 5229 1988 5263 ι
2036 5209 2191 5278 foris,

613 5289 744 5346 dum
775 5309 795 5344 ι
823 5293 1047 5351 verbum
1071 5310 1202 5352 caro
1245 5296 1445 5353 factum
1493 5306 1595 5355 est.
1629 5319 1649 5354 ι
1681 5319 1702 5353 ι
1726 5300 1797 5357 Ει
1833 5301 2136 5372 deosculer,
2168 5322 2188 5359 ι

617 5381 757 5439 facie
789 5385 855 5441 ad
874 5384 1067 5444 faciem
1111 5389 1344 5455 videam,
1373 5400 1431 5445 et
1448 5405 1546 5446 ore
1571 5391 1641 5448 ad
1664 5407 1728 5448 os
1750 5392 1957 5464 loquar.
1980 5395 2059 5453 De
2085 5411 2196 5466 quo

616 5473 804 5529 osculo
846 5477 902 5530 in
942 5478 1166 5534 exordio
1206 5477 1332 5533 libri
1371 5480 1505 5535 satis
1557 5481 1795 5537 arbitror
1819 5482 2042 5539 dictum.
2073 5504 2093 5537 ι
2128 5484 2197 5540 Ει

623 5582 646 5618 ι
681 5564 795 5636 jam
836 5581 923 5622 me
955 5583 1116 5625 nemo
1149 5571 1429 5642 despiciat.
1465 5591 1485 5625 ι
1512 5571 1652 5628 Ante
1681 5566 1965 5631 adventum
1993 5574 2197 5649 Christi

609 5646 765 5712 intra
815 5661 1087 5729 angustias
1131 5658 1329 5719 Juthea:
1366 5671 1574 5720 tantum
1615 5660 1716 5721 fuit
1756 5664 2017 5735 Ecclesia,
2072 5646 2195 5738 post

1632 284 1978 341 ANGELOMI
2014 285 2477 345 LUXOVIENSIS
2517 285 2822 343 MONACHI

3723 293 3797 351 Gil

2218 405 2267 463 Α
2293 400 2664 457 ascensionem
2696 399 2755 456 in
2787 408 2899 456 toto
2937 402 3138 456 mundo
3180 401 3402 458 dilatata
3419 403 3548 468 fuit,
3586 414 3639 460 et
3666 412 3814 465 vene:

2294 489 2482 547 rabilis
2540 488 2749 547 eﬁ‘ecta.
2801 489 2957 547 Prius
3011 490 3213 547 dictum
3269 492 3465 558 fuerat,
3510 511 3532 545 ι
3586 492 3729 553 Notus
3758 501 3798 554 iu

2291 578 2474 635 «ludam
2508 580 2671 647 Deus,
2692 599 2712 633 ι
2745 594 2891 635 nunc
2913 587 3092 637 autem
3114 580 3309 636 dicitur
3334 599 3347 635 :
3378 600 3398 633 ι
3435 581 3662 640 Exaltare
3677 602 3799 657 super

2289 670 2475 736 caelos,
2497 670 2657 736 Deus,
2678 677 2736 725 et
2754 683 2916 740 super
2936 683 3150 725 omnem
3167 678 3367 725 terram
3382 669 3545 741 gloria
3565 679 3662 729 tua.
3688 693 3706 727 ι
3724 674 3799 732 Ρο-

2291 769 2396 816 test
2432 768 2485 814 et
2537 758 2695 814 aliter
2738 757 2983 829 intelligi.
3037 757 3191 830 Sugit
3238 759 3405 814 ubera
3455 761 3629 817 matris
3682 762 3799 819 Chli-

2291 861 2426 915 stus,
2456 866 2577 907 cum
2619 850 2860 906 historiis
2888 851 3081 921 priscae
3107 850 3240 921 legis
3270 849 3596 908 Christianus
3623 854 3801 926 populus

2291 942 2550 997 reﬁcitur.
2602 936 2827 996 Matrem
2877 942 3073 1013 quippe
3113 942 3389 1008 Ecclesia,
3443 943 3495 999 id
3534 953 3613 1000 est
3647 961 3799 1016 corpus

2292 1028 2493 1085 Christi
2525 1029 2808 1114 Synagoga
2844 1031 3051 1098 dicunt,
3097 1032 3184 1087 cui
3210 1032 3265 1087 in
3312 1033 3597 1103 primordie
3634 1033 3798 1105 eloquia

2294 1119 2476 1176 divina
2525 1120 2730 1175 credita
2772 1130 2917 1186 sunt,
2968 1128 3024 1176 et
3060 1120 3155 1193 qui
3192 1120 3248 1175 in
3297 1120 3476 1177 Veteri
3518 1120 3799 1181 Testamento

2297 1209 2399 1265 sub
2443 1208 2615 1280 ﬁgura
2649 1210 2947 1281 tegebatur,
2994 1226 3092 1280 per
3148 1210 3489 1280 Evangelium
3529 1212 3580 1267 in
3612 1229 3727 1270 novo
3760 1217 3799 1270 in

2294 1302 2524 1358 veritate
2563 1303 2847 1375 reperitur.

2366 1411 2385 1444 ι
2420 1392 2830 1464 Apprehendam
2864 1403 2936 1460 te,
2971 1414 3004 1448 -ι
3034 1394 3088 1450 id
3117 1403 3202 1450 est
3243 1402 3490 1467 prompta
3514 1410 3575 1451 ac
3602 1394 3800 1451 ﬁdelide-

2292 1487 2508 1544 volione
2537 1487 2837 1543 venientem
2867 1488 3150 1558 accipiam.
3197 1507 3217 1541 ί
3240 1487 3315 1542 Et
3355 1489 3543 1544 ducam
3579 1496 3627 1543 te
3652 1488 3697 1542 in
3731 1489 3798 1544 de

2299 1597 2317 1629 ί
2357 1593 2504 1632 mum
2528 1578 2717 1633 matris
2754 1591 2910 1632 metu.
2944 1596 2962 1630 ι
2983 1578 3418 1635 Peractaearnis
3444 1579 3798 1649 dispensatione,

2294 1669 2605 1724 redeuntem
2631 1667 2767 1724 laetis
2797 1667 2987 1723 ducam
3016 1669 3313 1725 luminibus
3337 1669 3392 1724 in
3416 1669 3620 1726 domum
3640 1670 3796 1733 matris,

2221 1745 2262 1804 Β
2290 1756 2344 1811 id
2363 1765 2455 1812 est
2498 1757 2737 1813 caelestis
2782 1756 3141 1824 Hierusalem,
3174 1774 3297 1829 quae
3314 1767 3404 1814 est
3447 1768 3611 1814 mater
3643 1766 3795 1814 nostra.

2298 1864 2317 1898 ι
2355 1847 2430 1901 lbi
2458 1862 2545 1903 me
2569 1847 2809 1914 docebis,
2847 1867 2866 1899 ι
2893 1848 2948 1903 id
2968 1858 3051 1904 est
3081 1847 3246 1904 facies
3271 1864 3361 1904 me
3403 1850 3600 1919 poliam
3633 1863 3799 1919 sperare

2290 1938 2451 2002 dona,
2482 1953 2643 2008 quam
2675 1938 2729 1993 in
2770 1938 2886 2010 lege
2924 1938 3254 1994 habuissem.
3304 1958 3324 1992 ε
3354 1939 3422 1994 Ει
3467 1920 3598 1994 datio
3622 1939 3700 1994 tibi
3728 1954 3796 2009 po-

2296 2046 2314 2079 ι
2349 2027 2528 2083 culum
2548 2044 2613 2083 ex
2643 2029 2769 2084 vine
2792 2028 3028 2093 condito,
3063 2048 3083 2080 ι
3109 2029 3162 2083 id
3198 2037 3283 2085 est
3318 2028 3600 2086 ferventem
3617 2044 3799 2085 amorem

2292 2118 2459 2175 variis
2500 2118 2757 2174 virtutum
2798 2119 3091 2190 pigmentis
3135 2108 3418 2175 odoralmn
3461 2121 3542 2177 vel
3580 2131 3795 2176 ornatum.

2298 2229 2314 2261 ι
2360 2210 2428 2266 Ει
2471 2219 2704 2264 mustum
2749 2209 3014 2267 malorum
3055 2217 3408 2280 granatorum
3450 2222 3692 2276 meorum,
3721 2210 3797 2264 iii

2290 2308 2373 2353 est
2406 2297 2764 2368 gloriosorum
2804 2306 3102 2369 martyrum
3155 2309 3465 2355 sanctorum
3512 2299 3796 2369 triumphum.

2289 2387 2382 2458 qui
2416 2385 2815 2443 ferventissima
2846 2386 3113 2443 charitate
3154 2402 3254 2459 per
3284 2386 3491 2443 ferrum
3518 2386 3798 2456 ﬂammasque

2289 2478 2356 2532 ad
2384 2485 2436 2533 te
2470 2477 2703 2532 transire
2737 2491 2843 2532 non
2881 2477 3149 2533 dubitant.
3195 2477 3368 2534 Aliter
3394 2495 3409 2532 :
3435 2478 3584 2535 Ducit
3612 2478 3797 2533 Ecclesia

2288 2567 2561 2624 Christum
2605 2568 2661 2624 in
2704 2569 2922 2626 domum
2970 2569 3162 2625 mauis
3207 2570 3446 2626 celestis
3496 2568 3797 2631 Hierusalem,

2288 2660 2502 2730 quando
2530 2674 2653 2716 cum
2704 2660 2956 2736 omnibus
2990 2659 3142 2716 bonis
3177 2675 3303 2732 qua:
3326 2676 3426 2732 per
3461 2676 3600 2716 suam
3620 2659 3797 2732 gratiam

2288 2760 2576 2808 consecuta
2614 2757 2716 2819 est,
2758 2751 2926 2806 etiam
2974 2750 3089 2821 ipsa
3117 2751 3345 2822 perduci
3390 2758 3626 2806 metetur.
3659 2748 3798 2818 ibique

2287 2842 2531 2908 docetur,
2581 2860 2601 2894 ι
2642 2839 2831 2910 utjam
2859 2841 3048 2896 nonin
3074 2841 3367 2912 aenigmate
3398 2856 3494 2913 per
3515 2838 3797 2912 specula,sed

2289 2930 2425 2987 facie
2441 2931 2508 2987 ad
2524 2930 2712 2986 faciem
2726 2930 2925 2995 videat,
2942 2947 2962 2981 ι
2992 2929 3206 2999 quando
3215 2930 3448 3000 optimos
3462 2928 3799 2993 etdulcissimos

2287 3020 2573 3093 protulerit
2618 3018 2939 3093 martyrium
2970 3016 3208 3086 fructus,
3251 3018 3397 3077 velut
3435 3028 3648 3076 mustum
3668 3020 3797 3074 malo-

2215 3100 2261 3165 C
2292 3128 2411 3169 rum
2441 3119 2808 3185 granatorum.

2367 3221 2386 3256 ι
2423 3203 2579 3259 Laeva
2608 3202 2724 3273 ejus
2751 3202 2853 3258 sub
2872 3201 3053 3273 capite
3081 3217 3223 3267 meo,
3257 3210 3315 3258 et
3345 3203 3554 3259 dextera
3579 3201 3697 3257 illius
3713 3214 3796 3255 am-

2297 3315 2315 3349 ι
2344 3295 2647 3369 plexabitur
2667 3311 2771 3352 me.
2802 3314 2821 3349 ι
2840 3295 3043 3351 lnlaeva
3060 3293 3452 3350 incarnationis
3476 3292 3651 3350 Christi
3668 3291 3797 3352 dona;

2292 3386 2346 3443 in
2388 3385 2630 3451 dextera,
2687 3385 2866 3441 futura
2915 3393 3231 3442 sanctorum
3275 3398 3404 3440 eum
3434 3382 3630 3440 Christo
3652 3378 3798 3453 gaudia

2291 3477 2684 3549 exprimuntur.
2713 3476 2811 3533 Vel
2836 3477 2890 3532 in
2912 3477 3044 3533 laeva
3074 3489 3325 3550 praesens
3360 3477 3485 3541 vita,
3524 3488 3665 3546 quam
3702 3483 3795 3525 san-

2292 3568 2366 3624 cti
2393 3569 2493 3625 sub
2532 3570 2731 3625 mentis
2777 3571 2956 3641 capite
2988 3582 3214 3644 ponunt,
3269 3575 3398 3648 quia
3439 3566 3715 3640 despiciunt.
3752 3560 3794 3615 ln

2293 3659 2515 3714 dextera
2544 3657 2842 3725 beatitudo,
2872 3675 3034 3730 quam
3060 3665 3236 3719 sancti
3284 3664 3355 3721 ob
3400 3659 3609 3717 nimium
3642 3650 3794 3709 deside-

2294 3749 2433 3805 rium
2452 3747 2923 3821 amplexabuntur.
2955 3750 3030 3806 De
3058 3752 3161 3810 hoc
3211 3770 3375 3812 versu
3404 3748 3639 3823 superius
3677 3741 3796 3799 latins

2294 3840 2610 3910 abundeque
2635 3840 2960 3911 disputatum
2988 3850 3091 3897 est.

2369 3949 2388 3983 ι
2428 3931 2558 4001 Quae
2582 3942 2670 3988 est
2686 3933 2789 3988 ista
2818 3947 2939 4004 quae
2986 3935 3233 3991 ascendit
3286 3935 3356 3993 de
3400 3935 3599 3991 deserto
3641 3918 3795 3981 ἀειίείίε

2298 4037 2319 4070 ι
2359 4015 2616 4074 aﬂuens?
2650 4039 2670 4072 ι
2726 4019 2925 4076 Verum
2962 4029 3017 4076 et
3054 4021 3179 4077 hinc
3212 4022 3334 4093 jam
3366 4018 3696 4079 disseruimus:
3727 4005 3795 4063 εαί

2294 4110 2420 4181 quia
2449 4112 2694 4181 repetitio
2723 4126 3001 4177 versuum,
3025 4113 3324 4182 ﬁrmitatis,
3370 4122 3431 4170 ut
3449 4126 3580 4183 saepe
3598 4106 3792 4164 diximus.

2294 4201 2552 4257 indicium
2596 4211 2710 4268 est,
2766 4218 2909 4260 nunc
2946 4211 3236 4276 tangamus
3279 4204 3526 4261 breviter.
3571 4197 3668 4253 Vox
3698 4191 3794 4262 ειη·

2293 4302 2478 4365 ³8⁰Βω
2512 4293 2593 4349 vel
2632 4296 2908 4364 propheta:
2952 4296 3304 4364 admirantis,
3336 4293 3589 4367 quomodo
3614 4282 3793 4344 Ecclesia

2294 4386 2362 4441 de
2383 4372 2599 4443 deserto
2616 4386 2931 4458 gentilitatis
2958 4386 3013 4442 in
3035 4389 3251 4458 sponsis
3274 4388 3451 4444 subito
3472 4382 3710 4454 amplexus
3727 4388 3793 4426 as-

2216 4449 2269 4510 D
2291 4476 2559 4533 cendisset
2591 4449 2714 4533 :cui
2728 4492 2827 4548 per
2843 4449 3160 4548 prophetam
3181 4479 3382 4535 dicitur
3410 4495 3424 4531 :
3453 4494 3471 4528 ι
3506 4449 3601 4529 Pro
3618 4483 3673 4524 eo

2290 4566 2440 4625 fuisti
2461 4568 2740 4634 derelicta,
2764 4578 2820 4625 et
2846 4569 2971 4624 odio
2994 4569 3176 4625 habita
3204 4568 3346 4640 (Isa.
3386 4566 3498 4637 ιι),
3527 4584 3546 4618 ι
3575 4570 3663 4617 etc.
3685 4554 3733 4608 El
3753 4554 3791 4603 in

2292 4660 2498 4733 psalmo
2512 4675 2528 4714 :
2546 4680 2564 4712 ι
2587 4659 2917 4715 Erravernnt
2929 4659 2984 4714 in
2996 4659 3287 4717 solitudine
3299 4661 3354 4715 in
3368 4658 3611 4726 inaquoso
3621 4640 3791 4733 (Pulla.

2292 4726 2424 4815 ενι).
2447 4771 2466 4804 ι
2494 4751 2714 4807 Deliciis
2734 4749 2982 4816 allluens,
3006 4749 3060 4805 id
3086 4757 3174 4805 est
3190 4751 3432 4806 omnium
3453 4747 3681 4802 donorum
3700 4726 3791 4825 ξιιμ·

2294 4842 2618 4898 chritudine.
2656 4859 2676 4893 ι
2709 4840 2899 4897 lnnixa
2936 4854 3099 4910 super
3144 4839 3398 4896 dilectum
3442 4843 3623 4891 ιιιθιιιη·

2296 4933 2477 4993 omnia
2498 4949 2620 5004 quae
2650 4933 2830 4996 habet,
2859 4932 2928 4986 ad
2956 4906 3189 5000 gratiam
3213 4930 3380 5002 ipsius
3417 4922 3574 4993 refert
3612 4906 3791 5004 stabilita

2296 5024 2350 5080 in
2373 5037 2440 5079 eo
2470 4998 2594 5088 ﬁde,
2615 5036 2710 5093 spe
2738 5030 2794 5075 et
2812 4998 3101 5084 eharinite,
3127 4998 3289 5088 quem
3330 5014 3456 5072 mihi
3484 5007 3576 5067 soli
3606 4998 3787 5093 Conllnll'

2298 5112 2512 5169 tendam
2540 5083 2857 5168 credebant.
2894 5128 2913 5161 ι
2942 5083 3213 5180 Suscitavi
3238 5117 3292 5164 te
3315 5104 3414 5162 sub
3432 5100 3612 5157 arbore

2296 5202 2595 5274 Respondit
2619 5210 2816 5274 sponsa
2840 5214 2941 5275 pro
2964 5198 3272 5275 Synagosa-
3329 5196 3446 5268 19⁸⁸
3484 5193 3682 5261 ⁸Ρ⁰⁰⁵⁰³
3718 5184 3781 5275 ῳ

2297 5273 2492 5351 arbore
2517 5273 2698 5351 crucis
2715 5307 2747 5347 a
2767 5300 3028 5363 perpetua
3054 5300 3230 5348 morte
3255 5284 3471 5351 liberaVi
3517 5288 3581 5342 ιθο
3624 5277 3672 5326 ¹¹¹
3700 5273 3792 5363 api.

2297 5385 2467 5444 stolus
2493 5396 2549 5444 et
2570 5358 2796 5444 caeteros
2831 5358 3034 5444 electos
3075 5400 3140 5442 ex
3179 5382 3379 5441 Judaea.
3418 5395 3438 5430 ι
3481 5373 3550 5429 lbi
3596 5358 3788 5423 corrui)la

2286 5503 2322 5535 ,ί
2358 5492 2443 5541 est
2470 5490 2643 5540 mater
2673 5491 2785 5548 tua,
2815 5481 2890 5538 ibi
2912 5481 3113 5538 violata
3131 5491 3216 5538 cst
3241 5476 3467 5552 genitrix
3491 5478 3633 5563 tua-1.»
3652 5453 3789 5563 μιῇ

2299 5574 2473 5645 maior
2492 5591 2618 5645 pars
2653 5543 2825 5643 plebis
2882 5571 3159 5629 Christum
3203 5543 3442 5641 negando
3478 5569 3528 5617 et
3560 5543 3791 5609 Bamb!“

2299 5665 2568 5736 eligendo,
2600 5667 2668 5722 ad
2689 5680 2905 5722 crucem
2940 5666 3227 5737 reprobata
3256 5670 3355 5717 est.
