4078 6340
311 433 422 492 ωδ

1457 429 1710 492 ENARR.
1753 427 1814 482 IN
1855 429 2148 485 CANTICA
2183 427 2454 484 CANTIC.

3457 429 3564 486 6‘26

395 565 410 594 ι
443 545 596 600 Pone
619 558 708 600 me
727 553 788 600 ut
807 543 1140 616 signaculum
1165 559 1326 614 super
1367 559 1462 598 cor
1487 551 1658 604 tuum,
1704 549 1760 594 et
1783 539 1888 594 sic-
1917 546 1964 603 Α
1997 559 2016 592 ι
2047 539 2164 595 cula
2189 549 2470 612 argentea:
2497 559 2516 594 ι
2543 539 2620 596 Ac
2645 541 2688 596 si
2743 541 2950 598 diceret
2979 561 2992 596 :
3025 541 3082 598 Si
3137 545 3346 614 aliquos
3395 547 3562 604 habet

315 657 344 688 ι
375 645 436 690 ut
469 635 802 708 signaculum
835 651 997 708 super
1035 635 1314 694 brachium
1359 641 1586 704 tuum.)
1631 629 1890 700 Siguacu-

281 801 288 806 _
315 725 428 782 lum
455 728 508 782 in
539 727 762 784 brachio
773 727 1056 798 vetdigito,
1069 785 1074 792 ,
1087 727 1157 782 ob
1173 725 1484 780 memoriam
1500 723 1720 778 cuilibet
1731 722 1806 776 rei
1823 721 1888 776 li-

313 837 528 892 gamus.
553 821 658 876 Per
679 835 702 872 r
729 835 846 886 cor,
877 837 896 874 ι
956 819 1231 890 cogitatio,
1259 827 1314 872 et
1355 831 1452 888 per
1493 833 1513 866 ί
1533 814 1883 878 brachium.)

313 910 562 980 operatio
579 910 906 982 designatur.
927 907 984 964 ld
1009 915 1094 964 est
1123 921 1138 959 :
1163 907 1220 960 Si
1243 921 1330 960 me
1352 905 1486 960 velis
1507 903 1710 958 habere
1727 917 1890 972 Spon-

307 1017 462 1066 sum,
501 1001 648 1058 intus
675 1003 745 1056 sit
767 1001 1006 1056 c'haritas
1027 997 1132 1056 ﬁde
1155 1015 1262 1054 non
1295 997 1436 1062 ﬁcta,
1458 1005 1516 1052 et
1543 997 1676 1052 for-is
1697 1009 1888 1064 opera-

313 1091 396 1146 tio
425 1091 636 1156 devota,
667 1098 722 1146 et
757 1089 838 1144 sic
877 1089 1102 1158 recipies
1127 1087 1286 1152 ﬁdem
1307 1101 1503 1151 meum,
1541 1097 1604 1140 ut
1633 1100 1754 1141 eam
1791 1083 1891 1138 im-

315 1179 641 1236 maculatam
695 1181 998 1240 custodias...
1025 1179 1094 1238 Et
1137 1181 1262 1250 quia
1309 1195 1407 1250 per
1453 1193 1670 1234 crucem
1713 1191 1888 1242 meam

309 1269 658 1340 signaculum
681 1269 954 1340 accepisti,
987 1268 1296 1324 thesaurum
1317 1266 1540 1336 justitiae
1567 1281 1728 1336 quem
1753 1267 1808 1320 in
1839 1273 1892 1322 te

309 1359 554 1426 contuli,
593 1376 624 1414 a
667 1359 814 1416 nullo
855 1358 974 1414 fure
1011 1357 1210 1414 auferri
1255 1358 1640 1428 pertimescas,
1684 1365 1742 1412 ut
1781 1365 1889 1414 tam

307 1449 646 1520 cogitatione
709 1463 870 1520 quam
930 1448 1096 1505 etiam
1141 1449 1454 1520 operatione
1517 1449 1586 1504 ad
1635 1447 1764 1504 illud
1819 1449 1892 1504 si-

309 1555 480 1612 gnum
509 1555 776 1606 recurras,
821 1549 878 1598 et
909 1539 1050 1596 sicut
1083 1555 1182 1612 ego
1213 1549 1266 1596 te
1305 1539 1572 1610 intantum
1606 1539 1802 1606 dilexi,
1833 1547 1894 1594 ut

311 1633 456 1686 mori
481 1631 766 1688 voluissem
789 1647 890 1702 pro
911 1641 984 1698 te,
1009 1633 1084 1688 ita
1129 1631 1436 1688 econtrario
1459 1631 1630 1694 sancti
1649 1631 1724 1686 tui
1741 1645 1890 1696 mor-

311 1731 424 1778 tem
451 1738 556 1778 non
579 1733 830 1780 recusent
853 1739 952 1794 pro
979 1739 1083 1780 me.
1113 1742 1136 1776 ι
1167 1723 1302 1792 Quia
1329 1723 1487 1780 fortis
1507 1733 1592 1778 est
1635 1731 1696 1780 ut
1745 1738 1892 1780 mors

316 1830 338 1864 ε
371 1811 608 1880 dilectio,
670 1811 806 1874 dura
857 1813 1000 1870 sicut
1033 1811 1276 1878 infernus
1312 1813 1600 1870 aemulatio.
1637 1832 1655 1866 ι
1708 1811 1892 1868 Fortis

1993 631 2046 684 in
2073 645 2132 686 se
2152 631 2322 686 fortes
2351 631 2406 686 in
2443 631 2570 698 ﬁde,
2603 631 2688 687 vel
2719 633 2896 704 claros
2925 635 3158 706 ingenio,
3206 635 3290 690 vel
3318 638 3560 708 philoso-

1989 719 2116 792 phia
2149 719 2466 786 instructos,
2489 721 2753 776 addamus
2789 723 2895 778 illis
2917 725 3316 796 propugnacula
3359 742 3558 800 argen-

1991 819 2106 878 tca,
2135 813 2186 884 id
2215 822 2300 868 est
2349 813 2632 888 scientiam
2675 813 2978 872 divinarum
3025 817 3446 888 scripturarum,
3503 827 3566 874 ut

1987 897 2054 960 eo
2095 903 2308 960 facilius
2350 905 2558 976 possint
2599 913 2880 978 protegere
2925 909 3170 964 inﬁrmos
3195 917 3360 980 atque
3411 909 3564 964 indo-

1989 1003 2126 1052 ctos.
2159 1015 2178 1050 ι
2207 997 2264 1052 Si
2293 999 2490 1060 ostium
2513 1005 2620 1066 est,
2647 999 3054 1070 compingamus
3077 1001 3208 1056 illud
3235 1001 3429 1058 tabulis
3473 1017 3566 1058 ce-

1995 1104 2014 1136 ι
2043 1085 2232 1142 drinis.
2273 1103 2294 1140 ο
2343 1085 2400 1142 ld
2425 1095 2528 1154 est,
2561 1087 2606 1144 si
2637 1088 2746 1144 sint
2788 1089 3100 1160 simplices,
3131 1099 3310 1146 tamen
3335 1091 3566 1152 docendi

1990 1175 2168 1232 studio
2191 1175 2486 1241 inhiantes,
2533 1187 2588 1234 et
2623 1179 2770 1234 velut
2806 1181 3004 1236 ostium
3045 1183 3188 1250 quod
3223 1182 3468 1252 aperitur
3509 1191 3568 1238 et

1989 1265 2276 1332 clauditur,
2321 1275 2580 1340 itempus
2621 1267 2832 1323 tacendi
2877 1267 2958 1323 vel
3010 1267 3264 1340 loquendi
3293 1287 3312 1321 ι
3360 1270 3562 1324 intelli-

1989 1365 2160 1428 gunt:
2193 1357 2686 1428 proponamusillis
2711 1359 2952 1428 priorum
2991 1357 3564 1430 exetnplajustormu,

1991 1465 2099 1520 quo
2141 1449 2344 1506 certius
2373 1457 2428 1504 et
2475 1449 2744 1506 eﬂicacius
2795 1452 3023 1508 docendi
3069 1439 3302 1508 cilicium
3344 1453 3568 1524 implere

1990 1541 2217 1612 possint.
2243 1541 2400 1596 Cedri
2431 1542 2658 1598 virtutes
2696 1551 3036 1610 sanctorum,
3065 1551 3120 1600 et
3157 1543 3354 1600 tabula:
3379 1543 3568 1600 latitu-

1991 1634 2171 1690 dinem
2201 1631 2484 1706 designant
2505 1621 2810 1690 charitatis.
2839 1635 2908 1690 Et
2937 1643 2996 1692 ut
3019 1651 3142 1692 cum
3179 1635 3436 1706 Apostolo
3479 1635 3564 1690 di-

1991 1740 2118 1782 cere
2149 1725 2362 1780 valeant
2399 1742 2412 1778 :
2453 1743 2472 1776 ι
2499 1725 2630 1794 Mihi
2653 1733 2835 1782 autem
2881 1727 3023 1782 absit
3059 1725 3298 1798 gloriari,
3353 1727 3457 1782 nisi
3511 1727 3566 1782 in

1991 1829 2154 1878 cruce
2193 1815 2404 1872 Domini
2447 1813 2790 1870 nostri-Jesu
2837 1815 3036 1872 Christi
3083 1831 3180 1888 per
3229 1833 3386 1886 quem
3433 1817 3566 1872 mihi

305 1911 594 1974 estusque
621 1905 688 1968 ad
721 1913 948 1960 mortem
975 1904 1192 1982 dilectio
1210 1919 1325 1959 mea
1353 1905 1406 1958 in
1435 1913 1562 1970 tc,,o
1580 1903 1886 1974 Synagoga,
1915 1893 1974 1968 Β,
1991 1905 2220 1972 mundus
2271 1905 2560 1961 cruciﬁxus
2593 1913 2694 1968 est,
2733 1914 2788 1960 et
2832 1921 2934 1976 ego
2975 1905 3176 1962 mundo
3223 1903 3365 1977 (Gal.
3413 1905 3510 1978 Vl).
3545 1927 3564 1958 ι

309 1993 408 2048 sed
433 2003 530 2048 tua
553 1993 824 2052 aemulatio
853 1993 988 2048 dura
1039 1994 1094 2048 in
1141 2009 1230 2048 me
1275 1993 1378 2048 fuit
1415 1995 1558 2049 sicut
1605 1993 1884 2050 infernus:

308 2087 406 2140 sed
441 2095 594 2142 verte
623 2085 1024 2140 aemulationem
1053 2085 1106 2140 in
1131 2085 1492 2152 dilectionem,
1533 2097 1586 2146 et
1607 2087 1716 2142 eris
1757 2087 1886 2142 mihi

307 2191 532 2246 sponsa,
561 2185 616 2232 et
633 2191 812 2242 soror,
839 2183 892 2230 et
917 2177 1110 2232 amica.
1147 2193 1168 2227 ι
1191 2175 1494 2246 Lampados
1521 2175 1658 2245 ejus,
1683 2175 1884 2244 lampa-

285 2283 338 2322 ..ι
363 2265 460 2320 des
481 2265 642 2336 ignis,
663 2277 824 2340 atque
845 2265 1205 2330 ﬂammarum.
1231 2283 1256 2318 ι.
1279 2265 1590 2332 Dilectionis
1614 2264 1890 2335 lampades

307 2358 474 2414 corda
505 2365 632 2412 sunt
671 2357 928 2424 ﬁdelium,
979 2357 1032 2410 in
1078 2357 1274 2426 quibus
1318 2359 1562 2414 charitas
1599 2357 1884 2422 inhabitat,

307 2463 529 2518 scmper
557 2447 840 2518 splendida
867 2457 924 2502 et
945 2448 1122 2502 nitore
1167 2447 1448 2504 charitatis
1487 2447 1683 2502 munda
1727 2455 1890 2516 atque

309 2539 438 2606 igne
473 2539 712 2608 Spiritus
733 2539 904 2594 sancti
935 2538 1202 2604 ardentia,
1241 2535 1688 2608 flammarumque
1733 2537 1888 2592 bona:

305 2629 644 2698 operationis
667 2627 924 2684 enitentia
960 2627 1134 2700 globo.

389 2737 408 2769 ι
433 2719 602 2790 Aquae
635 2719 816 2774 multa:
837 2735 946 2778 non
969 2723 1262 2788 potuerunt
1281 2717 1632 2788 exstinguere
1651 2715 1888 2782 charita-

313 2831 348 2872 ι.
383 2821 514 2878 tem,
539 2825 642 2866 nec
663 2809 894 2874 ﬂumina.
925 2809 1170 2876 obruent.
1189 2807 1358 2870 illam.
1401 2827 1421 2860 ι
1465 2807 1652 2878 Aquas
1691 2805 1888 2868 multas

307 2913 370 2962 et
392 2905 634 2970 ﬁumina,
669 2903 1026 2960 tentationum
1051 2901 1182 2956 dicit
1203 2901 1484 2964 incursus,
1523 2913 1646 2970 qua:
1699 2895 1886 2952 visibi-

311 2995 442 3052 liter
481 3009 574 3050 seu
625 2993 974 3056 invisibiliter.
999 2993 1208 3048 animas
1258 2989 1492 3046 ﬁdelium
1549 2989 1886 3059 impugnant,

311 3084 512 3156 quibus
533 3083 774 3144 charitas
799 3098 904 3138 non
927 3083 1088 3144 cedit.
1127 3099 1146 3132 ι
1183 3079 1240 3136 Si
1265 3079 1468 3136 dederit
1485 3079 1646 3132 homo
1671 3091 1888 3132 omnem

317 3192 356 3230 ι
379 3173 740 3228 substantiam
775 3172 968 3226 domus
993 3185 1106 3224 sua:
1124 3185 1224 3239 pro
1243 3168 1549 3234 dilectione,
1567 3167 1722 3238 quasi
1751 3163 1884 3234 nihil

319 3283 354 3322 ι.
373 3264 680 3334 despicient,
695 3278 834 3323 eam.
863 3283 882 3316 ι
907 3262 1064 3322 Sicut
1085 3277 1212 3320 vero
1233 3261 1396 3320 totius
1421 3259 1734 3324 substantia:
1755 3257 1892 3312 diri-

315 3357 424 3424 tias
447 3371 546 3426 pro
567 3355 870 3416 dilectionis
889 3353 1091 3414 Christi
1115 3353 1480 3424 magnitudine
1499 3353 1712 3416 dantes,
1737 3349 1890 3420 quasi

316 3446 456 3502 nihil
483 3445 850 3516 despiciebant
873 3461 1022 3510 eum,
1069 3445 1232 3498 idest
1271 3445 1548 3498 mundum.
1595 3443 1718 3498 Alio
1761 3457 1892 3496 vero

315 3538 484 3594 modo
507 3553 576 3594 ex
606 3537 974 3608 superioribus
1001 3535 1198 3606 pendet
1225 3535 1508 3590 sententiae
1527 3549 1736 3590 sensus.
1757 3533 1890 3590 Cum

313 3631 464 3686 enim
491 3629 737 3698 dixisset,
769 3647 788 3680 ι
807 3643 962 3698 aqua:
991 3627 1176 3682 multa:
1203 3645 1222 3678 ι
1255 3625 1338 3680 vel
1367 3625 1586 3680 ﬁumina
1613 3643 1632 3678 ι
1665 3639 1772 3680 non
1791 3639 1890 3695 po-

317 3729 542 3776 tuerunt
585 3719 930 3792 exstinguere
973 3717 1316 3782 cbaritatem,
1351 3735 1372 3770 »
1423 3717 1700 3787 subjunxit
1725 3733 1738 3770 :
1765 3735 1782 3768 ι
1833 3715 1890 3772 Si

321 3829 356 3872 ε,
376 3811 584 3866 dederit
611 3825 824 3866 omnem
865 3809 1218 3866 substantiam
1245 3809 1434 3862 domus
1465 3821 1596 3872 suae,
1627 3825 1644 3858 ι
1670 3815 1799 3870 etc.,
1835 3815 1893 3860 ut

317 3901 450 3957 illuc
478 3899 804 3971 intelligatur
829 3901 970 3970 quod
997 3899 1286 3970 Apostolus
1311 3899 1387 3954 ait
1421 3917 1433 3952 :
1471 3919 1489 3950 α
1533 3899 1602 3954 Et
1627 3897 1674 3954 si
1711 3899 1892 3954 distri-

315 3991 492 4046 buere
525 3991 578 4046 in
601 3991 752 4046 cibos
775 4005 1072 4061 pauperum
1105 4003 1294 4046 omnes
1325 3989 1604 4046 facultates
1627 4003 1798 4054 meas,
1837 3999 1892 4044 et

317 4081 368 4136 si
405 4081 678 4136 tradidero
707 4095 904 4151 corpus
943 4095 1120 4138 meum
1169 4081 1244 4144 ita
1279 4089 1336 4142 ut
1359 4081 1610 4146 ardeam,
1659 4079 1894 4134 charita-

317 4181 430 4228 tem
445 4179 623 4230 autem
637 4187 742 4227 non
755 4171 1000 4234 habeam,
1017 4171 1148 4228 nihil
1161 4171 1288 4226 mihi
1305 4173 1518 4240 prodest
1547 4169 1598 4244 (I
1615 4167 1736 4226 Cor.
1755 4169 1854 4241 at).
1869 4189 1888 4222 ι

393 4278 416 4312 ι
451 4259 619 4316 Soror
637 4275 756 4315 mea
777 4259 996 4330 parvula
1013 4267 1114 4324 est,
1137 4269 1192 4314 et
1223 4262 1386 4314 ubera
1411 4275 1518 4314 non
1545 4259 1726 4314 habet.
1753 4257 1890 4326 Quid

321 4369 346 4404 ς
389 4349 650 4406 faciemus
673 4337 844 4406 sorori
875 4357 1094 4414 nostrm,
1125 4350 1178 4404 in
1209 4351 1296 4404 die
1335 4351 1552 4420 quando
1573 4349 1892 4420 alloquenda

279 4497 282 4500 .
323 4461 346 4492 ι
381 4442 502 4498 est?
529 4459 550 4492 ι
575 4441 756 4496 Prima
805 4441 1076 4496 nascentis
1103 4439 1356 4496 Ecclesiae
1385 4441 1450 4496 de
1471 4439 1720 4510 gentibus
1759 4448 1894 4494 tem-

281 4577 292 4582 -
319 4545 456 4601 pora
478 4529 746 4606 designat,
771 4529 1026 4600 quoniam
1049 4530 1222 4584 adhuc
1251 4539 1306 4584 ct
1327 4545 1490 4600 parva
1521 4531 1622 4584 fuit
1643 4545 1890 4598 numero,

317 4631 380 4684 et
405 4621 584 4688 minus
625 4621 814 4688 idonea
853 4619 1146 4690 praedicare
1197 4621 1442 4684 verbum,
1501 4629 1562 4676 ut
1607 4621 1894 4692 Apostolus

317 4712 596 4782 loquitur:
627 4729 646 4761 ‹
681 4709 796 4770 Non
823 4709 970 4780 potui
1000 4709 1326 4778 loquipvobis
1351 4711 1504 4780 quasi
1535 4711 1890 4784 spiritalibus,

319 4801 414 4856 sed
447 4801 602 4872 quasi
623 4801 948 4868 carnalibus,
987 4810 1242 4870 tanquam
1275 4803 1514 4871 parvulis
1551 4803 1606 4856 in
1647 4803 1888 4870 Christo,

319 4891 406 4946 lac
449 4899 634 4960 potum
691 4891 842 4944 vobis
892 4889 1014 4946 dedi
1065 4905 1172 4948 non
1219 4905 1400 4956 escam
1443 4891 1494 4958 (I
1557 4889 1680 4946 Cor.
1723 4895 1826 4964 ιιι).
1867 4913 1886 4946 ι

319 4981 486 5047 Quasi
519 4995 620 5036 vox
640 4979 822 5052 sponsi
861 4979 943 5036 vel
975 4979 1334 5050 apostolorum
1355 5021 1370 5046 ,
1395 4981 1460 5038 de
1505 4983 1620 5052 ipsa
1657 4984 1724 5040 ad
1751 4983 1890 5056 Syn-

319 5084 548 5140 agogam
577 5069 800 5124 dixisset
825 5087 837 5124 :
873 5089 890 5120 ι
929 5069 1066 5136 Quid
1096 5069 1358 5126 faciemus
1381 5073 1556 5128 sorori
1579 5081 1800 5137 nostra,
1833 5075 1886 5130 in

324 5183 344 5214 ι
377 5161 466 5217 die
495 5161 709 5228 quando
739 5145 1056 5231 alloqucnda
1079 5161 1218 5228 est?
1252 5179 1272 5214 ι
1301 5159 1380 5217 Ac
1404 5161 1448 5216 si
1469 5225 1472 5230 _
1495 5173 1684 5232 aperte
1703 5165 1846 5220 dicat
1871 5184 1884 5220 :

1967 1997 2070 2056 ,Ad
2096 1997 2210 2056 haec
2231 2009 2462 2066 namque
2487 1997 2600 2066 ipsa
2625 1997 2900 2066 respondit
2921 1997 3162 2054 Ecclesia
3191 2014 3204 2050 :

2061 2103 2092 2148 ι,
2117 2071 2464 2158 Εεοἰηιιι·υε,
2501 2095 2558 2142 et
2583 2087 2752 2142 ubera
2777 2103 2896 2144 mea
2925 2089 3068 2144 sicut
3115 2088 3302 2153 turris,
3345 2103 3412 2144 ex
3457 2103 3566 2156 quo

1991 2195 2012 2230 α
2053 2177 2196 2232 facta
2225 2193 2344 2232 sum
2375 2193 2560 2234 coram
2589 2186 2642 2234 te
2672 2179 2824 2249 quasi
2855 2195 3044 2250 pacem
3071 2179 3366 2250 reperiens.
3411 2199 3428 2232 ι
3454 2179 3568 2250 Ego

1987 2273 2052 2328 de
2073 2271 2210 2328 vivis
2235 2281 2514 2342 compacta
2545 2287 2666 2328 sum
2707 2273 2996 2344 lapidibus,
3059 2283 3114 2330 et
3141 2271 3350 2346 glutino
3391 2273 3572 2328 chari-

1987 2362 2114 2422 tatis
2148 2361 2402 2428 adunata,
2427 2371 2486 2434 et,
2505 2377 2668 2436 super
2691 2361 3098 2420 fundamentum
3137 2363 3416 2422 immobile
3441 2363 3572 2419 aedi-

1987 2453 2178 2519 licata,
2193 2461 2250 2508 et
2275 2455 2524 2512 doctores
2561 2456 2666 2510 mei
2689 2455 2970 2512 fortissimi
3001 2455 3150 2512 velut
3171 2456 3360 2522 turris,
3395 2455 3568 2524 quiet

1985 2543 2236 2614 parvulos
2257 2545 2464 2600 nutrire
2491 2543 2690 2610 sciunt,
2713 2553 2768 2602 et
2795 2545 2976 2602 omnia
3003 2543 3240 2616 maligna
3261 2543 3568 2614 expellere;

1987 2641 2042 2688 et
2079 2631 2276 2688 accidit
2295 2633 2428 2688 mihi
2459 2648 2526 2688 ex
2549 2648 2616 2690 eo
2655 2642 2900 2706 tempore
2941 2649 3050 2704 quo
3081 2625 3332 2690 Christus
3359 2645 3448 2688 me
3477 2631 3574 2686 reo'

1987 2723 2322 2788 conciliavit,
2335 2737 2524 2793 pacem
2549 2739 2648 2794 per
2669 2739 2792 2780 eum
2819 2725 3066 2795 reperiri.

2063 2813 2284 2872 «.Vinea
2313 2815 2414 2870 fuit
2449 2813 2672 2885 paciﬁco
2721 2815 2774 2869 in
2823 2829 2890 2870 ea
2943 2829 3064 2884 qua
3113 2814 3276 2870 habet
3321 2812 3570 2884 papulus,

1995 2919 2012 2958 τ
2047 2907 2268 2962 tradidit
2295 2921 2414 2962 eam
2445 2905 2776 2962 custodibus.
2817 2925 2836 2958 ι
2895 2905 2972 2960 De
3000 2919 3108 2976 quo
3135 2905 3424 2975 Apostolus
3445 2904 3522 2957 ait
3547 2917 3564 2956 :

1995 3016 2012 3049 ι
2051 2997 2170 3069 Ipse
2187 3005 2272 3054 est
2283 3013 2388 3068 pax
2410 3003 2616 3062 nostra,
2656 2995 2748 3066 qui
2769 2995 2898 3052 fecit
2915 3005 3144 3066 utraque
3159 3011 3328 3050 unum
3349 2993 3568 3066 (Ephes.

1991 3089 2072 3161 ιι).
2113 3109 2132 3144 ι
2183 3091 2252 3145 Et
2297 3089 2364 3146 de
2414 3103 2522 3158 quo
2575 3089 2876 3160 propheta:
2907 3105 2928 3140 ι
2957 3085 3396 3158 Multiplicabitur
3449 3083 3570 3152 ejus

1993 3179 2302 3251 imperium,
2325 3187 2380 3236 et
2405 3178 2554 3250 pacis
2583 3195 2690 3234 non
2711 3179 2818 3234 erit
2845 3177 2968 3233 ﬁnis
2998 3175 3134 3250 (Ira.
3161 3177 3260 3248 ut).
3293 3195 3312 3228 ι
3377 3175 3570 3240 Vinea,

1995 3272 2050 3326 id
2069 3271 2444 3334 cstcatholica
2463 3270 2724 3336 Ecclesia,
2751 3269 2928 3324 fructu
2965 3269 3248 3326 abundans
3299 3267 3424 3324 ﬁdei
3467 3267 3570 3322 fuit

1995 3363 2240 3432 paciﬁca,
2265 3363 2320 3418 id
2337 3371 2424 3418 cst
2449 3363 2666 3418 Christo
2685 3361 2788 3432 qui.
2805 3361 2985 3416 omnia
3007 3359 3314 3432 paciﬁcavit
3335 3359 3390 3414 in
3417 3359 3573 3416 caelis

1993 3455 2120 3510 etin
2147 3453 2330 3520 terris,
2354 3455 2410 3510 in
2431 3469 2496 3510 ea
2523 3453 2942 3526 congregatione
2961 3467 3070 3523 qua
3109 3451 3308 3507 multos
3341 3450 3572 3522 populos

1993 3549 2232 3616 possidet
2259 3563 2326 3602 ex
2353 3553 2464 3604 toto
2499 3545 2651 3610 orbe,
2689 3561 2798 3601 non
2824 3545 2878 3600 in
2899 3543 3082 3620 Iudaea
3111 3543 3308 3608 solum,
3349 3541 3572 3596 tradidit

1993 3659 2112 3698 cam
2137 3641 2466 3705 custodibus,
2495 3639 2587 3695 sed
2615 3647 2669 3692 et
2691 3637 2970 3708 prophetis
3017 3635 3104 3690 vel
3153 3633 3410 3704 apostolis
3456 3635 3572 3688 sive

1993 3729 2316 3802 cvangelicis
2357 3727 2726 3800 dogmatibus,
2767 3726 2854 3780 vel
2886 3725 3146 3796 angelicis
3197 3723 3569 3792 dignitatibus.

1999 3840 2018 3872 ι
2059 3821 2154 3882 Vir
2189 3817 2344 3874 aﬂ'ert
2389 3833 2486 3888 pro
2521 3817 2700 3872 fructu
2745 3815 2862 3886 ejus
2915 3815 3064 3872 mille
3103 3822 3412 3886 argenteos.
3453 3833 3472 3866 ι
3513 3813 3572 3870 ld

1991 3919 2076 3966 cst
2103 3909 2350 3966 Christus
2371 3907 2678 3978 appendcus
2701 3921 2924 3978 regnum
2955 3905 3220 3962 cmlornm
3249 3919 3346 3975 pro
3369 3907 3574 3960 sanctis

1995 3999 2270 4056 laboribus
2293 3997 2375 4052 vel
2397 3997 2752 4066 cleemosyais
2775 3995 2912 4067 ejus.
2941 3995 3129 4050 Potest
3152 4005 3208 4050 et
3227 3995 3386 4050 aliter
3407 3993 3570 4048 intel-

1995 4087 2088 4160 ligi
2117 4105 2130 4142 :
2163 4107 2182 4141 ι
2211 4087 2306 4142 Vir
2321 4087 2472 4140 aliert
2491 4101 2590 4156 pro
2619 4085 2796 4140 fructu
2825 4083 2940 4152 ejus
2967 4083 3112 4140 mille
3129 4091 3438 4155 argenteos,
3469 4101 3488 4136 ι
3519 4083 3574 4140 id

1994 4187 2080 4234 est
2106 4195 2206 4252 pro
2232 4177 2826 4240 retributionemtcrna.
2867 4173 3038 4244 llujus
3067 4177 3238 4231 vinea:
3277 4175 3362 4230 vir
3385 4233 3390 4236 _
3415 4175 3576 4232 affert

2001 4267 2146 4332 mille
2176 4275 2480 4337 argenteos,
2521 4263 2572 4330 id
2603 4273 2686 4326 cst
2719 4279 2816 4336 pro
2835 4265 3192 4334 acquisitione
3211 4265 3452 4322 caelestis
3481 4281 3572 4322 rc-

1993 4357 2108 4428 gni,
2147 4357 2240 4426 qui
2271 4365 2354 4410 est
2385 4353 2596 4422 fructus
2629 4355 2804 4421 violae,
2835 4363 3028 4410 cuncta
3049 4371 3170 4426 qua:
3199 4357 3416 4412 mundis
3447 4357 3574 4412 reli—

1995 4447 2132 4518 quit.
2175 4445 2506 4508 Millenarius
2529 4461 2786 4512 numerus
2821 4431 3274 4516 pro-perfectione
3309 4447 3573 4519 accipitur

1996 4539 2160 4606 illius,
2181 4541 2274 4610 qui
2297 4539 2480 4606 omnia
2501 4535 2738 4608 reliquit.
2777 4535 2930 4594 Unde
2961 4545 3016 4592 et
3040 4539 3278 4610 argentei
3297 4555 3396 4610 pro
3421 4539 3570 4596 omni

1993 4630 2228 4700 pecunia
2246 4629 2608 4699 accipiuntur.
2889 4687 2892 4690 ,
3143 4689 3146 4692 ,
3165 4657 3168 4662 ’
3219 4687 3222 4690 .
3279 4655 3282 4658 ⁴

2071 4735 2090 4768 ε
2129 4717 2298 4784 Vinea
2327 4733 2446 4772 mea
2475 4733 2660 4780 coram
2713 4733 2798 4774 me
2827 4727 2928 4774 est.
2951 4739 2981 4784 ,ι
3025 4719 3140 4776 Vox
3186 4721 3400 4794 sponsi,
3441 4723 3566 4792 quia

1993 4815 2118 4878 post
2155 4807 2608 4876 resurrectionem
2646 4809 2880 4874 futuram
2921 4811 3094 4866 sancti
3139 4827 3328 4878 omnes
3357 4827 3568 4880 semper

1993 4911 2116 4952 cum
2153 4897 2384 4952 Domino
2417 4907 2600 4964 erunt,
2637 4899 2778 4954 sicut
2823 4899 2936 4970 ipse
2981 4901 3094 4956 ait:
3125 4921 3144 4952 ι
3173 4901 3326 4966 Volo,
3381 4899 3566 4964 Pater,

1965 4997 2052 5064 _ut
2077 4987 2166 5044 ubi
2204 5003 2306 5060 ego
2325 5003 2442 5046 sum
2474 4997 2530 5044 et
2557 4989 2634 5044 illi
2661 4989 2998 5048 sintmecum
3031 4979 3210 5064 (Joan.
3229 4994 3290 5066 ι).
3321 5011 3339 5044 ι
3371 4991 3562 5058 Aliter,

1991 5095 2058 5136 ac
2077 5081 2122 5136 si
2151 5081 2358 5146 diceret
2379 5095 2610 5154 sponsus
2635 5099 2646 5135 :
2681 5081 2877 5142 Verum
2907 5083 3010 5140 etsi
3049 5093 3118 5152 te,
3139 5083 3260 5140 aliis
3283 5099 3561 5140 commen-

1993 5171 2116 5226 dem
2141 5171 2470 5236 custodibus,
2507 5181 2686 5228 tamen
2709 5181 2760 5228 te
2781 5189 2992 5244 semper
3021 5175 3192 5230 habeo
3211 5175 3266 5230 in
3291 5189 3409 5230 mea
3429 5191 3562 5246 pra:-

317 5253 492 5308 Parva
515 5249 732 5318 quidem
751 5259 834 5304 est
855 5249 1092 5304 Ecclesia
1120 5251 1382 5320 gentium.
1423 5261 1480 5308 et
1503 5267 1602 5309 nec
1621 5253 1712 5309 Dei
1739 5255 1890 5310 verbi
1993 5261 2190 5328 sentin,
2227 5261 2412 5318 videns
2434 5271 2488 5318 et
2517 5277 2868 5320 remunerans
2893 5263 3092 5320 laboris
3117 5265 3173 5320 in
3199 5265 3450 5322 omnibus
3471 5267 3562 5322 de-

317 5343 640 5414 mysterium
662 5337 858 5396 sume“
875 5341 1077 5396 Slibil'e-
1139 5337 1278 5408 Ουίά
1321 5356 1458 5412 ergo
1478 5343 1572 5398 tibi
1604 5343 1833 5412 videtur,
1857 5361 1892 5400 o
1993 5353 2284 5410 votionem.
2321 5373 2338 5404 ε
2376 5353 2518 5416 Mille
2549 5357 2620 5408 tui
2645 5337 2872 5425 paciﬁci.
2903 5373 2920 5406 ι
2969 5373 2988 5404 ί
3023 5353 3165 5416 Mille
3193 5355 3290 5424 tui,
3318 5375 3336 5406 ι
3367 5355 3562 5414 subau-

319 5429 622 5518 δῖηίιεοεςι,
661 5429 732 5486 de
758 5443 944 5492 sorore
965 5441 1150 5498 nostra
1180 5429 1502 5497 faciendum.
1531 5433 1740 5502 quando
1761 5435 1892 5490 all0—
1995 5443 2144 5498 ditur
2163 5443 2420 5514 argentei.
2451 5443 2614 5510 Quasi
2638 5444 2864 5500 dixisset
2893 5461 2906 5496 :
2941 5443 3042 5509 Qui
3069 5441 3250 5498 amere
3283 5459 3404 5500 meo
3437 5459 3562 5500 cun-

317 5523 528 5592 quenda
565 5533 666 5600 est,
697 5521 750 5578 id
775 5527 858 5576 est
877 5535 972 5590 per
1011 5520 1162 5576 verbi
1189 5521 1502 5592 mysterium
1549 5523 1786 5578 ducenda
1835 5523 1888 5578 in

1995 5547 2080 5590 eta
2115 5547 2214 5590 sua
2243 5533 2484 5598 dimittit,
2527 5537 2580 5588 in
2601 5547 2734 5604 paco
2771 5533 2972 5588 habere
3004 5543 3214 5590 servata
3255 5548 3564 5607 cognoscat,

317 5611 520 5684 ﬁdem?
545 5611 826 5684 Synagoga
853 5617 1084 5676 tacente,
1107 5609 1222 5682 ipse
1251 5627 1500 5684 sponsus,
1527 5613 1638 5668 sive
1667 5615 1888 5684 apostoli

1995 5623 2302 5694 signiﬁcans
2325 5621 2677 5694 simpliciores
2701 5623 2754 5676 in
2779 5621 3018 5678 Ecclesia
3047 5623 3140 5694 qui
3180 5640 3394 5682 onmem
3439 5627 3564 5682 sub—

317 5705 447 5772 quid
469 5703 582 5759 ﬁeri
613 5705 820 5772 debeat,
859 5703 1152 5776 respondit.
1577 5717 1580 5720 '
1995 5713 2246 5768 stantiam
2277 5713 2572 5767 millrnario
2605 5715 2870 5780 signatam
2899 5727 3126 5772 numero
3155 5731 3254 5786 pro
3299 5717 3562 5772 charitate

399 5813 414 5844 ι
445 5793 502 5848 Si
527 5811 712 5852 murus
749 5807 854 5862 cst,
885 5797 1212 5882 :edificemus
1243 5811 1404 5866 super
1431 5811 1548 5852 eam
1585 5811 1886 5870 propugna-
2001 5807 2088 5860 Dei
2122 5805 2408 5859 amittunt:
2449 5821 2466 5852 ι
2511 5803 2572 5856 Et
2614 5803 2828 5859 ducenti
2882 5803 2966 5862 his
3003 5808 3312 5864 custodiunt
3361 5807 3564 5864 fructus
