4078 6340
622 399 724 455 627

1116 399 1463 457 ANGELOMI
1496 397 1950 457 LUXOVIENSIS
1989 399 2290 456 MONACHl
2330 399 2584 457 ENARB.
2619 395 2694 458 IN
2731 403 3025 460 CANTICA
3065 404 3330 460 CANTIC.
3717 411 3788 468 628

630 536 649 568 ι
683 515 819 586 ejus.
859 535 879 570 ι
903 515 961 572 ld
983 517 1343 589 est.argentei
1385 515 1470 571 bis
1503 516 1596 586 qui
1638 514 1948 570 custodiunt
1989 516 2195 570 fructus
2220 513 2473 580 Abrum,
2507 515 2882 570 disertitudine
2929 515 3065 570 mira
3109 515 3513 569 disertissimum
3554 516 3789 576 caleetenus

625 609 762 679 ejus,
792 609 884 679 qui
907 619 1034 666 sunt
1057 611 1304 666 doctores
1324 611 1513 675 sancti,
1545 609 1636 679 qui
1675 610 1855 665 omnia
1883 609 2067 664 mundi
2111 609 2195 664 di-

624 699 849 754 mittunt
869 707 926 755 et
952 700 1008 755 in
1037 702 1202 757 verbo
1236 700 1632 770 praedicationis
1667 700 1914 757 laborare
1938 716 2047 756 non
2081 715 2198 757 ces-

625 800 772 857 sant,
801 792 854 848 hi
885 791 1084 864 duplici
1106 793 1553 857 remuneratione,
1577 807 1696 862 quae
1721 794 2031 850 centenario
2059 794 2198 850 desi-

623 891 821 953 gnatur
837 898 1082 949 numero,
1111 883 1381 938 donantur
1412 885 1552 955 apud
1587 899 1691 940 me.
1736 885 1920 943 Potest
1945 895 2002 942 et
2040 887 2200 942 aliter

626 973 852 1044 intelligi
885 991 898 1028 :
927 972 1217 1030 Duodecim
1244 973 1440 1043 quippe
1473 974 1518 1029 si
1543 989 1642 1046 per
1687 976 2056 1031 centenarium
2092 991 2196 1030 nu-

624 1074 837 1116 merum
864 1061 1308 1133 multiplicantur,
1338 1062 1485 1118 mille
1506 1064 1765 1119 ducentos
1785 1063 2044 1120 elliciunt.
2096 1065 2198 1132 Qui

620 1165 884 1206 numerus
902 1152 1384 1222 utique’apostolis
1428 1153 1513 1208 vel
1547 1155 1855 1224 apostolicis
1900 1155 2036 1210 viris
2073 1172 2201 1212 con-

619 1241 789 1312 gruit.
819 1241 884 1296 lli
906 1241 1141 1313 paciﬁci,
1163 1243 1216 1298 id
1243 1253 1324 1299 est
1353 1239 1553 1300 Christi
1580 1245 1848 1315 discipuli,
1883 1247 2081 1304 merito
2103 1261 2198 1318 ap-

613 1331 911 1401 pellantur,
936 1347 968 1386 a
989 1333 1186 1402 quibus
1198 1325 1394 1389 'sancta
1417 1333 1622 1406 regitur
1646 1335 1883 1390 Ecclesia
1903 1343 1920 1390 ':

699 1439 720 1472 ο
752 1420 883 1488 Quae
913 1422 1127 1478 habitas
1154 1423 1208 1479 in
1231 1425 1422 1491 hortis,
1453 1423 1612 1479 amici
1647 1425 1957 1480 auscultant
2003 1433 2073 1492 te,
2117 1424 2202 1481 l‘ae

623 1530 642 1563 ι
681 1527 770 1568 me
793 1513 980 1569 audire
1006 1530 1194 1572 vocem
1227 1525 1394 1571 tuam.
1427 1537 1446 1570 ι
1479 1517 1536 1572 ln
1561 1517 1734 1573 hortis
1771 1517 1915 1572 enim
1961 1517 2202 1572 Ecclesia

621 1604 851 1671 habitat,
873 1620 992 1676 quae
1007 1607 1123 1677 jam
1149 1607 1424 1664 viriditate
1446 1609 1560 1679 spei
1581 1617 1636 1664 et
1678 1610 1945 1665 bonorum
2000 1610 2201 1679 repleta

621 1703 704 1748 est
725 1710 968 1765 operum.
1006 1697 1087 1753 Ac
1112 1698 1158 1752 si
1185 1708 1370 1769 aperte
1395 1699 1569 1756 dicat:
1589 1700 1722 1768 Quia
1749 1700 1948 1757 locutio
1972 1702 2203 1758 finienda

621 1793 728 1850 est,
759 1785 863 1840 hoc
887 1785 1133 1842 ultimum
1163 1788 1282 1844 vale
1312 1805 1344 1843 a
1371 1803 1458 1844 me
1491 1791 1729 1848 auditum
1760 1807 1973 1862 semper
2015 1794 2202 1848 habita

2298 606 2497 660 teneris
2523 605 2778 675 digitulis,
2806 603 3142 674 propriisque
3169 603 3405 658 articulis
3443 603 3708 660 describere
3725 624 3791 662 eu-

2297 706 2462 762 raret,
2493 706 2654 767 atque
2678 713 2746 752 ex
2775 695 2892 766 ejus
2908 693 3101 766 pretio,
3135 695 3492 764 distraetoque
3513 699 3789 765 commercio,

2296 789 2563 857 despectis
2594 787 2956 857 imperialibus
2982 784 3206 856 dapibus
3253 785 3435 840 vivere
3478 801 3666 856 semper
3695 803 3790 844 eon-

2297 886 2566 943 sueverat,
2592 886 2648 934 et
2668 886 2816 932 tanto
2841 877 3017 932 studio
3043 877 3228 947 viguit,
3279 883 3342 930 ut
3378 876 3486 947 iugi
3513 877 3792 935 meditatione

2298 979 2352 1028 et
2378 972 2596 1042 propria
2650 971 3006 1040 descriptione
3045 971 3214 1040 legem
3253 970 3544 1024 Romanam
3592 971 3789 1025 divinitus

2299 1062 2645 1124 describeret,
2702 1070 2758 1116 et
2789 1075 2967 1116 mores
3011 1060 3379 1116 Romanorum
3421 1060 3670 1127 distortos,
3705 1077 3788 1116 mu-

2299 1169 2460 1210 crone
2481 1153 2873 1224 quodammodo
2898 1152 3030 1224 legis
3050 1167 3292 1208 normam
3333 1146 3646 1207 rectitudinis
3666 1152 3790 1205 corri-

2299 1253 2697 1315 geret,atquea
2726 1259 2824 1298 sua
2865 1243 3062 1298 duritia
3103 1251 3402 1301 coerceret.
3443 1242 3568 1296 adeo
3609 1249 3675 1301 ut.
3709 1239 3792 1294 aliis

2300 1337 2548 1406 expletis,
2573 1335 2814 1405 angelica
2842 1333 3013 1404 salpix
3037 1343 3303 1390 nocturna
3327 1333 3552 1398 visione,
3574 1333 3791 1388 cmiitusei

2301 1427 2532 1482 intonuit
2568 1434 2621 1481 ct
2659 1441 2756 1496 per
2782 1441 2968 1480 oroma
2997 1425 3186 1480 somnii
3209 1425 3522 1496 gratulando
3541 1437 3697 1476 vocem
3729 1437 3792 1475 ex-

2301 1518 2444 1584 tulit,
2472 1517 2653 1572 dicens
2684 1534 2698 1570 :
2731 1515 2911 1580 Liber,
2944 1515 3138 1584 inquit,
3164 1514 3296 1585 legis
3317 1530 3421 1569 non
3450 1513 3646 1568 recedat
3661 1514 3714 1566 de
3729 1527 3794 1566 ore

2303 1619 2412 1674 tuo,
2455 1608 2717 1662 meditare
2739 1607 2791 1660 in
2820 1621 2885 1662 eo
2915 1606 3001 1662 die
3044 1621 3109 1660 ac
3153 1615 3333 1668 nocte,
3374 1613 3569 1674 quanto
3602 1602 3793 1670 magis,o

2302 1701 2586 1758 mitissime
2612 1700 2885 1770 princeps,
2917 1697 3151 1768 propriis
3177 1697 3371 1751 studiis
3396 1703 3673 1750 sanctarum
3695 1691 3795 1747 Scri-

2302 1803 2581 1864 pturarum
2605 1791 2980 1847 auctoritatem
3004 1789 3114 1860 jngt
3140 1789 3488 1844 meditatione
3527 1799 3797 1856 percurrere,

622 1873 677 1928 in
705 1876 876 1945 portis
904 1877 1185 1941 virtutum,
1215 1888 1271 1934 et
1292 1881 1430 1936 scito
1449 1881 1593 1950 quod
1623 1883 1802 1948 amici,
1840 1853 1892 1939 id
1927 1892 2009 1939 est
2041 1899 2204 1956 ange-
2231 1853 2278 1913 Β
2304 1853 2360 1940 et
2384 1882 2720 1938 altitudinem
2755 1881 2949 1936 divinae
2975 1853 3108 1951 legis
3137 1879 3286 1933 velut
3307 1877 3668 1948 quodammodo
3689 1889 3794 1928 mon-

621 1963 711 2018 lici
739 1963 981 2034 spiritus,
1005 1975 1060 2021 et
1087 1968 1282 2024 animae
1308 1978 1616 2026 sanctorum
1650 1981 1913 2042 separata:
1959 1974 2204 2030 conside-

623 2060 768 2118 rant,
797 2061 854 2109 et
881 2055 946 2110 de
969 2063 1060 2111 tuo
1084 2057 1320 2128 gaudent
1343 2061 1606 2129 profectu.
1635 2061 1767 2116 item
1791 2063 1951 2118 amici
1984 2065 2202 2119 auscul-

623 2151 758 2206 tant,
785 2143 910 2214 quia
933 2160 1120 2203 omnes
1133 2147 1312 2215 eiecti,
1345 2158 1406 2204 ut
1422 2151 1488 2206 ad
1510 2151 1785 2207 caelestem
1809 2154 2039 2224 patriam
2065 2155 2205 2210 revi-

620 2232 856 2300 viscant,
879 2234 1043 2290 verba
1063 2237 1189 2291 vita:
1209 2238 1398 2294 audire
1425 2239 1736 2295 desiderant
1770 2259 1782 2295 :
1818 2260 1836 2293 ς
1866 2243 1975 2297 Fac
2003 2259 2087 2297 me
2109 2259 2205 2298 au-

628 2339 646 2371 ι
678 2321 794 2377 dire
808 2336 993 2378 vocem
1017 2331 1184 2390 tuam,
1209 2345 1228 2378 ι
1257 2326 1308 2380 id
1334 2335 1417 2383 est
1443 2328 1667 2382 verbum
1705 2331 2104 2398 praedicationis
2149 2341 2206 2387 et

623 2423 724 2465 vox
768 2411 962 2480 laudis,
1010 2425 1272 2484 quantum
1318 2417 1466 2474 vales
1503 2433 1719 2488 semper
1762 2422 2067 2477 audiatura
2095 2439 2201 2480 me.

623 2501 704 2555 Ad
741 2501 857 2558 haec
877 2519 1073 2575 sponsa
1096 2509 1372 2577 respondit
1403 2526 1418 2563 :

699 2614 717 2647 ι
747 2594 916 2666 Fuge,
943 2596 1139 2654 dilecte
1171 2601 1272 2666 mi,
1295 2611 1350 2655 et
1371 2601 1674 2658 assimilare
1695 2614 1924 2674 capreae,
1949 2607 2201 2662 hinnulo-

629 2702 649 2735 ο
676 2700 780 2755 que
809 2701 1114 2754 cervorum,
1159 2704 1322 2760 super
1366 2701 1550 2748 monte
1598 2704 1922 2752 aromatum.
1961 2716 1980 2750 ι
2037 2698 2116 2754 Ac
2158 2699 2203 2754 si

620 2785 806 2848 aperte
831 2777 1021 2835 dicat:
1059 2780 1322 2848 Quoniam
1347 2783 1398 2838 in
1425 2798 1589 2839 carne
1633 2799 1898 2855 apparens
1934 2799 2203 2859 praecepta

621 2883 687 2924 ac
709 2869 846 2925 dona
879 2871 1000 2927 vitae
1015 2873 1147 2928 mihi
1169 2873 1437 2942 deferens,
1470 2893 1612 2930 nunc
1632 2877 1718 2932 his
1737 2880 1974 2948 peractis
1995 2889 2204 2936 reverlc

621 2958 678 3012 in
703 2959 882 3014 sinum
908 2959 1086 3016 Patris
1117 2980 1131 3018 :
1165 2962 1210 3018 0
1237 2965 1312 3018 mi
1334 2965 1550 3032 dilecte,
1577 2985 1595 3018 ι
1624 2968 1925 3024 assimilare
1973 2983 2204 3038 capreze,

622 3045 956 3116 hinnuloque
981 3064 1265 3106 cervorum
1288 3067 1448 3124 supra
1475 3066 1688 3113 montes
1727 3070 2055 3126 aromatum,
2091 3079 2111 3114 ›
2149 3061 2205 3116 id

624 3143 729 3201 est,
760 3145 815 3191 et
843 3137 946 3194 hoc
970 3139 1103 3195 mihi
1123 3141 1194 3196 sit
1217 3143 1490 3212 solatium,
1518 3149 1643 3217 quia
1691 3151 1945 3206 continua
1997 3152 2205 3208 visione

622 3243 834 3298 nequeo
865 3239 918 3285 te
936 3245 1178 3299 cernere,
1207 3236 1395 3290 saltem
1417 3240 1608 3293 crebra
1633 3241 1939 3298 visitatione
1957 3258 2044 3299 me
2070 3259 2203 3299 con-

625 3320 786 3375 solari
819 3332 1111 3378 memento.
1157 3324 1407 3381 Christus
1455 3328 1649 3383 similis
1693 3346 1924 3400 capreae,
1983 3341 2205 3403 propter

625 3410 1034 3468 similitudinem
1054 3416 1235 3482 carnis
1267 3417 1492 3487 peccati,
1522 3418 1614 3486 qui
1663 3419 1730 3472 de
1773 3420 2204 3489 patriarcharum

626 3499 794 3570 stirpe
821 3500 1227 3560 velutexterius
1257 3505 1493 3574 genitus.
1541 3507 1805 3563 Hinnulus
1853 3519 2076 3580 propter
2113 3526 2205 3565 va-

625 3592 876 3648 rietatem
899 3596 1162 3652 virtutum
1191 3598 1408 3664 dicitur,
1434 3600 1526 3670 qui
1554 3616 1675 3656 cum
1699 3616 1804 3671 qua
1830 3617 1992 3657 carne
2013 3604 2081 3658 ad
2097 3619 2207 3659 coe-

625 3683 709 3740 los
735 3687 999 3753 ascendit,
1029 3704 1152 3744 cum
1178 3690 1288 3760 ipsa
1320 3701 1566 3747 versatus
1591 3701 1673 3747 est
1698 3694 1750 3748 in
1775 3693 1954 3749 terris.
1979 3695 2207 3758 ,Montes

627 3788 957 3845 aromatum,
988 3780 1161 3851 angeli
1195 3781 1587 3852 intelliguntur,
1614 3798 1777 3853 super
1817 3799 1953 3855 quos
1997 3787 2205 3841 exalta-

627 3879 718 3924 tus
741 3879 825 3924 est
851 3870 1012 3926 homo
1035 3883 1360 3943 assumptus,
1384 3874 1520 3928 sicut
1543 3872 1823 3930 Psalmista
1845 3876 1949 3930 ait:
1972 3895 1991 3928 ε
2013 3877 2211 3933 Ascen-

629 3960 711 4014 dit
762 3960 904 4014 Deus
950 3961 1003 4014 in
1045 3961 1384 4031 jubilatione,
1425 3971 1480 4018 et
1520 3964 1776 4021 Dominus
1806 3967 1860 4021 in
1897 3981 2029 4022 voce
2067 3967 2206 4022 tubae

632 4048 807 4120 (Psal.
839 4052 1009 4122 xm).
1031 4072 1050 4105 ι
1086 4052 1220 4108 llinc
1243 4070 1432 4109 verum
1462 4056 1593 4110 dicit
1619 4070 1632 4110 :
1669 4075 1687 4108 ι
1721 4057 2032 4112 Ascendens
2055 4057 2211 4114 Chri-

631 4150 749 4198 stus
778 4144 830 4198 in
871 4143 1058 4211 altum,
1115 4147 1388 4216 captivam
1433 4148 1587 4203 duxit
1625 4149 2016 4219 captivitatem,
2066 4150 2214 4205 dedit

631 4232 775 4288 dona
803 4233 1111 4290 hominibus
1137 4234 1352 4309 (ΕρΙιεε.
1377 4237 1476 4309 1v).
1515 4257 1532 4288 ι
1570 4237 1708 4293 llinc
1735 4238 1908 4294 Lucas
1940 4240 2052 4294 ait:
2089 4258 2108 4291 ι
2144 4239 2212 4294 Et

631 4322 892 4380 Dominus
909 4324 1066 4382 Jesus
1087 4336 1372 4399 postquam
1411 4330 1624 4385 locutus
1649 4338 1733 4384 est
1757 4331 1834 4386 eis
1874 4331 2119 4387 ascendit
2156 4333 2214 4386 in

633 4415 852 4484 caelum,
871 4427 927 4474 et
949 4419 1098 4476 sedet
1134 4436 1166 4475 a
1193 4422 1397 4478 dextris
1418 4423 1511 4478 Dei
1538 4422 1730 4487 (Marc.
1749 4424 1882 4496 xvi).
1907 4444 1924 4475 ι

2305 1982 2412 2029 tem
2440 1981 2716 2042 appetere,
2738 1978 2799 2026 ut
2817 1970 3060 2026 doctrina
3090 1969 3358 2039 spirituali
3386 1969 3671 2030 instructus,
3691 1959 3746 2017 ἐι
3762 1973 3798 2017 te

2303 2065 2565 2135 sagaciter
2587 2062 2654 2117 ad
2681 2062 2874 2118 altiora
2895 2062 3152 2116 virtutum
3175 2061 3491 2132 provehere,
3533 2068 3584 2113 et
3615 2058 3720 2111 alios
3751 2055 3798 2109 ad

2302 2154 2575 2211 tramitem
2603 2151 2941 2207 rectitudinis
2967 2165 3266 2222 provocare
3295 2151 3492 2204 valeas.
3523 2147 3656 2216 Quod
3673 2143 3797 2216 prole-

2303 2251 2391 2299 cto
2417 2243 2628 2312 plenius
2649 2250 2953 2311 penetrare,
2993 2247 3047 2295 et
3073 2240 3467 2309 quodammodo
3512 2245 3708 2293 montem
3745 2234 3793 2286 di-

2301 2334 2442 2388 vina:
2465 2333 2758 2401 Scriptura:
2780 2330 2980 2395 subire,
3009 2330 3111 2384 nisi
3136 2329 3323 2384 solerti
3353 2329 3524 2384 studio
3549 2337 3598 2382 et
3624 2325 3802 2396 puritate

2305 2422 2503 2487 cordis,
2535 2429 2588 2476 et
2610 2421 2868 2491 pudicitia
2915 2419 3158 2489 corporis
3205 2418 3526 2487 nequiveris.
3585 2414 3794 2482 Scriptura

2303 2515 2500 2568 etenim
2531 2527 2710 2578 sacra,
2752 2521 2812 2566 ut
2837 2525 2978 2580 smpc
3001 2506 3261 2581 praefatus
3289 2517 3540 2564 tractator
3571 2507 3654 2568 ait,
3688 2518 3800 2557 mons

2304 2605 2475 2662 estde
2502 2619 2607 2672 quo
2641 2605 2692 2656 in
2737 2602 2939 2656 nostris
2989 2600 3241 2656 cordibus
3291 2599 3535 2652 Dominus
3569 2595 3706 2650 venit.
3746 2591 3800 2644 De

2305 2711 2412 2767 quo
2433 2693 2690 2764 propheta
2719 2692 2850 2747 dicit
2880 2709 2892 2744 :
2922 2711 2940 2742 ι
2972 2691 3112 2746 Deus
3134 2705 3162 2742 a
3182 2689 3389 2743 Libano
3410 2690 3594 2751 veniet,
3634 2694 3678 2738 et
3708 2698 3796 2736 san-

2305 2793 2426 2841 ctus
2465 2785 2530 2839 de
2561 2790 2742 2837 monte
2785 2780 3041 2835 umbroso
3079 2785 3134 2832 ct
3181 2778 3470 2832 condenso.
3505 2796 3520 2828 ι
3571 2773 3659 2828 Iste
3690 2782 3800 2824 mons

2307 2873 2609 2930 condensus
2641 2879 2726 2925 est
2756 2884 2851 2939 per
2875 2868 3190 2931 sententias,
3215 2873 3274 2920 et
3302 2865 3575 2920 umbrosus
3607 2877 3686 2932 per
3711 2857 3799 2914 alle-

2306 2962 2510 3034 gorias.
2533 2961 2640 3016 Sed
2667 2959 2942 3015 sciendum
2972 2959 3098 3030 quia
3125 2974 3248 3014 cum
3285 2973 3390 3013 vox
3410 2958 3459 3010 in
3488 2963 3648 3009 monte
3671 2957 3798 3010 sonat,

2307 3052 2626 3107 vestimenta
2651 3049 2831 3105 lavare
2863 3049 3223 3120 praecipimur,
3260 3057 3318 3104 et
3351 3047 3418 3102 ab
3447 3044 3581 3100 omni
3613 3039 3798 3109 inquina-

2311 3144 2457 3200 tione
2479 3142 2658 3198 carnis
2678 3141 2962 3206 mundare,
2995 3142 3041 3196 si
3071 3141 3137 3194 ad
3166 3149 3406 3195 montem
3439 3137 3712 3193 festinemus
3730 3144 3803 3183 ac-

2308 3233 2517 3290 cedere.
2558 3230 2833 3300 Scriptum
2859 3229 3054 3300 quippe
3092 3237 3216 3283 est:
3255 3248 3275 3280 (
3321 3228 3453 3296 Quia
3487 3225 3528 3281 si
3555 3221 3696 3278 bestia
3713 3219 3799 3272 teti-

2305 3324 2445 3395 gerit
2469 3331 2734 3388 montem,
2753 3320 3076 3391 lapidabitur
3100 3318 3290 3390 (Hebr.
3317 3318 3434 3390 xn).
3467 3336 3485 3369 ι
3513 3314 3662 3370 Bestia
3682 3308 3802 3377 tangit

2307 3427 2567 3482 montem,
2597 3417 2813 3486 quando
2841 3415 2961 3485 quis
3013 3412 3242 3467 luxuria:
3293 3422 3384 3466 aut
3430 3401 3801 3465 irrationabilibus

2309 3510 2543 3564 motibus
2565 3508 2800 3571 deditus,
2833 3504 3126 3573 Scriptura:
3149 3517 3320 3558 sacra:
3343 3497 3621 3556 eelsitudini
3657 3503 3801 3588 appul-

2308 3603 2556 3674 pinquat,
2585 3608 2642 3654 et
2670 3613 2774 3653 non
2803 3611 2924 3652 eam
2957 3595 3253 3650 secundum
3285 3595 3428 3664 quod
3476 3591 3616 3646 debet
3659 3579 3802 3684 intelli-

2310 3697 2402 3766 git,
2439 3694 2533 3749 sed
2563 3689 3012 3746 irrationabiliter
3034 3688 3100 3742 ad
3125 3702 3235 3742 sua:
3261 3683 3542 3755 voluptatis
3575 3675 3803 3773 intelligen-

2309 3787 2439 3841 tiam
2462 3782 2649 3837 ﬂectit.
2688 3779 2795 3836 Sed
2821 3779 2922 3834 iste
2945 3777 3065 3832 talis
3107 3776 3374 3831 absurdus
3399 3772 3478 3828 vel
3508 3783 3647 3826 sensu
3679 3773 3802 3833 piger.

2311 3877 2357 3932 si
2385 3873 2533 3930 circa
2555 3874 2699 3927 hunc
2720 3877 2961 3924 montem
2981 3867 3129 3921 visus
3159 3865 3346 3931 fuerit,
3379 3856 3694 3918 atrocissimis
3723 3864 3804 3950 sen-

2312 3964 2518 4028 tentiis,
2555 3959 2724 4016 veluti
2774 3957 3040 4028 lapidibus
3087 3964 3335 4010 necatur.
3388 3953 3547 4007 Ardet
3587 3945 3703 4002 enim
3735 3945 3804 3992 ista

2311 4070 2486 4119 mons,
2515 4052 2640 4123 quia
2662 4067 2815 4106 sacra
2847 4039 3124 4119 Scriptura
3145 4061 3308 4116 quem
3330 4029 3804 4132 spiritualiter-rcpleli

2313 4145 2513 4201 amoris
2553 4143 2675 4214 igne
2706 4137 3002 4196 succendit.
3064 4135 3218 4192 Unde
3249 4151 3349 4205 per
3396 4133 3596 4204 Moysen
3629 4123 3802 4214 dicitur:

2318 4256 2336 4290 ς
2365 4238 2423 4292 1η
2446 4207 2665 4292 dextera
2687 4234 2802 4302 ejus
2821 4233 2974 4302 ignea
2989 4228 3076 4284 lex
3097 4227 3276 4298 (Deut.
3303 4225 3491 4296 xxxn).
3514 4243 3530 4274 ι
3547 4219 3658 4287 Quia
3678 4214 3718 4266 in
3732 4207 3803 4306 de:

2315 4337 2527 4384 ctorum
2554 4296 2967 4391 ntetttibuquui
2994 4321 3060 4375 ad
3093 4296 3372 4374 dexteram
3393 4313 3578 4386 judicis
3603 4296 3804 4362 statuendi

2315 4430 2459 4486 sunt,
2483 4418 2711 4490 ﬂagrant
2757 4422 3019 4487 praecepta
3063 4412 3263 4476 divina,
3294 4421 3348 4465 et
3378 4391 3804 4490 cliaritatisAardO!‘e

701 4506 821 4562 Jam
847 4509 993 4566 enim
1019 4511 1234 4567 tandem
1255 4486 1550 4581 aliquando
1575 4512 1686 4568 Deo
1723 4486 1934 4569 favente
1973 4513 2111 4570 liber
2146 4513 2210 4568 Ιί-
2240 4549 2292 4611 D
2315 4486 2578 4569 succensa
2609 4486 2770 4572 sunt,
2786 4506 2988 4611 idcirco
3011 4501 3308 4611 Augus‘tale
3349 4503 3532 4611 decus;
3563 4486 3804 4611 flfriffz:

631 4611 758 4654 nem
779 4599 1036 4669 postulat,
1065 4615 1225 4670 quem
1271 4577 1598 4662 calcetenus,
1629 4601 1746 4672 ipso
1794 4602 2217 4670 adminiculante

2192 4616 2217 4656 ε
2241 4577 2292 4611 υ
2317 4621 2436 4662 rum
2464 4603 2633 4674 gloria
2653 4598 2832 4673 gentis
2883 4593 3292 4652 rationabilibus
3338 4587 3589 4646 mentibus
3619 4588 3664 4636 et
3693 4577 3802 4674 ca?“-

633 4697 782 4744 recta
806 4699 867 4744 ut
894 4690 1165 4746 credimus
1208 4691 1476 4762 indagine,
1511 4707 1746 4762 veraque
1790 4692 1946 4764 juxta
1995 4709 2212 4750 sensum

635 4782 939 4848 doctorum,
991 4783 1272 4852 nostrique
1327 4783 1674 4856 fragilitatem
1725 4801 1913 4842 sensus
1963 4787 2216 4858 perduxi-

634 4889 779 4939 mus,
810 4882 866 4930 et
892 4874 1260 4945 imperialibus
1289 4877 1524 4932 decretis
1559 4886 1720 4948 atque
1747 4879 2150 4949 Augustalibus,
2182 4893 2216 4934 ο

635 4967 820 5023 Caesar
840 4967 1098 5038 Auguste,
1121 4983 1426 5038 quanquam
1455 4970 1646 5040 pavide
1675 4986 1866 5041 parere
1888 4972 2210 5026 studuimus.

639 5059 809 5124 Quem
844 5059 1070 5130 supplex
1107 5061 1455 5132 supplicando
1490 5062 1729 5132 supplico
1752 5063 2087 5118 excellentia:
2103 5063 2216 5118 cul-

639 5149 804 5207 minis
832 5152 1022 5219 vestri,
1050 5160 1109 5208 ut
1133 5153 1315 5208 subtili
1345 5154 1756 5226 investigatione
1798 5157 2030 5210 lustrare
2059 5154 2218 5211 nobi-

640 5241 766 5298 litas
793 5253 976 5300 vestra
1010 5261 1116 5302 non
1147 5245 1344 5316 pigeat,
1379 5255 1434 5299 et
1456 5261 1667 5299 summo
1693 5247 1870 5299 studio
1911 5255 2217 5301 sanctorum

643 5335 922 5392 doctorum
952 5337 1205 5408 opuscula
1233 5339 1436 5407 pariter
1459 5345 1636 5393 vestra
1678 5337 1894 5394 solertia
1943 5337 2220 5410 perlegere

593 5411 600 5418 ’
645 5427 878 5482 studeat.
913 5428 971 5484 Si
997 5429 1138 5484 enim
1163 5429 1494 5502 Theodosius
1539 5430 1832 5499 imperator
1886 5429 1940 5483 in
1991 5429 2219 5500 imperio

646 5525 808 5571 natus
835 5528 900 5572 ct'
921 5518 1176 5574 educatus
1204 5528 1365 5576 tantae
1386 5521 1714 5577 excellentia:
1737 5521 1964 5582 exstitit.
2009 5529 2068 5575 ut
2111 5521 2221 5576 sin-

649 5608 887 5679 gularem
943 5611 1108 5665 totius
1150 5611 1300 5665 orbis
1343 5613 1712 5666 monarcbiam
1763 5612 2054 5676 obtineret,
2100 5611 2217 5665 Pri-

649 5700 818 5758 sciani
849 5704 1182 5775 grammatici
1231 5702 1486 5760 Romanae
1533 5704 1852 5775 eloquentia:
1895 5702 2102 5759 decoris
2153 5701 2218 5756 li-

2317 4661 2513 4756 moniis
2537 4661 2780 4763 corporis
2807 4690 2962 4746 stude
3000 4695 3240 4743 montem
3275 4685 3435 4740 istum
3481 4677 3640 4736 subire
3670 4675 3711 4722 et
3737 4661 3805 4763 ier-

2317 4803 2448 4845 vore
2482 4760 2764 4842 cliaritatis
2792 4792 3085 4836 succensus
3105 4775 3334 4848 legendo
3354 4779 3631 4844 penetrare,
3665 4765 3710 4811 Ili
3741 4760 3806 4820 Pi“

2319 4882 2516 4940 merito
2554 4873 2941 4947 intelligentiae,
2973 4881 3028 4928 et
3046 4872 3273 4927 aliorum
3321 4883 3452 4939 quos
3485 4858 3716 4926 corrigere
3742 4857 3806 4895 τεο

2322 4985 2436 5034 Stra
2456 4986 2616 5042 sagax
2647 4966 2930 5039 prudentia
2959 4963 3247 5026 studuerit,
3275 4957 3508 5031 profecto
3529 4955 3704 5042 montes
3725 4947 3800 5042 3:?

2321 5026 2548 5130 matum:
2585 5026 2756 5116 idest
2782 5057 3127 5115 celsitudines
3179 5051 3480 5124 angelorum
3526 5038 3704 5096 tandem

2291 5160 2469 5216 'mino
2497 5125 2708 5211 favente
2735 5152 2908 5215 adire,
2955 5157 3119 5217 atque
3165 5158 3347 5200 eorum
3373 5131 3632 5202 .sull‘ragiis

2321 5267 2450 5308 num
2478 5249 2545 5304 ad
2575 5247 2851 5302 dexteram
2870 5239 3067 5310 iudicis
3094 5249 3218 5291 cum
3241 5232 3439 5290 sanctis
3482 5208 3808 5310 imperatori-lius

2319 5353 2377 5400 et
2417 5337 2727 5398 consulibus
2780 5330 3034 5390 collocari
3092 5326 3370 5389 merearis,
3410 5296 3807 5408 pariterque“?

2322 5435 2468 5490 mino
2499 5430 2726 5485 audire:
2755 5445 2774 5478 ε
2798 5425 2965 5494 Euge,
3015 5435 3169 5476 serve
3206 5420 3367 5482 bone,
3403 5409 3582 5470 ﬁdelis,
3617 5401 3716 5498 qui“

2322 5541 2420 5598 per
2445 5537 2610 5593 pauca
2641 5518 2787 5574 fuisti
2834 5492 3026 5579 ﬁdelis,
3067 5526 3226 5582 supra
3258 5507 3416 5562 multa
3453 5509 3500 5556 te
3538 5492 3808 5598 constituit,

2505 5617 2555 5672 in
2586 5613 2837 5684 gaudium
2864 5604 3073 5663 Domini
3104 5579 3179 5660 tui
3223 5599 3430 5674 (Matth.
3457 5589 3590 5660 xxv).
3620 5604 3636 5637 ι
3669 5579 3808 5634 Am?"-
