4078 6340
391 369 3625 434 82W

1631 520 1796 564 ANNO
1838 521 2067 566 DOMINI
2109 523 2360 574 DCCCLV.

692 887 699 894 .
901 683 1522 910 LEO
1718 691 2482 914 PAPA

2587 533 2590 537 1
2708 701 3106 920 IV.

1452 1155 1898 1234 ΝΟΤΙΤΙᾹ.
1959 1157 2538 1239 H'ISTOBICA.

1045 1329 1209 1394 (Apud
1233 1330 1402 1396 Mansi,
1428 1332 1719 1397 amplissima
1737 1329 2056 1384 Conciliorum
2080 1334 2326 1398 Collectio,
2350 1345 2462 1391 tom.
2488 1336 2622 1403 Xlll,
2644 1352 2754 1404 pag.
2781 1341 2916 1404 855.)

1804 1467 2200 1484 -αα

368 1565 559 1626 Leonis
581 1573 810 1622 uirtutes.
853 1561 920 1620 In
967 1566 1285 1650 monasterio
1318 1567 1458 1623 vivit.
1490 1567 1540 1622 Ε
1571 1571 1888 1626 monasterio
1914 1588 1947 1625 a
1973 1574 2022 1634 Α
2049 1575 2246 1650 prgesul
2288 1575 2528 1650 effectus,
2559 1578 2723 1650 hunc,
2757 1580 2822 1634 de
2850 1594 2956 1648 quo
2981 1579 3229 1650 superius
3255 1580 3507 1637 nonnulla
3539 1597 3626 1638 re-

938 1652 1074 1706 papa
1113 1647 1373 1690 evocatur.

440 1727 554 1799 Leo
567 1724 1028 1799 _lVr(ar),_natione_
1057 1725 1355 1790 Romanus,
1382 1742 1453 1784 ex
1477 1736 1631 1799 patre
1675 1729 1952 1786 Radoaldo

363 1797 540 1869 [Plan
567 1795 892 1869 Radulpbo),
919 1795 1062 1869 sedit
1084 1811 1253 1869 annos
1273 1805 1417 1861 octo,
1439 1795 1660 1853 nienses
1679 1808 1808 1861 tres,
1833 1803 1950 1856 dies

363 1864 625 1938 quinque.
675 1864 772 1938 ilic
798 1864 933 1938 adeo
961 1865 1254 1938 catholicus
1293 1877 1455 1938 atque
1497 1869 1823 1938 apostolicus
1863 1871 1950 1924 vir

364 1933 861 2006 tiiultaepatientize
909 1933 1196 2006 malaeque
1239 1933 1554 2006 humilitatis
1581 1939 1806 2005 exstitit,
1834 1940 1945 1994 lar-

362 2021 505 2076 gus,
527 2004 962 2076 piuslinnocens,
994 2004 1106 2058 sive
1134 2004 1416 2075 benignus,
1457 2017 1670 2062 amator
1701 2004 1944 2076 iustitiae,

363 2073 425 2129 et
460 2073 634 2148 plebis
659 2073 1083 2148 ferventissimus
1101 2073 1457 2148 gubernator,
1483 2073 1785 2132 divinarum
1809 2073 1945 2148 quo?-

361 2143 473 2213 que
519 2143 921 2218 scripturarum
968 2143 1280 2218 indeficiens
1321 2155 1715 2218 perscrutator,
1748 2143 1944 2218 vigiliis

362 2225 425 2286 et
459 2214 792 2286 orationibus
827 2213 1336 2286 semper__i_ntentus.:
1367 2215 1424 2269 ln
1456 2216 1608 2286 cujus
1637 2213 1948 2273 etiam'hca-

363 2285 580 2358 rissimo
604 2291 842 2358 pectore,
859 2283 1010 2358 juxta
1045 2283 1174 2338 illud
1197 2285 1338 2358 quod
1369 2286 1423 2339 in
1447 2283 1637 2358 sancto
1656 2287 1948 2358 Evangelio

363 2296 580 2338 IISSImO
675 2296 1010 2354 ctore,1uxta
1045 2296 1174 2338 mnu
1197 2296 1338 2353 quon
1369 2296 1423 2339 in
1447 2297 1637 2340 saneto
1656 2296 1947 2358 evangelio

362 2353 564 2427 legitur
594 2296 805 2427 ῶαιςιι.
831 2355 910 2427 ις),
934 2354 1280 2427 et_serpent_is
1305 2355 1526 2427 astutia,
1547 2365 1602 2410 et
1627 2357 1947 2427 simplicitas

362 2422 636 2478 inhabitat
668 2422 948 2478 columbae.
986 2422 1118 2476 Erat
1155 2425 1298 2479 enim
1325 2425 1490 2480 totius
1530 2422 1830 2482 sanctitatis
1855 2429 1946 2483 de-

364 2508 500 2548 core
543 2493 797 2562 repletus,
824 2500 1032 2562 amator
1072 2492 1442 2562 religiosorum
1485 2495 1780 2562 hominum,
1805 2498 1944 2552 Deo-

358 2577 473 2631 qne
512 2564 565 2616 in
593 2560 844 2618 omnibus
868 2560 1082 2616 assidue
1116 2560 1512 2636 faruulantium,
1547 2560 1781 2620 nutritor
1816 2582 1945 2636 pau-

361 2642 663 2704 perumLet
685 2641 1031 2704 contemptor
1049 2632 1149 2686 sui.
1183 2631 1278 2687 Hic
1309 2633 1549 2704 primum?
1571 2649 1599 2686 a
1633 2631 1946 2704 parentibus

362 2703 438 2758 ob
472 2701 644 2756 studia
692 2700 992 2756 litterarum
1021 2702 1074 2755 in
1103 2702 1490 2756 monasterium
1539 2700 1679 2756 bea—ti
1728 2703 1944 2760 Martini

362 2770 697 2841 confessoris
733 2770 958 2835 Christi,
989 2771 1129 2840 quod
1157 2770 1288 2826 foris
1315 2787 1498 2841 muros
1526 2771 1684 2841 hujus
1712 2774 1945 2830 civitatis

359 2840 622 2896 Romanae
656 2839 811 2907 juxta
843 2839 1130 2896 ecclesiam
1167 2840 1482 2897 beati-Petri
1511 2839 1735 2910 apostoli
1779 2844 1940 2898 situm

2055 1645 2294 1722 tulimus,
2327 1647 2562 1702 Leonem
2603 1645 3240 1722 videlicet—beatissimum
3272 1667 3463 1722 papam
3496 1667 3622 1722 pre-

2051 1714 2324 1792 sbyterum
2355 1719 2712 1792 consecravit,
2737 1720 2896 1792 eique
2920 1720 3130 1775 titulum
3152 1714 3461 1777 sanctorum
3485 1714 3622 1792 qua-

2051 1785 2176 1859 tuor
2203 1785 2594 1859 Coronatorum
2624 1785 2849 1859 largitus
2877 1798 2978 1844 est.
3469 1836 3476 1846 .

2119 1855 2311 1931 ln_quo
2349 1858 2474 1912 dum
2521 1858 2678 1931 bonis
2711 1855 2940 1931 polleret
2974 1860 3234 1925 moribus,
3270 1861 3450 1931 ibique
3481 1861 3622 1915 indi-

2049 1927 2297 1996 gentibus
2323 1929 2629 2002 necessaria
2667 1927 3028 2002 ministraret,
3052 1927 3455 2002 peregrinos—ac
3485 1945 3620 2002 pau-

2049 2010 2237 2064 peres,
2281 1998 2563 2066 minusque
2610 1999 2870 2052 habentes
2909 2015 3016 2054 non
3052 1998 3236 2054 solum
3283 1998 3622 2062 verbofimo

2048 2066 2210 2119 etiam
2251 2068 2624 2138 corporalibus
2670 2067 2935 2123 alimoniis
2969 2069 3254 2136 refoveret,
3286 2069 3332 2124 is
3375 2070 3466 2138 qui
3497 2078 3623 2123 tunc

2049 2145 2278 2208 praeerat
2319 2136 2540 2208 Sergius
2581 2138 2836 2208 Romana:
2863 2139 3005 2208 sedis
3027 2141 3252 2194 antistes
3277 2153 3342 2192 ex
3369 2136 3623 2208 praesenti

2047 2205 2157 2278 vita
2188 2205 2508 2278 subtractus
2534 2217 2637 2273 est,
2676 2207 2775 2263 sub
2801 2207 2954 2276 cujus
2977 2211 3140 2265 etiam
3175 2205 3414 2278 tempore
3444 2207 3619 2278 eccle-

2049 2275 2163 2348 siae
2185 2276 2615 2348 beatissimorum
2641 2279 2940 2348 principum
2971 2280 3116 2335 Petri
3143 2287 3198 2336 et
3228 2275 3379 2334 Pauli
3403 2293 3434 2332 a
3455 2275 3620 2332 Sara-

2046 2345 2458 2419 ceuisfuuditus
2481 2345 2796 2419 depraidata:
2816 2345 2969 2419 sunt,

2119 2413 2253 2482 Quia
2297 2417 2460 2488 igitur
2491 2413 2798 2474 calamitate
2831 2413 3188 2474 sive'miseria
3214 2418 3389 2488 omnis
3417 2417 3618 2488 Roma-

2046 2499 2238 2556 norum
2268 2487 2682 2556 vigorelanguit
2707 2495 2871 2556 atque
2909 2489 3170 2545 contritus
3207 2497 3312 2553 est,
3339 2487 3441 2542 hoc
3479 2487 3621 2542 facto

2045 2555 2297 2610 universa
2332 2555 2522 2612 concio
2549 2555 2912 2612 Romanorum
2936 2573 3002 2612 ex
3031 2559 3238 2613 duobus
3271 2557 3506 2621 casibus,
3537 2557 3621 2610 Vel

2045 2625 2316 2696 periculis,
2344 2626 2592 2680 videlicet
2621 2627 2686 2696 de
2717 2628 2993 2694 repentina
3034 2639 3206 2683 morte
3247 2626 3620 2696 pontificis,~-et

2047 2693 2435 2759 devastatione,
2478 2711 2598 2764 quae
2645 2693 2789 2764 facta
2825 2695 3001 2752 fuerat
3029 2693 3350 2754 inccclesiis
3394 2697 3615 2760 sanctis,

2046 2771 2468 2834 cunctorumque
2491 2763 2685 2820 finibus
2709 2763 3094 2831 Romanorum,
3121 2766 3387 2820 fatebatur
3413 2781 3472 2819 se
3503 2765 3621 2818 nul-

2045 2830 2258 2888 latenus
2304 2830 2531 2889 evadere
2579 2835 2768 2888 mortis
2813 2830 3108 2902 periculum
3154 2851 3328 2903 posse.
3377 2835 3619 2903 Cumque

358 2903 779 2982 cst,,quonsq_ue
801 2911 1216 2982 sacraslitteras
1248 2911 1453 2980 plenius
1483 2903 1732 2977 disceret,
1756 2923 1941 2982 sponte

2049 2903 2190 2982 pari_
2213 2904 2528 2982 devotione,
2554 2906 2932 2982 cummunique
2969 2906 3190 2959 consilio
3235 2905 3470 2982 uriivcrsi
3513 2903 3620 2982 Ro-

358 2981 650 3041 concessit.
677 2979 776 3043 Ubi
800 2996 906 3034 non
926 2979 1097 3034 solum
1123 2979 1329 3034 litteras
1351 2981 1757 3046 didicityverum
1783 2979 1945 3038 etiam

357 3051 420 3124 in
473 3050 652 3105 studio
697 3060 895 3105 sancta:
943 3051 1387 3124 conrersatiunis,
1428 3067 1536 3106 non
1587 3053 1737 3124 quasi
1785 3068 1946 3124 puer,

359 3120 506 3175 sicut
535 3129 663 3174 tunc
695 3129 835 3185 erat,
861 3122 953 3174 sed
994 3119 1138 3174 velut
1164 3119 1436 3189 perfectus
1474 3119 1770 3180 monachus
1785 3119 1946 3176 man-

358 3190 456 3253 sit.
485 3189 648 3258 Cujus
674 3190 838 3260 etiam
867 3190 968 3258 piae
995 3190 1422 3260 conversationis
1449 3191 1697 3260 exemplo
1725 3190 1815 3244 alii
1845 3193 1946 3247 sub

355 3260 554 3314 eodem
582 3258 908 3314 monachico
932 3260 1187 3327 degentes
1211 3259 1320 3312 ritu
1343 3258 1695 3328 omnipotenti
1720 3261 1944 3316 Domino

357 3329 484 3399 plus
507 3329 700 3399 devote
727 3329 1053 3384 serviebant.
1089 3328 1320 3399 Eratque
1356 3345 1477 3383 cum
1507 3329 1610 3383 illis
1628 3331 1780 3398 quasi
1805 3345 1946 3388 unus

359 3397 616 3470 exiliis.
655 3398 725 3464 Et
772 3397 1250 3470 quonianrcivitas
1278 3413 1441 3470 supra
1489 3397 1944 3470 montemposita

357 3469 622 3523 abscondi
657 3484 768 3551 nou
793 3466 1212 3551 potesttdlouh.
1243 3466 1422 3551 v),_sic
1459 3484 1632 3551 neque
1661 3466 1834 3551 hujus
1848 3485 1943 3551 ru-

359 3553 485 3608 ριον
515 3535 846 3593 sanctissimi
892 3535 1013 3591 viri'
1036 3535 1125 3608 diu
1174 3535 1425 3608 occultus
1459 3535 1704 3593 existere
1732 3535 1940 3608 'potuit.

357 3606 529 3662 Fama
576 3607 738 3672 illius,
771 3609 884 3662 sive
911 3607 1218 3662 sanctitatis
1251 3607 1474 3676 opinio,
1501 3609 1609 3668 huc
1650 3606 1778 3663 illuc
1825 3609 1945 3664 luce

358 3676 562 3748 clarius
591 3677 860 3748 divulgata
887 3683 1182 3748 est,.a_tque
1211 3678 1498 3732 multorum
1531 3678 1792 3732 relatione
1820 3678 1946 3734 fide-

359 3747 493 3800 lium
517 3749 583 3802 ad
609 3745 770 3801 aures
799 3745 1420 3817 pontificalisqnondam
1444 3748 1743 3802 beatissimi
1767 3747 1946 3803 Patris

358 3825 418 3870 et
447 3832 597 3885 papa:
640 3815 882 3888 Gregorii
925 3831 1059 3888 mox
1097 3815 1294 3888 festino
1349 3815 1520 3872 relatu
1561 3818 1818 3880 occurrit,
1857 3819 1942 3872 cui

358 3901 484 3940 cum
518 3895 678 3940 tantm
713 3885 902 3941 fuisset
927 3885 1191 3940 castitatis
1220 3886 1497 3955 dignaeque
1518 3888 1944 3943 conversationis

357 3955 729 4026 magisterium
772 3955 1275 4026 enarratum,illico
1320 3971 1440 4026 eum
1479 3973 1546 4010 ex
1587 3958 1941 4023 monasterio,

357 4024 474 4093 quo
494 4025 582 4092 pie
614 4026 860 4095 degebat,
887 4026 1036 4080 exire
1055 4025 1273 4093 juhens,
1309 4024 1376 4078 ad
1405 4035 1604 4080 sancta:
1626 4027 1814 4080 matris
1841 4026 1944 4081 Ec-

355 4095 539 4168 clesia}
564 4096 822 4168 gremium
857 4095 1126 4168 perduxit,
1157 4105 1317 4168 atque
1337 4102 1416 4168 _ut
1449 4111 1547 4149 suo
1575 4109 1788 4168 semper
1822 4110 1940 4168 ser-

355 4165 493 4219 vitio
513 4161 1311 4234 familiariterpermaneret,in
1337 4161 1942 4234 Lateranensi’patriar-

356 4234 484 4294 chio
509 4249 627 4290 esse
653 4237 924 4304 praecepit.

609 4349 696 4405 Fit
735 4351 1084 4406 subdiaconus
1119 4358 1167 4403 et
1203 4355 1380 4418 postea
1411 4349 1694 4419 presbyter.

430 4441 829 4496 Subdiaconum
879 4455 1092 4510 quoque
1125 4455 1248 4496 eum
1293 4440 1363 4494 ob
1411 4454 1522 4510 sate
1567 4438 1766 4493 famam
1815 4439 1937 4494 vitae

355 4511 640 4565 laudabilis
669 4510 814 4566 fecit.
853 4509 954 4577 Qui
987 4519 1164 4570 tamen
1211 4509 1459 4578 quamvis
1494 4509 1668 4563 locum
1701 4519 1934 4578 putaret,

355 4581 440 4634 vel
471 4580 735 4644 ordinem,
770 4589 946 4634 tamen
971 4581 1138 4634 vitam
1183 4594 1466 4648 moresque
1501 4594 1628 4634 suos
1652 4579 1936 4648 plusquam

355 4651 509 4719 prius
539 4650 816 4711 insummi
855 4647 1128 4705 Creatoris
1155 4649 1323 4704 nostri
1357 4647 1579 4719 servitio
1616 4647 1938 4719 regulariter

355 4716 973 4788 constrinxit,bonisque
995 4719 1368 4788 multiplicavit
1386 4718 1657 4788 operibus.
1674 4716 1936 4773 Defuncto

354 4797 540 4859 autem
565 4787 726 4856 hujus
748 4787 1128 4859 sacratissime
1153 4787 1302 4844 sedis
1331 4787 1466 4859 papa
1495 4787 1780 4859 Gregorio,
1807 4795 1936 4859 tunc

357 4857 612 4928 Sergius,
652 4858 1088 4930 archipresbyter
1120 4867 1320 4914 sanctae
1365 4857 1626 4916 llomanai
1657 4857 1932 4922 Ecclesiae,

429 4993 508 5063 (a)
533 4991 651 5063 Leo.
687 4992 865 5063 Pridie
889 4992 1012 5048 ldus
1039 4992 1262 5063 Aprilis,
1305 5007 1448 5049 anno
1476 4991 1688 5048 Domini
1710 4977 1957 5063 78477,:jn.

355 5059 541 5134 locum,
558 5061 730 5134 Sergii
757 5059 1102 5134 "successit
1125 5061 1235 5119 Leo
1240 5077 1414 5134 papa,
1443 5062 1820 5134 ejusnominis
1842 5059 1930 5134 μ’,

354 5142 410 5186 et
453 5131 683 5203 quidem‘
717 5133 902 5203 eodem
947 5133 1033 5187 die
1078 5147 1186 5202 quo
1232 5131 1934 5203 Sergius’obierattrlnitio

357 5201 702 5273 pontificatus
725 5202 793 5273 ab
814 5203 946 5257 urbe
967 5201 1280 5272 pestiferum
1302 5201 1610 5273 serpentem
1622 5201 1932 5273 basiliscum

357 5271 682 5354 iniraculose
719 5272 950 5354 fugavit,-
970 5271 1421 5354 immensumque
1447 5272 1598 5354 urbis
1623 5271 1930 5349 incendium

357 5342 702 5412 signocrucis
721 5342 953 5412 mirabili
975 5342 1134 5396 modo
1156 5342 1434 5408 exstinxit,
1458 5350 1738 5412 postquam
1761 5342 1932 5395 sacris

357 5359 702 5464 SISOOCPIICIS
726 5359 953 5396 mtramu
975 5359 1134 5396 πηοαο
1156 5359 1434 5408 exstinxit,
1458 5359 1738 5412 pOStquam
1761 5359 1932 5395 sacris

357 5426 402 5484 re
443 5412 567 5484 ibus
589 5426 684 5482 per
705 5410 1004 5467 Saracenos
1022 5413 1167 5467 omni
1190 5421 1385 5484 ornatu
1411 5421 1573 5484 atque
1592 5412 1786 5484 decore
1814 5423 1938 5478 spo-

358 5480 525 5547 liatis,
556 5480 856 5550 iterumque
891 5483 1274 5547 restaurandis,
1320 5480 1664 5538 exstruendis
1689 5488 1746 5536 et
1777 5493 1936 5534 exor-

360 5551 553 5624 uandis
581 5550 780 5606 multos
808 5562 1053 5624 sumptus
1079 5551 1463 5624 impendisset.
1489 5553 1668 5624 Agens
1712 5552 1765 5605 in
1795 5565 1930 5619 pon-

353 5619 577 5686 1ificatu,
608 5635 806 5675 annum
856 5619 1170 5688 secundum,
1200 5622 1293 5676 Dei
1325 5619 1766 5678 monitu'novam
1797 5635 1928 5674 con-

309 5740 327 5752 ,
358 5699 574 5745 struens
601 5690 891 5755 civitatem,
939 5692 1205 5748 mrenibus
1236 5692 1376 5748 illius
1407 5692 1617 5748 inclusit
1651 5691 1927 5748 basilicam

2047 2973 2193 3026 mani
2221 2988 2474 3041 proceres
2499 2976 2564 3028 de
2592 2972 2772 3028 futuro
2797 2975 3386 3043 cogitarent-pontifice,
3415 2983 3472 3027 ut
3498 2974 3620 3041 quis

2045 3051 2188 3096 esset
2221 3045 2310 3111 qui
2337 3053 2445 3098 tam
2475 3053 2718 3098 sanctum
2744 3055 2796 3098 et
2839 3044 3198 3099 inviolabilem
3230 3045 3406 3098 locum
3440 3043 3615 3098 omni-

2044 3113 2282 3196 potentis
2317 3112 2410 3196 Dei
2443 3115 2867 3196 tirunreregere,
2897 3113 2978 3168 vel
3005 3115 3306 3196 gubernare
3323 3115 3615 3196 potuisset,

2044 3182 2328 3237 confestim
2357 3181 2496 3236 fama
2523 3181 2815 3252 beatissimi
2838 3181 3080 3252 praesulis
3102 3183 3260 3238 simul
3287 3181 3617 3252 ct_|reritum

2043 3252 2114 3325 ab
2138 3253 2390 3325 omnibus
2417 3251 2682 3325 patefacta
2711 3264 2814 3318 est,
2841 3250 3118 3325 totamque
3147 3270 3257 3325 per
3282 3250 3468 3325 urbem
3511 3251 3616 3325 dif-

2042 3318 2162 3375 fusa
2189 3339 2204 3376 :
2230 3318 2459 3394 perdam
2485 3323 2628 3394 enim
2654 3323 2699 3376 is
2724 3325 2813 3392 qui
2848 3318 3058 3378 obieral
3083 3318 3324 3394 pontifex
3349 3323 3416 3378 ad
3437 3321 3615 3392 sepul-

2045 3397 2219 3446 turam
2242 3391 2472 3446 debitam
2498 3391 2672 3448 fuerat
2696 3391 3025 3462 deportatus.

2155 3500 2422 3559 Consensu
2457 3505 2691 3558 unanTmi
2724 3504 2953 3559 omnium
2980 3503 3189 3574 eligitur
3215 3505 3268 3558 in
3297 3520 3504 3573 papam.

2114 3615 2180 3670 Et
2209 3631 2337 3672 ecce
2370 3630 2557 3686 omnes
2585 3632 2614 3669 a
2646 3617 2938 3671 novissimo
2965 3631 3134 3686 usque
3163 3616 3228 3670 ad
3251 3615 3615 3686 primnmnna
3707 3679 3712 3686 _

2043 3701 2196 3750 voce,
2220 3703 2324 3740 una
2369 3685 2637 3755 simulque
2671 3688 2954 3741 concordia
2992 3683 3224 3755 Leonem
3254 3683 3614 3755 venerabilem

2040 3756 2412 3826 presbyterum
2441 3753 2817 3809 sibi‘futurum
2853 3757 3161 3826 pontificem
3188 3753 3518 3826 ﬂagitabant.
3551 3753 3620 3806 Et

2041 3827 2185 3894 quod
2207 3825 2419 3880 nullum
2467 3841 2628 3894 super
2665 3841 2722 3880 se
2758 3825 2920 3880 alium
2952 3827 3150 3881 habere
3179 3825 3376 3878 vellent
3413 3838 3618 3894 praesu-

2042 3893 2171 3958 lem,
2217 3896 2318 3948 nisi
2357 3893 2614 3958 hunc,’dc
2664 3911 2770 3965 quo
2811 3897 3002 3951 crebro
3043 3897 3245 3949 dictum
3271 3902 3402 3965 rest,
3434 3893 3618 3965 multis

2042 3965 2504 4034 conjurationibus
2531 3979 2594 4018 ac
2617 3963 2838 4020 vocibus
2883 3965 3207 4021 fatebantur.
3255 3963 3492 4030 Quorum
3535 3963 3617 4016 in-

2042 4043 2360 4089 cunctanter
2402 4035 2640 4088 omnium
2673 4035 2942 4090 credimus
2988 4035 3148 4090 corda
3179 4035 3244 4090 ad
3283 4036 3424 4088 hunc
3449 4046 3615 4101 expe-

2045 4104 2260 4158 tendum
2295 4119 2400 4158 non
2429 4103 2594 4163 aliud.
2626 4104 2729 4158 nisi
2771 4120 2921 4159 amor
2943 4105 3175 4169 divinus,
3206 4114 3262 4158 et
3283 4103 3476 4160 divina:
3503 4103 3616 4156 vir-

2043 4174 2172 4228 tutis
2204 4172 2552 4229 inflammavit
2573 4182 2628 4230 et
2655 4175 2826 4229 univit
2853 4174 3154 4229 clementia.

1965 4266 2011 4328 C
2043 4281 2259 4351 Cogitur
2285 4283 2355 4337 ad
2395 4293 2666 4354 papatum.
2711 4283 2829 4338 Mos
2865 4283 3112 4354 antiquas
3138 4281 3411 4354 osculandi
3434 4280 3622 4354 pedem

2109 4354 2360 4422 pontiﬁci.
2397 4351 2619 4408 Romani
2649 4371 2752 4408 non
2777 4351 3128 4409 audent‘sine
3169 4351 3420 4422 facultate
3453 4353 3616 4420 impe-

2107 4425 2298 4476 ratoris
2328 4422 2515 4494 eligere
2540 4440 2752 4495 papam.

2111 4511 2264 4566 Tune
2297 4528 2506 4585 omnes,
2537 4522 2596 4568 ut
2624 4513 2868 4585 superius
2909 4513 3220 4585 adnotatum
3255 4520 3361 4585 est,
3390 4525 3616 4585 pergen-

2039 4591 2122 4653 tes
2161 4597 2284 4636 cum
2317 4583 2514 4653 gaudio
2560 4581 2848 4653 multaeque
2883 4583 3154 4637 aviditatis
3203 4581 3613 4653 laetitiaiad’ec-

2038 4651 2284 4716 clesiam,
2311 4651 2364 4705 in
2393 4668 2498 4722 qua
2528 4651 2776 4722 degebat,
2814 4655 3092 4707 beatorum
3124 4662 3354 4720 quatuor
3382 4652 3617 4722 Corona-

2039 4730 2241 4792 torum,
2271 4736 2394 4776 eum
2416 4721 2667 4792 coactum
2698 4724 3034 4792 invitumque
3071 4723 3264 4776 exinde
3293 4721 3612 4792 abstrahen-

2037 4791 2118 4846 t'es
2157 4806 2278 4848 cum
2307 4793 2520 4862 hymnis
2549 4791 2900 4863 laudibusque
2941 4789 3226 4863 praecipuis
3261 4799 3315 4863 et
3343 4791 3409 4843 ad
3451 4789 3613 4841 Late-

2035 4877 2266 4922 ranense
2307 4860 2701 4930 patriarchium
2740 4860 3156 4932 perduxerunt:
3199 4860 3369 4930 cujus,
3407 4871 3612 4911 morem

2038 4995 2210 5049 sancti
2235 4995 2398 5060 Petri,
2415 5011 2484 5051 ne
2506 4997 2604 5061 sic,
2629 5004 2689 5052 ut
2708 5006 2866 5052 antea
2889 4996 3091 5062 fuerat,
3107 4994 3498 5062 Saracenorum
3524 4993 3610 5047 in-

2039 5065 2286 5136 cursibus
2306 5065 2507 5136 jugiter
2536 5075 2762 5136 pateret.
2787 5061 3088 5122 Perfectam
3120 5073 3177 5119 et
3196 5061 3495 5117 absolutam
3523 5079 3612 5136 ur-

2039 5135 2161 5191 bem
2191 5133 2417 5190 solemni
2450 5133 2553 5190 ritu
2579 5137 2936 5202 consecravit,
2964 5147 3192 5203 eamque
3219 5148 3248 5186 a
3278 5146 3378 5190 suo
3397 5133 3612 5189 nomine

2039 5203 2330 5277 chninam
2362 5206 2615 5277 appellari
2639 5207 2901 5277 permisit.
2940 5274 2983 5277 __
3072 5275 3083 5277 _
3146 5205 3152 5213 ’

2107 5272 2332 5330 Carolus
2366 5272 2621 5332 Ludovici
2639 5272 2794 5331 'fllius
2825 5289 2891 5330 ex
2938 5274 3426 5330 Northmannorum
3473 5287 3610 5328 nova

2038 5343 2346 5414 incursione
2389 5347 2578 5401 timore
2606 5361 2922 5411 concussus,
2971 5345 3126 5414 inops
3153 5341 3364 5414 consilii
3394 5343 3612 5414 eosdem

2044 5413 2099 5468 in
2136 5415 2282 5486 regni
2329 5425 2607 5472 consortes
2654 5417 2913 5480 assumit,
2954 5415 3018 5485 (‘)
3049 5411 3079 5468 a
3120 5413 3267 5484 regni
3309 5419 3460 5482 parte
3491 5411 3615 5486 _illis

2041 5481 2318 5556 concessa,
2346 5503 2465 5556 quae
2494 5486 2562 5540 ab
2610 5501 2798 5540 eorum
2826 5481 3061 5556 nomine
3099 5481 3324 5556 sumpto
3357 5481 3614 5538 vocabulo

2041 5552 2604 5628 Normandia’dicitur.
2637 5554 2887 5628 (Annales
2916 5553 3152 5626 Piihoei.)

2071 5651 2287 5667 m

3047 5655 3245 5669 *-

3409 5654 3592 5669 ﬂ

2098 5697 2170 5756 (¥)
2196 5697 2311 5747 Haec
2333 5696 2591 5757 lalsissima,
2632 5701 2682 5746 ut
2717 5696 2836 5746 alias
2852 5696 3122 5747 docebitur.
