4078 6340
279 370 393 426 637

1565 358 1842 416 NOTlTlA
1877 355 2265 414 HlS'l‘ORlCA.
2318 346 2320 350 ’

3451 355 3556 413 658

280 479 605 543 monachos,
633 476 726 546 qni
755 476 866 547 Dco
903 472 1277 547 omnipotenti,
1311 473 1602 542 eidemque
1639 471 1867 543 martyri
1895 473 1944 533 Α
1973 468 2104 547 foris
2123 478 2334 540 portam
2364 471 2503 547 beati
2529 471 2800 529 Pancratii
2831 475 3086 547 martyris
3109 482 3312 531 vestem
3340 475 3408 532 de
3426 474 3551 531 fun-

281 551 376 629 die
399 558 666 629 noctuque
694 546 878 629 laudes
906 546 1292 629 persolverent:

361 619 482 690 Ipse
509 609 731 690 quidam
756 631 787 690 a_
945 621 1222 690 protectus
1240 621 1296 666 et
1321 611 1650 690 venerabilis
1672 609 1869 690 praesul

281 680 436 744 intra
472 680 745 741 basilicam
775 685 916 738 beati
945 680 1090 738 Petri
1133 682 1358 752 apostoli
1401 682 1679 752 oraculum
1717 680 1870 752 mirae

277 754 1022 828 pulehritudinissmnmique
1034 749 1243 828 decoris
1256 751 1574 828 censimxit,
1591 751 1733 828 quod
1752 749 1869 828 pul-

283 821 442 882 chris
464 825 827 882 marmoribus
851 821 1488 891 circumdanssplendide
1512 821 1870 891 compsit,ab-

281 897 713 967 sidamqueejus
741 909 811 967 ex_
828 893 1053 967 musivo,
1077 889 1647 967 aureo'superindiieto’
1664 889 1864 955 colore,

325 959 536 1021 ioriliée
564 959 858 1020 decoravit.
897 963 954 1015 ln
984 976 1090 1030 quo
1112 961 1276 1014 etiam
1321 959 1630 1030 venerabile
1671 973 1868 1030 corpus

326 983 536 1021 tormce
564 983 858 1020 uecoravu.
897 983 954 1015 In
984 983 1090 1030 quo
1112 983 1276 1014 etlam
1324 983 1630 1015 velle-rarum:
1671 983 1863 1028 corpus

281 983 436 1090 gesti
475 1035 674 1090 Leonis
706 1033 1032 1089 confessoris
1058 1039 1221 1100 atque
1241 1028 1512 1100 pontificis
1534 1029 1863 1100 recondens,

281 1121 510 1160 sacrum
536 1104 769 1174 desuper
796 1100 1104 1174 construxit
1141 1099 1309 1174 altare
1324 1141 1349 1174 ,Δ
1369 1109 1424 1154 et
1451 1099 1716 1174 ciboi-ium
1743 1113 1867 1174 cum

281 1190 456 1229 cruce
489 1167 741 1227 exaurata
759 1212 774 1235 ,
802 1173 870 1226 ad
899 1171 1107 1224 laudem
1137 1178 1192 1224 et
1219 1169 1442 1238 gloriam
1465 1167 1666 1224 Christi
1701 1168 1870 1238 nomi-

282 1245 379 1298 nis
407 1284 422 1308 ,
469 1244 571 1298 hoc
609 1242 777 1298 fretus
814 1255 995 1294 amore
1022 1237 1288 1309 perfecit,
1323 1247 1382 1292 ut
1423 1238 1530 1293 sibi
1557 1239 1776 1307 dignum
1810 1237 1867 1292 in

281 1313 494 1370 aethere
527 1313 870 1383 conquireret
895 1310 1094 1364 locum.

753 1461 904 1518 Dona
948 1460 1177 1516 ecclesiis
1205 1463 1398 1517 oblata.

357 1593 600 1664 Patratis
626 1592 1085 1664 itaqueiomnibus
1113 1599 1273 1664 atque
1303 1592 1557 1663 perfectis
1587 1593 1866 1664 operibus,

279 1679 522 1734 quorum
557 1662 670 1732 jam
703 1662 997 1735 sigillatim‘
1020 1663 1265 1735 superius
1301 1662 1518 1717 nomina
1558 1662 1759 1735 scripta
1783 1665 1865 1719 vel

281 1731 593 1789 memorata
611 1731 1056 1796 sunt,confestim
1077 1732 1247 1786 isdem
1270 1741 1454 1854 pastor
1467 1743 1522 1787 et
1540 1731 1694 1801 pater
1715 1731 1866 1804 egre-

282 1806 412 1854 gius
455 1803 700 1854 quamvis
749 1803 1122 1854 universarum
1168 1817 1462 1854 nroncuant
1510 1803 1860 1854 ecclesiarum

328 1806 412 1858 ius
455 1803 700 1872 quamvis
749 1803 1122 1872 universarum
1160 1803 1462 1872 proficuam
1510 1803 1860 1858 ecclesiarum

369 1873 384 1926 i
410 1870 592 1927 curam
633 1871 952 1943 dignamque
999 1870 1410 1943 sollicitudinem
1438 1883 1678 1942 gereret,
1708 1881 1762 1926 et
1791 1872 1860 1927 ad

279 1957 452 1998 omne
474 1956 608 2010 opus
636 1941 832 1995 bonum
867 1955 979 2008 pra:
1015 1941 1266 1996 omnibus
1301 1941 1536 1996 intentus
1569 1943 1857 2008 existeret,

282 2028 357 2082 ex
374 2013 584 2082 intimo,
597 2011 872 2082 cordissui
895 2010 1051 2082 longa
1074 2011 1296 2082 trahens
1312 2011 1567 2082 suspiria,
1591 2027 1710 2066 cum
1726 2027 1859 2082 quo-

278 2081 421 2136 tidie
447 2080 741 2152 beatissimi
768 2079 1131 2152 apostolorum
1151 2079 1421 2152 principis
1434 2081 1577 2136 Petri
1605 2079 1859 2152 sacratis-

279 2151 485 2206 simum
521 2150 691 2204 altare
715 2157 964 2204 cerneret
994 2149 1246 2204 violatum
1276 2149 1343 2204 et
1367 2153 1432 2206 ad
1459 2159 1664 2204 tantam
1701 2151 1859 2206 inho-

277 2229 553 2274 nestatem
586 2235 616 2272 a
659 2218 942 2274 Saracenis
980 2218 1198 2289 perﬁdis
1227 2219 1442 2288 Deoque
1481 2220 1768 2275 contrariis
1803 2229 1859 2276 et

276 2289 543 2343 vilitatem
568 2289 905 2359 perductum,
927 2293 1089 2344 etiam
1108 2298 1164 2343 et
1185 2289 1348 2359 (quod
1369 2289 1608 2345 dolentes
1626 2304 1858 2346 mceren-

279 2368 476 2429 tesque
498 2357 746 2430 dicimus)
793 2359 906 2430 ipse
931 2359 1166 2430 undique
1193 2357 1558 2430 Christianum
1603 2359 1854 2430 populum

277 2430 351 2482 ad
373 2427 484 2496 jam
519 2427 610 2482 fati
646 2428 905 2497 principis
933 2429 1295 2483 sacratissima
1323 2469 1340 2493 ,
1384 2427 1645 2484 orationis
1673 2427 1854 2484 causa

271 2499 366 2551 vel
393 2498 794 2568 gratia,limina
819 2497 1081 2568 destinari
1117 2509 1382 2568 cerneret,
1422 2514 1481 2554 et
1505 2500 1575 2553 ob
1601 2500 1703 2554 hoc
1729 2508 1852 2555 vota

275 2566 418 2632 sua,
454 2577 515 2621 ut
541 2567 666 2620 olim
691 2566 966 2691 Iperficere
1007 2583 1112 2636 non
1144 2567 1373 2636 pleniter
1400 2570 1693 2638 satagebat.
1729 2569 1854 2623 Ideo

275 2637 667 2691 omnipotentis
737 2638 899 2691 ouuni
928 2637 1095 2691 fretus
1118 2636 1340 2691 auxilio.
1362 2646 1524 2691 atoue
1551 2637 1774 2691 consilio
1801 2648 1854 2691 et

274 2637 667 2706 omnipotentis
691 2636 899 2692 Dommi
928 2637 1095 2692 fretus
1118 2636 1340 2699 auxilio,
1362 2636 1774 2706 atque'consilio
1801 2648 1855 2692 et

274 2708 480 2760 virtute
521 2707 790 2769 inunitus,
839 2708 1016 2761 aureis
1055 2708 1320 2776 simulque
1350 2707 1620 2777 argenteis
1661 2708 1854 2764 tabulis

273 2791 387 2830 non
447 2784 651 2829 tantum
711 2777 1102 2831 confessionem
1159 2792 1404 2841 sacram,
1449 2791 1634 2831 verum
1687 2778 1850 2831 etiam

270 2845 513 2900 frontem
546 2845 816 2914 saepedicti
849 2846 1039 2900 altaris
1079 2847 1212 2901 satis
1255 2848 1508 2914 decenter
1545 2855 1600 2900 et
1625 2847 1849 2900 honori—

274 2914 381 2988 tice
397 2916 1164 2988 perat:navit,_ut_pr:esensper
1189 2917 1369 2988 omnia
1390 2931 1522 2988 opus
1545 2915 1738 2970 ibidem
1761 2916 1852 2972 de-

271 2983 514 3038 dicatum
540 2983 660 3040 luce
687 2983 885 3039 clarius
922 2983 1246 3040 manifestat.
1287 2983 1644 3052 Quamobrem
1690 3001 1850 3041 vene-

273 3053 436 3108 randi
483 3054 668 3108 altaris
711 3054 940 3109 frontem
984 3057 1308 3124 praecipuam
1361 3055 1554 3110 tabulis
1605 3071 1672 3110 ex
1715 3071 1849 3111 auro

270 3125 484 3192 optimo
515 3124 726 3195 noviter
747 3127 1061 3195 exornavit,
1091 3135 1146 3178 et
1171 3141 1287 3195 eam
1317 3125 1544 3195 gemmis
1563 3124 1844 3194 quamplu-

272 3195 437 3248 rimis
465 3193 618 3248 valde
647 3194 864 3262 optimis
890 3209 954 3247 ac
981 3194 1231 3262 pretiosis
1268 3193 1434 3248 totam
1461 3193 1844 3260 circumdedit,

271 3273 333 3334 et
358 3265 412 3316 in
441 3263 715 3334 meliorem
743 3272 800 3316 ut
825 3265 972 3334 prius
993 3273 1190 3318 statum
1207 3265 1558 3334 decoremque
1579 3265 1844 3334 perduxit.

270 3332 333 3402 ιη
361 3332 558 3402 quibus
593 3333 796 3388 scilicet
827 3332 1027 3396 aureis,
1060 3343 1120 3387 ut
1149 3335 1345 3389 dictum
1377 3332 1486 3397 est,
1513 3333 1706 3386 tabulis
1739 3350 1845 3388 non

271 3402 452 3456 solum
480 3402 850 3484 Redemptoris
885 3403 1049 3483 nostri
1087 3402 1256 3458 forma
1292 3403 1499 3484 depicta
1535 3403 1842 3484 pigefulget,

270 3488 466 3528 verum
499 3482 552 3527 et
573 3470 1042 3542 ejius'resurrectio'
1063 3470 1388 3537 veneranda,
1411 3470 1571 3542 atque
1585 3470 1845 3541 judicium

273 3557 451 3596 sacrae
475 3557 538 3596 ac
557 3540 846 3596 salutifera:
875 3543 1070 3596 crucis.

346 3609 492 3664 Petri
508 3626 726 3680 quoque
744 3609 1006 3682 Paulique
1026 3611 1226 3682 pariter
1247 3611 1423 3666 vultus
1443 3619 1602 3681 atque
1622 3611 1849 3666 Andrea:

273 3680 332 3734 in
384 3681 787 3752 prtenominatis
830 3680 1042 3736 tabulis
1065 3681 1310 3736 similiter
1341 3680 1848 3752 splendeuttatque

273 3761 611 3805 coruscant:
667 3751 809 3804 inter
861 3767 996 3820 quos
1047 3750 1380 3805 sanctissimi
1427 3752 1605 3820 quarti
1654 3750 1848 3805 Leonis

272 3821 556 3889 pra'sulis,
593 3835 796 3874 necnon
831 3831 886 3873 et
919 3821 1166 3890 specialis
1198 3821 1286 3874 filii
1328 3821 1410 3874 sui
1445 3821 1642 3874 domini
1677 3821 1847 3890 impe-

275 3891 478 3944 ratoris
524 3890 796 3954 Lotbarii,
843 3889 1062 3958 propter
1105 3890 1337 3948 futuram
1374 3892 1709 3953 memoriam,
1736 3889 1852 3944 sive

272 3960 614 4024 mercedem,
659 3975 902 4028 persona:
940 3959 1050 4014 Deo
1091 3976 1230 4014 cara:
1280 3976 1372 4029 per
1418 3969 1612 4014 cuncta
1653 3959 1845 4013 saecula

273 4030 615 4099 venerandze,
670 4030 894 4099 depictte
938 4037 1080 4084 sunt.
1132 4029 1303 4099 Fecit
1334 4029 1562 4097 denique
1615 4029 1846 4082 tabulam

274 4097 346 4152 de
401 4098 632 4162 smalto,
683 4097 844 4169 opus
880 4099 1137 4169 ducentas
1178 4097 1446 4154 sexdecim
1498 4099 1614 4169 auri
1663 4099 1847 4169 obtyzi

271 4183 512 4238 pensans
573 4167 754 4222 libras.
816 4167 1218 4224 Confessionem
1272 4183 1400 4222 vero
1436 4168 1654 4238 crebro
1719 4167 1849 4238 dicti

275 4237 468 4292 altaris
513 4237 706 4292 tabulis
731 4252 798 4292 ex
833 4247 1056 4307 argento
1088 4237 1292 4307 paratis
1329 4237 1646 4305 purissimo,
1688 4237 1847 4291 simili

273 4307 441 4361 modo
500 4317 610 4362 tota
674 4309 838 4362 animi
895 4305 1177 4363 devotione
1227 4305 1294 4361 ad
1342 4307 1623 4375 antiquum
1687 4309 1850 4362 decus

275 4387 333 4431 et
401 4385 598 4431 statum
667 4378 932 4446 perduxit.
1009 4377 1064 4431 ln
1129 4377 1324 4446 quibus
1385 4376 1728 4446 rSalvatorem
1794 4377 1847 4430 in

277 4448 477 4504 throno
512 4445 783 4503 sedentem
829 4445 1222 4516 conspicimus,
1260 4445 1523 4516 pretiosas
1567 4445 1621 4499 in
1675 4447 1849 4514 capite

1891 1832 1937 1892 B

1973 539 2100 593 dato
2124 539 2305 605 unam,
2329 549 2384 595 et
2404 541 2518 595 vela
2549 550 2690 597 octo.
2832 583 2838 591 .

2043 609 2301 684 Quisnam
2323 611 2503 684 dicei‘e
2522 611 2717 678 valeat,
2739 612 2824 667 vel
2850 614 3335 670 narraresullicere
3355 615 3547 684 possit,

1972 688 2172 754 quanta
2195 749 2206 754 _
2227 679 2341 754 ipse
2371 695 2410 754 _a
2439 681 2550 736 Deo
2588 692 2862 754 protectus
2891 693 2945 738 et
2995 679 3381 754 solertissimus
3409 679 3549 754 papa

1971 749 2174 803 sanctis
2194 749 2324 804 locis
2353 749 2543 804 devota
2565 749 2759 806 obtulit
2785 761 2963 808 mente
2991 754 3164 807 dona?
3188 752 3320 806 Nam
3344 755 3396 807 in
3411 749 3550 808 'or'a-

1974 818 2156 898 torio“,
2181 819 2322 898 quod
2356 817 2505 898 Pauli
2535 820 2734 898 dicitur
2759 838 2933 898 papaa,
2957 823 3548 898 miraapulcliritudinis

1969 886 2395 958 ebtnlitrvestem
2432 886 3079 958 Aquilarum‘habentem
3111 886 3390 946 historiam
3421 908 3544 948 cum

1969 969 2134 1037 cruce
2157 957 2222 1011 de
2249 957 2599 1037 chrysoclavo
2625 968 2680 1013 et
2705 961 3024 1037 gammadiis
3055 961 3549 1037 u_nam.__lt‘ec_it_au_-

1969 1031 2078 1079 tem
2121 1028 2174 1080 in
2215 1028 2452 1082 oratorio
2495 1028 2806 1084 sanctorum
2855 1029 3100 1086 Processi
3143 1039 3198 1086 et
3235 1029 3541 1087 Martiniani

1968 1094 2270 1166 splendoris
2291 1111 2394 1150 non
2416 1098 2610 1152 modici
2625 1107 2828 1153 vestem
2849 1115 2970 1154 cum
2993 1101 3126 1157 rotis
3139 1109 3194 1155 et
3211 1100 3538 1166 hominibus,

1967 1173 2022 1218 et
2045 1164 2322 1242 historiam
2353 1181 2475 1220 cum
2502 1182 2661 1222 cruce
2679 1208 2698 1233 ,.
2739 1169 2988 1225 similiter
3016 1170 3085 1226 de
3112 1169 3460 1242 chrysoclavo
3487 1164 3544 1226 et

1969 1233 2290 1304 gammadiis
2315 1251 2497 1290 unam.

2036 1303 2210 1378 A_liam
2261 1319 2397 1378 vero
2442 1305 2906 1378 vestemifulgidte
2949 1307 3172 1363 visionis
3225 1308 3278 1362 in
3316 1307 3539 1363 basilica

1968 1370 2028 1428 S.
2057 1372 2362 1448 Petronium
2387 1375 2630 1448 perfecit,
2664 1370 2951 1432 liabéntem
2991 1388 3162 1432 rotam
3194 1377 3536 1448 aquilamque

1966 1457 2097 1517 cum
2116 1458 2275 1517 cruce
2299 1443 2366 1498 de
2391 1444 2737 1516 chrysoclavo
2758 1456 2812 1517 et
2835 1447 3153 1517 gammadiis
3193 1443 3374 1501 unam.

2037 1509 2257 1586 Obtulit
2284 1529 2413 1586 vero
2463 1509 2514 1586 iu
2583 1509 3068 1586 oratorio'sancue
3117 1517 3210 1571 Dei
3263 1517 3539 1586 genitricis

1967 1596 2179 1654 semper
2207 1581 2432 1654 virginis
2456 1584 2684 1638 domime
2709 1594 2905 1639 nostrae
2934 1587 3139 1650 Mariae,
3163 1581 3304 1654 quod
3342 1587 3392 1639 in
3423 1586 3537 1640 Me-

1964 1651 2124 1704 diana
2145 1651 2411 1724 consistit,
2431 1662 2634 1724 vestem
2659 1654 2908 1709 similiter
2929 1669 3050 1712 eum
3075 1651 3208 1709 rotis
3233 1655 3538 1724 aquilisque

1965 1729 2020 1774 et
2045 1735 2204 1792 cruce
2219 1723 2290 1792 de
2309 1723 2657 1792 cbrysoclavo
2684 1740 2802 1777 cum
2831 1725 3150 1792 gammadiis
3171 1723 3352 1778 unam.
3385 1723 3537 1778 Fecit

1966 1791 2182 1871 quidem
2206 1790 2266 1870 in
2304 1790 2760 1871 oratoriomsaqcti
2798 1790 3018 1846 Adriani
3062 1802 3416 1871 vestemcum
3448 1809 3535 1871 ro.-

1967 1860 2034 1931 tis
2073 1860 2456 1931 hominumque
2499 1860 2772 1931 eiiigiebus
2807 1877 2926 1915 cum
2967 1877 3128 1916 cruce
3175 1861 3426 1916 similiter
3466 1863 3536 1916 de

1962 1929 2317 1999 chrysoclavo
2363 1929 2417 1984 et
2457 1929 2776 2001 gammadiis
2816 1947 2998 1985 unam.
3027 1933 3146 2000 Ipse
3188 1932 3538 2001 verosaapius

1961 2007 2292 2070 memoratus
2332 2007 2387 2054 et
2414 2000 2758 2055 beatissimus
2803 2016 2939 2070 papa
2979 2001 3174 2056 obtulit
3224 2001 3285 2054 in
3313 2000 3534 2070 basilica

1960 2069 2130 2122 sancti
2153 2067 2455 2140 Sebastiani
2480 2071 2753 2140 martyris,
2770 2067 2889 2138 qusi
2911 2071 2962 2125 in
2985 2071 3240 2126 Frascata
3263 2069 3532 2140 consistit,

1959 2146 2166 2210 vestem
2205 2139 2606 2210 pretiosissima:
2627 2139 2894 2196 ’claritatis
2922 2155 3044 2196 cum
3076 2154 3238 2196 cruce
3271 2139 3338 2194 de
3371 2139 3535 2210 chry-

1957 2207 2174 2264 soclavo
2198 2217 2254 2262 et
2275 2209 2594 2278 gammadiis
2619 2225 2802 2264 unam.

2416 2318 2599 2375 Muros
2641 2318 2797 2374 Urbis
2841 2331 3072 2391 reparat.

2028 2433 2146 2505 Qui
2159 2449 2402 2489 summus
2431 2442 2492 2505 et
2526 2435 2830 2505 praecipuus
2854 2435 3048 2504 praesul
3078 2433 3206 2489 fecit
3233 2433 3285 2488 in
3309 2433 3530 2490 basilica

1956 2501 2099 2572 beati
2120 2503 2262 2557 Petri
2292 2501 2804 2572 apostoli—cortinam
2832 2501 3186 2559 lfolosericam
3210 2519 3331 2558 cum
3361 2505 3530 2562 histe-

1957 2571 2050 2642 riis
2075 2573 2258 2626 multis
2278 2571 2541 2627 claritatis
2569 2574 2842 2628 immensae
2863 2575 2928 2627 ad
2955 2575 3204 2628 decorem
3226 2583 3282 2630 et
3297 2573 3526 2642 gloriam

1955 2639 2126 2708 ipsius
2153 2643 2533 2696 sacratissima:
2565 2643 2798 2697 basilicae
2829 2659 3011 2696 unam.
3042 2645 3176 2696 Cum
3217 2639 3344 2696 vero
3389 2643 3525 2708 haec,

1955 2718 2010 2763 et
2044 2725 2163 2778 qua:
2185 2713 2381 2780 scripta
2411 2719 2554 2774 sunt,
2583 2712 2692 2766 Leo
2719 2713 2802 2765 vir
2831 2712 3170 2766 beatissimus
3197 2719 3529 2779 quartusque

1953 2780 2150 2847 prmsul
2179 2781 2403 2834 Domino
2427 2781 2707 2836 solatiante
2739 2781 2938 2836 amoris
2971 2796 3035 2835 ac
3066 2780 3318 2834 desiderii
3354 2781 3526 2848 gratia

1953 2865 2050 2919 per
2073 2851 2281 2904 diversa
2312 2851 2520 2919 piorum
2565 2849 2678 2904 loca
2721 2862 3029 2905 sanctorum
3065 2848 3356 2917 perfectius
3397 2864 3526 2903 con-

1955 2919 2188 2978 tulisset,
2235 2927 2360 2973 tunc
2405 2921 2472 2974 de
2521 2919 2775 2973 Romanae
2817 2922 2965 2974 urbis
3013 2928 3154 2972 statu
3199 2932 3264 2972 ac
3311 2927 3523 2972 restau-

1955 2989 2164 3042 ratione
2201 3004 2496 3050 murorum,
2525 2988 2614 3057 qui
2654 2989 2811 3058 longo
2847 2988 2960 3056 jam
2992 2988 3143 3043 senio
3184 2998 3346 3058 atque
3372 2997 3525 3040 vetu-

1950 3065 2089 3114 state
2133 3059 2296 3112 nimia
2351 3058 2506 3112 fracti
2562 3057 2831 3126 dirutique
2887 3058 3125 3111 funditus
3181 3057 3521 3121 videbantur,

1949 3128 2113 3196 cmpit
2150 3143 2272 3182 cum
2301 3126 2425 3182 Jesu
2474 3127 2675 3181 Christi
2720 3127 2930 3181 Domini
2971 3135 3206 3181 tractare
3248 3127 3518 3188 consultu,

1952 3195 2049 3261 ne,
2075 3198 2119 3252 si
2145 3198 2233 3250 diu
2281 3198 2382 3250 sub
2412 3199 2512 3250 hac
2553 3197 2871 3266 negligentia
2909 3198 3022 3266 sive
3047 3196 3316 3266 oblivione
3345 3195 3525 3266 consi-

1949 3276 2172 3329 sterent,
2196 3274 2307 3328 aut,
2330 3266 2554 3321 Domino
2571 3264 2934 3336 permittente,
2958 3265 3170 3336 facilius
3191 3265 3258 3318 ab
3279 3264 3523 3336 hostibus

1949 3344 2042 3389 aut
2067 3337 2219 3406 capi,
2239 3344 2329 3388 aut
2376 3333 2892 3406 forsan’expugnari
2934 3335 3248 3404 potuissent.
3279 3333 3426 3406 ldeo,
3454 3349 3523 3388 ne

1947 3407 2050 3460 hoc
2095 3407 2149 3458 in
2200 3404 2434 3459 futurum
2466 3404 2878 3472 malumﬂeret,
2907 3419 3096 3460 omnes
3121 3405 3522 3474 praenominatre

1946 3491 2130 3530 muros
2157 3475 2388 3528 civitatis
2436 3475 2712 3538 Romanae,
2757 3475 3069 3529 duodecima
3099 3473 3334 3528 instante
3379 3473 3521 3528 indi-

1945 3544 2144 3610 ctione,
2170 3559 2448 3608 renovare,
2481 3554 2641 3613 atque
2665 3547 2730 3598 ad
2758 3545 2990 3613 priorem
3021 3543 3223 3598 cultum
3248 3543 3519 3613 decusque

1948 3615 2148 3676 reduci,
2184 3623 2294 3668 tota
2324 3615 2516 3668 mentis
2544 3611 2826 3668 alacritate
2851 3613 3076 3667 curavit.
3105 3613 3171 3666 Et
3197 3626 3300 3665 non
3345 3611 3517 3665 solum

1947 3699 2131 3738 muros
2175 3699 2309 3752 quos
2334 3684 2568 3738 diximus
2611 3683 2771 3737 celeri
2804 3683 2920 3738 ﬁeri
2965 3680 3516 3752 agilitate-praecpit,

1947 3755 2041 3807 sed
2067 3763 2122 3807 et
2149 3750 2351 3822 portas,
2389 3753 2584 3822 quibus
2609 3767 2796 3806 omnes
2832 3768 2972 3822 smpe
3007 3750 3277 3822 clauditur
3304 3750 3514 3815 civitas,

1947 3838 2087 3876 novo
2115 3821 2260 3877 cultu
2293 3821 2554 3892 lignisque
2583 3823 2886 3890 przevalidis
2910 3821 2980 3892 ob
3022 3821 3362 3892 inimicorum
3405 3835 3518 3892 tne-

1949 3901 2060 3946 tum
2111 3893 2226 3946 sive
2269 3888 2526 3946 terrorem
2579 3888 2894 3946 remdilicari
2948 3891 3290 3945 festinantius
3333 3888 3516 3958 jussit.

1948 3961 2078 4027 Quae
2107 3963 2334 4030 denique
2375 3962 2578 4024 omnia,
2607 3970 2666 4015 ut
2692 3961 2799 4016 cito
2839 3961 3059 4030 fierent,
3087 3969 3142 4015 et
3169 3959 3232 4012 ad
3271 3957 3518 4030 effectum

1948 4027 2302 4100 decoremque
2320 4039 2500 4085 essent
2525 4031 2798 4097 perducta,
2823 4029 3078 4100 praefatus
3095 4029 3180 4082 vir
3197 4027 3519 4100 apostolicus

1949 4097 2318 4156 indesinenter
2345 4116 2450 4154 non
2488 4101 2658 4154 solum
2693 4097 2840 4169 equo'
2857 4100 3116 4169 residens,
3143 4112 3328 4151 verum
3355 4097 3519 4169 etiam

1949 4171 2063 4224 suis
2085 4171 2306 4238 pedibus
2333 4171 2566 4239 pr0priis
2592 4185 2690 4240 per
2715 4165 2898 4224 muros
2921 4168 3003 4240 vel
3033 4177 3216 4236 portas
3243 4181 3363 4240 cum
3407 4165 3521 4219 suis

1953 4236 2198 4293 fidelibus
2223 4236 2610 4303 discurrebat,“
2629 4248 2895 4307 quatenus
2923 4239 2975 4291 in
3008 4236 3402 4307 restauratione
3428 4250 3518 4288 eo-

1950 4325 2068 4362 rum
2117 4324 2266 4364 mora
2313 4311 2464 4384 ιιιιιιίιΔ
2505 4303 2830 4384 aut__dilatio
2879 4308 3080 4384 fuisset-
3108 4313 3316 4360 exorta.
3370 4303 3518 4384 Qua-

1949 4389 2188 4449 propter,
2220 4387 2278 4432 ut
2305 4388 2428 4433 ante
2445 4380 2556 4449 jam
2600 4379 2803 4432 dictum
2842 4386 2944 4441 est,
2979 4377 3118 4431 inter
3154 4389 3313 4449 curas
3341 4377 3516 4449 maxi-

1953 4443 2094 4502 mam
2143 4451 2208 4502 de
2262 4443 2503 4504 Romana
2566 4449 2700 4502 urbe
2744 4463 2930 4502 curam
2986 4461 3048 4499 ac
3105 4443 3517 4500 sollicitudinem

275 4531 521 4588 gemmas
567 4517 860 4588 habentem
903 4513 977 4571 et'
1016 4531 1067 4588 a_
1094 4517 1299 4570 dextris
1352 4514 1492 4588 illius
1537 4513 1843 4580 cherubim,
1874 4515 1924 4574 D
1950 4519 2288 4573 venerandus
2335 4518 2574 4587 pontifex
2621 4532 2812 4588 gerens
2854 4515 3089 4588 undique
3133 4515 3199 4588 ad
3240 4513 3518 4588 meliorem

275 4585 307 4639 ὁ
365 4585 496 4640 lteva
545 4601 758 4654 quoque
815 4585 932 4653 ejus
984 4585 1161 4640 vultus
1200 4585 1562 4654 apostolorum
1615 4595 1842 4639 c1etero~

275 4670 506 4724 rumque
552 4657 808 4725 depictos.
867 4655 979 4709 lmo
1019 4664 1074 4708 et
1121 4671 1276 4725 rugas
1337 4655 1466 4776 feciﬁ
1507 4670 1675 4709 sacra:
1719 4671 1844 4709 con-

275 4725 529 4776 fessionis
575 4741 640 4776 ex
678 4734 900 4776 amento
945 4735 1310 4776 constructas.
1361 4740 1426 4776 vu
1475 4740 1538 4776 us
1588 4725 1844 4776 habentes

274 4725 529 4796 fessionis
575 4741 640 4796 ei:
678 4734 900 4796 argento
945 4735 1310 4796 constructas,
1361 4725 1538 4796 vallus
1588 4725 1845 4796 habentes

275 4795 572 4849 beatissimi
600 4794 835 4850 Petri—et
862 4795 1032 4859 Pauli,
1061 4804 1346 4864 pensantes
1386 4794 1550 4849 libras
1587 4795 1844 4850 ducentas

272 4875 328 4919 et
349 4872 493 4919 οειο.

346 4933 464 5004 Ipse
501 4948 632 4990 vero
665 4948 694 4988 a
736 4934 846 4989 Deo
873 4933 1120 5004 amabilis
1156 4941 1211 5004 et
1237 4932 1688 5004 prudentissimus
1713 4948 1846 5002 pon-

270 5002 408 5058 tifex
438 5004 567 5060 fecit
593 5006 644 5058 in
665 5005 882 5059 basilica
907 5002 1046 5058 beati
1071 5003 1212 5057 Petri
1240 5003 1464 5070 apostoli
1483 5003 1598 5055 vela
1627 5018 1688 5056 ex
1714 5019 1846 5056 auro

274 5083 422 5128 texta
451 5074 736 5142 pendentia
783 5075 836 5128 in
875 5074 1109 5142 arcubus
1157 5081 1367 5142 compte
1410 5071 1465 5124 in
1503 5072 1726 5142 circuitu
1781 5073 1848 5128 de

271 5141 468 5198 blattin
513 5159 738 5198 numero
766 5143 1034 5198 undecim.
1068 5141 1287 5196 Necnon
1323 5141 1378 5194 in
1410 5141 1646 5195 oratorio
1674 5144 1846 5197 sancti

272 5211 471 5268 Leonis
507 5213 776 5282 pontificis
806 5213 947 5266 intra
973 5211 1424 5282 ecclesiamubeati
1452 5210 1594 5264 Petri
1621 5213 1845 5279 apostoli
1865 5247 1880 5260 ι

271 5283 406 5336 fecit
442 5279 646 5336 vestem
676 5284 903 5337 sericam
933 5283 1108 5336 albam
1147 5279 1430 5349 sigillatam
1457 5295 1576 5333 cum
1604 5295 1847 5349 gamma-

271 5351 378 5424 diis
403 5363 459 5407 et
495 5353 742 5424 periclysi
774 5353 840 5407 de
878 5351 1068 5424 blattin
1094 5358 1396 5424 unam,_et
1425 5349 1549 5424 _vela
1598 5349 1848 5424 similiter

271 5421 394 5474 alba
444 5418 822 5491 majora'duo,
873 5422 1081 5477 minora
1127 5430 1268 5476 octo.
1304 5419 1392 5491 _Et_
1422 5418 1847 5491 in_monasterio

269 5493 448 5561 sancti
471 5488 712 5556 Ctesarii,
745 5492 886 5560 quod
911 5491 1128 5561 ponitur
1153 5491 1206 5544 in
1232 5489 1454 5558 palatio,
1477 5488 1605 5544 fecit
1637 5501 1842 5546 vestem

269 5559 341 5614 de
366 5559 586 5616 fundato
615 5559 795 5625 unam,
823 5569 878 5616 et
901 5559 1016 5615 vela
1044 5569 1184 5614 octo.

341 5629 460 5699 Ipse
494 5646 622 5685 vero
647 5647 676 5684 a
719 5633 826 5686 Deo
863 5639 1136 5700 protectus
1167 5627 1581 5700 etivenerabilis
1601 5628 1839 5700 pontifex

266 5698 494 5769 propter
527 5698 932 5756 retributionem
961 5709 1016 5754 et
1039 5699 1341 5753 mercedem
1369 5698 1561 5753 animae
1580 5715 1690 5753 suae
1715 5699 1840 5754 fecit

271 5771 325 5822 in
355 5771 664 5826 cmmcterio
697 5771 865 5826 beata:
906 5769 1126 5838 Agathe:
1153 5769 1420 5838 martyris,
1452 5769 1592 5837 quod
1622 5770 1838 5838 ponitur

1950 4602 2252 4656 novumque
2302 4581 2505 4642 cultum
2563 4581 2754 4642 etmcta
2803 4581 3304 4656 noviter_tledttxit,
3332 4581 3516 4656 “quin-

1949 4657 2122 4730 decim
2167 4652 2235 4730 ab
2280 4659 2392 4725 ipso
2431 4656 2546 4730 s_o_lo
2589 4666 2795 4730 turres,
2847 4653 3266 4730 quas_fun_d_itus
3312 4652 3518 4730 dirutas

1947 4740 2044 4795 per
2069 4723 2351 4780 circuitum
2386 4726 2535 4780 urbis
2562 4727 2778 4795 reperit,
2807 4723 2960 4780 novis
2982 4723 3200 4778 fabricis
3225 4723 3516 4776 restaurari

1969 4796 2217 4850 mecenit.

1947 4811 2255 4930 ﬂammis
2287 4865 2519 4933 denique
2559 4865 2691 4919 duas
2722 4863 2874 4934 juxta
2911 4864 3260 4934 Portuensem
3304 4865 3514 4934 portam

1949 4925 2497 5006 ita'prudentci'ﬂa'c,
2521 4925 2792 5006 sapienter
2832 4933 3156 5006 venerabilis
3205 4925 3516 5006 praesulna‘d

1949 4993 2118 5072 ipsam
2149 5018 2298 5057 oram
2321 5003 2553 5067 Tiberis,
2574 4993 2622 5074 id
2646 5014 2728 5059 est
2747 5004 2901 5070 juxta
2932 5003 3078 5058 littus
3093 4993 3325 5074 ﬂuminis
3350 4993 3517 5074 (edifi—

1948 5067 2061 5129 eari
2089 5074 2368 5142 disposuit,
2397 5083 2456 5126 ut
2479 5073 2655 5128 nullus
2681 5067 2829 5143 prius
2854 5073 3129 5143 hominum
3173 5067 3252 5143 vel
3277 5067 3515 5135 cogitare

1947 5145 2030 5214 vel
2053 5136 2398 5198 considerare
2424 5143 2654 5198 valebat.
2682 5136 2749 5197 Et
2774 5144 2899 5214 quia
2927 5158 3020 5214 per
3039 5141 3181 5193 hunc
3200 5136 3376 5214 locum
3408 5147 3514 5214 non

1947 5213 2119 5268 solum
2159 5227 2348 5276 naves,
2383 5227 2570 5268 verum
2599 5214 2764 5267 etiam
2791 5202 3039 5268 homines
3077 5215 3202 5259 ante
3239 5202 3396 5257 facile
3434 5202 3515 5255 in-

1927 5283 2364 5350 grediebantur,
2408 5297 2551 5338 nunc
2595 5291 2771 5337 autem
2819 5282 2909 5334 vix
2967 5289 3201 5350 unquam
3244 5287 3342 5342 per
3389 5285 3514 5350 eum

1947 5344 2124 5421 parva:
2152 5352 2413 5407 navicula:
2459 5352 2684 5421 introire
2726 5350 3004 5421 valebant,
3049 5353 3103 5421 ei
3144 5344 3246 5398 hoc
3293 5349 3515 5421 propter

1948 5410 2188 5476 futurum
2211 5423 2441 5476 hostium
2463 5419 2861 5476 Saracenorum
2887 5413 3180 5486 periculum
3209 5422 3264 5467 et
3285 5410 3512 5466 salutem

1946 5491 2204 5546 Romana:
2227 5491 2378 5547 urbis
2401 5492 2603 5547 factum
2628 5499 2731 5545 est.
2778 5556 2791 5560 _
2927 5553 2937 5560 _
3306 5549 3320 5560 ,
3385 5548 3416 5560 Α,

2013 5561 2162 5632 lpsas
2187 5562 2676 5633 igiturturresnon
2715 5556 2887 5633 soium
2924 5552 3206 5623 lapidibus,
3230 5549 3322 5632 sed
3345 5549 3510 5633 etiam

1927 5621 2132 5687 ferreis
2168 5621 2364 5686 mvuniri
2393 5625 2848 5698 curavitcalenis,
2874 5621 3158 5698 qua—tenus,
3195 5621 3294 5698 nisi
3328 5632 3512 5698 neces-

1943 5703 2074 5757 sitas
2116 5701 2300 5772 fnerit,
2341 5717 2440 5772 per
2464 5691 2710 5772 eumdem
2751 5690 2922 5750 locum
2966 5693 3108 5748 nulla
3153 5690 3514 5772 valeatna‘vis

1943 5773 2190 5827 transire.
2232 5757 2383 5836 Quo'd
2427 5769 2635 5824 noviter
2677 5782 2810 5837 opus
2855 5771 3257 5828 constructum,
3305 5769 3358 5815 et
3404 5757 3514 5813 Ro-
