4078 6340
604 378 704 434 659

1987 369 2116 427 LEO
2155 370 2328 427 PAPA
2367 371 2458 428 IV.

3772 366 3867 420 6H)

607 500 778 541 manze
822 481 980 542 urbis
1031 486 1393 542 defensionem
1451 491 1720 552 prastat,
1761 489 1816 536 et
1882 480 2190 552 videntibus
2215 489 2265 544 A
2291 485 2461 544 sancti
2483 483 2620 540 Sixti
2645 483 2836 552 eodem
2868 483 2998 539 fecit
3018 494 3219 540 vestem
3245 497 3426 540 unam.
3459 484 3528 539 Et
3556 484 3610 536 in
3631 482 3867 536 oratorio

608 570 714 610 non
766 559 1071 618 modicum,
1104 556 1197 611 sed
1249 550 1818 624 grande'_miraculum
1842 590 1856 610 ,
1889 550 2014 619 quia
2064 565 2186 624 cum

608 639 805 750 inagna
837 627 1120 697 sapientia,
1152 621 1332 681 subtili
1363 622 1642 693 prudentia
1669 629 1722 676 et
1767 621 2051 682 honestate
2089 623 2188 688 pa-

637 709 693 746 ra
724 711 816 750 um
838 707 942 751 est.

608 803 845 879 Corpora
874 802 1328 879 sanctarum'Urbi
1348 800 1550 879 intulit.
1588 800 1877 879 ﬁcclesiam
1911 799 2188 864 exstruxit.

1079 876 1227 930 Dona
1254 872 1482 926 ecclesiis
1517 871 1731 924 collata.

685 992 801 1060 Ipse
829 1002 1040 1060 quoque
1083 1001 1114 1040 a
1159 985 1270 1060 Deo
1300 991 1652 1060 protectns__et
1683 983 2024 1060 beatissimus
2052 997 2190 1052 papa

619 1053 786 1114 muita
812 1053 1036 1126 corpora
1060 1053 1389 1120 sanctorum,
1413 1054 1638 1126 qn:c_diu
1660 1053 1868 1126 occulta
1880 1055 2188 1126 jacuerant,

616 1145 826 1182 summo
853 1121 1030 1181 studio
1054 1139 1371 1192 snmmoque
1406 1121 1585 1192 cordis
1614 1121 1804 1176 affectu
1832 1125 1897 1192 ad
1927 1123 2188 1192 honorem

615 1197 998 1264 onmipotentis
1046 1195 1138 1249 Dei
1175 1191 1521 1264 infl'a__liujus
1573 1191 1726 1245 alma:
1775 1191 1934 1245 Ilrbis
1991 1191 2188 1244 muenia

616 1261 841 1320 Iliiritice
885 1265 1251 1334 cengregavit.
1309 1261 1461 1334 Nam
1495 1271 1550 1315 et
1603 1276 1828 1334 corpora
1877 1269 2187 1334 sanctorum

614 1347 845 1400 quatuor
865 1329 1262 1389 Coro'nat'orum
1284 1331 1464 1385 solerti
1490 1347 1616 1385 cura
1655 1330 1934 1400 inquirens
1971 1329 2186 1397 reperit.

617 1397 720 1457 Pro
770 1419 1000 1474 quorum
1054 1401 1393 1474 desiderabili
1449 1415 1632 1452 amore
1686 1397 1961 1474 basilicam
1992 1437 2008 1461 ,
2071 1413 2190 1474 qua:

616 1468 922 1528 sanctorum
941 1473 1114 1526 fuerat
1141 1471 1341 1525 nomini
1371 1477 1704 1529 consecrata,
1722 1483 1880 1537 quam
1911 1468 2044 1536 ipse,
2061 1469 2188 1534 doni

617 1543 684 1594 ad
712 1542 968 1608 pontificii
997 1543 1254 1595 deductus
1277 1549 1359 1594 est
1383 1539 1609 1607 apicem,
1637 1537 2191 1608 prudentissimorum

617 1605 890 1667 deramine
915 1611 1074 1673 rexit,
1101 1625 1221 1679 qua:
1244 1615 1337 1679 per
1362 1605 1562 1661 olilana
1581 1605 1857 1679 curricula
1887 1617 2188 1679 temporum

616 1691 869 1749 quassata
897 1675 1178 1734 vetustatis
1204 1675 1439 1749 defectu,
1473 1685 1527 1731 et
1556 1690 1692 1746 pene
1717 1675 1890 1749 ruinis
1911 1675 2187 1730 confracta

615 1745 867 1805 diuturna
897 1751 1225 1818 antiquitate,
1241 1748 1524 1818 videbatur
1542 1745 1595 1800 et
1623 1745 1902 1818 convulsa,
1937 1760 2186 1818 superna:

617 1820 832 1894 virtutis
871 1814 1143 1872 annuente
1183 1814 1465 1894 clementia
1509 1817 1561 1872 in
1605 1815 2022 1894 splendidiorem
2065 1814 2184 1894 pul:
2219 1836 2263 1894 Β

618 1889 995 1956 chrioremque
1022 1896 1220 1940 statum
1243 1903 1270 1940 a
1300 1883 1660 1939 fundamentis
1683 1883 2016 1956 construxit,
2047 1892 2102 1936 et
2121 1883 2187 1936 ad

621 1958 830 2015 laudem
853 1954 1237 2026 omnipotentis
1252 1956 1343 2010 Dei
1367 1965 1552 2026 eorum
1575 1954 1936 2026 sacratissima
1961 1967 2186 2026 corpora

619 2043 742 2082 cum
770 2022 1024 2089 Claudio}
1069 2025 1399 2088 Nicostrate,
1447 2024 2058 2094 Symphorianotatque
2082 2022 2186 2076 Ca-

617 2096 816 2166 storieo
863 2105 917 2151 et
968 2095 1278 2166 Simplicio,
1330 2092 1535 2150 necnon
1579 2092 1824 2166 Severo,
1873 2092 2186 2166 _S_everi_ano,

619 2165 967 2235 Carpophoro
1011 2160 1413 2227 et'Victorino,
1464 2172 1696 2232 quatuor
1741 2162 2020 2235 genibus.
2057 2160 2189 2215 Item

623 2231 858 2300 Marius,
891 2235 1116 2290 Audifax
1159 2245 1215 2290 ct
1253 2231 1528 2296 Abacnni,
1572 2249 1695 2287 cum
1741 2231 2100 2294 Felicissimo,
2137 2240 2192 2285 et

617 2305 907 2378 Agapito,_
943 2305 1231 2378 Hippolyto.
1281 2320 1406 2378 cum
1467 2303 1579 2378 suis
1645 2301 1863 2378 familiis
1929 2300 2188 2378 [famulis]

619 2370 847 2428 numero
878 2370 1076 2429 decciri
1103 2370 1161 2429 εἰ
1199 2383 1338 2429 octo.
1371 2372 1640 2440 Aquilino,
1673 2371 1864 2440 Aquila
1904 2370 1958 2426 et
1983 2370 2187 2436 Prisca,

619 2443 864 2498 Narcisio
909 2453 963 2498 et
1003 2443 1328 2510 Marcellino,
1351 2443 1546 2502 Felice.
1571 2441 2022 2512 Syriimetrioque,
2051 2440 2191 2495 Gan-

617 2514 744 2567 dido
780 2524 940 2582 atque
983 2513 1245 2578 Paulino,
1284 2512 1569 2567 Anastasio
1613 2511 1669 2566 et
1710 2511 1906 2582 Felice,
1935 2511 2188 2582 Diogene,

622 2593 679 2636 et
717 2579 969 2649 Liberali,
1013 2584 1172 2638 Festo
1209 2592 1263 2638 et
1307 2582 1578 2646 Marcello,
1625 2591 1786 2650 atque
1841 2579 2188 2648 Exuperauti,

619 2652 952 2708 Pndentiana
995 2664 1050 2708 et
1087 2653 1394 2716 Benedicto,
1445 2651 1622 2707 Felice
1649 2649 1713 2705 et
1736 2649 2020 2714 Venantio,
2065 2663 2192 2702 ncc-

620 2737 727 2792 non
753 2724 927 2792 capite
955 2725 1124 2777 sancti
1167 2723 1372 2787 Prothi,
1397 2730 1704 2790 sancteque
1736 2719 1986 2792 Caeciliae,
2016 2719 2188 2792 sancti

615 2788 939 2856 Alexandri,
988 2793 1269 2863 sanctique
1319 2792 1490 2863 Sixti,
1534 2799 1591 2863 et
1618 2788 1814 2863 sancti
1847 2788 2185 2863 Sebastiani,

614 2871 778 2932 atque
827 2859 1206 2930 sacratissime
1264 2862 1492 2933 virginis
1538 2859 1796 2933 Praxcdis
1841 2859 2046 2933 pariter
2089 2859 2189 2933 sub

614 2927 774 2986 sacro
823 2927 980 2987 altari
1038 2927 1695 2990 recondens"collocavit,
1745 2939 1800 2983 et
1844 2927 1948 2982 alia
1998 2927 2188 2991 multa,

616 3003 1113 3072 quorumrnomina
1181 3003 1290 3057 Deo
1355 3009 1486 3072 sunt
1540 3000 1772 3072 cognita.
1821 2999 2002 3072 Super
2045 2997 2189 3065 quod

616 3067 782 3141 etiam
835 3071 902 3123 ad
943 3072 1167 3141 gloriam
1210 3071 1482 3141 Creatoris
1535 3067 1673 3123 miro
1724 3083 1888 3137 opere
1935 3067 2190 3141 ntirthtte

619 3138 1035 3206 pulchritudinis
1087 3141 1213 3194 fecit
1240 3140 1500 3194 cibarium
1535 3153 1602 3192 ex
1629 3148 1849 3208 argento
1879 3138 2185 3208 purissimo,

618 3223 785 3277 aureo
820 3209 1200 3277 snperindncto
1249 3209 1451 3272 colore,
1499 3223 1620 3261 cum
1651 3207 1876 3277 gemmis
1923 3207 2179 3277 prasinis,

617 3284 674 3328 et
707 3276 1064 3357 hyacinthinis
1091 3295 1322 3348 pensans
1345 3278 1509 3332 libras
1554 3276 1818 3332 trecentas
1841 3276 2097 3331 tredecim
2130 3284 2186 3330 et

617 3360 802 3400 SCIIIIS.

690 3414 910 3485 Insuper
934 3415 1127 3471 obtulit
1151 3417 1202 3471 in
1232 3416 1420 3470 eadem
1447 3414 1683 3470 Ecclesia
1707 3415 1825 3469 vela
1854 3413 2040 3478 rubea,
2068 3430 2186 3483 (μω

617 3486 852 3554 pendent
884 3486 935 3538 in
965 3487 1191 3540 circuitu
1223 3487 1410 3540 altaris
1437 3500 1663 3538 numero
1691 3493 1942 3552 quatuor.

687 3553 830 3608 Idem
857 3570 1070 3626 quoque
1093 3557 1464 3626 sanctissimus
1488 3554 1682 3626 przesul
1713 3554 1839 3608 fecit
1868 3556 1919 3606 in
1947 3554 2186 3626 oratorio

615 3626 884 3698 prtedieta:
899 3624 1088 3688 beata},
1111 3625 1180 3679 Ba
1191 3627 1379 3689 rbaraz,
1395 3625 1548 3698 quod_
1559 3633 1924 3679 constructum
1945 3632 2026 3677 est
2048 3624 2188 3678 intra

617 3693 899 3750 ecclesiam
921 3705 1229 3750 sanctorum
1257 3693 1487 3764 quatuor
1509 3694 1915 3764 Coronatorum
1933 3709 2184 3748 coronam

616 3763 682 3820 de
701 3774 941 3835 argento
984 3761 1298 3834 pensantem
1335 3766 1500 3819 libras
1524 3763 1824 3835 duodecim.
1874 3761 2092 3835 Necnon
2131 3763 2185 3820 in

615 3833 806 3888 eodeni
844 3833 1083 3904 oratorio
1127 3835 1319 3904 obtulit.
1357 3835 1618 3904 gabathas
1646 3834 1711 3887 de
1733 3843 1956 3904 argento
1999 3833 2187 3888 decem

615 3913 902 3970 pensantes
929 3903 1160 3957 libras...
1192 3902 1384 3958 Verum
1412 3905 1649 3958 etiamin
1672 3902 2040 3972 suprascripto
2065 3919 2188 3957 ora-

619 3973 756 4024 torio
782 3972 908 4026 fecit
945 3982 1118 4028 vestes
1152 3975 1217 4027 de
1244 3973 1466 4028 fundato
1499 3983 1608 4027 tres
1639 3973 1896 4027 habentes
1926 3973 1982 4026 in
2011 3973 2190 4030 medio

616 4055 806 4112 cruces
834 4058 954 4095 cum
985 4045 1302 4112 gannnadiis
1324 4053 1378 4099 et
1401 4045 1516 4098 vela
1543 4044 1844 4097 duodecim.

687 4109 1166 4182 Plfmdictus'etiam
1191 4114 1510 4168 venerabilis
1535 4113 1772 4182 pontifex
1802 4111 1929 4166 fecit
1963 4112 2016 4165 in
2043 4111 2187 4167 basi-

615 4176 888 4252 Iicagbeati
918 4180 1172 4250 Stephani
1203 4183 1496 4252 pontilicis,
1535 4176 1633 4236 'via
1683 4181 1870 4235 Latina
1890 4221 1904 4244 ,
1937 4181 2186 4252 milliaria

616 4249 800 4314 tertio,
829 4249 1027 4304 vestem
1054 4253 1120 4305 de
1149 4249 1370 4307 fundato
1397 4269 1558 4306 unam
1582 4267 1881 4306 cumcrnce
1908 4254 1962 4304 in
1985 4251 2184 4316 medio,

616 4318 886 4392 velansex.
931 4320 1034 4392 Ubi
1078 4321 1273 4375 obtulit
1310 4332 1559 4392 patenam
1595 4332 1648 4374 et
1686 4321 1909 4376 calicem
1939 4331 2186 4376 sanctum

615 4389 882 4462 mpdicpm
911 4391 976 4462 de
1017 4401 1240 4459 argento
1281 4389 1557 4462 pensantia
1587 4391 1799 4462 libram
1827 4407 1989 4444 unam
2024 4399 2081 4462 et
2103 4406 2190 4462 se-

613 4458 752 4531 gnis.
779 4458 982 4531 Obtulit
1011 4458 1172 4515 etiam
1217 4458 1562 4516 beatissimus
1607 4460 1804 4531 praesul
1851 4464 1904 4513 in
1954 4460 2183 4515 ecclesia

2215 3181 2259 3242 ρ
2294 3167 2688 3242 §aracenorum
2714 3166 2765 3218 in
2809 3166 3032 3242 ecclesia
3061 3165 3204 3218 beati

2295 555 2466 609 sancti
2493 553 2696 609 Nicolai
2727 554 2976 610 similiter
2998 554 3132 608 fecit
3155 562 3356 608 vestem
3379 570 3518 610 cum
3539 552 3726 622 aquiia
3749 567 3862 606 una.

2293 623 2510 679 Necnon
2545 632 2601 679 et
2645 624 2698 678 in
2728 623 2976 680 ecclesia.
3001 623 3188 680 eadem
3220 623 3346 676 fecit
3369 620 3642 677 cortinam
3677 620 3866 674 lineam

2294 709 2414 748 cum
2446 707 2606 747 cruce
2635 693 2689 746 in
2720 694 2897 748 medio
2920 733 2935 754 ,
2983 702 3048 746 et-
3086 692 3137 746 in
3170 706 3302 762 gyro
3333 693 3512 746 listam
3544 693 3613 745 de
3650 689 3869 744 fundato

2293 762 2444 816 mirae
2463 763 2865 832 magnitudinis.
2904 762 3013 816 Piis
3036 762 3297 832 moribus,
3332 762 3413 816 his
3445 763 3736 829 sacrisque
3759 773 3869 827 per-

2292 839 2518 901 ornatus
2535 831 2819 900 operibus,
2855 847 2990 901 papa
3022 831 3212 886 obtulit
3237 831 3288 884 in
3315 831 3511 900 saepius
3550 838 3871 886 memorata.

2293 915 2454 969 quam
2494 899 2664 955 fretus
2696 899 2883 956 amore
2926 899 3277 962 iundaverat,
3312 899 3434 954 aula
3455 939 3471 963 ,
3508 909 3774 969 pateuam
3809 913 3872 950 ex

2295 968 2519 1039 argento
2576 970 2866 1050 purissimo
2920 985 3085 1050 aureo
3144 968 3586 1050 sriperiniluetaiii
3657 968 3874 1028 colore,

2291 1038 2412 1092 cum
2456 1038 2634 1095 crucis
2676 1040 2938 1108 ιτοριιωο,
2967 1038 3359 1107 salvatorisque
3387 1038 3591 1108 efﬁgie.
3641 1046 3871 1108 sancta-

2290 1122 2395 1178 que
2421 1107 2514 1162 Dei
2536 1107 2818 1177 genitricis
2843 1118 2900 1163 et
2919 1117 3227 1164 sanctorum
3251 1107 3620 1178 apostolorum
3649 1107 3876 1178 pulchro

2290 1175 2565 1248 schemate
2589 1179 2899 1234 decoratam
2925 1187 3237 1248 pensantem
3265 1175 3430 1248 libras
3449 1175 3688 1246 septeni.
3718 1175 3874 1248 Singi-

2289 1245 2415 1301 liter
2443 1247 2666 1303 calicem
2714 1244 2960 1308 sanctum
3003 1262 3242 1316 auroque
3281 1244 3876 1316 perfusumevaugrti-

2289 1325 2494 1371 starem
2520 1317 2807 1374 habentem
2831 1317 3042 1374 iconam
3064 1325 3118 1371 et
3137 1315 3373 1381 erucem,
3396 1317 3685 1386 pensantia
3711 1315 3876 1370 libras

2329 1393 2539 1439 uatunr.

2329 1401 2539 1439 uatunr.

2289 1401 2322 1456 α
2359 1455 2578 1528 Necnon
2620 1472 2686 1511 ex
2719 1464 2954 1528 argento.
2981 1455 3272 1528 purissimo
3308 1455 3647 1528 cantharum
3701 1468 3875 1507 exau—

2296 1534 2494 1588 ratum,
2542 1526 2595 1580 in
2645 1541 2753 1595 quo
2787 1525 3134 1593 'sEgnaculnm
3175 1525 3228 1578 in
3273 1525 3500 1595 circuitu
3553 1525 3876 1595 depressam

2291 1595 2531 1648 cernitur
2551 1592 2749 1661 erucis,
2785 1592 2906 1650 cuin
2931 1595 3314 1664 prophetarum
3344 1593 3639 1664 efligiebu‘s,
3669 1592 3876 1645 beatis-

2289 1665 2521 1733 simique
2570 1664 2825 1732 Stephani
2856 1662 3043 1733 primi’
3069 1664 3322 1734 martyris
3375 1662 3551 1734 icona.
3581 1662 3880 1734 Ver-unca-

2290 1749 2411 1788 men
2438 1731 2494 1788 et
2531 1731 2949 1788 tlmribnlurn'ex
2969 1741 3194 1804 argento
3209 1731 3575 1789 mundissimo
3599 1731 3874 1802 apostoli-

2289 1819 2411 1858 Clllil
2439 1819 2622 1856 unum.

2358 1872 2633 1927 Gabathas
2675 1870 2741 1925 ad
2781 1871 3011 1926 nitorem
3058 1872 3226 1942 ipsius
3277 1874 3594 1928 veneranda:
3627 1869 3890 1926 basiiiczr-

2288 1952 2579 2012 exauratas
2625 1950 2860 2012 quatuor
2885 1954 3174 2012 pensantes
3199 1944 3409 2012 pondus
3433 1943 3658 1996 duarum
3699 1950 3764 1995 et
3787 1956 3878 1995 sc-

2289 2012 2393 2066 mis
2419 2011 2700 2066 librarum.

2361 2081 2456 2136 llis
2501 2081 2753 2136 omnibus
2793 2081 2867 2134 ita
2898 2080 3064 2136 gestis
3112 2079 3506 2136 confessionem
3538 2095 3662 2134 cum
3715 2095 3902 2133 sacro-

2289 2149 2444 2204 altari
2473 2152 2745 2220 argenteis
2773 2149 2969 2205 tabulis
3003 2150 3350 2219 pensantibns
3379 2151 3540 2204 libras
3567 2149 3884 2219 nonaginta

2288 2229 2344 2275 et
2370 2229 2479 2290 tres
2503 2220 2777 2276 decoravit
2795 2229 3209 2290 sanctorumque
3229 2220 3502 2290 elligiebus
3523 2220 3880 2288 perornavit.

2363 2289 2705 2360 Superoquod
2740 2291 2904 2360 etiam
2931 2289 3126 2360 obtulit
3148 2289 3379 2360 regnum
3406 2289 3474 2344 de
3508 2299 3746 2360 argento
3777 2304 3882 2360 pu-

2289 2359 2506 2420 rissimo
2533 2359 2653 2414 eum
2673 2359 3076 2428 pretiosissimis
3097 2359 3343 2429 gemmis,
3371 2359 3571 2414 habens
3605 2359 3658 2429 in
3689 2359 3886 2429 ωειΙῇ

2290 2443 2530 2492 crucem,
2557 2426 2698 2498 quod
2731 2443 2901 2498 usque
2944 2444 3088 2483 nunc
3102 2426 3273 2497 super
3297 2430 3488 2498 eodem
3524 2426 3884 2498 pendereal—

2292 2499 2393 2552 tari
2436 2496 2786 2568 conspicitur.
2819 2496 2920 2553 Ubi
2949 2499 3114 2556 etiam
3161 2496 3356 2553 Obtulit
3380 2498 3498 2554 vela
3527 2496 3607 2552 'de
3637 2496 3886 2552 fundato

2290 2569 2639 2642 quadraginta
2663 2578 2719 2624 et
2749 2569 2876 2626 tria.

2704 2657 2854 2711 Dona
2887 2657 3212 2711 rrtonasteriis
3239 2656 3450 2711 collata.

2360 2748 2480 2818 Ipse
2504 2763 2635 2803 vero
2662 2748 2855 2818 saepius
2884 2757 3210 2802 memoratus
3238 2754 3292 2802 et
3321 2746 3611 2816 prteclarns
3637 2745 3908 2818 antistes.

2291 2817 2525 2887 superno
2556 2817 2917 2872 inflammatus
2963 2832 3166 2887 amore,
3197 2818 3389 2871 obtulit
3436 2818 3488 2870 in
3535 2817 3888 2887 monasterio

2291 2885 2462 2944 sancti
2487 2888 2755 2952 Silvestri,
2783 2889 3060 2955 sanctique
3083 2885 3352 2955 Benedicti
3383 2897 3437 2941 et
3456 2896 3656 2939 sanctae
3699 2885 3888 2940 Scho-

2293 2958 2518 3023 lasticzc,
2547 2958 2690 3027 quod
2736 2954 3074 3027 nuncupatur
3116 2954 3236 3027 Sub
3273 2957 3412 3020 lacu,
3441 2965 3621 3009 vestes
3646 2955 3888 3027 de_fun-

2293 3029 2418 3088 dato
2447 3024 2582 3088 tres,
2607 3036 2662 3081 et
2702 3025 2818 3080 vela
2850 3024 3098 3080 similiter
3123 3025 3189 3079 de
3219 3025 3436 3078 fundato
3461 3034 3686 3094 septem.
3723 3024 3892 3080 Fecit
3985 3037 3988 3040 '

2293 3099 2452 3152 etiam
2484 3098 2624 3152 idem
2669 3096 3012 3150 beatissimus
3033 3109 3233 3164 praeses
3255 3107 3376 3217 805!
3410 3095 3885 3164 depnedationem

2294 3167 2688 3217 Saracenorum
2714 3166 2765 3217 in
2809 3166 3032 3217 ecclesia
3061 3165 3204 3217 beati
3297 3166 3398 3217 etri
3439 3165 3661 3217 apostoli
3691 3167 3885 3217 cruci-

3297 3166 3398 3218 ctri
3439 3165 3661 3234 apostoli
3691 3167 3889 3219 cruci-

2292 3238 2455 3290 fixum
2487 3239 2639 3290 mirae
2667 3235 3045 3306 magnitudinis
3080 3243 3446 3306 constructum
3494 3247 3614 3289 cum
3636 3237 3902 3303 gemmis.

2290 3307 2654 3378 hyacinthinis
2680 3306 2746 3360 de
2767 3305 2997 3378 argento
3031 3305 3344 3378 purissimo,
3368 3316 3708 3368 exaurattun,
3741 3321 3886 3378 pen-

2289 3376 2498 3437 santem
2547 3377 2711 3447 libras
2753 3377 3088 3447 septuaginta
3113 3413 3128 3439 ,
3159 3383 3214 3430 et
3265 3376 3396 3429 alias
3432 3389 3674 3445 gemmas
3712 3376 3884 3428 albas

2289 3455 2518 3514 septem,
2542 3446 2797 3515 majorem
2830 3461 3014 3498 unam.

2361 3513 2436 3569 Ea
2468 3513 2766 3584 item,'qua3
2788 3515 2931 3569 inter
2958 3521 3152 3568 caetera
3175 3525 3272 3583 per
3301 3513 3622 3567 sanctissimi
3655 3528 3886 3582 prrsu-

2289 3585 2355 3640 lis
2381 3586 2625 3639 assiduas
2653 3600 2841 3654 preces
2871 3599 2934 3638 ac
2968 3584 3232 3654 lacrymas
3261 3599 3290 3636 a
3329 3585 3551 3654 Domino
3580 3587 3887 3636 exauJitas

2288 3656 2602 3709 duodecima
2633 3655 2914 3708 insistente
2947 3653 3238 3708 indictione
3274 3653 3593 3707 mirabiliter
3627 3667 3758 3706 aeta
3799 3655 3887 3706 \‘t'l

2289 3735 2438 3796 gesta
2488 3732 2649 3796 sunt,
2683 3739 2789 3796 non
2820 3723 3081 3796 inutiliter
3114 3737 3362 3796 agemus,
3408 3724 3450 3777 si
3487 3723 3554 3776 ob
3601 3733 3884 3796 mter-nam

2289 3792 2604 3849 memoriam
2637 3793 2762 3847 huic
2812 3793 2962 3861 operi
2999 3792 3196 3847 clarius
3233 3794 3472 3846 inserere
3521 3793 3884 3856 Studeamus,

2288 3873 2345 3917 ut
2382 3873 2595 3932 quanta:
2617 3862 2925 3917 sanctitatis
2956 3863 3007 3916 in
3037 3864 3138 3916 hac
3163 3877 3465 3932 arrumnosa
3496 3862 3602 3915 vita
3653 3862 3738 3914 vir
3773 3864 3887 3920 iste

2287 3930 2579 3999 exstiterit,
2606 3940 2902 4004 praesentes
2929 3948 2995 3987 ac
3019 3931 3183 3986 futuri
3211 3930 3422 3986 facilius
3445 3941 3838 4002 cognoscant.‘

2701 4022 3090 4079 Saracenorum
3117 4023 3460 4093 impugnatio.

2357 4115 2598 4182 Denique
2643 4122 2786 4183 post,
2814 4111 3122 4175 nefandam,
3149 4119 3222 4183 et
3254 4111 3553 4183 lugubrem,
3607 4112 3882 4182 omnique

2285 4185 2498 4266 plenam
2517 4181 3670 4266 miseria.Saracenorumdeprgedationem,
3699 4181 3877 4266 quam

2288 4251 2341 4308 in
2363 4270 2541 4324 primo
2563 4252 2917 4324 ecclesiarum
2944 4251 3414 4324 omniumcapite,
3445 4260 3633 4305 sancta
3655 4251 3877 4307 scilicet

2287 4320 2528 4378 Romana
2558 4322 2822 4384 Ecclesia,
2857 4323 3071 4391 hortatu
3099 4320 3365 4391 diabolico
3388 4331 3734 4391 peregerunt,
3771 4339 3872 4376 vo-

2286 4393 2506 4447 luerunt
2546 4394 2737 4446 iterum
2777 4391 2875 4461 ipsi
2905 4389 3236 4461 Satanazftlii
3279 4390 3473 4461 similia
3506 4389 3568 4461 in
3592 4390 3877 4446 Romanos

2289 4464 2424 4517 fines
2449 4473 2504 4516 et
2533 4459 2826 4516 Ecclesiam
2855 4459 3151 4514 beatissimi
3181 4459 3406 4527 apostoli
3428 4459 3599 4524 Petri,
3629 4471 3688 4515 ut
3708 4462 3870 4522 olim.

614 4528 756 4582 beati
787 4530 1041 4598 principis
1087 4532 1453 4600 apostolorum
1502 4521 1832 4584 thuribulum
1864 4531 1930 4583 de
1959 4538 2182 4600 argento
2213 4521 2270 4580 D.
2287 4533 2480 4587 damna
2522 4533 2814 4586 inferreet
2854 4529 3048 4584 deinde
3079 4521 3310 4600 victores
3353 4529 3420 4582 ad
3469 4521 3616 4600 loca,
3669 4521 3873 4600 quibus

613 4608 894 4670 exaurato,
925 4599 1477 4670 apostolatuslegcns
1517 4615 1713 4654 nomen
1743 4599 1942 4664 domini
1984 4599 2184 4663 Leonis

611 4669 788 4740 quarti
820 4684 984 4740 papze,
1013 4685 1246 4740 pensans
1269 4669 1434 4725 libras
1456 4678 1705 4740 quatuor.

685 4737 785 4792 Ubi
821 4737 982 4809 etiam
1014 4737 1070 4794 in
1103 4740 1343 4809 oratorio
1387 4737 1530 4794 beati
1571 4738 1816 4809 Gregorii
1853 4738 2182 4794 confessoris

611 4815 774 4891 atque
801 4808 1068 4891 pontiﬁcis
1103 4807 1232 4864 fecit
1271 4819 1473 4891 vestem
1513 4811 1580 4891 dc
1613 4807 1834 4891 fundato
1865 4825 1986 4891 cum
2026 4825 2179 4891 gam-

612 4877 808 4948 madiis
843 4885 900 4948 et
937 4892 1151 4934 crucem
1178 4894 1244 4932 ex
1269 4887 1494 4948 argento
1525 4887 1671 4934 texto
1702 4894 1882 4931 unam.
1919 4877 2184 4932 Similiter

613 4945 684 4998 ibi
713 4947 826 5018 ipse
867 4946 922 5018 in
953 4949 1201 5018 oratorio
1230 4945 1370 5018 beati
1415 4949 1654 5003 Pastoris
1694 4949 1952 5018 martyris
1979 4957 2182 5003 vestem

633 5016 727 5068 rari
763 5016 920 5069 modo
946 5015 1069 5070 fecit
1094 5033 1275 5072 unam.
1323 5017 1540 5072 Necnon
1581 5027 1635 5072 et
1675 5018 1726 5070 in
1752 5015 1990 5072 oratorio
2012 5018 2183 5072 beatae

635 5084 1060 5157 )eiigenitricis,
1101 5102 1221 5157 quae
1268 5089 1484 5157 ponitur
1529 5089 1594 5140 ad
1641 5087 1956 5152 ambonem,
1993 5089 2182 5142 eodem

614 5152 774 5208 modo
800 5152 928 5208 fecit
954 5152 1155 5210 vestem
1187 5152 1372 5222 unam,
1407 5167 1462 5211 ct
1498 5158 1552 5211 in
1601 5158 1840 5212 oratorio
1867 5166 2065 5211 sanctae
2094 5171 2185 5212 su-

612 5222 962 5344 Rerexaltata:
987 5226 1163 5281 crucis
1192 5224 1320 5281 fecit
1346 5236 1549 5282 vestem
1603 5227 1766 5281 simili
1807 5227 1968 5280 modo
1995 5241 2178 5281 unam.

659 5307 831 5344 ecnon
880 5301 935 5344 et.
973 5294 1026 5344 in
1067 5297 1336 5344 oratorio-
1391 5298 1533 5344 animi
1573 5298 1788 5344 nonitnr
1825 5298 1890 5344 ad
1944 5296 2178 5344 fontem.

659 5307 831 5367 ecnon
880 5301 944 5367 et
973 5294 1026 5348 in
1067 5297 1336 5362 oratorio,
1391 5298 1534 5367 quod
1573 5298 1788 5367 ponitur
1825 5298 1890 5349 ad
1943 5296 2179 5367 fontem,

614 5361 743 5437 fecit
785 5363 1034 5419 similiter
1065 5376 1265 5437 vestem
1307 5361 1467 5420 una'm
1508 5361 1725 5437 etivela
1757 5366 1821 5421 de
1859 5365 2178 5437 quadruplo.

617 5503 626 5512 .
681 5432 952 5512 Ipse_vcro
990 5436 1312 5491 venerabilis
1340 5446 1396 5490 et
1435 5436 1728 5512 praclarus
1767 5432 2010 5505 pontifex
2053 5432 2181 5490 I'écit

613 5503 668 5576 in
698 5502 922 5576 ecclesia
969 5514 1276 5560 sanctorum
1308 5502 1557 5576 quatuor
1582 5502 1974 5561 Coronatorum
2018 5520 2179 5575 super

612 5571 782 5650 altare
811 5571 1010 5640 majore
1042 5585 1246 5650 vestem
1287 5571 1364 5650 de:
1384 5576 1601 5630 fundato
1633 5592 1756 5650 cum
1783 5592 1944 5650 cruce
1964 5576 2028 5650 in
2068 5571 2180 5650 me-

613 5642 736 5704 dio,
780 5647 1223 5717 ct_gammadias,
1251 5655 1306 5698 et
1353 5647 1404 5698 in
1437 5662 1610 5717 gyro
1636 5646 1810 5717 listam
1842 5647 1909 5717 de
1958 5644 2178 5717 fundato

613 5657 736 5704 (ιιο,
780 5657 833 5694 et
862 5657 1223 5765 gammadias,
1251 5657 1306 5698 et
1353 5663 1404 5698 in
1459 5662 1610 5717 gyro
1637 5657 1810 5700 tistam
1842 5657 1909 5700 de
1958 5657 2178 5698 Inndato

613 5725 795 5792 unam;
847 5711 945 5792 lbi
975 5729 1136 5782 supra
1173 5716 1226 5792 in
1249 5716 1488 5792 oratorio
1517 5725 1715 5770 sancta:
1747 5715 1996 5792 ﬁarbarze
2031 5715 2179 5792 simi-

615 5779 738 5834 liter
765 5777 889 5836 fecit
934 5777 1140 5839 vestem
1177 5784 1241 5838 de
1276 5784 1499 5843 fundato
1532 5801 1711 5842 unam.
1747 5785 1814 5840 Et
1855 5786 1908 5840 in
1941 5786 2178 5842 oratorio

2285 4602 2485 4670 egressi
2519 4601 2754 4664 fuerunt,
2778 4613 3022 4670 remeare
3047 4614 3062 4650 :
3089 4598 3181 4652 sed
3203 4614 3334 4652 cura
3361 4614 3424 4670 ac
3449 4599 3626 4670 studio
3667 4598 3868 4654 salluui

2285 4667 2635 4742 prazfulgente
2683 4679 2847 4738 atque
2888 4669 2938 4721 vi
2981 4667 3144 4722 ilante
3191 4669 3424 4737 pastoris
3473 4669 3588 4722 haec
3639 4672 3870 4726 minime

2285 4742 2543 4790 nerficcre
2594 4719 2901 4790 nt’tnerttnl.
2937 4684 3142 4790 'isamen
3194 4746 3254 4790 ut
3310 4736 3493 4790 fideles
3535 4739 3593 4790 in
3631 4738 3868 4790 Domino

2284 4719 3142 4812 genista."patentis;"fama;
3193 4719 3868 4812 at“'iaagg*i.i._o;sia;;a

2286 4805 2516 4880 amplius
2560 4805 2980 4880 tiilelinresjure
3013 4807 3271 4880 existant,
3311 4818 3370 4862 et
3400 4807 3544 4880 illius
3579 4809 3756 4877 signa,
3803 4826 3870 4862 ac

2285 4876 2520 4934 venerati
2544 4880 2589 4930 la
2627 4877 2882 4930 miracula
2915 4891 2979 4929 ex
3021 4884 3139 4929 vetc
3173 4876 3292 4930 ibus
3336 4878 3543 4930 noviter
3575 4876 3867 4934 emanasse

2287 4966 2396 5004 non
2425 4949 2689 5008 dubitent,
2718 4963 2746 4999 a
2775 4944 3038 5015 principio
3080 4945 3467 5016 recensendum
3487 4956 3590 5002 est
3616 4948 3750 5016 quid
3797 4951 3866 5001 de

2285 5019 2366 5072 eis
2394 5019 2572 5072 divina
2612 5017 2799 5069 eodem
2839 5023 3080 5082 tempore
3122 5015 3491 5070 misericordia
3542 5015 3868 5070 mirabiliter

2286 5089 2396 5158 egit
2435 5087 2762 5158 quantisque
2796 5084 3056 5158 miseriis
3081 5093 3244 5158 atque
3291 5085 3694 5158 calamitatibus
3735 5103 3868 5158 gens

2285 5153 2371 5211 illa
2397 5153 2648 5226 pestifera
2680 5155 2870 5226 luerito
2893 5153 3117 5226 protrita
3141 5153 3345 5221 dilapsa
3364 5163 3468 5226 est.
3493 5153 3862 5226 Quamobrem

2284 5221 2568 5305 pristinum
2597 5221 3003 5305 reminiscentes
3030 5221 3270 5286 lucrum,
3313 5222 3398 5277 vel
3427 5224 3668 5305 pnedam
3699 5241 3862 5305 quam

2285 5293 2546 5358 iecerant,
2578 5293 2926 5362 multiplicata
2955 5293 3150 5346 iterum
3177 5306 3554 5361 perversurum
3583 5293 3860 5348 hominum

2285 5381 2444 5419 manu
2464 5406 2478 5428 ,
2522 5361 2808 5433 multisque
2835 5362 3212 5433 cuingnavibus
3233 5361 3300 5433 ad
3327 5363 3516 5433 urbem
3544 5379 3861 5433 expugnau-

2283 5435 2407 5489 dam
2433 5430 2737 5487 Romanam
2756 5431 3069 5486 duodecima
3104 5430 3396 5490 indictione
3433 5430 3863 5501 vigente'vcnine

2281 5504 2573 5558 crudeliter
2598 5507 2970 5570 decreverunt.

2355 5573 2638 5642 Multisque
2655 5573 2814 5626 etiam
2839 5568 3026 5642 diebus
3043 5569 3105 5642 in
3125 5569 3244 5624 loco
3264 5570 3354 5642 qui
3379 5568 3648 5642 Tozarnm
3667 5572 3863 5635 dicitur

2277 5642 2429 5712 juxta
2471 5639 2700 5712 insulam
2727 5640 3029 5696 Sardiniam
3075 5640 3336 5712 demorati
3367 5647 3514 5693 sunt.
3557 5639 3756 5712 Aqua
3782 5642 3860 5692 di-

2281 5709 2452 5783 gressi
2476 5711 2542 5766 ad
2565 5712 2861 5783 Romanum
2885 5717 3118 5780 portum,
3145 5709 3252 5765 Deo
3279 5709 3394 5764 illos
3417 5725 3524 5764 non
3547 5711 3855 5781 adjuvanle,

2281 5782 2467 5840 venire
2488 5782 2661 5839 conati
2684 5789 2823 5837 sunt.
