4078 6340
285 363 396 422 649

281 475 384 532 sed
404 473 765 546 undecunque
787 471 1002 546 valebat
1041 469 1290 546 colligere
1315 467 1558 546 homines
1571 463 1652 546 .ad
1675 477 1864 546 eorum

281 545 550 616 auxilium
595 553 650 600 et
672 535 938 616 fsolatium
957 609 970 616 _
989 535 1250 616 invitabat
1267 556 1282 604 ;
1297 609 1308 616 _
1325 539 1446 610 plus
1499 535 1862 616 defensionem

283 615 518 688 diligens
547 613 772 684 patriae,
829 609 1090 688 et__plebis
1135 609 1482 688 securitatem
1519 609 1864 688 cumulissaz,

283 673 452 752 quain
479 673 626 754 lucra
653 673 966 754 temporalia
993 691 1048 754 et
1073 681 1294 742 caduca,
1321 693 1420 748 pro
1447 677 1644 754 quibus
1669 673 1866 754 inuitos

275 745 396 824 jam
427 753 712 810 recolimus
739 745 904 824 vitam
931 751 1136 824 pariter
1161 757 1216 802 et
1249 745 1638 818 possessiones,
1669 745 1864 814 quibus

285 819 718 889 delectabantur,
735 819 947 892 jugiter‘
967 819 1232 876 amisisse.

643 933 746 988 Leo
787 941 992 1004 reparat
1023 933 1174 988 urbes
1215 931 1492 1004 quasdam.

357 1047 608 1104 Posthac
647 1047 876 1116 denique
901 1045 1102 1112 omnia,
1129 1061 1248 1116 quae
1275 1046 1520 1116 superius
1545 1044 1698 1116 brevi
1727 1041 1866 1114 stylo

281 1127 546 1176 contexta
589 1125 734 1182 sunt,
771 1115 880 1172 alia
917 1131 1024 1172 non
1077 1115 1358 1171 dissimilia
1407 1115 1604 1184 praesul
1649 1123 1866 1184 sanctus

285 1203 356 1242 ac
389 1187 712 1242 venerabilis
759 1188 892 1241 satis
941 1201 1110 1240 ovans
1155 1187 1361 1256 peregit
1405 1183 1684 1256 opuscula.
1731 1183 1866 1238 Nam

285 1257 544 1312 Hortante
571 1267 630 1312 et
667 1257 936 1310 Amerina:
967 1257 1120 1310 valde
1160 1255 1508 1324 antiquarum
1561 1255 1864 1318 civitatum,

283 1343 520 1398 quarum
561 1327 713 1398 muri
727 1341 790 1380 ac
810 1335 986 1398 portae
1019 1339 1132 1398 prie
1159 1325 1324 1380 nimia
1351 1333 1622 1398 vetustate
1657 1333 1864 1398 tempo-

283 1391 412 1451 fum
437 1409 610 1464 usque
651 1396 718 1450 ad
745 1391 918 1450 εοιίιιη
961 1391 1292 1462 ceciderant,
1338 1403 1394 1450 et
1424 1395 1672 1464 funditus
1701 1391 1866 1446 desti-

283 1463 745 1536 tutaemanebant,
769 1481 906 1536 quas
927 1465 1084 1536 modo
1109 1465 1274 1530 fures,
1310 1463 1468 1536 modo
1497 1465 1732 1536 latrones
1767 1477 1864 1536 pa-

281 1535 528 1590 tentibus
551 1535 732 1600 aditis,
765 1531 910 1589 nullo
939 1535 1222 1590 resistente
1251 1535 1494 1598 custode,
1537 1531 1746 1587 facilius
1779 1533 1864 1586 in-

281 1605 694 1674 grediebantur,
729 1605 844 1674 ipse
867 1607 1002 1660 adeo
1035 1605 1414 1660 solertissimus
1437 1603 1632 1674 praesul
1661 1611 1868 1674 tantam

279 1673 488 1746 civium
515 1673 1148 1746 prtedictarum‘urbium
1193 1689 1526 1746 cognoscens
1575 1673 1864 1737 incuriam,

281 1745 504 1798 easdem
527 1759 662 1812 quas
689 1743 1136 1814 pmtitulavimus
1157 1743 1402 1814 civitates
1431 1745 1648 1798 hortatu
1673 1757 1770 1814 suo
1801 1755 1865 1814 ac

1569 349 1840 408 NOTlTlA
1877 347 2258 406 IllSTORICA.

1892 481 1942 530 Α

3431 341 3536 396 650

2585 455 2736 510 Dona
2785 457 2910 512 alia.

2041 569 2096 606 ιη
2119 549 2348 606 ecclesia
2375 553 2569 616 autem,
2595 555 2792 600 sancta:
2823 545 2916 616 Dei
2947 544 3261 616 genitricis,
3297 559 3418 616 quae
3443 559 3540 614 po-

1967 622 2114 676 nitur
2161 621 2216 674 in
2265 619 2384 674 vico
2437 615 2730 672 Sardorum
2777 613 3030 670 milliario
3063 615 3132 668 ab
3181 613 3326 668 urbe
3367 613 3540 670 Roma

1967 689 2268 762 trigesimo,
2298 695 2526 762 quatuur
2554 685 2850 762 caiholicos
2891 685 3058 762 librps
3091 683 3324 762 _obtulit,
3373 699 3538 762 unum

1965 753 2400 830 Evangelio'ru-m,
2439 757 2600 830 alium
2628 753 3344 830 ileguorum,Psalniorumz
3377 761 3542 830 atque

1965 823 2308 886 Semnonum.
2361 823 2416 882 In
2467 823 2888 880 ecclesia'beati
2951 823 3164 878 Martini
3215 823 3542 878 confessoris

1965 909 2128 970 atque
2179 897 2451 970 pontificis
2497 891 2628 950 foris
2679 903 2890 964 portam
2925 893 3068 948 beati
3117 891 3262 946 Petri
3309 893 3540 970 apostoli

1965 961 2096 1026 fecit
2131 961 2352 1026 calicem
2397 967 2464 1022 de
2513 961 2734 1036 argento
2773 979 2938 1018 unum
2963 979 3086 1036 cum
3115 961 3376 1036 cat_enulis
3403 979 3542 1036 pen-

1965 1049 2174 1095 santem
2205 1039 2368 1094 libras
2391 1031 2624 1104 quatuor
2643 1075 2658 1098 ,
2686 1039 2740 1104 et
2767 1037 2954 1088 uncias
2977 1033 3147 1104 duast
3179 1033 3250 1104 Et
3281 1032 3336 1104 in
3365 1031 3542 1104 eccle-

1967 1112 2044 1166 sia
2073 1119 2382 1164 sanctorum
2412 1101 2652 1174 quatuor
2679 1101 3072 1174 Coronatorum
3123 1101 3252 1156 fecit
3299 1101 3536 1174 thymia-

1967 1179 2190 1236 materia
2223 1179 2330 1234 duo
2373 1171 2454 1232 ex
2477 1181 2700 1244 argento
2745 1173 3094 1244 mundissimo
3141 1171 3426 1244 pensantia
3471 1171 3538 1226 li-

1965 1251 2094 1306 bras
2119 1249 2272 1314 duas,
2303 1255 2358 1302 et
2383 1241 2602 1314 unciam
2641 1257 2824 1314 unam.
2851 1241 3026 1298 Simili
3065 1243 3224 1314 modo
3255 1249 3310 1314 et
3351 1243 3408 1296 in
3451 1257 3542 1296 ec-

1967 1319 2130 1375 clesia
2153 1309 2324 1376 beatae
2350 1313 2654 1370 Petroniilae
2683 1313 2814 1368 fecit
2847 1323 3025 1368 vestes
3061 1315 3127 1366 de
3155 1309 3378 1366 fundato
3405 1320 3538 1376 tres,

1967 1399 2022 1444 et
2041 1390 2156 1444 vela
2205 1387 2484 1444 duodecim
2513 1425 2528 1450 ,
2577 1391 2808 1454 quatuor
2837 1383 3054 1454 quidem
3091 1381 3158 1438 de
3201 1381 3447 1448 fundato,
3483 1393 3542 1438 et

1969 1469 2079 1530 tres
2117 1459 2184 1514 de
2221 1457 2490 1530 spanisco,
2519 1461 2574 1530 et
2596 1453 2738 1508 linea
2767 1453 3024 1530 quinque.

2039 1529 2170 1583 Nam
2189 1521 2266 1584 ret'
2281 1529 2338 1582 in
2380 1525 2608 1580 ecclesia
2633 1521 2968 1594 sanctie_Dei
2999 1521 3276 1594 genitricis
3319 1521 3500 1594 Maria:
3521 1561 3540 1588 ,

1969 1614 2129 1668 quam
2159 1599 2272 1668 ipse
2311 1595 2656 1668 beatissimus
2699 1591 2938 1668 pontifex
2979 1591 3398 1668 a'fuudamentis
3449 1607 3542 1668 su-

1969 1661 2066 1740 pra
2113 1661 2351 1740 scholam
2394 1665 2670 1740 Saxonum
2705 1661 2930 1740 'noviter
2962 1661 3298 1740 construxit,
3321 1663 3544 1740 _obt_ulit

1969 1731 2148 1794 vestes
2190 1739 2256 1794 de
2283 1735 2508 1792 fundato
2537 1741 2676 1790 tres.
2723 1741 2780 1788 et
2803 1731 2918 1788 vela
2948 1731 3196 1790 similiter
3223 1733 3288 1788 de
3313 1731 3540 1788 fundato

279 1815 470 1884 studio
492 1811 660 1868 muris
683 1811 836 1868 novis
857 1815 1134 1884 portisque
1163 1813 1434 1882 prioribus
1457 1815 1678 1884 minime
1705 1811 1864 1868 dissi—
1891 1815 1940 1876 B
1967 1821 2215 1884 quatuor.

281 1883 508 1938 milibus
533 1885 604 1937 ad
639 1883 926 1954 pristinum
967 1883 1142 1954 locum
1179 1891 1486 1954 statumque
1524 1883 1696 1954 gratia
1745 1897 1867 1954 cor—

281 1955 572 2008 roboratus
599 1953 780 2008 divina
811 1953 1042 2008 reduxit.
1067 1953 1122 2006 ln
1161 1953 1354 2022 quibus
1381 1953 1540 2008 modo
1565 1953 1870 2008 civitatibus

281 2023 528 2078 exaratis
563 2025 710 2078 cives
735 2033 788 2078 et
827 2025 896 2078 ab
939 2023 1282 2078 inimicorum
1325 2023 1534 2078 insidiis
1561 2023 1752 2077 melius
1779 2035 1868 2076 se-

281 2093 406 2148 curi
431 2093 752 2156 inhabitant,
789 2103 844 2148 et
885 2093 1032 2148 fures
1063 2109 1126 2146 ac
1147 2091 1408 2158 latrones,
1449 2099 1508 2146 ut
1531 2093 1734 2148 dictum
1763 2101 1870 2160 est,

281 2161 488 2216 clausis
525 2163 696 2234 muris
737 2177 802 2218 ac
829 2163 1002 2234 portis
1029 2161 1236 2234 nullum
1281 2163 1534 2234 damnum
1561 2171 1616 2216 et
1643 2161 1866 2234 furtum,

443 2233 690 2288 noctibus
731 2231 1002 2304 quamque
1045 2233 1254 2300 diebus,
1283 2233 1352 2288 de
1401 2241 1596 2288 caetero
1621 2231 1872 2288 valebant

281 2317 342 2356 tn
367 2317 510 2356 erre.

279 2317 510 2360 interre.

745 2391 898 2448 Dona
937 2393 1166 2448 ecclesiis
1195 2391 1406 2448 collata.

355 2505 680 2578 Hisrautem,
707 2515 770 2578 ut
809 2507 1126 2577 praedictum
1163 2517 1269 2574 est,
1299 2507 1582 2578 diligenter
1621 2507 1868 2578 expletis,

281 2573 420 2632 fecit
461 2577 514 2630 in
553 2577 784 2634 ecclesia
809 2573 1136 2632 sanctorum
1191 2573 1424 2646 quatuor
1475 2573 1868 2634 Coronatorum

279 2661 514 2718 regnum
559 2661 626 2718 ex
675 2663 810 2702 auro
843 2647 1132 2718 purissimo
1179 2663 1370 2718 unum,
1419 2649 1658 2716 pendens
1707 2661 1870 2718 super

277 2715 460 2772 altare
501 2715 690 2784 majus,
725 2715 859 2776 cum
893 2717 1158 2772 cateuulis
1205 2715 1456 2772 similiter
1485 2719 1688 2782 aureis,
1723 2715 1868 2772 scul-

281 2787 476 2858 ptilem
505 2785 712 2842 habens
741 2787 794 2840 in
833 2787 1010 2858 medio
1035 2801 1254 2842 crucem
1303 2803 1544 2852 auream,
1577 2787 1866 2858 habentem

177 2857 186 2868 ’
277 2857 530 2928 gemmas
551 2857 980 2928 quatuordeCim,
1015 2871 1084 2912 ex
1105 2859 1300 2928 quibus
1325 2859 1562 2928 quinque
1587 2859 1642 2912 in
1677 2857 1868 2913 eadem

279 2927 446 2996 cruce
497 2927 654 2994 lixas,
691 2935 746 2982 et
777 2927 910 2982 alias
957 2943 1076 2996 qum
1131 2927 1353 2980 ibidem
1381 2927 1618 2996 pendent
1649 2941 1864 2982 novem.

281 2995 400 3052 Sex
427 2997 646 3067 quidem
675 2997 844 3060 albas,
879 3005 934 3052 et
975 2995 1353 3067 hyacinthinas
1385 2995 1496 3052 tres
1519 3037 1534 3062 ,
1577 3005 1868 3066 pensantes

281 3066 446 3122 simul
477 3067 664 3122 libram
694 3083 882 3132 unam,
909 3075 966 3122 et
1007 3066 1172 3122 Semis
1216 3067 1422 3122 uncias.
1461 3067 1682 3122 Necnon
1713 3077 1767 3122 et
1811 3067 1866 3122 in

281 3135 510 3190 basilica
535 3147 734 3192 sanctae
757 3137 850 3208 Dei
877 3137 1154 3208 genitricis
1181 3135 1362 3208 Maria;
1387 3137 1627 3208 domina:
1643 3145 1860 3202 nostrae,

281 3221 410 3276 quas
441 3207 658 3274 ponitur
701 3208 754 3260 in
783 3205 904 3260 vico
951 3205 1262 3268 Sardorum,
1313 3205 1508 3262 obtulit
1551 3207 1774 3262 calicem
1808 3215 1864 3261 et

277 3277 638 3358 patenamde
663 3285 890 3358 argento
913 3287 1192 3358 exoratam
1225 3291 1326 3344 par
1349 3293 1534 3340 unum,
1559 3277 1768 3358 legente
1797 3277 1863 3358 de

281 3345 510 3400 nomine
537 3345 746 3400 domini
761 3345 960 3400 Leonis
987 3347 1166 3414 quarti
1192 3361 1366 3416 papze,
1389 3345 1668 3416 pensantia
1704 3345 1864 3402 simul

281 3417 344 3472 in
367 3431 536 3470 unum
565 3416 732 3486 libras
753 3425 984 3486 quatuor
1003 3425 1058 3470 et
1079 3417 1266 3470 uncias
1293 3417 1550 3486 quinque.
1575 3417 1694 3486 Ipse
1733 3417 1864 3472 insi-

279 3486 408 3558 gnis
447 3485 750 3558 praesulquc
770 3485 1132 3558 praecipuus,
1165 3501 1295 3558 cuni
1314 3485 1321 3486 “
1341 3485 1622 3558 innumera
1645 3486 1862 3558 summi

279 3555 502 3628 decoris
527 3555 690 3625 opera
720 3557 776 3610 in
796 3555 1030 3610 basilica
1055 3555 1220 3628 _beati
1265 3555 1410 3610 Petri
1432 3557 1582 3628 geteli
1609 3557 1864 3628 clavigeri

279 3623 628 3696 perfecisset,
655 3633 838 3696 portas
867 3641 1002 3696 quas
1035 3625 1378 3682 destruxerat
1425 3625 1698 3682 Saracena
1737 3623 1864 3696 pro-

281 3695 496 3766 genies,
521 3695 852 3766 argentoque
886 3695 1160 3766 nudarat,
1193 3697 1386 3758 erexit,
1437 3695 1862 3765 niultisque’ar-

283 3765 498 3836 gengteis
543 3765 782 3830 tabulis,
837 3765 1066 3820 lucifluis
1095 3803 1110 3830 ,
1173 3767 1572 3836 salutiferisque
1623 3768 1864 3822 historiis

285 3833 850 3906 Sculptisgdecoravit,
895 3843 952 3889 et
993 3837 1044 3890 in
1093 3835 1368 3890 meliorem
1419 3833 1650 3906 speciem
1701 3853 1864 3906 quam

283 3904 500 4028 Eridem
523 3903 758 3972 fuerant,
789 3907 1076 3975 reparavit,
1105 3915 1162 3960 ut
1197 3921 1388 3960 omnes
1411 3903 1500 3974 qui
1535 3909 1586 3960 in
1613 3903 1862 3962 eamdem

325 3973 572 4028 asilieam
623 3975 830 4028 ingredi
863 3975 1080 4028 volunt.
1123 3975 1310 4028 laudes
1351 3977 1460 4028 Deo
1505 3977 1862 4028 omnipotenti

325 3973 572 4028 asilieam
623 3975 830 4046 ingredi
851 3973 1080 4046 'volunt,
1123 3975 1310 4046 laudes
1351 3973 1460 4032 Deo
1505 3977 1864 4046 omnipotenti

285 4053 590 4114 sanctoque
615 4043 712 4100 suo
749 4045 1058 4114 prtesulatui
1085 4043 1342 4110 referant,
1371 4055 1426 4099 et
1453 4043 1763 4114 exposcam,
1807 4053 1868 4100 ut

285 4115 358 4168 ad
402 4115 568 4168 multa
617 4131 880 4170 annorttm
927 4115 1196 4170 curricula
1227 4115 1338 4170 vita
1387 4131 1482 4170 sua
1525 4117 1864 4180 extendatur,

283 4185 382 4306 qui
409 4185 542 4238 tanti
565 4184 787 4255 fulgoris
811 4201 994 4255 opere,
1021 4193 1276 4252 tantoque
1297 4185 1710 4254 pulchritudinis
1735 4203 1868 4256 pon-

325 4269 424 4306 ere
449 4255 626 4306 aulam
659 4257 752 4306 Dei
797 4265 1020 4306 argento
1045 4265 1304 4306 pensante
1335 4255 1498 4306 libras
1527 4257 1867 4306 septuaginta

325 4269 424 4308 ere
449 4255 626 4326 aulam
659 4257 752 4310 Dei
797 4265 1020 4326 argento
1045 4265 1304 4324 pensante
1335 4255 1498 4310 libras
1527 4255 1868 4326 septuaginta

283 4325 526 4394 ornavit.
573 4325 672 4391 Qui
709 4325 952 4380 summus
979 4329 1198 4393 Deoquc
1241 4325 1490 4380 amabilis
1524 4341 1658 4394 papa
1695 4325 1746 4380 in
1777 4341 1868 4381 ex-

285 4393 448 4466 ordio
493 4395 574 4448 sui
607 4397 886 4464 pontificii,
920 4411 1040 4450 cum
1073 4395 1314 4466 porticus
1337 4397 1508 4464 partis
1537 4393 1680 4450 laeva:
1725 4397 1868 4450 beati

283 4463 436 4534 Petri
465 4481 574 4534 pra!
601 4463 764 4519 nimia
795 4463 1353 4520 vetustale'basilicae
1377 4467 1679 4532 cecidisset,
1703 4465 1868 4522 celeri

285 4533 475 4590 studio
497 4535 808 4605 praeclarius
833 4537 1130 4592 renovavit.

677 4649 938 4704 Ecclesiae
981 4649 1170 4704 multas
1217 4651 1496 4706 exstruxit.

363 4747 498 4802 Nam
522 4759 574 4804 et
603 4751 772 4820 ipsius
801 4751 1084 4820 praecipua:
1124 4751 1364 4806 ecclesiae
1401 4761 1544 4806 sarta
1589 4759 1732 4806 tecta
1761 4767 1874 4806 ma-

287 4821 416 4892 gnis
465 4821 1074 4892 trabibusiprocacique
1121 4823 1351 4876 artificio
1393 4823 1614 4877 elevatis
1663 4823 1873 4876 luciliue

289 4891 594 4962 renovavit.
631 4891 770 4962 Quin
799 4893 958 4946 etiam
985 4893 1268 4962 porticum,
1299 4907 1418 4962 qua:
1449 4895 1618 4948 sancti
1643 4891 1874 4946 Andreae

289 4961 534 5014 cohmret
569 4961 832 5026 ecclesiae,
857 4961 1329 5016 cut‘n’cerneretur’
1351 4979 1564 5028 casura,
1597 4965 1648 5016 in
1679 4963 1868 5016 melius

289 5029 510 5084 noviter
537 5033 893 5102 restauravit.
910 5031 1018 5102 Sed
1043 5041 1096 5086 et
1125 5047 1412 5094 cameram,
1439 5049 1558 5102 quae
1592 5043 1716 5086 ante
1739 5047 1868 5102 por-

289 5109 384 5172 t_as_
416 5109 702 5172 argenteas
725 5101 836 5172 jam
867 5101 1024 5156 dicta:
1067 5103 1202 5156 aula:
1249 5117 1370 5157 esse
1403 5101 1752 5172 conspicitur,
1783 5103 1868 5156 in-

291 5169 450 5223 ﬁnito
499 5169 668 5225 fretus
705 5169 890 5226 amore
937 5187 1202 5226 renovans
1231 5169 1634 5226 decoravitflit
1677 5173 1870 5226 multas

289 5239 396 5310 piae
421 5241 754 5308 operationis
779 5241 830 5294 in
859 5241 1048 5296 eadem
1072 5241 1250 5310 specie
1271 5241 1532 5298 ceclesias
1559 5243 1702 5306 fecit,
1735 5257 1870 5310 quas

289 5309 338 5362 si
389 5311 672 5382 scripiurze
719 5311 932 5366 tradere
985 5309 1342 5382 voluerimus,
1405 5313 1586 5382 lingua
1643 5309 1870 5368 narrare

291 5394 402 5434 non
453 5377 714 5446 sufliciet,
743 5389 798 5435 et
827 5395 928 5436 nec
961 5381 1310 5436 scribentium
1357 5377 1610 5438 valebunt
1657 5383 1870 5438 articuli

289 5449 584 5522 sustinere.
626 5449 772 5522 Cum
838 5465 968 5522 ergo
1027 5465 1126 5522 per
1170 5451 1414 5508 diversas
1473 5453 1564 5508 Dei
1613 5451 1874 5508 ecclesias

289 5519 477 5594 multa
513 5519 798 5594 perficeret
851 5519 1080 5592 insignia
1133 5523 1482 5594 operatipse
1535 5523 1876 5594 beatissiums

289 5587 545 5662 pontifex,
585 5591 876 5661 porticum,
905 5587 1026 5662 qua:
1063 5587 1188 5646 ante
1225 5587 1500 5648 basilicam
1549 5603 1748 5648 sanctie
1783 5593 1876 5648 Dei

289 5661 578 5732 genitricis
604 5662 874 5726 consistit,
897 5661 1018 5732 quae
1041 5663 1192 5732 juxta
1235 5663 1510 5718 basilicam
1539 5664 1710 5718 sancti
1739 5663 1882 5726 Lau-_

291 5731 456 5784 rentii
479 5731 610 5812 .sita
645 5741 730 5786 est
775 5731 927 5787 foris
957 5731 1164 5800 muros,
1197 5733 1396 5790 clarius
1439 5749 1502 5790 ac
1545 5733 1750 5790 firmius
1789 5751 1876 5792 rc-

291 5809 490 5856 novavt
501 5809 538 5856 ι.

617 5897 890 5959 Parnm.
953 5897 1146 5960 CXV.

1893 4513 1948 4572 D

2045 1880 2188 1934 idem
2217 1877 2558 1934 beatissimus
2599 1875 2844 1946 pontifex
2881 1873 3008 1930 fecit
3049 1873 3104 1926 in
3145 1871 3368 1946 basilica
3397 1873 3542 1946 beati

1973 1949 2118 2025 Petri
2167 1948 2391 2025 apostoli
2435 1943 2636 2025 cereos
2681 1945 3096 2025 deargentatas,
3153 1943 3246 2010 qui
3291 1953 3436 2025 stant
3463 1945 3544 2025 .in

1973 2015 2310 2092 presbyterio
2339 2033 2564 2092 numero
2588 2015 2854 2092 vigintiet
2879 2023 3108 2092 septem,
3137 2021 3426 2092 pensantes
3463 2015 3545 2068 in-

1974 2083 2326 2146 simul'libras
2355 2083 2731 2158 quadraginta.
2757 2083 2896 2158 Nam
2917 2093 2972 2158 et
2999 2085 3182 2139 trabes
3215 2083 3268 2138 in
3295 2083 3544 2158 ingressu

1971 2169 2028 2216 et
2053 2161 2108 2214 iu
2139 2159 2316 2216 medio
2343 2155 2662 2228 presbyterii
2705 2155 2982 2228 investivit
3017 2167 3084 2208 ex
3113 2163 3338 2224 argento
3359 2155 3544 2228 puris-

1973 2231 2112 2286 simo
2143 2225 2402 2300 pensante
2431 2225 2597 2282 libi-as
2625 2225 2904 2300 sexaginta
2929 2231 2982 2278 et
3007 2231 3236 2300 septem,
3261 2233 3318 2278 et
3355 2225 3546 2280 uncias

1973 2309 2104 2356 tres.
2139 2295 2272 2356 Cum
2299 2307 2478 2354 autem
2501 2311 2748 2366 superna:
2769 2295 2900 2350 ’zclo
2921 2295 3110 2364 patria:
3139 2295 3390 2366 incensus
3419 2311 3544 2364 spe-

1973 2371 2138 2428 ciosis
2163 2369 2380 2440 Christi
2409 2383 2502 2440 per
2531 2363 2774 2440 ordinem
2797 2363 3016 2440 ornaret
3041 2363 3274 2440 metallis
3299 2381 3364 2440 ac
3385 2363 3548 2440 eruat

1971 2441 2168 2496 mentis
2195 2433 2470 2502 ecclesias,
2511 2445 2634 2506 post
2657 2433 2786 2490 fecit
2814 2433 2918 2488 alia
2947 2433 3114 2490 multa
3145 2435 3200 2488 in
3249 2435 3368 2488 aula
3397 2435 3546 2490 beati

1971 2511 2118 2566 Petri
2147 2509 2372 2580 apostoli
2401 2507 2660 2576 principis
2671 2521 2701 2580 _;_
2719 2519 2974 2560 coronam
2987 2517 3070 2580 _ex
3111 2513 3334 2574 argento
3351 2507 3546 2580 puris-

1971 2581 2110 2638 simo
2137 2573 2298 2634 unam
2325 2573 2446 2634 cum
2469 2573 2736 2632 catenulis
2761 2573 3032 2644 argenteis
3065 2573 3316 2642 quatuor,
3351 2573 3550 2630 liahen~

1971 2661 2082 2705 tem
2105 2649 2388 2720 delphinos
2413 2645 2766 2720 quadraginta
2804 2653 2858 2698 et
2885 2645 3036 2708 duos,
3069 2645 3548 2720 pensaiitia_situui

1971 2721 2138 2776 libras
2177 2711 2387 2790 viginti
2407 2711 2648 2790 e't_tres.'
2671 2713 2768 2768 Hic
2801 2727 3016 2790 queque
3047 2711 3312 2790 pontifex,
3343 2713 3547 2790 Christi

1971 2805 2186 2860 semper
2215 2783 2426 2860 auxilio
2453 2785 2742 2860 fretus,_ac
2787 2783 3042 2860 divinitus
3071 2783 3384 2860 inspiratus,
3415 2783 3548 2860 fecit

1971 2861 2026 2914 in
2059 2853 2288 2914 circuitu
2313 2857 2500 2912 altaris
2521 2855 2664 2928 beati
2707 2853 2850 2928 P_etri
2879 2853 3110 2928 apustoli
3135 2853 3250 2928 vela
3279 2855 3450 2928 serica
3477 2853 3546 2910 de

1969 2931 2202 3002 prasiuo‘
2239 2935 2490 3002 quatuor,
2535 2921 2786 3002 habentia
2825 2921 3033 3002 tabulas
3080 2923 3153 3002 de
3191 2923 3547 3002 chrysoclavn

1969 2991 2094 3056 cum
2124 2991 2296 3070 efﬁgie
2321 2997 2616 3070 Saivatoris
2637 3003 2693 3050 et
2725 2991 3090 3070 apustolorum
3115 2991 3258 3070 Petri
3290 2991 3342 3048 et
3369 2993 3544 3058 Pauli,

1969 3080 2023 3126 et
2045 3071 2128 3126 sui
2157 3063 2324 3138 ipsius
2363 3065 2580 3138 almilici
2607 3063 2868 3138 praesulis,
2899 3069 2954 3116 et
2979 3063 3236 3138 mmedio
3261 3079 3458 3138 cruces
3491 3077 3549 3118 et

1969 3131 2302 3212 gammadias
2331 3139 2398 3194 de
2427 3131 2774 3212 cltrysoelavo
2803 3147 2926 3212 cum
2965 3131 3242 3212 orbiculis,
3269 3133 3324 3212 iu
3353 3135 3548 3212 quibus

1967 3201 2092 3266 sunt
2128 3211 2388 3282 imagines
2413 3201 2778 3282 apostoiorum
2809 3203 2962 3282 mira}
2989 3201 3414 3282 pulchritudinis
3439 3206 3544 3282 tle-

1967 3288 2200 3344 roratas,
2237 3273 2364 3350 qua:
2413 3273 2466 3332 iii
2515 3275 2704 3332 diebus
2737 3273 2890 3329 festis
2935 3273 3004 3328 ad
3039 3273 3290 3328 decorem
3343 3273 3546 3330 ibidem

1965 3351 2401 3424 suspenduntur.‘
2465 3419 2476 3424 _
2563 3417 2616 3424 __
2853 3413 2887 3424 ..
3021 3413 3034 3424 .
3133 3413 3166 3424 ..
3213 3395 3256 3424 -.
3315 3414 3330 3424 .
3407 3409 3430 3424 ..

2035 3413 2159 3474 Pari
2187 3421 2348 3474 modo
2377 3419 2507 3476 fecit
2527 3417 2618 3472 ubi
2639 3429 2798 3476 supra
2819 3413 2924 3468 alia
2955 3413 3072 3470 vela
3101 3413 3218 3468 alba
3241 3413 3544 3474 holosé'rica

1965 3499 2147 3546 rosata
2203 3505 2326 3545 cum
2377 3489 2632 3546 cancellis
2687 3483 2940 3540 decorata
3001 3483 3266 3556 mirifice,
3331 3488 3546 3556 pascha:

1963 3559 2344 3615 obumbranlia
2407 3573 2580 3614 sacra.
2663 3556 2880 3612 Necnon
2935 3563 2992 3610 et
3063 3555 3226 3610 aliam
3290 3555 3548 3610 enronam

1963 3631 2234 3686 minorem
2283 3629 2484 3684 ibidem
2529 3627 2724 3684 obtulit
2777 3641 2900 3680 cum
2957 3625 3220 3680 catenulis
3269 3625 3570 3694 quatuor,'

1963 3709 2020 3754 et
2065 3699 2330 3768 delphinis
2359 3699 2566 3762 decem,
2609 3697 2900 3768 habentem
2949 3695 3118 3749 lilium
3159 3704 3214 3750 et
3247 3695 3546 3768 _uucinu_m,

1963 3763 2246 3840 pensantia
2307 3769 2474 3826 libras
2523 3769 2678 3822 duas.
2724 3765 2902 3840 ilujus
2959 3763 3548 3840 namque‘beatissimi

1965 3833 2212 3910 praesulis
2237 3841 2448 3910 animus
2477 3853 2690 3910 semper
2723 3833 2832 3910 Deo
2871 3833 3122 3890 devotus'
3137 3833 3380 3910 existens
3425 3851 3548 3910 pre-

1967 3905 2122 3964 tiosis
2163 3908 2292 3964 Jesu
2337 3909 2538 3966 Christi
2563 3905 2826 3962 ecclesias
2857 3905 3196 3976 ornamentis
3237 3905 3444 3976 ingenti
3475 3908 3548 3962 ob

1965 3989 2182 4034 internas
2209 3981 2334 4034 vitae
2361 3979 2586 4036 salutem
2635 3977 2894 4032 decorare
2939 3975 3190 4030 studebat
3219 3975 3406 4030 amore
3437 3993 3450 4030 :
3492 3987 3550 4032 et

1967 4049 2110 4119 quod
2143 4049 2318 4104 nullus
2345 4063 2732 4119 przecessorum
2755 4047 2870 4119 ejus
2897 4045 3220 4119 pontificum
3249 4045 3430 4119 facere
3459 4063 3550 4100 ar-

1967 4067 2110 4119 quoa
2143 4067 2318 4104 nuuus
2385 4067 2732 4104 FIBCQSSOI'UIII
2755 4067 2870 4116 ('JIIS
2907 4067 3220 4114 pOIlllllClllll
3249 4067 3430 4100 tacere
3459 4067 3546 4100 ar-

1967 4121 2198 4174 bitratus
2225 4067 2430 4196 est,l_:ic
2461 4127 2648 4174 sancto
2669 4115 3040 4186 proculdubio
3063 4115 3272 4196 Spiritu
3291 4113 3546 4196 fervens,

1967 4197 2130 4260 atque
2157 4191 2486 4260 compulsus,
2506 4203 2754 4260 coronas
2785 4201 2852 4240 ex
2875 4201 3008 4240 auro
3045 4187 3428 4260 mundissimo,
3454 4187 3550 4260 in-

1969 4255 2126 4330 clytis
2151 4255 2350 4330 Christi
2379 4259 2633 4330 videlicci
2673 4265 2728 4312 et
2769 4265 3078 4330 sanctorum
3125 4255 3360 4330 vultibus
3387 4257 3548 4330 reful-

1969 4325 2176 4400 gentes,
2201 4329 2318 4384 fieri
2349 4331 2400 4384 iu
2433 4327 2792 4400 apostolorum
2839 4325 3098 4400 principis
3127 4325 3270 4382 Petri
3319 4327 3552 4382 ecclesia

1963 4395 2120 4470 juxta
2147 4399 2318 4454 altare
2355 4395 2594 4470 sub'quo
2627 4397 2742 4466 ejus
2771 4395 3194 4470 sacratissimum
3229 4412 3427 4464 corpus
3467 4415 3552 4454 re-

1973 4467 2224 4540 quiescit,
2255 4471 2440 4526 dextra
2471 4467 2710 4538 hei-aque
2737 4467 3032 4540 pendentes
3075 4467 3210 4540 duas
3251 4483 3374 4540 cum
3399 4479 3552 4524 cate-

1977 4537 2117 4594 nulis
2169 4543 2348 4594 aureis
2391 4541 2550 4596 bullis
2595 4537 3212 4610 gemmisqueprasiuis
3266 4537 3554 4610 decoratas

1977 4611 2236 4674 decrevit,
2263 4611 2520 4666 habentes
2555 4607 2772 4664 insimul
2795 4607 3074 4678 delphinos
3093 4607 3394 4680 sexaginta,
3421 4625 3556 4679 pen-

1977 4691 2160 4736 santes
2187 4681 2352 4736 libras
2389 4681 2598 4750 viginti.

2049 4751 2200 4806 Fecit
2232 4759 2289 4822 et
2317 4747 2657 4822 crucifixum
2687 4759 3009 4822 argenteum
3055 4747 3194 4822 miro
3243 4763 3408 4822 opere
3447 4750 3552 4822 de-

1977 4822 2178 4892 pictum
2227 4821 2282 4876 in
2321 4821 2506 4892 eadem
2551 4819 2800 4888 ecclesia,
2833 4837 2952 4892 quae
2999 4821 3054 4876 in
3099 4821 3236 4892 laeva
3278 4819 3554 4892 introitus

1976 4889 2132 4961 parte
2159 4893 2300 4946 inter
2328 4891 2606 4962 columnas
2643 4889 2866 4962 magnas
2903 4893 3112 4962 positus
3141 4889 3552 4962 iugentisplen-

1977 4959 2070 5018 det
2105 4963 2320 5024 decore,
2373 4961 2662 5017 habentem
2709 4959 2876 5018 libras
2903 4959 3180 5032 sexaginta
3206 4959 3460 5032 ’et_duas
3497 4967 3556 5032 et

1973 5031 2270 5087 dimidiam.
2325 5033 2442 5102 Ipse
2485 5047 2700 5102 quoque
2745 5027 3088 5088 beatissimus
3137 5027 3376 5102 pontifex
3409 5028 3590 5102 fecit-

1977 5103 2030 5156 in
2071 5105 2312 5158 oratorio
2349 5097 2740 5174 beati-Andreae
2765 5103 3018 5174 apostoli,
3039 5097 3180 5172 quod
3203 5099 3376 5174 sancti
3407 5097 3556 5153 Petri

1976 5175 2214 5228 cohaeret
2255 5173 2520 5240 ecclesiae,
2563 5185 2768 5228 vestem
2801 5169 3040 5228 sericam
3059 5169 3232 5224 'unam
3261 5169 3556 5240 habentem

1977 5243 2258 5298 historiam
2309 5237 2650 5314 aquilarum,
2703 5253 2758 5304 et
2811 5241 3086 5314 initnedio
3137 5237 3390 5314 tabulam
3427 5253 3556 5294 cunt

1979 5309 2436 5384 chrysoclavofin
2459 5329 2562 5384 qua
2591 5313 2816 5384 depicta:
2856 5311 3056 5384 Christi
3085 5317 3140 5364 et
3163 5309 3556 5384 discipulorum

1979 5379 2094 5454 ejus
2121 5385 2312 5440 dextra
2353 5379 2594 5454 lmvaque
2623 5379 2884 5454 imagines
2931 5381 3156 5454 fulgent,
3187 5387 3242 5432 et
3269 5379 3438 5454 ipsius
3481 5379 3560 5432 ai-

1977 5449 2142 5508 mifici
2171 5455 2434 5524 prmsulis.
2465 5449 2542 5508 Ac
2569 5449 2827 5524 simile'ur
2853 5461 2974 5524 post
3015 5449 3178 5524 totius
3225 5449 3408 5524 operis
3435 5465 3584 5520 νει-ε

1977 5519 2288 5588 rectionem,
2331 5535 2384 5578 et
2433 5525 2768 5580 ornamentis
2799 5519 3008 5576 decoris
3049 5519 3104 5574 in
3157 5519 3388 5584 ecclesia
3437 5519 3562 5576 sau-

1979 5603 2188 5650 ctorum
2223 5604 2456 5664 quatuor
2483 5595 2876 5664 Coronatorum
2902 5599 3124 5664 testem
3173 5589 3304 5664 fecit
3345 5591 3414 5664 de
3467 5607 3564 5646 eo-

1981 5667 2104 5720 dem
2145 5661 2324 5720 serico
2369 5681 2490 5718 cum
2529 5663 2706 5718 tabula
2753 5663 2818 5716 de
2867 5661 3238 5732 chrysoclavo,
3271 5661 3560 5732 habentem

1981 5735 2404 5800 historiam,seu
2451 5735 2770 5788 miraculum
2817 5731 2979 5802 quoi
3013 5731 3268 5786 Dominus
3317 5731 3564 5788 Christus

1983 5807 2050 5862 de
2095 5807 2330 5878 quinque
2363 5821 2558 5876 panum
2605 5813 2660 5860 et
2705 5803 2930 5876 piscium
2981 5803 3250 5858 alimentis
3291 5803 3518 5862 duorum
3546 5841 3562 5868 ,

2885 5889 2958 5952 21
