4078 6340
179 345 192 354 ’
255 367 372 426 657
1467 373 1824 432 errarem
1865 375 1953 430 er
1995 377 2330 436 DECRETA.
3411 395 3518 456 658

253 483 512 558 quisquis
549 483 712 558 (quod
745 489 1130 558 non'optantes
1167 487 1418 562 dicimus)
1455 490 1508 546 in
1549 491 1654 546 hoc
1704 489 1832 546 belli
1859 491 1912 552 Α
1939 497 2082 548 tores
2103 493 2356 560 existant,
2383 507 2508 552 cum
2535 495 2896 554 debueramus
2923 499 2994 557 ob
3019 501 3262 560 divinum
3287 505 3514 575 cultum,

255 575 564 630 certamine
607 575 834 632 ﬁdeliter
871 587 1116 632 mortuus
1163 577 1346 640 fuerit.
1397 594 1564 650 regna
1613 579 1690 634 illi
1725 597 1836 638 cce-
1935 585 2052 640 sive
2105 585 2352 642 timorem
2387 627 2402 654 ,
2453 587 2694 642 orarium
2750 589 3090 648 solummodo
3135 595 3520 670 planctumque

255 661 420 720 lestia
449 665 668 722 minime
691 667 1048 738 negabuntur.
1091 666 1248 722 Novit
1273 667 1416 722 enim
1457 667 1830 740 Omnipotens,

251 753 308 812 si
355 754 584 828 quilibet.
635 765 872 812 vestrum
921 757 1216 824 morietur,
1253 758 1400 828 quod
1454 773 1552 828 pro
1607 760 1836 816 veritate

255 843 414 912 ﬁdei,
439 853 492 902 et
531 845 824 920 salvatione
861 849 1082 918 patriae,
1125 841 1192 902 ac
1239 847 1548 904 defensioue
1578 849 1834 906 Christia—

251 951 452 990 norum
483 947 730 992 mortuus
783 948 898 1006 est;
929 939 1050 996 ideo
1073 939 1141 996 ab
1179 953 1244 996 eo
1271 937 1660 1011 przetitulatum
1695 955 1834 1010 pra:-

249 1025 426 1080 tnium
453 1036 828 1098 consequetur.

685 1243 754 1284 ΔΙ)
778 1243 1088 1286 ιοτιωιιωι
1121 1245 1426 1288 Αυςυετωι.

243 1315 366 1372 Cur
385 1317 532 1373 Alteo
555 1317 792 1388 episcopo
817 1319 1274 1440 Augustjdlunensi
1305 1319 1526 1390 pallium
1561 1335 1664 1374 non
1695 1337 1828 1376 cou-

833 1405 836 1408 ’
947 1405 1004 1440 σθ
1043 1407 1072 1440 α
1103 1429 1116 1440 .

833 1405 836 1408 ’
947 1405 1116 1442 ceaat.

315 1478 616 1536 Mandaslis
633 1489 694 1536 ut
713 1479 1046 1550 privilegium
1075 1489 1126 1536 et
1145 1495 1364 1550 paulum
1387 1481 1542 1538 Altee
1569 1485 1824 1554 episcopo

239 1579 688 1632 concederemus.
733 1575 886 1632 Unde
913 1577 1186 1646 poscimus
1215 1585 1274 1630 ut
1299 1585 1476 1632 vestra
1517 1591 1680 1648 super
1721 1579 1824 1632 hoc

235 1667 560 1736 magnitudo
595 1682 704 1722 non
755 1667 1064 1738 indignetur
1092 1683 1106 1720 :
1137 1669 1392 1736 quoniam
1439 1668 1582 1737 quod
1609 1669 1676 1724 ab
1705 1667 1822 1738 ipso

233 1753 586 1810 sanctissimo
617 1771 756 1827 papa
799 1755 1060 1828 Gregorio
1101 1771 1272 1826 usque
1317 1757 1386 1812 ad
1429 1757 1542 1813 haec
1579 1765 1818 1828 tempora

1935 675 2162 742 deferre,
2221 677 2486 746 lanceam,
2517 689 2572 736 et
2595 689 2834 750 scutum,
2881 691 2938 738 et
2967 685 3202 756 gladium
3273 688 3516 762 baiulare

1930 768 2320 840 praecipiemus.

2693 865 2755 922 V.

2067 969 2370 1010 JUDNZA'I'UH
2407 971 2591 1014 LEONIS
2641 973 2788 1012 ΡΑΡΑΕ
2835 975 2888 1014 ιν
2926 975 2996 1018 ΕΤ
3045 977 3290 1020 ιυιξογιω
3333 981 3386 1020 ll.

2525 1043 2919 1100 ιδιιιειιΑτοιιιεη

1933 1135 1998 1191 In
2043 1137 2262 1218 concilio
2303 1155 2322 1196 ι
2363 1139 2598 1218 Romano
2639 1159 2734 1218 pro
2777 1145 3016 1218 episcopo
3063 1146 3285 1206 Senensi
3329 1163 3512 1210 contra

1997 1208 2290 1278 episcopum
2341 1208 2650 1276 Aretinum,
2677 1215 2734 1268 in
2777 1208 3124 1274 controversia
3177 1219 3242 1276 de
3290 1208 3508 1278 diversis

1998 1278 2228 1332 ecclesiis
2257 1281 2362 1334 sive
2383 1283 2667 1350 parochiis,
2693 1301 2832 1338 mmo
2861 1285 2986 1342 855.
3205 1291 3212 1298 '

1999 1377 2022 1406 ο
2051 1367 2108 1422 in
2131 1367 2346 1423 nomine
2377 1369 2612 1438 Domini,
2639 1387 2816 1430 amen.
2847 1375 2982 1432 Dum
3013 1395 3112 1436 nos
3137 1381 3246 1438 Leo
3268 1397 3510 1440 summus

1924 1455 2188 1525 pontifex,
2219 1465 2274 1512 et
2304 1459 2627 1516 universalis
2661 1477 2798 1534 papa
2830 1475 3074 1534 quartus,
3100 1471 3424 1528 constitutus
3453 1473 3508 1528 in

1923 1545 2068 1600 beati
2103 1547 2246 1602 Petri
2281 1552 2504 1620 apostoli
2539 1554 2818 1622 cathedra,
2845 1573 2948 1612 una
2979 1574 3104 1614 cum
3147 1563 3414 1631 piissimo,
3451 1575 3507 1620 et

1923 1635 2310 1706 gloriosissimo
2357 1640 2632 1712 Lodoyco,
2685 1643 2930 1702 Lotbarii
2983 1647 3125 1715 ﬁlio,
3179 1651 3508 1722 imperatore

1921 1725 2193 1816 _Augusto,
2229 1729 2583 1802 pluribusque
2612 1735 3054 1809 archiepiscopis,
3087 1742 3374 1816 episcopis,
3407 1747 3504 1802 ab-

231 1855 430 1900 nostra
491 1813 706 1902 factum.
737 1813 960 1902 minime
1011 1813 1358 1904 recordamur
1383 1889 1398 1914 ,
1449 1813 1632 1906 facere
1687 1813 1816 1908 Inoa
1843 1855 1890 1916 Β
1917 1813 2158 1916 Balibus’
2196 1819 2736 1916 §¥‘{9"ale_’"‘"°{“e$
2766 1827 3050 1916 ‘~T°"ci““"‘
3072 1870 3087 1896 ’
3116 1843 3504 1904 congregalum

223 1939 534 2008 potuimus,
569 1953 744 2008 neque
771 1937 1022 2010 prteﬁxos
1051 1937 1272 1994 Patrum
1309 1941 1568 1998 terminos
1611 1943 1810 1998 immu-

227 2037 376 2082 tare.

303 2119 462 2174 Item.
485 2119 640 2188 Quod
657 2119 812 2190 juxta
837 2129 892 2178 et
925 2121 1110 2180 sedula
1137 2137 1236 2178 nos
1259 2123 1458 2180 imitari
1482 2128 1812 2184 consuetudo

217 2227 340 2266 non
371 2213 634 2282 praecipit,
665 2215 740 2270 ita
771 2213 838 2270 ab
873 2214 976 2272 hoc
1003 2215 1170 2272 veluti
1201 2229 1232 2270 a
1271 2231 1468 2290 magno
1501 2233 1600 2276 nos
1621 2221 1808 2290 praeci-

221 2304 372 2374 pitio
399 2305 672 2364 custodire
699 2315 930 2377 oportet.

979 2421 1058 2480 lli.

727 2529 996 2572 ιοτιιλιιιο
1028 2531 1292 2572 AUGUSTO.

303 2609 330 2640 ιι
355 2598 432 2652 De
457 2599 562 2655 illis
597 2599 766 2656 tribus
793 2603 906 2672 jam
947 2603 1162 2672 publice
1195 2603 1586 2671 condemnatis,
1623 2613 1678 2664 et
1720 2623 1805 2664 re-

217 2687 412 2756 probis
440 2690 574 2746 viris
605 2689 854 2762 Georgio,
895 2692 1154 2758 Adriano,
1193 2703 1246 2748 et
1287 2693 1482 2762 Petro,
1519 2705 1578 2752 ut
1619 2707 1802 2754 vestra

217 2777 382 2832 nobis
441 2781 716 2834 mandavit
759 2781 1082 2838 sublimitas.
1127 2783 1280 2850 Quod
1327 2785 1506 2840 adhuc
1554 2786 1620 2841 ad
1660 2788 1802 2846 aliud

215 2867 472 2922 conﬁteri
507 2869 770 2938 judicium
837 2872 1142 2938 debebant,
1200 2875 1432 2932 ninnino-
1479 2877 1662 2934 mirati
1705 2895 1800 2935 su.-

213 2975 366 3026 mus,
415 2963 610 3030 quibus
631 2965 766 3034 jam,
809 2965 992 3020 missis
1037 2969 1234 3023 vestris
1271 2970 1798 3040 praesentibusjuxta

211 3047 393 3118 legem
443 3049 740 3106 Romanam
779 3056 1046 3109 sententia
1087 3057 1307 3126 prmﬁxa
1351 3073 1418 3113 ac
1455 3061 1796 3130 promulgata

209 3143 298 3191 est
341 3147 396 3192 et
441 3139 546 3194 nisi
599 3151 724 3197 tunc
765 3143 1030 3212 paschalis
1067 3146 1284 3202 adesset
1337 3145 1604 3202 feStivitas
1631 3189 1646 3214 ,
1691 3163 1798 3220 qua

207 3227 408 3282 niartis
431 3269 448 3294 ,
481 3231 800 3300 prohibente
841 3233 954 3303 lege
977 3273 994 3298 ,
1039 3235 1364 3290 sententiam
1401 3237 1530 3292 dare
1581 3237 1790 3294 licitum

205 3333 322 3372 non
373 3327 476 3384 est,
503 3323 688 3376 vivere
737 3337 834 3378 eos
863 3323 1080 3380 illorum
1131 3325 1336 3380 malitia
1377 3342 1550 3398 neque
1607 3329 1794 3398 iniqua

203 3413 558 3480 prmsumptio
587 3429 694 3468 non
723 3415 944 3470 sineret.
981 3415 1086 3470 Pro
1107 3417 1210 3472 hac
1251 3417 1430 3488 itaque
1461 3420 1680 3474 ratione
1708 3435 1794 3476 so-

205 3503 488 3560 lummodo
533 3521 704 3576 usque
731 3507 798 3562 ad
849 3517 1060 3578 tempus
1105 3523 1362 3580 suspensa
1409 3521 1496 3566 est
1525 3515 1788 3568 sententia

201 3601 584 3666 utrorumque.
609 3597 1034 3672 (Fragmentum)
1059 3599 1236 3657 lvouis
1266 3601 1384 3658 deo.
1409 3617 1464 3670 ι,
1493 3619 1544 3658 c.
1573 3603 1678 3661 88:
1715 3604 1790 3662 De

203 3685 314 3742 illis
341 3687 532 3744 tribus.
565 3707 586 3740 ι

957 3781 1046 3838 Π.

575 3887 840 3928 ιυῡονιεο
862 3871 926 3946 [ί.
955 3875 1256 3948 Lormmo]
1281 3891 1424 3932 ascr.

283 3959 312 3999 ιι
337 3957 560 4016 Petrum
590 4003 606 4029 ,
660 3971 716 4020 et
748 3964 1068 4034 Adi-ianum
1131 3983 1408 4038 nunquam
1468 3969 1788 4040 recipiemus

201 4047 272 4102 ad
309 4049 660 4106 habitandum
703 4053 1004 4120 nobiscum,
1055 4063 1109 4110 et
1149 4056 1196 4112 si
1233 4056 1396 4126 (quod
1419 4041 1422 4046 ’
1447 4057 1626 4112 minus
1659 4073 1784 4114 cre-

199 4137 406 4212 dimus)
439 4149 530 4196 aut
567 4157 758 4212 preces
807 4152 1044 4210 nostras,
1083 4159 1218 4214 quas
1243 4161 1342 4216 pro
1371 4161 1557 4202 eorum
1601 4157 1784 4204 reten-

197 4227 350 4284 tione
397 4231 552 4286 vobis
613 4233 880 4298 misimus,
903 4242 996 4288 aut
1047 4236 1282 4290 honores
1327 4237 1556 4292 Romani
1605 4239 1783 4308 ponti-

197 4317 318 4372 ﬁcis
371 4335 470 4388 pro
517 4319 684 4375 nihilo
713 4323 1082 4384 existimastis,
1113 4335 1170 4378 et
1226 4339 1328 4380 nos
1382 4326 1562 4382 minus
1621 4343 1784 4397 quam

191 4409 498 4465 Adrianum
543 4421 598 4466 et
641 4413 858 4468 Petrum
905 4417 1162 4482 amastis,
1213 4417 1356 4486 quod
1406 4417 1460 4472 in
1501 4427 1780 4488 posterum

187 4497 308 4566 jam
343 4499 650 4555 ordinatum
691 4503 1022 4569 habeamus,
1077 4515 1276 4560 vestra:
1329 4507 1590 4562 edicimus
1647 4523 1768 4563 ma-

191 4589 484 4656 gnitudini.
525 4591 686 4648 Certe
731 4593 988 4650 Romanae
1033 4595 1178 4650 sedis
1221 4595 1482 4665 praesules
1529 4605 1772 4668 tempore

189 4687 304 4746 quo
333 4693 768 4752 unamquamque
789 4683 1084 4740 Ecclesium
1107 4701 1230 4740 cum
1271 4687 1384 4742 suis
1407 4687 1620 4744 clericis
1651 4697 1771 4746 ten-

191 4771 395 4824 tlehanl
415 4771 488 4826 ob
515 4773 804 4828 missarum
829 4773 1084 4842 oilicium,
1113 4777 1194 4833 vel
1217 4779 1352 4834 alias
1369 4819 1384 4844 ,
1411 4795 1564 4836 more
1589 4781 1768 4846 solito,

188 4863 456 4918 utilitates
501 4865 902 4922 ecclesiasticas
962 4869 1324 4938 disponendas
1353 4911 1368 4934 ,
1431 4871 1567 4926 nihil
1623 4872 1770 4928 aliud

189 4965 302 5008 tam
341 4955 438 5024 ipsi
481 4971 642 5026 quam
683 4959 866 5014 clerici
899 4961 1136 5030 ipsorum
1167 4961 1270 5016 nisi
1299 4963 1656 5018 sacerdotalia
1689 4966 1770 5019 inv

187 5047 456 5102 (iumenta.
475 5047 738 5114 ferebant,
767 5051 910 5120 quod
935 5051 1104 5106 secuti
1133 5067 1306 5122 usque
1335 5069 1478 5110 nunc
1527 5069 1626 5110 nos
1653 5055 1770 5128 egi-

185 5151 334 5190 mus.
383 5135 490 5192 Sed
549 5139 780 5210 amplius
819 5155 1160 5212 nequaquam
1213 5159 1376 5214 agere
1431 5153 1684 5215 oportet,
1721 5149 1768 5204 si

183 5227 358 5290 viros,
399 5243 536 5297 quos
571 5243 672 5284 nec
715 5231 1008 5300 quaerimus
1055 5247 1308 5302 unquam,
1363 5249 1466 5290 nec
1495 5235 1762 5302 volumus,

181 5317 448 5374 mandare
473 5319 842 5376 decreveritis.
873 5320 938 5375 Et
967 5323 1072 5376 hoc
1099 5323 1168 5376 ad
1201 5323 1450 5378 ultimum
1487 5339 1586 5394 pro
1613 5333 1768 5380 certo

179 5415 372 5462 notum
395 5407 642 5477 facimus,
667 5411 922 5480 quoniam
953 5412 1022 5466 ad
1043 5427 1424 5483 quamcunque
1457 5415 1766 5470 Ecclesium

177 5495 472 5568 locumque
507 5501 672 5557 alium
715 5503 874 5558 nobis
923 5503 1120 5560 merito
1173 5503 1478 5576 subjectum
1533 5507 1762 5578 digressi

175 5585 468 5658 fuerimus,
503 5607 574 5646 ne
607 5591 672 5648 de
711 5591 906 5650 mortis
943 5603 1144 5652 nostra:
1169 5597 1410 5668 periculo
1457 5597 1762 5670 triumpha-

249 5735 276 5794 ξ
307 5719 423 5794 ivo,
447 5739 564 5794 cap.
590 5725 678 5782 88.

247 5791 278 5834 ι’
315 5793 470 5862 Ibid,
503 5791 618 5864 par.
649 5813 702 5866 κ,
733 5815 848 5870 cap.
887 5799 970 5854 73.

1917 1903 2120 1974 Romae,
2159 1907 2410 1966 videlicet
2446 1911 2498 1966 in
2527 1913 2754 1970 ecclesia
2783 1915 2925 1972 beati
2957 1919 3106 1976 Petri
3131 1903 3500 1992 apostolorum

1915 1997 2215 2070 principis:
2249 2002 2467 2058 advenit
2507 2003 2561 2058 in
2603 2007 2890 2076 praesentia
2933 2013 3104 2068 sancti
3143 2016 3354 2072 concilii
3396 2015 3499 2072 Se-

1913 2087 2094 2144 nensis
2127 2089 2368 2148 ecclesiae
2395 2093 2704 2166 episcopus,
2733 2097 2950 2155 nomine
2977 2099 3234 2171 Cautius,
3273 2114 3328 2161 et
3355 2116 3500 2162 retu-

1913 2177 1978 2268 lit
2016 2181 2251 2250 qualiter
2295 2183 2410 2252 jam
2455 2201 2598 2258 saepe
2641 2189 2878 2260 petierat
2927 2195 3068 2264 apud
3121 2197 3235 2268 jam
3290 2199 3498 2256 dictum

1911 2267 2224 2328 Lotharium
2245 2315 2260 2342 ,
2287 2275 2532 2348 epistolis
2557 2279 2782 2336 Adriani
2819 2297 2972 2356 papae
3013 2267 3318 2358 specialiter
3359 2307 3494 2348 con-

1911 2365 2147 2438 scriptis,
2173 2377 2604 2438 quatenus.......
2641 2373 2833 2444 judicii
2871 2389 3156 2436 censuram
3207 2382 3351 2439 inter
3401 2383 3498 2441 Se-

1910 2471 2134 2512 nensem
2161 2459 2470 2528 ecclesiam,
2501 2471 2558 2518 et
2589 2461 2808 2520 Petrum
2837 2465 3078 2525 Aretinte
3099 2471 3490 2548 ecclesias-epi-

1909 2565 2128 2628 scopum
2155 2555 2220 2609 de
2247 2555 2630 2624 ecclesiis,__seu
2658 2559 3016 2634 baptisteriis,
3040 2573 3092 2619 et
3119 2569 3485 2634 monasteriis,

1907 2657 2026 2714 qum
2067 2643 2210 2700 inira
2248 2648 2563 2702 comitatum
2599 2647 2894 2708 Senensem
2935 2663 3082 2722 sunt,
3126 2672 3248 2712 cum
3297 2673 3488 2715 eorum

1905 2733 2243 2804 pertinenliis
2260 2749 2290 2800 ,‘
2309 2735 2437 2792 item
2459 2737 2576 2808 jam
2625 2739 2810 2797 multis
2861 2741 3070 2800 vicibus
3117 2747 3326 2816 prolixa
3383 2747 3488 2804 fuit

1905 2829 2200 2894 contentio,
2231 2827 2493 2886 ﬁnitivam
2525 2833 2820 2890 secundum
2849 2837 3166 2894 canonicam
3195 2841 3486 2896 auctorita-

1903 2927 2012 2974 tem
2051 2921 2354 2991 perciperet
2401 2925 2746 2980 sententiam.
2781 2926 2932 2984 Tunc
2957 2943 3058 2986 nos
3099 2929 3210 2988 Leo
3239 2945 3484 2988 summus

1901 3011 2142 3081 pontifex
2173 3012 2246 3068 ita
2269 3013 2504 3072 diximus
2533 3034 2548 3072 :
2587 3035 2606 3069 ι
2643 3017 2710 3072 Et
2745 3019 3000 3089 quoniam
3027 3023 3348 3079 sacerdotali
3375 3023 3484 3080 oili-

1899 3101 2006 3168 cio,
2033 3115 2138 3172 quo
2167 3105 2346 3172 modo,
2377 3105 2502 3162 licet
2531 3107 2708 3176 inviti,
2731 3109 3118 3182 fungimur.....
3147 3121 3360 3184 oportet
3379 3129 3478 3194 nos

1825 3213 1868 3276 ρ
1902 3192 2166 3262 spirituali
2193 3211 2450 3252 mucrone
2475 3197 2660 3254 talium
2691 3199 3126 3270 altercationum,
3153 3219 3276 3276 qum
3299 3192 3480 3262 veter-

1901 3283 2020 3338 nosi
2059 3288 2328 3356 serpentis
2365 3303 2508 3344 saeva
2551 3301 2781 3362 aguntur
2807 3295 3040 3361 astutia,
3068 3293 3312 3352 funditus
3341 3297 3477 3352 inci-

1898 3375 2048 3442 dere,
2073 3381 2446 3450 ctexstirpare
2473 3383 2704 3450 radices,
2731 3400 2800 3440 ne
2831 3385 2972 3442 forte
2999 3387 3266 3444 discordia
3296 3389 3369 3445 ibi
3395 3391 3478 3445 vi-

1896 3477 2040 3538 geat,
2063 3470 2150 3524 ubi
2185 3471 2497 3528 inveteratae
2527 3475 2674 3544 pacis
2697 3475 2896 3532 debent
2921 3478 3220 3536 consistere
3247 3481 3410 3536 bona.
3454 3500 3474 3532 ι

1895 3563 2064 3618 Simul
2093 3581 2254 3622 omne
2295 3568 2580 3624 concilium
2611 3587 2624 3622 :
2663 3589 2682 3620 «
2717 3570 2900 3638 Justa,
2925 3573 3120 3642 inquit,
3145 3581 3200 3628 et
3229 3587 3356 3628 vera
3381 3589 3476 3628 ca-

1895 3655 2117 3724 tholica,
2147 3667 2204 3712 et
2231 3659 2527 3730 apostolica
2553 3661 2796 3716 deﬁnivit
2823 3663 3100 3720 cathedra.
3144 3683 3162 3716 ι
3197 3663 3350 3720 Tunc
3381 3679 3474 3718 auc

1893 3753 2002 3802 tem
2041 3749 2328 3820 cpiscopus
2353 3751 2602 3808 manibus
2643 3752 2957 3820 decretalia,
2999 3761 3056 3808 et
3087 3753 3368 3822 ’judicialia
3397 3763 3478 3810 te-

1889 3855 2046 3908 nens,
2071 3843 2165 3898 ubi
2205 3843 2410 3898 ﬁnitiva
2441 3845 2710 3900 sententia
2741 3844 2886 3900 Sena
2923 3855 3124 3912 servat,
3153 3853 3208 3902 et
3237 3845 3476 3902 auctori-

1891 3941 2002 3990 tate
2031 3935 2252 3990 Adriani
2283 3935 2479 3992 summi
2523 3937 2796 4006 pontiﬁcis
2816 3977 2830 4002 ,
2863 3946 2918 3994 et
2943 3937 3264 3994 universalis
3297 3953 3468 4010 paptc,

1889 4033 1944 4080 et
1966 4025 2308 4082 Constantini
2335 4027 2662 4096 queritando
2689 4027 2828 4084 dixit
2858 4047 2870 4084 :
2909 4049 2928 4082 σ
2965 4029 3180 4096 Frater,
3207 4039 3260 4085 et
3285 4031 3466 4102 coepi-

1889 4135 2086 4190 scopus
2113 4127 2298 4174 noster
2337 4117 2532 4175 Petrus
2557 4118 2794 4174 Aretina:
2819 4121 3062 4176 ecclesia:
3091 4119 3348 4178 Senensis
3379 4135 3470 4178 ec-

1889 4211 2066 4266 clesiae
2103 4211 2412 4280 parochias,
2441 4221 2604 4283 atque
2651 4213 2926 4268 dimcesim
2965 4229 3224 4284 perverso
3252 4214 3468 4282 ordine,

1887 4313 1942 4358 et
1963 4311 2148 4358 contra
2177 4304 2492 4360 canonicam
2522 4303 2758 4376 regulam
2789 4305 3006 4372 invasit,
3029 4313 3084 4362 et
3110 4321 3210 4376 per
3237 4306 3346 4362 vim
3375 4307 3469 4362 de-

1887 4393 2040 4448 tinet.
2083 4413 2100 4446 ι
2137 4393 2430 4460 Tuncnos,
2459 4403 2514 4452 et
2539 4395 2806 4452 Lodoicus
2829 4396 3122 4468 imperator
3145 4398 3198 4452 in
3225 4413 3466 4471 praesen-

1887 4485 1958 4540 tia
2011 4485 2192 4556 magni
2241 4485 2454 4542 concilii
2515 4485 2806 4542 decretalia
2861 4487 2932 4542 ab
2973 4489 3226 4560 episcopo
3273 4489 3466 4546 Cautio

1803 4565 1852 4624 Ι)
1877 4587 2092 4634 ostensa
2131 4577 2292 4648 relegi
2313 4575 2592 4644 jussimus.
2621 4577 2716 4633 llis
2741 4577 2906 4648 igitur
2927 4578 3200 4650 perlectis,
3227 4593 3324 4634 nos
3349 4579 3462 4636 Leo

1875 4685 2120 4728 summus
2147 4669 2408 4740 pontifex,
2459 4671 2538 4726 sic
2565 4669 2630 4724 ad
2675 4671 3032 4726 universalem
3075 4671 3284 4742 plebem
3311 4671 3458 4741 loqui

1873 4763 2052 4819 exorsi
2103 4777 2310 4818 sumus.
2359 4781 2378 4814 ι
2425 4761 2696 4830 Quantum
2739 4764 2882 4818 enim
2925 4765 3184 4834 praecellit
3225 4765 3460 4835 dignitas

1873 4853 2114 4910 omnium
2143 4851 2362 4906 ordines
2385 4851 2740 4922 dignitatum,
2783 4867 3016 4922 superna
3054 4853 3456 4924 dispensatione

1875 4943 2176 5005 animarum
2225 4941 2382 5006 nobis
2432 4941 2674 5008 credita,
2723 4949 2874 5000 tanto
2931 4941 3459 5020 ampliuscogimur

1877 5031 2074 5102 cuique
2119 5033 2320 5102 petenti
2383 5033 2596 5088 solvere
2647 5033 2906 5090 rationes.
2962 5033 3122 5092 Aliud
3171 5033 3316 5088 enim
3373 5025 3464 5088 est

1871 5141 2310 5196 unumquemque
2337 5125 2418 5182 sui
2448 5141 2634 5182 curam
2662 5139 2874 5198 gerere,
2905 5125 3052 5182 aliud
3077 5123 3328 5182 Ecclesia:
3349 5123 3456 5180 Do-

1871 5219 2086 5274 minicae
2109 5235 2240 5276 cura
2271 5220 2508 5289 regimen
2531 5227 2736 5276 tenere.
2766 5219 3106 5290 Quapropter
3131 5217 3454 5274 canonicam

1870 5323 2160 5386 sequentes
2189 5315 2490 5371 doctrinam
2517 5357 2534 5382 ,
2565 5315 2934 5372 dissensiones
2959 5323 3122 5384 atque
3151 5313 3452 5371 discordias

1869 5405 2214 5462 sacerdotum
2255 5406 2550 5478 apostolica
2579 5423 2678 5462 nos
2701 5407 2936 5478 pertinet
2957 5404 3180 5462 obviare
3197 5421 3446 5472 censura,

1867 5495 2242 5567 Redemptoris
2289 5498 2456 5554 nostri
2511 5507 2798 5568 sequentes
2849 5507 3116 5568 praecepta
3163 5497 3392 5554 dicentis
3427 5513 3446 5556 :

1867 5585 2060 5644 Pacem
2075 5607 2238 5644 meum
2257 5590 2322 5644 do
2336 5589 2496 5646 vobis.
2512 5587 2704 5642 Pacem
2721 5589 2954 5660 relinquo
2971 5587 3106 5644 vobis
3123 5587 3180 5660 (Ι
3183 5603 3398 5644 οαη.ιιν
3401 5595 3440 5658 1.

1939 5731 1960 5760 ε
2003 5721 2156 5790 Apud
2183 5721 2369 5788 Mansi,
2401 5721 2564 5778 Cone.
2593 5729 2718 5774 tom.
2747 5721 2852 5776 XV.
