4078 6340
603 372 706 444 csa

1943 379 2188 438 LEONIS
2220 380 2419 436 PAPxE
2455 380 2522 440 IV

3753 387 3859 446 650

603 507 670 564 1η
707 480 804 562 hoc
846 481 1317 574 enim'cognoscent
1347 514 1520 554 omnes
1562 497 1702 569 quod
1734 497 1836 551 mei
1880 495 2000 551 estis
2026 495 2186 550 disci—
2209 497 2264 558 Α
2290 494 2424 551 fines
2451 494 2738 553 comitatus
2767 471 3024 552 Senetisi‘s
3069 501 3196 552 sunt
3225 495 3553 562 constituta,
3593 486 3740 554 unde
3782 509 3866 554 tu’

601 595 734 676 puli,
766 603 811 656 si
833 599 1156 654 dilectionem
1180 595 1465 650 habueritis
1495 593 1564 646 ad
1589 592 1801 647 invicem
1823 590 2001 663 (Joan.
2021 589 2176 662 xvn).

604 693 830 748 Pretiosi
851 691 988 745 enim
1011 689 1163 760 pedes
1190 684 1653 756 evangelizanlium
1682 683 1816 736 bona
1843 681 2058 752 (Matth.
2075 681 2178 753 χι),

606 785 779 855 gratia
829 780 1002 837 sancti
1061 778 1312 849 Spiritus,
1339 775 1531 846 inquit.
1578 774 1852 842 Quatenus
1894 789 2026 828 vero
2063 781 2181 828 orta

603 871 771 928 fuerit
793 866 1146 923 immoderata
1164 862 1409 932 quaestio,
1428 860 1694 930 spirituali
1719 861 1910 918 debeat
1927 874 2184 914 mucrone

607 955 878 1031 amputari
903 971 969 1012 ne
998 954 1302 1017 adolescat,
1337 959 1392 1006 et
1420 950 1620 1005 Christi
1651 950 1925 1004 concutiat
1949 949 2178 1018 plebem,

605 1060 663 1107 et
702 1065 768 1105 ne
796 1048 1079 1104 occasione
1107 1042 1387 1099 discordia:
1426 1041 1607 1096 lideles
1648 1041 1977 1109 delinquant,
2010 1038 2182 1094 sancti

605 1144 756 1200 Petri
787 1139 1098 1213 apostolicis
1131 1135 1354 1191 monitis
1384 1140 1660 1202 parentes,
1699 1130 1846 1184 omni
1874 1129 2032 1184 sorde
2062 1142 2184 1198 per-

607 1220 741 1300 dita,
778 1246 912 1303 pura
940 1230 1208 1284 frumenta
1245 1226 1298 1280 in
1328 1224 1526 1279 horreo
1563 1221 1776 1276 Domini
1817 1219 2054 1274 residere
2085 1233 2183 1273 va-

607 1325 775 1378 leant.
807 1322 975 1392 Igitur
1003 1319 1126 1374 dum
1170 1332 1268 1386 per
1298 1313 1502 1384 aliquot
1533 1311 1648 1382 jam
1695 1309 1875 1380 lapsos
1926 1308 2186 1363 terminos

608 1411 1085 1485 Longobardorum
1107 1421 1237 1481 gens
1263 1405 1475 1460 diversa
1513 1401 1753 1472 eripiens
1783 1399 2076 1464 territoria,
2106 1399 2188 1452 in-

607 1521 738 1560 vasa
770 1502 1115 1559 desolabatur
1149 1499 1288 1562 loca,
1317 1495 1544 1564 contigit
1573 1502 1634 1548 ut
1683 1493 1947 1547 diteceses
1982 1489 2188 1559 episco-

607 1585 804 1672 porum
857 1595 992 1650 alter
1039 1591 1261 1648 alterius
1289 1588 1564 1653 invadere,
1608 1595 1664 1642 et
1709 1582 2001 1639 temerario
2056 1595 2187 1634 ausu

609 1688 965 1745 immoderate
991 1698 1083 1738 eas
1103 1681 1363 1742 detinere,
1381 1686 1542 1748 atque
1564 1677 1616 1730 in
1647 1688 1841 1743 magno
1858 1687 2000 1726 nunc
2023 1683 2190 1738 usque

613 1771 972 1850 permaneant
1001 1788 1207 1838 errore,
1244 1779 1300 1827 et
1334 1771 1646 1840 ignorantes
1695 1779 1961 1821 canonum
1993 1760 2188 1817 deﬁni-

611 1846 811 1934 tiones,
860 1867 1179 1921 alterutrum
1222 1861 1541 1918 anhelantes
1583 1857 1824 1926 arripere
1873 1852 2181 1925 parochias,
2213 1846 2258 1905 Β

611 1960 837 2032 periurii
873 1965 1080 2014 reatum
1103 1953 1450 2012 contrahunt.
1485 1950 1710 2018 Insuper
1731 1945 1924 2000 callida
1956 1941 2191 1999 versutia

613 2051 761 2118 inter
791 2065 848 2104 se
879 2047 1218 2108 dimicantes,
1247 2043 1430 2113 pejora
1472 2047 1736 2111 perrgunl
1765 2035 1929 2090 exitia
1949 2073 1966 2099 ,
2006 2045 2194 2088 errore

613 2140 692 2196 ita
740 2140 794 2194 in
833 2137 1035 2192 malum
1067 2134 1309 2189 incidunt
1338 2129 1536 2200 piaculi
1583 2128 1812 2191 facinus,
1849 2127 1973 2179 dum
2007 2118 2202 2192 procul.

617 2229 880 2298 abjiciunt
895 2239 1158 2282 canonum
1179 2233 1486 2280 censuram,
1506 2215 1962 2285 transgredientes
1975 2209 2198 2265 sanctis-

615 2309 880 2375 simOrum
921 2313 1376 2386 praedecessorum
1417 2316 1726 2362 nostrorum
1763 2299 2076 2371 pontiﬁcum
2105 2299 2196 2352 de-

618 2411 795 2474 creta,
807 2403 1082 2462 canonicis
1101 2397 1514 2455 auctoritatibus
1537 2394 1736 2474 fulcita.
1759 2390 2048 2459 Propterea
2073 2387 2196 2442 talia

615 2499 927 2556 inhibentes
955 2492 1245 2564 apostolica
1273 2471 1614 2544 institutione
1633 2497 1739 2536 una
1771 2496 1891 2536 cum
1919 2477 2194 2548 gloriosis-

617 2589 760 2644 simo
798 2596 854 2645 et
909 2585 1152 2657 piissimo
1191 2579 1449 2643 Loduico,
1489 2584 1544 2630 et
1575 2573 1776 2630 sanctis
1820 2568 2104 2640 epi-scOpis,
2141 2567 2194 2620 in

619 2700 819 2741 corona
847 2683 1009 2753 hujus
1036 2678 1177 2735 sacri
1213 2665 1425 2732 concilii
1468 2667 1846 2744 residentibus,
1889 2660 2197 2733 apostolicae

619 2771 1020 2832 constitutionis
1057 2766 1337 2842 privilegio
1370 2759 1776 2833 promulgautes
1808 2753 2096 2814 sancimus,
2138 2756 2199 2802 ut

615 2866 763 2923 sicut
805 2863 1065 2920 canonice
1111 2860 1166 2914 in
1224 2855 1456 2912 decretis
1504 2850 1871 2910 constituunt,
1902 2842 2198 2899 secundum

617 2956 919 3019 territoria,
953 2969 1048 3008 seu
1073 2947 1428 3022 pertinentias
1447 2944 1747 3004 civitatum,
1773 2938 1852 2992 sic
1892 2932 2194 3006 parochias,

621 3057 677 3102 et
724 3045 985 3100 dioeccses
1030 3041 1096 3094 ad
1131 3036 1516 3108 disponendum
1551 3031 1831 3100 episcopos
1859 3033 2041 3079 tenere
2072 3037 2198 3076 ceu-

621 3152 823 3200 semus,
855 3136 1208 3188 observantes
1239 3126 1554 3183 canonicam
1585 3135 1892 3183 censuram,
1923 3133 2042 3189 qua:
2082 3116 2192 3170 ait:

2280 589 2449 644 frater
2466 598 2521 646 et
2542 589 2880 661 coepiscope,
2915 590 3178 644 adversus
3204 604 3379 644 meam
3402 590 3690 646 ecclesiam
3719 606 3870 661 quaa-

2280 677 2374 744 ris,
2401 695 2652 750 possessa
2675 680 2941 734 habemus
2956 679 3185 748 amplius
3205 693 3365 748 quam
3391 681 3750 751 quadraginta
3776 698 3868 736 an-

2281 786 2398 826 nos.
2435 789 2455 822 »
2509 770 2658 826 Tunc
2685 769 2910 826 Cautius
2957 771 3242 840 cpiscopus
3269 771 3338 825 ad
3379 771 3496 827 haec
3527 791 3540 826 :
3577 790 3597 823 σ
3637 772 3870 842 Semper

2281 863 2447 929 enim,
2500 863 2692 932 inquit,
2739 863 3068 918 monasteria
3115 871 3169 918 et
3217 863 3570 932 baptisteria,
3613 880 3740 935 qua
3783 867 3868 919 in-

2281 954 2363 1008 fra
2411 955 2548 1009 fines
2579 954 2836 1009 Senensis
2870 954 3127 1009 territorii
3153 962 3312 1020 sunt,
3354 956 3627 1024 parochia:
3672 964 3871 1012 nostra:

2282 1047 2524 1102 ecclesiae
2548 1046 2788 1112 fuerunt,
2819 1053 2873 1100 et
2893 1056 3036 1101 sunt.
3060 1046 3125 1100 Et
3149 1047 3384 1102 chrisma
3419 1047 3494 1102 ibi
3515 1047 3791 1110 dedimus,
3811 1057 3868 1100 et

2285 1137 2742 1192 consecrationem
2791 1136 3040 1191 fecimus.
3081 1134 3436 1206 Presbyteros
3483 1145 3539 1191 et
3612 1137 3872 1192 diaconos

2285 1243 2384 1300 ego
2409 1236 2465 1283 et
2490 1235 2864 1282 antecessores
2889 1226 2996 1282 mei
3023 1226 3096 1280 ibi
3127 1228 3484 1292 sacravimus,
3513 1236 3570 1280 et
3609 1228 3870 1282 ecclesias

2285 1318 2741 1373 consecravimus.
2759 1317 2866 1372 Sed
2892 1324 2970 1381 tu,
2996 1315 3182 1381 frater,
3209 1316 3399 1371 callide
3421 1325 3477 1371 et
3499 1316 3874 1372 fraudulenter

2285 1407 2542 1476 pnedicta
2557 1405 2906 1470 monasteria,
2922 1421 3015 1460 seu
3033 1405 3347 1474 baptisteria
3371 1415 3564 1460 contra
3590 1420 3874 1460 sacrorum

2287 1513 2555 1553 canonum
2583 1495 2824 1550 instituta
2853 1497 3146 1566 usurpasti.
3169 1517 3187 1546 ι
3216 1496 3406 1550 Petrus
3433 1511 3567 1550 vero
3593 1494 3877 1564 episcopus

2291 1587 2524 1642 civitatis
2552 1587 2723 1644 Aretii
2753 1587 2869 1641 haec
2899 1587 3124 1640 audiens
3177 1585 3349 1639 dixit:
3382 1602 3401 1634 ι
3439 1585 3580 1638 Vere
3617 1584 3726 1637 ista
3763 1598 3877 1636 mo-

2290 1680 2549 1745 nasteria,
2584 1695 2680 1734 seu
2702 1679 3042 1748 baptisteria,
3067 1694 3187 1748 qum
3219 1678 3360 1732 intra
3393 1678 3528 1732 fines
3559 1678 3636 1731 tui
3665 1677 3882 1732 territo-

2291 1771 2360 1825 rii
2388 1778 2533 1832 sunt,
2556 1771 2698 1824 unde
2720 1769 2981 1824 adversus
3006 1784 3105 1823 nos
3131 1769 3391 1837 queritas,
3413 1785 3442 1822 a
3474 1777 3725 1838 tempore
3745 1768 3880 1822 Lon-

2293 1863 2650 1933 gobardorum
2709 1861 2951 1916 ecclesia:
3015 1862 3188 1916 sancti
3247 1862 3438 1915 Donati
3488 1870 3877 1930 pervenerunt.

2294 1954 2428 2009 Nam
2453 1953 2748 2023 judicatum
2769 1953 2961 2020 habeo,
2986 1955 3127 2024 quod
3145 1963 3384 2024 tempore
3405 1955 3711 2024 Liuprandi
3747 1955 3882 2024 regis

2294 2045 2774 2116 Longobardorum
2806 2061 2836 2098 a
2872 2046 2980 2100 tuis
3011 2047 3620 2115 praedecessoribus..."
3653 2048 3727 2100 ad
3757 2061 3882 2099 mea:

2295 2137 2538 2192 ecclesiae
2567 2135 2859 2190 utilitatem
2886 2133 3170 2202 conjuncta
3199 2135 3433 2190 fuerunt.
3458 2135 3525 2188 Et
3549 2143 3880 2204 prmceplutn

2296 2231 2460 2283 etiam
2489 2230 2680 2294 habeo,
2708 2229 2849 2298 quod
2880 2228 3105 2283 Carolus
3135 2244 3231 2282 rex
3254 2227 3602 2282 conﬁrmavit
3627 2229 3681 2281 in
3711 2227 3882 2282 ecele~

2297 2319 2374 2374 sia
2403 2319 2592 2373 Sancti
2631 2319 2846 2373 Donati.
2877 2317 2984 2372 Sed
3014 2319 3101 2373 hic
3152 2318 3310 2374 modo
3344 2334 3456 2388 prae
3495 2318 3756 2372 manibus
3780 2332 3881 2371 non

2297 2409 2468 2463 habeo
2493 2425 2506 2461 :
2541 2408 2795 2478 quoniam
2823 2421 2986 2477 super
3012 2407 3115 2461 hac
3144 2422 3200 2460 re
3233 2407 3644 2462 altercationem
3677 2405 3775 2460 hic
3799 2407 3884 2460 ha-

2297 2499 2428 2553 bere
2456 2513 2562 2553 non
2596 2498 2846 2553 arbitrati
2876 2513 3082 2561 sumus,
3115 2497 3356 2556 inducias
3383 2505 3437 2550 et
3459 2497 3702 2566 spatium
3737 2511 3769 2548 a
3805 2512 3882 2551 sa-

2299 2595 2404 2642 cro‘
2431 2587 2659 2642 concilio
2694 2596 2849 2657 pcto,
2894 2588 3064 2642 donec
3092 2587 3336 2640 Aretium
3379 2586 3631 2641 celeriter
3670 2595 3880 2656 petens,

2300 2679 2617 2734 assertionis
2645 2694 2777 2734 mea:
2791 2677 3112 2748 iudicatum,
3143 2686 3303 2747 atque
3321 2686 3673 2748 praeceptum,
3699 2694 3885 2747 quem-

2299 2768 2583 2823 admodum
2615 2769 2883 2838 pollicitus
2911 2783 3050 2832 sum,
3075 2769 3127 2822 in
3161 2777 3450 2836 conspectu
3483 2768 3669 2822 domui
3715 2768 3883 2822 nostri

2300 2861 2495 2916 summi
2525 2861 2816 2931 pontiﬁcis,
2841 2870 3004 2931 atque
3031 2861 3373 2930 imperatoris
3393 2861 3624 2930 piissimi
3644 2869 3707 2914 et
3728 2860 3887 2914 totius

2299 2953 2514 3008 concilii
2543 2954 2844 3023 vestrisque
2878 2953 3235 3023 partibus.....
3275 2971 3294 3004 ι
3325 2953 3572 3007 Indueias
3621 2967 3802 3021 usque
3823 2951 3886 3005 ad

2300 3043 2582 3098 duodecim
2622 3043 2739 3098 dies
2769 3042 3111 3098 contulerunt
3135 3083 3150 3108 ,
3193 3051 3459 3110 quatenus
3513 3041 3886 3110 unusquisque

2302 3150 2488 3190 eorum
2532 3135 2586 3189 in
2629 3135 2887 3206 pracdicto
2934 3135 3109 3203 spatio
3148 3133 3408 3202 quidquid
3463 3132 3749 3186 ﬁrmitatis
3797 3146 3885 3202 per

628 3247 648 3278 ι
687 3223 1012 3300 Episcopum
1042 3234 1146 3274 non
1189 3219 1351 3274 licere
1379 3215 1606 3269 alienam
1642 3210 1952 3281 parochiam
1983 3207 2196 3278 propria

2303 3233 2694 3294 praeceptorum
2741 3228 3081 3288 sanctiones,
3129 3239 3223 3278 seu
3272 3223 3612 3278 decretorum
3663 3223 3884 3276 institu-

629 3337 647 3368 ι
690 3324 828 3371 setta
856 3311 970 3386 [F.,
992 3318 1143 3366 extra
1166 3310 1379 3382 propria
1399 3307 1574 3378 septa]
1598 3305 1910 3376 pervadere.
1950 3323 1967 3354 ι
2001 3304 2066 3357 Ει
2094 3303 2195 3356 ite-

623 3420 744 3459 rum
775 3422 788 3457 :
821 3420 839 3454 ε
872 3402 1168 3473 Episcopus
1216 3399 1443 3482 aliepam
1493 3398 1791 3456 civitatem,
1836 3409 1955 3464 quae
1982 3408 2086 3448 non
2116 3400 2199 3446 est

632 3513 651 3545 ‹
685 3493 760 3549 illi
799 3493 1059 3563 subjecta,
1092 3507 1197 3545 non
1223 3490 1452 3552 invadat,
1487 3503 1588 3541 nec
1624 3488 1690 3541 ad
1721 3486 1881 3540 ullam
1907 3485 2199 3555 possessio-

631 3602 651 3636 ‹
688 3599 808 3638 nem
835 3584 952 3654 ejus
977 3581 1222 3646 accedat,
1245 3594 1404 3650 quem
1436 3580 1502 3634 ad
1524 3594 1646 3633 eum
1687 3592 1792 3631 non
1821 3577 2074 3646 pertinet,
2102 3590 2200 3630 nec

630 3693 650 3725 ι
682 3675 979 3731 constituat
994 3673 1338 3744 presbyteros
1368 3677 1459 3723 aut
1485 3669 1740 3723 diaconos
1765 3667 1918 3721 alteri
1950 3667 2200 3736 episc0po

628 3786 650 3820 ι
682 3768 986 3836 subjectos,
1006 3765 1108 3820 nisi
1137 3764 1274 3818 forte
1315 3778 1381 3818 ex
1404 3776 1665 3817 consensu
1697 3768 1752 3815 et
1799 3760 2074 3814 voluntate
2112 3774 2198 3814 re-

631 3878 650 3912 ‹
687 3859 861 3929 gionis
881 3856 1140 3927 episcOpi.
1187 3854 1243 3910 Si
1275 3855 1397 3925 quis
1424 3863 1599 3909 autem
1634 3849 1738 3908 tale
1784 3851 1984 3922 aliquid
2023 3852 2201 3908 facere

632 3969 652 4000 ι
692 3947 1002 4014 tentaverit,
1035 3947 1187 4002 irrita
1211 3948 1280 4002 sit
1307 3947 1422 4016 ejus
1445 3946 1734 4010 ordinatio,
1758 3953 1919 4015 atque
1953 3959 2202 3999 coercea-

634 4059 652 4089 ι
691 4047 776 4093 tur
798 4053 826 4090 a
855 4036 1078 4107 synodo.
1118 4055 1136 4088 ι
1169 4036 1236 4090 Et
1258 4037 1396 4091 sicut
1422 4035 1834 4105 prmdecessoris
1860 4035 2030 4089 nostri
2058 4034 2202 4089 beati

627 4127 904 4184 leestini
937 4142 1086 4198 papae
1111 4127 1388 4182 continent
1419 4126 1751 4181 constituta:
1795 4143 1814 4176 ι
1851 4124 1923 4179 Ut
1962 4124 2031 4179 sit
2073 4139 2203 4178 con-

635 4241 654 4272 ι
692 4229 870 4276 tentus
896 4221 1265 4291 unusquisque
1293 4220 1576 4290 episcopus
1597 4234 1708 4274 suae
1737 4217 1943 4272 civitati
1976 4231 2201 4272 conces-

631 4327 651 4360 ι
687 4311 762 4366 sis
802 4310 1128 4375 hominibus,
1175 4310 1312 4364 alter
1362 4301 1430 4362 in
1467 4307 1690 4362 alterius
1739 4304 2018 4376 provincia
2066 4302 2203 4358 nihil

633 4419 653 4452 ι
689 4411 1011 4472 przesumat;
1053 4421 1071 4452 ι
1107 4401 1183 4454 ita
1226 4409 1280 4454 et
1319 4413 1420 4454 nos
1463 4398 1606 4452 beati
1645 4397 1792 4451 Petri
1839 4395 2202 4465 apostolorum

623 4491 908 4561 principis,
949 4489 1101 4559 cujus
1145 4491 1336 4552 vicem,
1364 4487 1613 4557 quamvis
1657 4484 1945 4548 immeriti,
1978 4485 2073 4538 Dei
2107 4485 2202 4538 be-

2303 3315 2475 3368 tiones
2523 3314 2776 3378 haberet,
2838 3313 3085 3378 deferre,
3156 3329 3365 3368 necnon
3426 3322 3594 3367 testes
3661 3312 3886 3366 idoneos

2301 3404 2367 3458 de
2407 3405 2662 3474 praedicta
2704 3403 2931 3460 ecclesia
2971 3405 3340 3474 unusquisque
3377 3404 3443 3458 ad
3480 3404 3884 3474 indagationem

2299 3493 2546 3549 veritatis
2591 3510 2773 3549 secum
2801 3494 3041 3549 duceret.
3084 3493 3276 3548 Finitis
3311 3494 3474 3563 igitur
3516 3493 3706 3556 dictis,
3760 3494 3886 3547 duo-

2301 3587 2476 3642 decim
2516 3587 2708 3642 diebus
2756 3586 2948 3642 Petrus
2997 3587 3282 3656 episcopus
3329 3586 3565 3640 Aretinze
3617 3585 3882 3644 ecclesia,

2301 3685 2355 3731 et
2392 3676 2613 3732 Cautius
2639 3677 2922 3746 episcopus
2961 3676 3220 3731 Senensis
3261 3676 3316 3730 in
3347 3675 3636 3745 prtesentia
3673 3674 3876 3736 nostri,

2301 3777 2355 3822 et
2401 3769 2744 3838 imperatoris
2782 3768 3038 3823 Ludovici
3083 3768 3312 3838 piissimi
3349 3767 3577 3837 Augusti
3622 3781 3882 3836 persona-

2301 3859 2425 3915 liter
2467 3865 2754 3925 veueruut,
2805 3866 2859 3913 et
2925 3858 2980 3912 in
3026 3865 3310 3926 conspectu
3373 3871 3559 3911 eorum
3607 3857 3882 3925 episcOpo-

2301 3965 2422 4004 rum
2476 3962 2703 4018 quorum
2743 3950 2967 4004 nomina
3007 3949 3192 4004 subter
3247 3963 3456 4004 annexa
3501 3956 3650 4010 sunt,
3720 3945 3880 4000 Joan-

2303 4055 2400 4095 nes
2443 4040 2884 4110 archiepiscopus
2935 4038 3171 4094 civitatis
3222 4039 3513 4104 Ravenna,
3563 4038 3884 4094 Ambrosius

2302 4131 2585 4202 episcopus
2612 4131 2872 4185 Lucensis
2897 4130 3162 4195 ecclesiae,
3205 4128 3457 4184 Oschesis
3482 4129 3775 4199 episc0pus
3797 4128 3880 4181 Pi-

2302 4222 2617 4287 storiensis,
2665 4222 2904 4277 Donatus
2947 4222 3232 4291 episcopus
3293 4218 3570 4275 Fesulaua:
3624 4220 3879 4282 civitatis,

2301 4312 2577 4368 Iohannes
2621 4312 2904 4382 episcopus
2952 4310 3110 4376 Pisae,
3158 4310 3400 4366 Andreas
3444 4310 3737 4379 episcOpus
3784 4309 3882 4362 γο-

2303 4403 2689 4460 laterrauensis
2736 4402 2989 4467 civitatis,
3045 4401 3426 4470 Taceprandus
3478 4401 3767 4470 episcopus
3811 4399 3881 4453 ci-

2301 4497 2483 4551 vitatis
2512 4495 2682 4560 Clusi,
2717 4493 2857 4550 Otho
2889 4494 3172 4563 episcopus
3198 4492 3527 4548 Bosellensis
3545 4532 3560 4556 ,
3589 4491 3880 4545 Tanimun-

626 4582 891 4653 nignitate
919 4582 1173 4653 gerimus,
1219 4589 1496 4634 sumentes
1533 4577 1928 4642 auctoritatem,
1957 4577 2200 4632 decerni-
2225 4551 2278 4610 D
2307 4587 2407 4642 dus
2430 4586 2712 4656 episcopus
2745 4583 3055 4650 Suanensis,
3103 4583 3297 4638 Petrus
3330 4583 3618 4653 episcOpus
3655 4581 3882 4636 civitatis

626 4687 748 4726 mus
773 4680 853 4738 ut,
901 4671 1040 4726 sicut
1087 4677 1345 4725 statutum
1377 4677 1482 4730 est,
1511 4666 1876 4736 unusquisque
1923 4667 2205 4736 cpiscopus

623 4764 936 4836 parochias,
973 4779 1066 4818 seu
1116 4761 1400 4825 ditcceses,
1423 4759 1574 4828 juxta
1621 4758 1820 4812 limites
1851 4773 1963 4813 suae
1997 4758 2201 4813 civitati

624 4854 1004 4923 pertinentes,
1074 4850 1459 4921 imperturbate
1518 4848 1823 4918 possideat,
1883 4848 1982 4902 sub
2035 4847 2201 4903 divini

624 4941 813 5010 judicii
843 4941 1205 4998 obtestatione
1235 4948 1289 4995 et
1319 4939 1678 4994 anathematis
1707 4938 2134 5008 interpositione.
2175 4958 2204 4990 ι.

700 5034 835 5087 Dum
883 5032 1048 5102 igitur
1110 5046 1208 5085 nos
1259 5029 1367 5084 Leo
1416 5044 1658 5084 summus
1709 5028 1949 5098 pontifex
2002 5036 2203 5082 sancta:

630 5120 1022 5176 adhortationis
1069 5133 1374 5174 sermonem
1445 5117 1782 5180 claudimus,
1843 5115 2204 5170 decretalibus

628 5227 791 5281 supra
819 5211 1108 5265 nominatis
1155 5226 1253 5279 per
1293 5208 1552 5263 ordinem”
1579 5207 1826 5271 ostensis,
1874 5215 1928 5261 et
1967 5205 2201 5276 relectis,

628 5311 758 5357 tunc
802 5302 995 5358 Petrus
1021 5301 1256 5355 Aretinrc
1292 5298 1546 5354 Ecclesiae
1582 5298 1874 5368 episcopus.
1903 5298 2040 5353 dixit
2065 5299 2204 5352 Can-

628 5394 708 5448 tio
731 5393 984 5462 episcopo
1016 5411 1027 5445 :
1066 5411 1084 5442 ι
1116 5393 1225 5448 lsta
1272 5399 1362 5446 tua
1387 5389 1673 5446 decretalia
1699 5398 1754 5444 et
1773 5388 2034 5458 iudicata,
2081 5406 2203 5459 quae

629 5482 722 5537 hic.
748 5481 1053 5546 ostendisti,
1082 5481 1278 5535 nullam
1305 5488 1529 5550 possunt
1575 5480 1753 5535 facere
1774 5479 2039 5548 iacturam
2071 5494 2206 5533 mea:

631 5572 899 5632 ecclesize.
929 5587 1102 5641 neque
1128 5573 1434 5642 dispendia;
1465 5572 1718 5641 quoniam
1760 5587 1858 5626 nos
1880 5579 1935 5626 et
1960 5580 2206 5626 anteces-

633 5677 785 5718 εοεαε
825 5662 995 5716 nostri
1039 5663 1365 5717 monasteria
1413 5670 1467 5717 et
1492 5662 1804 5733 baptisteria
1847 5677 1969 5716 cum
2015 5675 2204 5716 eorum

632 5751 888 5816 oraculis,
914 5767 1005 5808 seu
1028 5754 1386 5822 pertinentiis,
1414 5768 1507 5810 seu
1527 5754 1862 5824 adjacentiis,
1904 5769 2022 5824 quin
2060 5754 2200 5808 intra

2306 4677 2793 4743 Orbcvctanensis,
2859 4676 3087 4731 Joannes
3146 4676 3430 4745 episcopus
3504 4672 3874 4732 Tuscaneusis,

2307 4772 2542 4827 Joannes
2597 4773 2879 4842 episcopus
2934 4770 3435 4834 Ceutumccllensis,
3503 4767 3701 4823 Petrus
3777 4767 3879 4836 epi-

2305 4879 2499 4933 scopus
2541 4862 2864 4932 Spoletinus,
2922 4861 3116 4930 aliique
3156 4859 3360 4930 plures.
3407 4857 3464 4911 in
3503 4858 3877 4926 prtedictorum

2304 4953 2484 5021 itaque
2521 4950 2808 5020 praesentia
2857 4948 3012 5004 ambo
3059 4948 3295 5016 episcopi
3323 4988 3338 5013 ,
3377 4948 3480 5002 hoc
3531 4955 3618 5000 est
3670 4945 3880 5000 Cautius

2305 5044 2590 5112 episcopus
2645 5043 2940 5108 Senensis,
2983 5050 3040 5094 et
3089 5040 3280 5095 Petrus
3329 5038 3565 5093 Aretinai
3623 5038 3878 5098 ecclesia,

2305 5149 2426 5189 cum
2463 5132 2831 5187 sanctionibus
2877 5139 3269 5202 praeceptorum
3290 5171 3304 5195 ,
3337 5137 3498 5198 atque
3529 5127 3878 5183 institutioni-

2304 5225 2406 5278 bus
2439 5224 2805 5289 decretorum,
2851 5222 3056 5278 idoneis
3103 5221 3334 5276 testibus
3356 5236 3425 5274 ex
3452 5228 3688 5289 utraque
3713 5229 3874 5288 parte,

2306 5323 2368 5369 ut
2425 5314 2772 5384 impetratum
2824 5311 3026 5376 fuerat,
3090 5311 3378 5374 adhibitis,
3433 5309 3633 5363 iterum
3690 5321 3873 5363 corona

2306 5403 2476 5458 sancti
2503 5403 2713 5458 concilii
2741 5403 2796 5458 in
2827 5402 3015 5458 eadem
3045 5400 3269 5456 ecclesia
3305 5398 3447 5454 beati
3479 5399 3740 5468 principis
3759 5412 3872 5466 apo—

2304 5495 2588 5560 stolorum,
2618 5496 2710 5551 ubi
2745 5495 2896 5565 prius
2932 5494 3123 5552 fuerat.
3169 5491 3530 5546 residentibus
3573 5507 3699 5544 cum
3735 5489 3870 5544 nobis

2306 5586 2363 5640 in
2391 5585 2619 5640 concilio
2643 5595 2698 5638 et
2725 5584 3027 5638 volentibus
3057 5589 3218 5635 tanta:
3248 5580 3618 5635 altercationis
3659 5579 3869 5650 litigium

2306 5675 2608 5729 rectissima
2637 5677 2788 5727 lance
2833 5685 3084 5741 pensare,
3113 5680 3167 5726 et
3193 5671 3443 5725 libratum
3473 5671 3747 5739 aequitatis
3772 5677 3870 5721 tru-

2311 5765 2424 5818 tino
2452 5763 2634 5828 ﬁnire;
2661 5779 2784 5819 ecce
2824 5761 3014 5818 Petrus
3041 5762 3274 5818 Aretiua:
3306 5761 3547 5818 ecclesia:
3570 5758 3868 5816 decretalia.
