4078 6340
311 299 412 354 661

1514 302 1867 360 ΕΡΙΒΤΟΙΑΕ
1907 303 1994 359 ΕΤ
2034 302 2373 360 DECRETA.

3457 305 3562 363 663

306 419 476 478 atque
504 414 793 479 praecepta,
817 407 970 478 juxta
1001 411 1142 478 quod
1171 413 1509 481 promiserat,
1543 415 1598 468 in
1643 416 1887 470 manibus
1914 419 1967 478 Α
1991 414 2110 471 dius
2142 424 2338 480 cuneta
2393 415 2669 486 diripiens.
2702 389 3074 488 subjectasque
3117 419 3422 476 hominibus
3455 429 3561 476 ter-

308 503 575 568 retinens,
598 518 669 558 ex
703 502 857 572 jussu
893 515 1098 571 nostro,
1127 517 1180 560 et
1201 506 1428 577 Augusti
1465 507 1684 564 Loduici
1713 510 1888 579 piissi-

311 594 386 646 mi
410 591 644 663 Joscpho
663 591 1144 663 Arcbicappellano
1169 598 1309 652 edita
1340 605 1465 653 sunt
1497 597 1562 652 ad
1585 597 1883 668 legendum.

309 682 556 751 Cumque
587 684 826 754 perlecta
857 684 1088 741 fuissent
1119 689 1172 741 in
1203 699 1496 759 conspectu
1537 692 1715 762 magni
1753 706 1886 747 con-

307 771 743 836 cilii,Loduicus
788 775 1083 844 imperator
1139 777 1217 832 sic
1263 779 1317 832 in
1373 794 1534 834 aures
1584 780 1747 835 totius
1797 797 1890 839 ec-

311 859 494 915 clesia:
521 863 870 917 concionatus
898 874 980 918 est
1012 883 1025 917 :
1052 885 1067 915 ι
1105 866 1169 920 Et
1189 868 1443 936 quoniam
1472 871 1891 942 uniuscujusque

308 951 393 1006 rei
432 953 700 1020 possessio
737 953 857 1007 talis
880 954 1035 1007 debet
1059 969 1200 1021 esse,
1245 964 1303 1009 ut
1329 958 1652 1028 principium
1680 975 1892 1030 posses-

309 1043 487 1098 sionis
519 1045 574 1098 in
615 1059 674 1099 se
699 1045 902 1099 nullum
930 1047 1125 1102 habeat
1159 1048 1376 1112 vitium,
1415 1049 1622 1119 liquido
1645 1053 1892 1122 colligere

307 1149 620 1202 possumus,
649 1138 778 1192 dum
804 1147 1014 1192 constat
1039 1140 1138 1194 has
1155 1141 1438 1210 parochias
1458 1143 1740 1200 ecclesiam
1761 1147 1892 1202 Are-

309 1229 483 1280 tinam
511 1242 577 1282 ex
616 1236 853 1298 tempore
883 1228 1354 1299 Longobardorum
1396 1233 1631 1290 tenuisse
1659 1244 1894 1292 tantum»

308 1317 496 1378 modo,
535 1331 641 1370 non
673 1317 774 1370 sibi
815 1316 1057 1372 sufﬁcere
1088 1322 1442 1388 possessionis
1477 1327 1888 1395 oppositionem,

306 1403 441 1457 dum
472 1413 762 1474 antequam
799 1405 1278 1476 Longobardorum
1325 1410 1532 1481 gladius
1568 1414 1771 1470 Italiam
1799 1433 1892 1486 po-

307 1493 549 1561 pulando
599 1495 934 1562 devastaret,
983 1496 1244 1554 Romanis
1289 1500 1702 1570 imperatoribus
1749 1516 1894 1560 tran-

306 1583 491 1652 quillae
539 1585 690 1654 pacis
731 1584 990 1642 felicitate
1035 1588 1221 1644 orbem
1270 1594 1596 1661 regentibus,
1637 1593 1894 1652 Senensis

305 1675 562 1740 ecclesia,
576 1677 713 1732 sicut
733 1693 849 1733 mos
868 1679 1122 1750 antiquus
1141 1682 1348 1748 statuit,
1370 1685 1584 1740 easdem
1607 1689 1891 1756 parochias

1991 521 2098 573 ras,
2122 507 2304 561 multis
2323 506 2532 576 populis
2563 507 2811 573 refertas,
2834 511 3088 582 redegere
3114 511 3167 564 in
3194 513 3555 568 solitudinem.

1987 594 2225 666 Contigit
2247 596 2474 666 denique
2499 611 2567 652 ex
2590 598 2733 653 illius
2764 600 3018 669 temporis
3041 599 3387 666 desolatione,
3413 603 3561 655 inva-

1988 685 2140 742 sione
2168 685 2357 741 callida
2388 686 2523 741 alter
2543 685 2844 756 episcopus,
2872 688 3024 742 alteri
3058 688 3323 757 parochizn
3353 688 3582 744 nefario.

1991 792 2124 832 ausu
2152 792 2509 843 commorare,
2537 786 2593 832 et
2624 779 2862 832 invasam
2908 779 3036 832 totis
3071 777 3273 832 viribus
3295 777 3556 833 detinere.

1983 867 2084 924 .Sie
2121 869 2302 938 itaque
2342 868 2570 925 Senensi
2622 869 2866 925 ecclesia:
2911 869 2976 924 ab
3025 869 3248 924 Aretina
3303 869 3563 924 accidisse

1989 957 2210 1013 scimus.
2240 957 2544 1024 Quamlibet
2594 957 3090 1014 Petrus.Aretinus
3128 959 3412 1028 episc0pus
3463 974 3563 1013 nos

1987 1043 2097 1099 huc
2140 1044 2224 1098 sui
2269 1059 2432 1100 causa
2475 1045 2644 1109 duxit,
2691 1055 2868 1100 tamen
2907 1044 3150 1100 veritatis
3178 1045 3441 1100 rationem
3477 1061 3565 1099 ce—

1992 1134 2105 1188 lare
2134 1133 2285 1189 nefas
2310 1148 2430 1188 esse
2452 1134 2750 1199 credimus;
2784 1135 2858 1188 ita
2890 1135 3112 1189 nimium
3153 1151 3211 1190 re
3241 1135 3292 1188 in
3313 1135 3564 1206 ambiguo

1992 1229 2196 1298 posita,
2243 1229 2489 1297 utrisque
2515 1229 2758 1284 ecclesiis
2798 1244 3018 1299 parere,
3060 1228 3212 1282 alteri
3245 1228 3460 1297 quidem
3497 1243 3564 1283 ex

1994 1319 2334 1383 necessitate,
2383 1318 2536 1373 alteri
2568 1334 2696 1372 vero
2728 1333 2794 1372 ex
2826 1317 3116 1380 voluntate,
3161 1317 3441 1386 praedictas
3468 1315 3568 1369 Pa

1994 1409 2226 1464 rochias.
2252 1408 2635 1462 meminimus:
2670 1408 2894 1463 Senensi
2933 1409 3128 1476 unppe
3157 1422 3221 1461 ex
3255 1406 3565 1472 voluntate,

1993 1499 2231 1554 Aretiua:
2255 1513 2328 1552 ex
2351 1480 2692 1553 necessitate.
2723 1498 2944 1554 Constat
2971 1514 3067 1552 nos
3090 1497 3314 1554 ecclesia
3340 1495 3566 1570 Senensi

1998 1601 2169 1656 usque
2230 1587 2391 1641 hodie
2455 1586 2753 1642 reddidisse
2813 1587 3053 1642 ecclesia:
3111 1595 3166 1641 et
3215 1587 3565 1660 constitutum

1996 1679 2294 1744 servitium,
2313 1685 2366 1733 et
2385 1679 2620 1733 chrisma
2641 1681 2708 1734 ab
2721 1679 2908 1744 eadem
2929 1679 3155 1734 ecclesia
3178 1679 3419 1748 cmpisse,
3441 1693 3563 1742 con:

309 1764 477 1828 rexit,
511 1773 568 1818 et
610 1765 798 1819 tenuit.
837 1784 856 1817 ι
887 1767 1038 1822 Tunc
1075 1784 1234 1822 omne
1279 1772 1565 1828 concilium
1600 1790 1784 1830 verum
1833 1786 1888 1832 et
1917 1769 1961 1828 Β
1988 1767 2450 1836 secrationemque
2484 1767 2830 1822 diacouorum
2853 1769 3359 1839 etptesbyterorum
3383 1769 3568 1826 hacte-

306 1854 592 1921 probabile
619 1853 883 1925 laudeque
904 1857 1279 1927 dignissimum
1305 1861 1680 1931 imperatorem
1713 1877 1891 1936 protu-

305 1943 815 2004 lisseacclamabat.
847 1948 928 2002 Ad
953 1949 1067 2004 haec
1087 1950 1278 2007 Petrus
1296 1954 1577 2024 episcopus
1599 1957 1884 2014 Aretinus:

308 2050 334 2084 ε
379 2033 446 2087 Et
475 2036 730 2104 quoniam
751 2037 1096 2118 imperatoria
1120 2042 1392 2110 majestas,
1411 2055 1466 2101 et
1486 2049 1779 2116 apostolica
1805 2066 1892 2104 su-

307 2124 554 2179 blimitas
580 2140 687 2180 non
715 2127 888 2181 solum
918 2130 1331 2200 scripturarum,
1367 2151 1552 2190 verum
1581 2146 1636 2191 et
1675 2140 1888 2193 testium

303 2213 470 2283 jussit
498 2215 552 2268 in
587 2215 690 2271 hoc
726 2217 1093 2282 testimonium
1127 2223 1398 2288 adhiberi,
1421 2223 1647 2292 jubeant
1671 2227 1770 2293 illi,
1805 2245 1890 2282 sa-

309 2304 564 2360 cerdotes
593 2307 884 2362 testimonii
907 2309 1185 2365 veritatem
1209 2313 1469 2381 proferre,
1500 2317 1589 2384 qui
1613 2316 1664 2370 in
1688 2318 1890 2373 eisdem

311 2391 680 2450 inhabitantes
705 2399 993 2466 parochiis,
1028 2399 1396 2472 incorruptam
1428 2406 1732 2472 veritatem,
1758 2409 1892 2462 anti-

310 2498 544 2554 quorum
572 2488 834 2544 relatione
859 2491 1136 2546 hominum
1167 2508 1262 2562 per
1287 2497 1578 2564 parcntela:
1602 2500 1891 2568 gradusin-

307 2574 544 2642 signiter
572 2578 972 2634 consociantur.
1013 2599 1033 2632 ι

283 2661 288 2666 ’
393 2664 543 2720 Tunc
580 2683 679 2722 nos
718 2667 828 2723 Leo
874 2670 1116 2739 pontifex
1163 2674 1480 2731 universalis
1513 2693 1648 2747 papa
1691 2687 1746 2734 et
1792 2680 1894 2735 Lo-

311 2752 543 2808 dovicus
594 2755 886 2826 imperator
937 2756 1202 2826 jussimus
1250 2763 1496 2818 exhiberi
1545 2766 1892 2834 sacerdotes,

311 2842 559 2913 aliosque
607 2844 810 2901 fideles.
863 2847 963 2914 Qui
1017 2850 1196 2904 subito
1248 2853 1421 2906 vocati
1477 2864 1602 2908 sunt
1657 2855 1712 2910 iu
1768 2872 1896 2913 con-

313 2945 506 3001 spectu
558 2937 737 3007 magni
785 2939 1018 2992 concilii.
1070 2940 1127 2994 ln
1184 2942 1374 3010 primis
1428 2945 1575 2999 venit
1617 2945 1895 3016 Gisulpbe-

313 3025 506 3079 rianus
549 3027 616 3081 de
649 3027 803 3097 plebe
832 3030 1005 3085 sancti
1059 3030 1260 3097 Quirici
1306 3033 1359 3087 in
1401 3034 1667 3090 Ausinora
1699 3054 1712 3090 :
1741 3037 1896 3093 Ater-

1989 1877 2094 1916 nus
2114 1861 2183 1915 ab
2213 1875 2277 1914 ea
2317 1859 2634 1928 sumpsisse.
2668 1858 2903 1913 Aretime
2926 1875 3054 1914 vero
3092 1859 3353 1922 ecclesiae,
3387 1874 3568 1913 armo«

1995 1967 2113 2006 rum
2151 1950 2356 2007 viribus
2404 1964 2718 2015 concussos,
2759 1951 3041 2005 servitium
3071 1965 3168 2005 nos
3203 1959 3389 2006 coacte
3414 1950 3566 2004 exhi-

1991 2043 2123 2098 bere
2147 2057 2254 2098 non
2284 2057 2563 2111 negamus.
2585 2041 2714 2097 lure
2751 2042 2915 2114 igitur
2941 2042 3232 2112 apostolica
3265 2041 3570 2096 sublimitas

1992 2139 2048 2185 et
2076 2131 2422 2199 imperatoria
2452 2128 2704 2198 majestas
2744 2146 2843 2185 nos
2868 2133 3186 2198 nostrasque
3223 2128 3507 2198 parochias
3537 2145 3567 2183 a

1995 2219 2086 2273 tali
2130 2219 2368 2288 periculo
2397 2218 2612 2289 eripiat,
2640 2227 2695 2273 et
2736 2219 2894 2289 hujus
2931 2218 3070 2273 sacri
3101 2217 3313 2273 concilii
3354 2217 3570 2272 decreta

1995 2317 2219 2376 statuat,
2235 2310 2476 2366 ecclesia
2489 2311 2714 2380 posthac
2735 2309 2926 2376 libere,
2951 2317 3005 2364 et
3027 2309 3341 2364 inconcusse
3363 2307 3571 2362 servire

1996 2414 2096 2454 nos
2125 2408 2386 2471 oporteat.
2428 2419 2446 2451 ι
2487 2400 2687 2455 Tamen
2741 2399 2865 2462 hoc,
2906 2399 3046 2454 sicut
3091 2414 3280 2463 unum,
3333 2397 3571 2468 singilla-

1997 2492 2095 2546 tim
2145 2491 2516 2561 unusquisque
2558 2505 2741 2544 eorum
2795 2490 3156 2561 interrogatus
3203 2488 3570 2543 testimonium

1995 2580 2332 2636 Gesolt‘randi
2361 2581 2638 2636 asserebat
2687 2580 3048 2634 verissimum.
3089 2577 3376 2648 Aripaldus
3416 2592 3566 2647 pres-

1993 2669 2156 2742 byter
2200 2679 2257 2726 et
2297 2670 2600 2725 monachus
2646 2670 2712 2724 de
2765 2670 2920 2739 plebe
2970 2669 3141 2725 sancti
3199 2668 3456 2738 Stephani
3503 2669 3570 2724 de

1993 2759 2260 2825 Anciano,
2286 2769 2345 2813 ut
2391 2758 2780 2814 Gesolfrandus
2819 2759 2891 2812 ita
2938 2758 3124 2812 refert.
3166 2757 3234 2811 Et
3282 2757 3576 2812 Gelisarius

1989 2849 2432 2918 .archipresbyter
2456 2847 2522 2902 de
2543 2847 2680 2902 saltu
2705 2846 2954 2901 similiter
2973 2845 3254 2900 confessus
3278 2854 3380 2900 est.
3402 2845 3569 2900 Bene-

1997 2937 2174 2993 dictus
2196 2936 2634 3008 archipresbyter
2664 2937 2834 2991 sancti
2870 2935 2977 2992 Viti
3007 2935 3255 2990 similiter
3277 2935 3428 2989 dixit.
3460 2935 3574 2989 Ali-

1997 3029 2237 3100 prandus
2256 3029 2320 3084 de
2347 3027 2502 3097 plebe
2519 3028 2576 3083 S.
2595 3028 2784 3082 Donati
2809 3026 3056 3081 similiter
3076 3026 3230 3082 dixit.
3250 3024 3573 3095 Aliprandus

311 3115 587 3185 palianus,
643 3119 923 3190 presbyter
950 3130 1006 3177 et
1034 3125 1328 3179 monachus
1345 3165 1359 3188 ,
1413 3125 1478 3180 de
1526 3126 1678 3196 plebe
1729 3129 1897 3184 sancti
1927 3130 1970 3195 (ζ
2004 3119 2069 3173 de
2089 3117 2243 3187 plebe
2263 3118 2436 3172 sancti
2464 3117 2693 3171 Andreae
2717 3115 2966 3170 similiter
2986 3114 3140 3170 dixit.
3165 3113 3452 3168 Laufridus
3475 3129 3566 3166 ar—

313 3206 580 3277 Stepbaui
639 3212 705 3266 de
751 3212 993 3268 Cinnano
1050 3233 1062 3266 :
1112 3215 1415 3282 Gesilarus,
1466 3218 1899 3290 archipresbyter

309 3311 521 3356 sancta:
567 3303 748 3359 Mariae
791 3306 843 3359 in
886 3305 1065 3360 Pava:
1105 3307 1492 3378 Malperianus,
1524 3309 1806 3381 presbyter
1833 3312 1898 3367 de

314 3389 478 3462 plebe
518 3402 716 3448 sancta:
737 3394 919 3450 Maria:
947 3397 1012 3450 de
1041 3394 1220 3451 Soleta
1250 3415 1262 3452 :
1289 3396 1643 3462 Lanfrancus,
1675 3400 1899 3470 presby-

313 3485 407 3532 ter
432 3480 497 3534 de
545 3481 701 3550 plebe
730 3491 930 3538 sanctae
959 3482 1140 3538 Maria:
1173 3485 1240 3540 de
1265 3484 1510 3552 Cusona;
1558 3485 1897 3552 Benedictus,

314 3569 756 3644 archipresbyter
784 3576 848 3628 de
892 3575 1045 3643 plebe
1088 3577 1260 3630 sancti
1291 3577 1396 3632 Viti
1433 3579 1696 3634 Vitaliano
1725 3597 1738 3632 :
1769 3581 1896 3651 Agi-

313 3662 580 3728 prandus,
603 3665 1038 3735 archipresbyter
1059 3667 1123 3721 de
1143 3667 1298 3736 plebe
1323 3670 1492 3724 sancti
1515 3670 1742 3727 Andreae
1769 3672 1896 3726 Mal-

315 3748 483 3808 cino:
515 3750 762 3818 Leucari,
791 3755 1074 3824 presbyter
1102 3756 1167 3810 de
1194 3757 1348 3826 plebe
1383 3769 1583 3814 sanctae
1636 3759 1815 3816 Mariae
1845 3763 1896 3818 in

318 3839 520 3908 Sexta;
548 3843 816 3912 Aliperus,
865 3847 1298 3919 archipresbyter
1325 3850 1391 3904 de
1411 3851 1565 3920 plebe
1592 3856 1765 3910 sancti
1795 3856 1898 3910 Do-

317 3935 435 3987 nati
483 3936 810 4002 de-Ziliano;
853 3956 870 3989 t
920 3937 985 3992 Ili
1013 3948 1137 3994 sunt
1181 3941 1287 3996 mei
1335 3945 1786 4015 archipresbyteri
1834 3948 1898 4002 de

319 4023 432 4092 iam
455 4025 611 4079 dictis
647 4025 911 4095 plebibus,
957 4048 976 4080 ι
1013 4029 1148 4084 dixit
1175 4029 1366 4086 Petrus
1393 4032 1648 4089 Aretinus
1689 4036 1896 4104 episco-

315 4127 442 4180 pus.
495 4113 631 4168 Tum
661 4130 761 4170 nos
805 4116 915 4172 Leo
945 4133 1080 4187 papa
1121 4117 1382 4187 jussimus
1426 4121 1617 4176 librum
1660 4123 1903 4195 Evange-

318 4204 518 4258 liorum
540 4205 593 4259 in
618 4206 794 4262 medio
822 4208 1051 4262 concilio
1077 4210 1224 4278 poni,
1262 4211 1530 4281 simulque
1559 4222 1758 4268 sanctae
1782 4215 1902 4268 cru—

320 4293 403 4350 cis
429 4295 682 4350 vexillum
713 4297 846 4352 inibi
873 4299 1151 4353 collocari.
1177 4300 1351 4369 Atque
1378 4317 1473 4370 per
1498 4301 1613 4356 haec
1642 4303 1899 4358 sciscitati

318 4399 550 4454 sumus:
586 4404 606 4437 ι
641 4386 837 4443 Audite
875 4403 991 4453 vos,
1041 4389 1378 4454 sacerdotes,
1423 4392 1618 4460 quibus
1647 4394 1896 4448 reddendi

319 4476 691 4532 testimonium
743 4478 975 4534 facultas
1005 4496 1034 4534 a
1065 4482 1407 4537 sanctissimo
1437 4484 1664 4539 concilio
1701 4486 1899 4540 tributa
1925 4465 1978 4526 D

318 4575 424 4627 est,
459 4568 512 4620 in
538 4567 735 4622 virtute
759 4569 1100 4636 obedientice,
1139 4567 1318 4626 et'sub
1347 4573 1705 4629 obtestatione
1735 4575 1900 4630 divini

313 4655 508 4722 judicii
546 4658 698 4712 vobis
726 4659 1084 4728 praecipimus,
1127 4668 1186 4714 ut
1215 4661 1268 4715 in
1313 4661 1608 4718 continenti
1654 4665 1808 4720 nobis
1835 4666 1902 4721 de

319 4747 429 4801 hac
457 4763 516 4802 re
560 4750 842 4803 veritatem
873 4751 1084 4806 dicatis.
1120 4771 1138 4802 ι
1171 4751 1227 4806 1η
1265 4753 1453 4821 primis
1493 4769 1621 4823 ergo
1661 4757 1899 4810 omnium

319 4834 713 4892 Gesolfrandus
739 4839 851 4908 jam
879 4839 1052 4894 dictus
1084 4842 1520 4913 archipresbyter
1548 4844 1625 4898 ait
1655 4861 1667 4896 :
1706 4863 1724 4894 ‹
1760 4844 1901 4911 Quo-

318 4926 469 4981 niam
495 4928 760 4982 nefarium
809 4938 893 4984 est
934 4931 1033 4985 sub
1060 4939 1211 4984 tanta
1248 4932 1607 4989 obtestatione
1631 4932 1901 5001 jurantcm

322 5017 578 5083 reticere,
624 5020 965 5092 sacrilegium
997 5037 1115 5078 esse
1144 5023 1379 5092 arbitror
1405 5025 1458 5078 in
1487 5033 1776 5095 conspectu
1806 5025 1904 5079 hu-

316 5109 410 5179 jus
435 5111 574 5164 sacri
607 5112 821 5166 concilii
848 5112 1040 5168 falsum
1070 5115 1434 5169 testimonium
1471 5115 1668 5170 dicere.
1699 5115 1903 5170 Idcirco

323 5201 468 5269 quod
502 5216 533 5254 a
573 5202 708 5256 meis
728 5204 1044 5272 parentibus
1075 5205 1258 5268 didici,
1287 5213 1340 5259 et
1365 5221 1464 5276 ego
1495 5207 1626 5275 ipse,
1652 5221 1773 5260 cum
1797 5205 1897 5260 sim

323 5295 440 5353 fere
465 5300 882 5370 nonagenarius,
918 5300 1163 5365 memini,
1187 5301 1389 5370 absque
1425 5300 1675 5354 falsitatis
1722 5299 1900 5356 colore

324 5387 582 5443 narrabo.
615 5389 739 5443 Scio
775 5404 1009 5459 namque
1032 5391 1322 5444 secundum
1349 5406 1589 5446 meorum
1618 5396 1901 5460 parentum

328 5477 666 5544 relationem,
697 5477 993 5535 Senensem
1021 5480 1302 5536 ecclesiam
1332 5495 1501 5551 usque
1530 5479 1905 5551 Longobardo-

327 5585 449 5624 rum
494 5580 734 5640 tempora
780 5572 1067 5642 praedictas
1119 5573 1404 5643 parochias
1454 5573 1802 5632 inconcusse,
1851 5580 1903 5625 et

329 5660 532 5730 absque
563 5661 670 5718 ullo
701 5661 873 5734 litigio
902 5662 1156 5719 tenuisse.
1196 5661 1301 5720 Sed
1331 5677 1517 5720 eorum
1549 5661 1763 5731 iniquus
1789 5658 1901 5731 εἰει-
1921 5736 1946 5742 η

2001 3211 2376 3282 chiprcsbyter
2396 3219 2595 3266 sanctae
2627 3209 2809 3264 Maria:
2837 3209 2903 3264 de
2930 3207 3109 3263 Osona
3132 3207 3379 3262 similiter
3415 3206 3570 3262 dixit.

2000 3301 2226 3357 Laucari
2260 3305 2694 3373 archipresbyter
2734 3305 2799 3357 de
2845 3303 2998 3373 plebe
3044 3310 3242 3356 sanctae
3289 3299 3469 3354 Maria:
3505 3299 3574 3356 de

2002 3394 2165 3449 Sexta
2196 3395 2443 3449 similiter
2479 3395 2632 3450 dixit.
2676 3393 2876 3450 Omnes
2916 3393 3115 3462 itaque,
3152 3407 3215 3446 ac
3248 3393 3292 3446 si
3337 3406 3442 3445 uno
3481 3406 3579 3447 ore

2001 3483 2228 3539 Senensi
2268 3485 2510 3539 ecclesia:
2545 3484 2827 3552 praedictas
2855 3482 3140 3552 parochias
3185 3481 3476 3549 pertinent,
3523 3487 3579 3535 et

2000 3575 2306 3630 rectissimo
2329 3575 2450 3645 jure
2473 3574 2676 3644 pariter
2697 3582 3007 3628 constanter
3026 3572 3354 3626 asserebant.
3387 3569 3579 3624 Petrus

2000 3681 2129 3720 vero
2153 3667 2266 3721 haec
2291 3667 2535 3731 audiens,
2559 3665 2844 3734 praedictos
2878 3664 3186 3719 sacerdotes
3209 3663 3574 3716 testimonium

2002 3755 2263 3820 ferentes,
2309 3753 2534 3824 periurii
2565 3763 2770 3809 reatum
2794 3755 3085 3809 incurrisse
3116 3753 3390 3822 arguebat.
3425 3752 3576 3806 Tunc

1994 3842 2309 3911 iubentibus
2349 3842 2527 3907 nobis,
2574 3853 2629 3897 et
2669 3843 2911 3912 piissimo
2958 3843 3304 3912 imperatore,
3354 3849 3410 3894 et
3459 3841 3579 3894 uni-

2000 3949 2159 3988 verso
2195 3934 2446 3998 concilio,
2495 3933 2832 4003 iuraverunt,
2879 3948 3066 3990 omnes
3108 3933 3347 4006 prmtliqi
3398 3948 3576 4006 sacer-

2002 4023 2190 4090 dotes,
2220 4023 2362 4092 quod
2403 3995 2457 4078 in
2495 3995 2864 4077 testimonium
2911 3995 3154 4092 perduc-ti
3193 3995 3324 4076 sati‘s
3367 4038 3493 4076 vera
3523 3999 3579 4077 et

2004 4115 2302 4182 probabilia
2339 4123 2658 4180 narrarent,
2705 4123 2758 4169 et
2788 4114 2929 4170 sicut
2981 4114 3263 4178 dixerant,
3315 4128 3371 4168 se
3416 4112 3578 4168 habet

2003 4206 2224 4260 veritas.
2853 4265 2856 4270 _

2075 4295 2226 4350 Tunc
2267 4310 2366 4351 nos
2410 4295 2522 4352 Leo
2573 4310 2816 4351 summus
2859 4294 3097 4365 pontifex
3145 4294 3222 4349 sic
3263 4293 3330 4347 ad
3359 4293 3575 4348 Petrum

2003 4392 2336 4462 episc0pum,
2364 4400 2420 4447 et
2441 4391 2507 4446 ad
2529 4407 2689 4447 omne
2712 4390 2996 4445 concilium
3021 4388 3164 4445 eﬂ‘ati
3187 4403 3372 4442 sumus
3400 4405 3412 4441 :
3443 4406 3459 4438 ί
3493 4384 3578 4442 Si-

2003 4483 2205 4537 militer
2248 4490 2460 4552 oportet
2509 4497 2630 4546 nos,
2662 4479 2888 4544 fratres,
2946 4479 3250 4550 hujusmodi
3307 4479 3579 4548 aequitatis

2003 4570 2158 4626 lance
2180 4587 2428 4641 pensare,
2446 4572 2698 4641 quoniam
2719 4588 2905 4627 eorum
2931 4570 3285 4638 affectionem,
3313 4571 3402 4640 qui
3431 4570 3581 4626 testi-

2004 4664 2187 4718 monio
2216 4664 2528 4732 supradicto
2551 4662 2720 4717 frater
2748 4671 2933 4718 noster
2960 4662 3152 4717 Petrus
3174 4662 3438 4732 justitiam
3468 4677 3578 4716 sua:

2003 4753 2242 4809 ecclesire
2280 4753 2502 4823 adipisci
2537 4753 2816 4822 sperabat,
2850 4751 3104 4808 Senensis
3131 4753 3359 4808 ecclesia
3393 4752 3581 4805 trium-

2003 4843 2168 4912 phum
2224 4842 2306 4896 sui
2335 4841 2646 4896 certaminis
2677 4850 2758 4896 est
2786 4850 3095 4897 consecuta.
3136 4862 3155 4894 ι
3197 4842 3278 4896 Ad
3321 4842 3432 4894 haec
3463 4839 3582 4892 uni-

2007 4948 2224 4990 versum
2249 4933 2533 5004 collegium
2557 4933 2725 4988 dixit:
2752 4933 2980 5004 Liquido
2993 4941 3141 5003 patet
3168 4930 3583 5003 praanominatas

2004 5023 2292 5094 parochias
2337 5023 2596 5078 Senensis
2617 5022 2860 5078 ecclesire
2885 5038 3024 5088 esse,
3056 5021 3306 5090 quoniam
3341 5017 3581 5087 ejusdem

2006 5113 2292 5167 comitatus
2313 5112 2858 5182 limitibuspcrtinere
2879 5111 3160 5181 probatum
3183 5108 3462 5164 evidenter
3480 5116 3582 5172 est,

2005 5212 2061 5256 et
2089 5204 2304 5258 testium
2334 5204 2736 5258 vcrissimorum
2767 5203 2996 5258 assertio
3031 5201 3248 5264 clamat,
3290 5207 3346 5253 et
3382 5197 3584 5267 scripta

2006 5296 2467 5352 sanctissimorum
2533 5296 2843 5365 pontificum
2897 5295 3012 5348 hzec
3061 5293 3348 5352 roborant.
3391 5289 3584 5346 lubeat

2005 5400 2133 5456 ergo
2167 5397 2345 5441 vestra
2385 5388 2666 5458 sanctitas,
2707 5394 2760 5440 et
2796 5383 3139 5455 imperatoria
3172 5380 3447 5460 majestas,
3483 5380 3584 5454 Sc:

2003 5476 2157 5531 neusi
2183 5477 2424 5542 ecclesia:
2452 5492 2536 5542 ca,
2569 5491 2686 5546 quae
2716 5491 2813 5530 sua
2834 5473 3004 5538 fuere,
3029 5474 3382 5530 restituantur
3409 5491 3420 5525 :
3445 5487 3579 5541 qua-

2005 5573 2163 5622 tenus
2205 5568 2474 5624 discordia
2523 5568 2588 5624 de
2630 5566 2804 5621 medio
2837 5564 3047 5620 sublata
3090 5565 3461 5634 unusquisque
3491 5579 3585 5619 eo-

2007 5674 2124 5714 rum
2148 5669 2367 5730 propter
2396 5661 2519 5726 hoc,
2553 5665 2606 5716 et
2638 5656 2774 5714 sicut
2817 5657 2870 5713 in
2904 5657 3152 5714 omnibus
3190 5664 3445 5712 statutum
3480 5663 3583 5712 est.
