4078 6340
565 272 669 330 683

1792 307 1796 312 ι
1875 268 2114 326 LEONIS
2151 265 2352 324 PAPE
2391 265 2455 326 IV

3713 270 3818 325 GM

557 387 669 444 sibi
698 385 968 458 subjectas
995 385 1276 456 parochias
1305 394 1477 460 regat,
1511 401 1611 443 nec
1643 388 1710 443 ad
1742 384 1971 443 vicinam
1998 386 2134 442 ἀίω·
2162 391 2215 450 Α
2242 397 2490 441 mansere
2515 393 2693 440 autem
2721 384 2946 440 Cantius
2975 399 3099 440 eum
3131 384 3410 442 duodecim
3446 387 3822 444 sacerdotibus

562 479 732 532 cesim
773 476 855 532 sui
909 477 1096 531 fratris
1124 477 1428 532 nullatenus
1477 478 1732 532 accedere
1772 486 2078 546 praesumat.
2119 496 2137 528 ι

569 567 720 622 Tunc
756 567 1087 623 Comeranus
1123 567 1403 636 cpiscopus
1448 567 1584 620 dixit
1622 567 1872 621 omnibus
1903 585 1917 621 :
1949 586 1966 619 ‹
2005 566 2144 621 Sunt

568 660 700 714 mihi
729 659 905 713 adhuc
931 666 1096 712 testes
1138 658 1338 722 idonei,
1371 672 1508 727 quos
1534 657 1599 711 de
1638 673 1758 712 mea
1791 658 2008 713 civitate
2035 657 2143 712 huc

568 748 717 811 duxi,
734 747 928 817 quibus
944 747 1228 816 propositae
1248 745 1617 801 altercationis
1632 754 1782 816 patet
1796 747 2104 817 ambiguum
2123 765 2136 800 :

568 839 659 909 qui
692 837 911 906 antiqua
943 837 1203 892 relatione
1248 837 1509 890 nobilium
1563 845 1848 906 parentum
1880 837 2140 906 quidquid

567 929 691 983 inde
716 935 798 984 est
837 927 1117 996 insigniter
1156 935 1443 982 noverunt.
1470 926 1591 996 Ipsi,
1627 927 1673 981 si
1701 927 1990 981 introducti
2019 926 2139 982 fue-

568 1016 694 1080 rint,
717 1017 1002 1070 veritatem
1031 1014 1177 1068 nullo
1221 1015 1380 1070 modo
1408 1015 1678 1070 celabunt.
1709 1035 1727 1066 ›
1755 1015 1907 1070 Tunc
1932 1017 2141 1086 ingres-

565 1121 660 1160 sus
688 1105 1010 1161 Willeradus
1038 1107 1192 1161 bonae
1215 1107 1491 1161 memoriae
1519 1106 1860 1177 Merempridi
1889 1107 2054 1174 ﬁlius,
2085 1118 2140 1164 et

562 1198 925 1252 Gunteramus
983 1198 1125 1254 ﬁlius
1184 1200 1456 1268 quondam
1505 1199 1785 1258 Sjcheradi
1834 1200 2135 1268 Ginnonis,

562 1295 652 1362 qui
674 1303 830 1349 erant
861 1293 1062 1349 milites
1096 1294 1270 1362 regis,
1300 1302 1353 1350 et
1378 1294 1696 1349 Lamfredus
1722 1295 1875 1350 miles
1898 1297 2138 1365 praedicti

558 1380 803 1454 'episcopi
830 1383 1060 1438 Aretini.
1081 1383 1147 1438 Et
1177 1383 1502 1438 Willeradus
1530 1383 1630 1438 sub
1660 1385 1943 1439 testatione
1971 1383 2136 1438 divini

557 1473 794 1528 nominis
819 1487 850 1526 a
877 1473 1033 1528 nobis
1059 1473 1456 1544 interrogatus,
1476 1473 1613 1527 dixit
1639 1492 1652 1527 :
1683 1493 1701 1525 ‹
1734 1473 1947 1528 Scimus
1973 1475 2138 1545 igitur

555 1565 702 1635 quod
737 1563 1009 1634 praedictae
1041 1563 1226 1634 plebes
1270 1573 1325 1618 et
1351 1563 1706 1627 monasteria,
1733 1561 1887 1632 juxta
1915 1563 2134 1619 relatio-

552 1668 680 1709 nem
707 1669 950 1708 meorum
980 1655 1321 1724 antiquorum
1343 1662 1648 1724 parentum,
1675 1652 1934 1708 Senensis
1953 1653 2132 1709 eccle-

2246 476 2478 540 idoneis,
2529 490 2761 544 quorum
2813 489 2919 529 non
2969 474 3147 530 fuerat
3198 476 3373 531 adhuc
3402 477 3457 531 in
3507 478 3823 533 testimonio

2236 564 2612 634 jusjurandum
2663 573 2960 634 receptum.
3003 564 3155 619 Tunc
3185 564 3388 632 juravit
3427 565 3654 622 Cautius
3697 583 3823 623 eum

2241 656 2524 712 duodecim
2551 657 2923 712 sacerdotibus
2941 694 2959 724 ,
2995 658 3139 727 quod
3168 657 3222 712 in
3252 660 3607 712 sacramentis
3631 675 3823 729 supra-

2238 746 2502 802 dictorum
2547 747 2767 802 testium
2807 747 3012 802 veritas
3054 748 3256 816 absque
3301 749 3410 802 ullo
3438 749 3561 804 dolo
3602 760 3822 803 versata

2238 845 2341 892 est.
2381 835 2532 891 Tunc
2561 852 2722 892 omne
2747 839 3032 893 concilium
3059 839 3218 894 simul
3241 840 3494 894 clamavit
3519 859 3532 893 :
3570 860 3589 892 ‹
3622 839 3820 895 Jubeat

2236 939 2366 996 ergo
2395 926 2670 995 apostolici
2713 927 2967 982 culminis
3007 928 3284 993 sanctitas,
3315 944 3382 984 ex
3410 931 3577 984 totius
3605 930 3816 984 concilii

2239 1015 2478 1080 decreto,
2507 1014 2887 1084 praedictarum
2917 1017 3317 1086 parochiarum,
3344 1033 3481 1087 quas
3514 1028 3726 1073 temere
3746 1021 3820 1072 in-

2236 1105 2395 1170 vasit,
2436 1105 2658 1160 Petrum
2693 1107 3004 1176 episcopum
3038 1105 3416 1162 refutationem
3451 1109 3684 1163 Senensi
3733 1125 3820 1163 ec-

2238 1196 2414 1254 clesiae
2460 1197 2658 1262 facere,
2710 1213 2774 1252 ac
2822 1198 3073 1269 deinceps
3129 1214 3291 1270 super
3325 1202 3432 1257 hac
3477 1217 3538 1256 re
3593 1203 3814 1271 penitus

2237 1289 2417 1344 silere.
2452 1308 2471 1341 ›
2507 1289 2659 1344 Tunc
2680 1290 2899 1360 jubente
2933 1291 3260 1360 Apostolico,
3288 1300 3344 1346 et
3372 1292 3566 1362 legatis
3584 1294 3818 1361 impera-

2238 1383 2402 1447 toris,
2439 1398 2504 1437 ac
2536 1384 2790 1438 universo
2821 1383 3068 1448 concilio,
3101 1383 3319 1452 penitus
3345 1383 3634 1452 posuit,.et
3679 1382 3820 1436 refu-

2237 1473 2371 1527 tavit
2406 1473 2597 1528 Petrus
2617 1474 2904 1544 episcopus
2957 1472 3216 1544 Senensis
3258 1473 3500 1528 ecclesize
3527 1474 3820 1542 parochias

2237 1578 2400 1634 supra
2441 1564 2765 1630 nominatas,
2818 1579 2952 1634 quas
2993 1563 3198 1628 illicite,
3225 1570 3280 1618 et
3323 1562 3534 1618 nefario
3567 1577 3709 1617 ausu
3739 1563 3817 1616 in-

2234 1662 2469 1710 vaserat.
2518 1653 2614 1709 His
2651 1655 2818 1724 igitur
2859 1655 2932 1708 ita
2981 1653 3227 1724 expletis,
3270 1669 3372 1709 nos
3415 1653 3527 1708 Leo
3574 1668 3820 1707 summus

553 1744 650 1800 sia:
677 1743 913 1800 fuerunt.
947 1744 1416 1815 Consignationes,
1448 1752 1721 1799 rectorum
1768 1744 2134 1820 consecratio-
2159 1733 2206 1792 Β
2233 1742 2475 1814 pontifex
2527 1744 2608 1799 sic
2654 1744 2882 1799 dicendo
2931 1744 3273 1800 deﬁnivimus
3313 1762 3328 1797 :
3371 1763 3390 1796 ι
3435 1743 3817 1814 Opportunum

550 1849 672 1900 nes,
691 1843 744 1888 et
771 1834 1210 1904 presbyterorum
1225 1834 1607 1897 ordinationes,
1627 1834 1910 1903 episcopus
1925 1832 2132 1888 Senen-

556 1924 633 1977 sis
676 1923 919 1978 ecclesia:
948 1923 1021 1978 ibi
1067 1923 1256 1979 feeisse
1283 1923 1534 1978 vidimus.
1562 1923 1776 1977 Nullum
1799 1923 1932 1978 inibi
1964 1922 2131 1978 fuisse

552 2011 782 2082 litigium
827 2011 1115 2067 manifesta
1149 2027 1235 2067 res
1263 2011 1435 2078 docet,
1454 2012 1558 2067 nisi
1591 2013 1658 2068 ab
1688 2013 1932 2084 ingressu
1957 2014 2130 2082 gentis

552 2084 1030 2170 Langobardort'tm
1081 2102 1134 2156 in
1172 2102 1398 2157 Italiam.
1435 2101 1692 2158 Senensis
1727 2103 1924 2172 quippe
1953 2103 2128 2158 eccle-

553 2192 634 2246 sia
662 2207 832 2261 usque
879 2192 944 2246 ad
972 2207 1159 2247 eorum
1191 2200 1431 2262 tempora
1482 2193 1799 2250 inconcusse
1844 2193 2130 2262 praedictas

549 2283 839 2352 parochias
868 2283 1205 2352 possederat.
1242 2301 1261 2335 ι
1299 2285 1508 2352 Reliqui
1554 2298 1683 2339 vero
1729 2298 1950 2347 omnes,
2006 2297 2129 2338 cum

550 2371 860 2442 singillatim
910 2373 1228 2444 interrogati
1274 2373 1534 2439 fuissent,
1575 2373 1944 2430 testimonium
1986 2371 2130 2427 veri-

548 2462 682 2516 tatis
722 2461 1048 2518 Villcradum
1091 2463 1383 2534 protulisse
1421 2463 1604 2518 testati
1645 2473 1770 2518 sunt
1817 2480 1830 2516 :
1875 2461 1955 2516 illi
1997 2475 2129 2516 vero

547 2569 655 2607 una
707 2569 839 2608 voce
885 2555 1255 2610 testimonium
1307 2555 1551 2609 veritatis
1605 2552 1984 2624 proferentes,
2042 2565 2128 2605 sa-

548 2644 853 2699 crosanctis
884 2644 1206 2716 Evangeliis,
1241 2645 1297 2700 in
1339 2645 1516 2700 medio
1541 2645 1763 2716 positis,
1795 2643 1953 2698 tactis
1976 2640 2128 2710 jura-

547 2744 858 2789 verunt.....
888 2737 1296 2806 praenominataa
1317 2735 1591 2806 parochiae
1608 2733 1722 2802 jam
1753 2732 2010 2788 Senensis
2032 2745 2122 2786 ec-

545 2823 726 2879 clesiae
773 2825 882 2879 sint
925 2826 1177 2896 propriae,
1230 2826 1371 2895 quod
1413 2824 1654 2881 ecclesiae
1697 2824 1933 2879 Aretinae
1975 2829 2125 2878 recto

539 2915 666 2983 jure
706 2929 823 2976 non
860 2916 1152 2984 pertinent.
1202 2915 1317 2970 Hoc
1371 2924 1708 2971 sacramento
1761 2913 1994 2984 expleto,
2026 2928 2126 2970 nos

543 3005 654 3060 Leo
706 3021 949 3061 summus
1007 3006 1250 3076 pontifex
1326 3007 1559 3062 diximus
1613 3005 1775 3060 Petro
1823 3006 2118 3075 episcopo:

545 3101 569 3145 ‘c
603 3093 830 3163 Oportet
879 3103 950 3161 te,
1002 3095 1170 3151 frater
1191 3095 1370 3161 Petro,
1407 3095 1519 3165 jam
1546 3111 1689 3151 nunc
1735 3097 1841 3150 tuis
1884 3077 2192 3150 tantum-C

541 3189 706 3242 modo
733 3187 1007 3256 parochiis
1053 3196 1365 3243 contentum
1401 3203 1540 3254 esse,
1580 3198 1636 3244 et
1664 3189 1731 3243 ab
1761 3187 1946 3242 illicita
1976 3202 2118 3257 prm-

541 3277 849 3346 sumptione
870 3292 1106 3342 cessare,
1121 3285 1175 3331 et
1194 3278 1424 3347 primam
1452 3279 1518 3332 de
1539 3279 1640 3331 hac
1662 3277 1916 3331 inusitata
1940 3275 2114 3340 ﬁnire,

543 3376 638 3421 aut
664 3367 709 3422 si
739 3367 868 3436 quid
918 3369 984 3422 ad
1013 3369 1390 3438 opponendum
1441 3377 1615 3438 potes,
1669 3354 1810 3438 quod
1850 3368 1979 3422 utile
2024 3369 2116 3433 sit,

545 3461 824 3516 adhibere.
851 3459 984 3514 Nam
1018 3460 1151 3514 nihil
1186 3475 1404 3525 vanum,
1435 3474 1610 3529 neque
1637 3459 1994 3530 superfluum,
2026 3467 2119 3513 aut

539 3551 684 3620 quod
729 3568 759 3605 a
805 3553 1034 3608 veritate
1081 3553 1152 3608 sit
1203 3553 1456 3617 alienum,
1512 3552 1616 3607 hoc
1661 3567 1875 3608 sacrum
1928 3550 2119 3621 recipit

541 3644 849 3698 concilium.
889 3665 909 3696 »
950 3644 1141 3700 Petrus
1189 3659 1320 3700 vero
1366 3644 1652 3714 episcopus
1706 3642 1878 3712 inquit
1911 3661 1922 3695 :
1954 3640 2116 3695 Juxta

539 3737 970 3793 examinationes
987 3745 1196 3793 vestras
1224 3744 1441 3792 sanctas
1471 3735 1697 3806 litigium
1731 3743 1936 3790 rectum
1985 3749 2115 3802 pen-

531 3828 698 3892 savit,
729 3843 905 3898 neque
936 3829 988 3882 in
1022 3831 1292 3900 ambiguo,
1317 3828 1460 3898 quod
1489 3844 1519 3881 a
1546 3827 1697 3882 vobis
1722 3827 1810 3881 hic
1835 3826 2112 3880 deﬁnitum

541 3927 647 3984 est,
674 3935 834 3988 pono.
865 3919 934 3973 Et
960 3919 1077 3989 jam
1106 3935 1279 3990 neque
1311 3919 1538 3974 aliorum
1566 3918 1908 3988 praesentiam
1934 3916 2110 3970 homi-

530 4021 689 4074 num,
723 4008 916 4077 quibus
952 4024 1048 4064 vos
1099 4010 1272 4079 magis
1318 4009 1540 4073 credere
1567 4007 1809 4078 possitis,
1856 4006 2113 4060 exhibere

535 4097 714 4162 valeo,
739 4113 912 4168 neque
937 4099 1164 4154 aliorum
1185 4101 1508 4169 scriptorum
1533 4099 1765 4162 decreta,
1783 4105 1977 4166 praeter
1993 4095 2112 4169 quae

533 4204 563 4239 a
588 4203 673 4242 me
702 4189 791 4242 hic
815 4196 938 4243 sunt
965 4196 1200 4244 ostensa.
1240 4207 1259 4241 ι
1885 4207 1888 4210 ’

605 4277 685 4333 Ad
718 4281 833 4335 haec
872 4279 1205 4350 imperator:
1268 4301 1286 4332 ι
1328 4280 1552 4336 Constat
1594 4281 1776 4350 itaque
1831 4279 2109 4335 evidenter

525 4370 749 4426 Petrqu
783 4372 1091 4442 episcopum
1119 4378 1466 4441 superatum;
1499 4371 1754 4440 quoniam
1789 4370 2107 4424 testimoniis

525 4469 735 4527 eorum,
763 4477 794 4516 a
825 4463 1021 4532 quibus
1053 4477 1112 4517 se
1141 4461 1339 4517 salvari
1367 4463 1606 4531 putabat,
1647 4461 1903 4516 Senensis
1938 4459 2109 4515 eccle-

525 4549 608 4604 sia
635 4551 917 4606 victoriam
946 4560 1031 4607 est
1067 4560 1377 4608 consecuta.
1428 4549 1641 4604 Justum
1683 4557 1788 4616 est,
1823 4549 2015 4618 inquit,
2048 4557 2107 4603 ut

522 4649 743 4710 propter
781 4642 881 4697 hoc
903 4643 1081 4709 sileat,
1115 4657 1290 4713 neque
1321 4641 1552 4710 amplius
1578 4639 1736 4709 hujus
1764 4641 1844 4695 rei
1873 4640 2105 4695 alterca-

524 4730 721 4784 tionem
754 4731 904 4785 adire
927 4739 1238 4800 praesumat.
1282 4729 1624 4799 Superﬁuum
1653 4731 1837 4795 estei,
1873 4739 1934 4784 ut
1979 4745 2104 4784 cum

521 4827 631 4873 sua:
658 4821 862 4875 civitati
891 4821 1177 4890 parochias
1215 4819 1482 4888 subjectas
1505 4821 1752 4885 retineat,
1786 4820 1852 4874 ad
1881 4820 2103 4874 alterius

518 4911 756 4980 episcopi
806 4912 1082 4966 ditecesim
1127 4911 1278 4964 illum
1327 4911 1619 4966 temerario
1661 4924 1798 4986 ausu,
1845 4909 2097 4964 transire.

519 5001 858 5070 Quapropter
895 5001 1142 5056 volumus
1171 5007 1228 5053 ut
1256 5001 1309 5053 in
1339 4999 1445 5054 hoc
1469 5013 1682 5053 sacrum
1709 5007 1764 5052 et
1795 4997 2102 5052 venerabile

516 5093 806 5146 concilium
853 5095 925 5147 ita
975 5093 1135 5162 hujus
1186 5092 1294 5146 litis
1337 5090 1746 5146 altercationem
1790 5088 2100 5146 mouissimo

519 5183 752 5237 termino
798 5184 1040 5240 includat
1085 5192 1251 5253 atque
1305 5182 1547 5246 definiat,
1595 5189 1860 5251 quatenus
1914 5179 2098 5234 futuro

518 5279 761 5342 tempore
812 5275 920 5329 ulla
961 5276 1133 5344 possit
1177 5277 1320 5330 inter
1357 5289 1450 5329 eos
1507 5272 1890 5343 scrupulositas
1937 5287 2098 5327 reno-

513 5365 652 5418 vari.
691 5383 710 5417 ›
745 5365 898 5422 Tunc
949 5369 1265 5438 imperator,
1320 5366 1522 5422 relictis
1577 5366 1853 5421 nobiscum
1917 5366 2098 5421 missis

513 5453 627 5508 suis
653 5455 719 5508 ad
750 5455 908 5511 istam
936 5471 1152 5511 causam
1181 5455 1493 5520 ﬁniendam,
1522 5456 1576 5510 id
1599 5465 1680 5511 est
1705 5455 1902 5526 Ioseph
1925 5455 2097 5510 archi-

507 5545 812 5613 capellano,
859 5547 1184 5618 Angelhe‘rto
1223 5548 1630 5618 archiepiscopo
1653 5590 1665 5610 ,
1715 5547 1942 5617 Notiugo
1979 5547 2091 5616 epi-

511 5649 695 5706 scopo,
726 5646 781 5693 et
815 5640 1098 5696 Adelchesi
1129 5641 1345 5704 comi-te,
1371 5657 1400 5694 a
1426 5641 1654 5696 concilio
1687 5641 1950 5696 discessit.
1983 5641 2086 5694 Re-

2235 1834 2418 1902 itaque
2449 1831 2604 1887 valde
2643 1846 2770 1888 reor
2815 1833 2869 1887 in
2913 1831 3074 1901 hujus
3112 1833 3269 1904 litigii
3305 1832 3680 1888 deﬁnitionem
3725 1846 3818 1885 au-

2233 1924 2536 1981 ctoritatem
2567 1933 2811 1979 nostram
2843 1924 3274 1989 accommodare,
3325 1931 3494 1994 atque
3536 1925 3639 1978 sub
3684 1938 3819 1978 ana-

2233 2013 2486 2069 thematis
2540 2013 2953 2083 interpositione
2991 2013 3302 2082 aequissima
3341 2013 3555 2068 ratione
3599 2013 3815 2068 ﬁnitqu

2231 2101 2460 2172 litigium
2502 2103 2630 2158 hinc
2671 2103 2796 2157 inde
2839 2102 3036 2172 sopire,
3077 2115 3146 2156 ne
3189 2100 3328 2156 forte
3365 2101 3419 2156 in
3461 2099 3649 2156 futuro
3692 2111 3820 2156 tem-

2231 2208 2364 2264 pore
2392 2192 2605 2262 aliquis,
2642 2193 2908 2263 pravitate
2947 2191 3138 2261 plenus
3159 2231 3174 2256 ,
3219 2191 3360 2261 quod
3394 2192 3558 2247 modo
3582 2191 3734 2260 juste
3765 2198 3818 2244 et

2230 2282 2487 2338 canonice
2511 2297 2542 2335 a
2577 2282 2732 2336 nobis
2752 2281 3034 2337 deﬁnitum
3075 2290 3158 2336 est
3191 2282 3385 2336 audeat
3411 2281 3639 2335 violare.
3680 2279 3816 2334 Nam

2230 2372 2445 2427 ﬁrmum
2485 2381 2540 2426 et
2574 2371 2767 2428 stabile
2795 2373 2848 2426 in
2881 2371 3104 2427 Senensi
3135 2386 3353 2426 manere
3386 2371 3620 2426 ecclesia
3643 2371 3816 2426 sanci-

2230 2477 2351 2516 mus
2375 2461 2635 2530 quidquid
2666 2476 2763 2532 per
2789 2463 3008 2516 testium
3050 2461 3451 2531 indagationem
3481 2461 3659 2515 eidem
3685 2475 3815 2529 per-

2229 2552 2405 2607 tinere
2425 2561 2510 2608 est
2533 2561 2888 2622 compertum.
2932 2553 2989 2608 Si
3013 2554 3133 2623 quis
3159 2553 3323 2624 igitur
3357 2553 3622 2608 adversus
3650 2551 3815 2622 hujus

2228 2643 2401 2699 nostri
2444 2644 2709 2714 privilegii
2748 2645 3025 2700 decretum
3067 2643 3248 2713 aliquo
3297 2652 3542 2713 tempore
3575 2643 3816 2712 quilibet

2229 2733 2432 2800 violare
2471 2735 2830 2805 temptaverit,
2868 2736 2980 2790 sive
3019 2735 3264 2798 clericus,
3313 2733 3427 2789 sive
3467 2733 3660 2800 laicus,
3695 2733 3812 2788 sive

2229 2824 2490 2896 dignitate
2535 2826 2809 2896 prmditus,
2850 2825 2963 2880 sive
3012 2825 3307 2879 honoribus
3354 2824 3668 2889 decoratus,
3719 2832 3811 2877 aut

2229 2917 2465 2988 qualibet
2493 2932 2707 2988 magna,
2731 2931 3003 2987 parvaque
3031 2931 3262 2986 persona
3279 2955 3294 2982 ,
3324 2915 3462 2971 sciat
3487 2930 3546 2970 se
3574 2913 3811 2969 auctori-

2227 3019 2336 3066 tate
2373 3011 2582 3066 Domini
2613 3011 2782 3065 nostri
2805 3009 2948 3064 Petri
2977 3008 3355 3078 Apostolorum
3377 3006 3640 3076 principis
3659 3003 3808 3059 omni

2223 3102 2427 3157 honore
2447 3102 2738 3170 privatum,
2765 3108 2926 3170 atque
2952 3099 3312 3154 anathematis
3354 3097 3677 3152 maranatha
3699 3095 3809 3148 vin-

2223 3191 2358 3246 culis
2386 3189 2726 3254 innodatum,
2751 3197 2955 3244 etcum
2989 3187 3127 3243 Juda
3155 3187 3428 3257 proditore
3470 3183 3688 3239 Domini
3711 3197 3809 3237 no—

2223 3282 2322 3338 stri
2361 3281 2488 3337 Jesu
2531 3281 2752 3348 Christi,
2783 3289 2837 3336 et
2863 3279 3070 3334 Anania
3101 3286 3155 3333 et
3185 3278 3373 3332 Saﬁira
3395 3283 3661 3345 perpetuo
3683 3287 3808 3342 sup-

2219 3371 2380 3443 plicio
2415 3373 2797 3442 deputandum.
2841 3370 2910 3424 Et
2939 3369 3192 3439 quoniam
3243 3368 3297 3422 in
3339 3367 3434 3422 Dei
3477 3380 3670 3420 sumus
3710 3377 3807 3418 no-

2219 3459 2367 3514 mine
2389 3459 2620 3525 collecti,
2655 3458 2914 3514 Dominus
2936 3472 3063 3511 vere
3091 3457 3232 3511 inter
3257 3471 3358 3510 nos
3386 3469 3509 3509 esse
3538 3454 3802 3517 creditur,

2221 3545 2336 3614 ejus
2379 3547 2600 3610 auxilio,
2630 3547 2888 3616 quidquid
2919 3546 3129 3616 agimus
3159 3543 3244 3599 vel
3293 3541 3601 3606 deﬁnimus,
3630 3540 3807 3596 credi-

2218 3654 2340 3694 mus
2367 3653 2484 3694 esse
2511 3638 2791 3702 fulcitum;
2821 3637 3021 3692 idcirco
3047 3636 3318 3706 praedictae
3344 3631 3714 3687 maledictioni
3743 3645 3802 3684 se

2217 3727 2464 3792 innodat,
2488 3727 2734 3797 quisquis
2763 3726 2966 3780 violare
2989 3725 3333 3794 temptaverit
3362 3721 3629 3792 quidquid
3653 3737 3682 3774 a
3712 3733 3804 3774 no-

2212 3819 2298 3873 bis
2321 3826 2421 3883 est,
2454 3817 2566 3872 Deo
2599 3816 2915 3882 auxiliante,
2939 3817 3231 3871 decretum.
3273 3833 3289 3866 ι

2283 3924 2412 3990 Leo,
2457 3925 2552 3980 Dei
2579 3925 2776 3996 gratia,
2812 3923 3091 3980 catholicae
3112 3930 3166 3977 et
3191 3921 3498 3992 apostolicae
3539 3919 3804 3973 Romanae

2213 4015 2471 4071 Ecclesia:
2517 4017 2820 4086 episcopus,
2871 4015 3030 4084 hujus
3077 4013 3311 4069 Judicati
3352 4013 3633 4066 decretum
3675 4023 3803 4078 pro-

2211 4109 2328 4178 pria
2368 4124 2532 4162 manu
2573 4108 2846 4163 roboravi.

2288 4196 2501 4267 Ioseph,
2538 4195 3002 4266 archicapeltanus
3049 4193 3255 4249 domini
3275 4189 3644 4262 imperatoris,
3669 4188 3801 4243 sub-

2210 4287 2424 4358 scripsi.

2281 4379 2538 4443 Joannes,
2563 4375 3002 4446 archiepiscopus
3029 4371 3320 4434 Ravennze,
3349 4368 3669 4438 subscripsi.

2276 4466 2656 4538 Angelbertus,
2703 4464 3137 4532 archiepisconus
3175 4459 3615 4523 Mediolancnsis,
3662 4453 3794 4512 sub-

2209 4558 2420 4627 scripsi.

2279 4648 2562 4717 Notingus,
2603 4647 2886 4716 episcopus
2921 4643 3239 4708 Brixiensis,
3270 4642 3420 4697 subs.

2277 4737 2614 4800 Ambrosius,
2653 4736 2938 4804 episcOpus
2968 4732 3244 4796 Lucensis,
3277 4731 3398 4784 sub.

2277 4825 2509 4888 Oschisi,
2543 4824 2824 4893 episcopus
2864 4821 3235 4884 Pistoriensis,
3265 4818 3384 4873 sub.

2278 4915 2536 4979 Donatus,
2578 4913 2859 4983 cpiscopus
2895 4911 3214 4976 Fesulanus,
3255 4910 3374 4964 sub.

2275 5005 2567 5069 Gerardus,
2600 5004 2883 5072 episcopus
2911 5001 3274 5065 Florentinus,
3302 5000 3422 5054 sub.

2272 5096 2565 5160 Iohannes,
2589 5097 2874 5165 episc0pus
2907 5096 3060 5157 Pisae,
3091 5096 3212 5148 sub.

2274 5185 2539 5252 Andreas,
2578 5185 2871 5241 Volaterrm
2897 5186 3205 5255 epiScopus,
3235 5183 3358 5236 sub.

2275 5277 2674 5346 Taceprandus,
2715 5277 2999 5346 episcopus
3026 5275 3292 5335 Clusinus,
3326 5271 3447 5326 sub.

2273 5367 2420 5433 Otto,
2458 5369 2742 5439 episcopus
2781 5366 3130 5428 Rosellensis,
3164 5365 3282 5418 sub.

2273 5458 2663 5522 Tanimundus,
2708 5457 2993 5527 episcopus
3023 5452 3336 5516 Suanensis,
3371 5450 3492 5506 sub.

2269 5551 2602 5615 Dominicus,
2640 5553 2922 5620 episcopus
2959 5545 3456 5609 Centumcellensis,
3485 5543 3608 5599 sub.

2265 5641 2475 5709 Petrus,
2515 5643 2796 5712 episcopus
2834 5640 3209 5705 Orbivetanus,
3246 5636 3364 5692 sub.
