4078 6340
247 353 360 410 ϐει5

321 465 580 532 Joannes,
609 463 894 534 episcopus
931 461 1310 528 Tuscanensis,
1341 459 1464 516 sub.

323 553 540 624 Petrus,
577 553 858 626 episcopus
887 551 1231 624 Spoletanus,
1259 551 1380 608 sub.

339 795 604 840 ECCLISLE
643 793 906 838 CUIUSDAM
933 789 1233 834 PRIVILEGIA
1259 787 1668 832 CONFIRIIANTUB
1697 784 1748 826 ⁸.

329 871 688 930 Scrivendum
713 869 1070 940 praecepimus
1101 867 1406 936 Stephanus
1435 864 1722 922 scriniario
1748 878 1834 918 se-

251 959 344 1016 dis
389 967 586 1014 nostra:
615 959 670 1012 in
709 971 894 1012 mense
937 955 1274 1024 Septembrio
1311 955 1398 1010 die
1427 955 1648 1024 quinta,
1689 953 1832 1007 indi-

253 1049 444 1106 ctione
491 1047 936 1120 quartadecima;
975 1045 1160 1100 datum
1187 1045 1392 1114 pridias
1421 1043 1688 1098 Kalendas
1731 1041 1832 1098 Se-

247 1140 554 1212 ptembrias
595 1153 692 1208 per
739 1153 956 1192 manum
1005 1135 1208 1190 Tiberii
1253 1135 1546 1206 primicerii
1593 1133 1652 1188 S.
1692 1133 1834 1188 sedis

255 1233 589 1306 apostolicae,
627 1231 762 1302 imp.
808 1229 1027 1287 domino
1065 1237 1250 1284 nostro
1291 1228 1536 1298 piissimo
1579 1236 1836 1298 perpetuo

253 1325 504 1396 Augusto
539 1321 798 1376 Lothario
837 1335 868 1376 a
907 1321 1018 1376 Deo
1066 1326 1322 1376 coronato
1361 1333 1554 1388 magno
1599 1319 1832 1387 impera—

255 1423 401 1478 tore,
441 1427 584 1466 anno
630 1411 902 1466 tricesimo
933 1410 1094 1464 tertio
1119 1417 1172 1462 et
1205 1417 1326 1479 post
1355 1401 1688 1464 consulatum
1719 1405 1836 1475 ejus

255 1517 406 1556 anno
441 1501 714 1557 tricesimo
745 1499 904 1556 tertio
943 1499 1038 1556 sed
1081 1507 1136 1554 et
1173 1499 1446 1556 Ludovico
1489 1499 1631 1554 nobo
1679 1497 1834 1568 imp..

253 1593 380 1668 ejus
409 1595 520 1650 ﬁlio
546 1607 784 1650 anno....

989 1703 1099 1760 VII.

414 1797 442 1840 δ
473 1809 946 1854 εχοοιηωηιωτιο
982 1809 1258 1851 ΔΝΑΕΤΛΒΠ
1297 1809 1625 1850 PRESBYTER!
1657 1807 1706 1849 ε.

331 1911 728 1984 Imperantibus
753 1909 986 1966 dominis
1009 1908 1208 1964 nostris
1233 1949 1250 1974 ,
1291 1907 1547 1964 Lothario
1576 1917 1630 1964 et
1663 1909 1842 1966 Ludo-

253 2005 384 2062 vico
411 2004 686 2076 Augustis,
727 2001 930 2058 mensis
959 1999 1272 2056 Decembris
1307 2001 1394 2056 die
1422 1999 1632 2056 decima
1663 2009 1838 2069 sexta,

255 2099 562 2155 indictione
599 2097 686 2150 η.
1769 2093 1772 2096 '

337 2191 390 2244 1.
415 2189 526 2244 Leo
551 2187 864 2257 episcopus,
899 2198 1088 2240 servus
1124 2197 1402 2240 servorum
1451 2183 1570 2239 Dei.
1613 2183 1846 2238 Anasta-

257 2281 396 2346 sius,
423 2279 706 2350 presbyter
732 2277 970 2334 cardinis
997 2277 1199 2344 nostri,
1233 2293 1394 2348 quem
1421 2279 1478 2332 in
1509 2277 1666 2332 titulo
1697 2273 1842 2331 beati

259 2369 504 2424 Marcelli
553 2367 962 2431 ordinavimus,
1013 2365 1214 2436 quique
1255 2367 1516 2422 secedens
1563 2367 1631 2420 ab
1679 2379 1744 2420 eo
1773 2365 1840 2419 ad

259 2461 470 2516 alienas
497 2459 786 2528 parochias
814 2457 1018 2526 absque
1059 2469 1244 2512 nostra
1288 2459 1584 2528 pontiﬁcali
1613 2457 1840 2512 scientia

261 2551 599 2620 demigratus
643 2559 748 2617 est,
792 2565 952 2620 quem
977 2563 1076 2620 per
1099 2550 1294 2604 missos
1315 2559 1370 2604 et
1399 2549 1610 2604 litteras
1627 2557 1842 2604 nostras

259 2645 598 2710 vocavimus,
651 2649 706 2698 et
745 2657 844 2712 pro
878 2657 988 2712 quo
1026 2641 1274 2697 dominos
1316 2642 1672 2710 imperatores
1717 2653 1844 2708 sup-

259 2735 450 2806 plicati
475 2750 574 2806 per
606 2734 804 2790 missos
844 2739 1061 2788 nostros
1083 2773 1100 2798 ,
1131 2740 1192 2786 ut
1233 2745 1358 2786 eum
1387 2731 1452 2785 ad
1491 2745 1644 2786 suam
1683 2742 1844 2800 paro-

259 2825 448 2880 chiam
489 2825 670 2881 redire
713 2823 994 2894 juberent,
1043 2823 1134 2892 qui
1187 2837 1328 2878 nunc
1375 2823 1484 2877 huc
1521 2838 1666 2878 nunc
1715 2819 1844 2876 illuc

261 2915 533 2970 latitando
555 2915 610 2968 in
631 2913 746 2984 ipsa
771 2913 1160 2984 demigratione
1181 2927 1280 2984 per
1303 2911 1576 2968 biennium
1602 2921 1844 2968 moratus

262 3014 372 3072 est,
403 3013 460 3062 et
486 3007 554 3060 ad
581 3007 686 3061 duo
709 3013 935 3060 vocatus
966 3003 1192 3060 concilia
1221 3011 1402 3058 nostra
1427 3005 1644 3058 minime
1673 3004 1842 3070 venit,

263 3099 366 3155 sed
389 3113 564 3168 neque
588 3098 839 3152 inventus
865 3103 977 3164 est;
1005 3097 1154 3167 quia,
1195 3105 1253 3151 ut
1287 3096 1650 3166 praediximus,
1675 3095 1841 3152 veluti

1455 345 1816 428 EPISTOUE
1855 343 1944 402 ET
1981 344 2318 402 DECRETA.

3405 345 3508 402 666
3531 397 3536 406 .

1856 461 1906 520 Α
1933 471 2064 512 ecce
2099 455 2212 522 jam
2259 471 2358 524 per
2395 435 2750 524 quinquennii
2781 461 2994 524 tempus
3021 455 3076 508 in
3105 453 3314 510 alienas
3345 469 3508 526 paro-

1933 545 2086 608 chias
2117 545 2268 600 velut
2313 543 2432 599 ovis
2459 557 2650 596 errans
2691 543 2968 609 discurrit,
3003 558 3166 612 quem
3193 543 3380 610 etiam,
3409 561 3508 601 au-

1931 635 2184 688 ctoritate
2239 631 2442 688 suﬂ‘ulti
2493 631 2778 696 canonica,
2815 631 3131 701 apostolicis
3159 631 3362 690 litteris
3408 649 3508 704 per

1933 725 2148 780 tertiam
2177 731 2536 794 quartumque
2559 723 2734 776 vicem
2763 721 3094 776 vocavimus.
3119 721 3188 774 At
3215 721 3306 776 ubi
3333 723 3512 780 redire

1933 815 2166 880 distulit,
2194 815 2302 870 duo
2333 831 2430 884 pro
2451 829 2518 870 eo
2545 813 2922 883 episcoporum
2955 811 3186 866 concilia
3221 829 3514 884 congrega-

1931 903 2130 968 vimus,
2163 917 2396 972 quorum
2419 909 2686 956 conventu
2716 917 2839 955 eum
2867 899 2984 968 ejus
3011 917 3116 956 non
3147 903 3514 971 potuissemus

1933 994 2116 1048 videre
2143 993 2226 1048 vel
2255 993 2456 1048 habere
2483 992 2772 1062 specialem
2817 993 3181 1062 pnesenti'am,
3237 995 3512 1050 communi

1935 1099 2060 1139 eum
2113 1085 2332 1140 decreto
2359 1091 2548 1138 sancta
2577 1085 2954 1138 communione
2999 1086 3332 1154 privavimus
3356 1129 3370 1153 ,
3421 1105 3516 1142 vo-

1935 1175 2112 1230 lentes
2145 1175 2412 1246 siquidem
2437 1191 2590 1230 suam
2623 1191 2720 1244 per
2755 1175 2912 1246 hujus
2939 1180 3515 1235 excommunicationis

1935 1283 2218 1324 censuram
2259 1267 2326 1322 ad
2351 1267 2614 1338 gremium
2647 1275 2852 1322 sanetae
2877 1309 2891 1334 ,
2929 1285 2960 1322 a
3007 1285 3114 1340 qua
3149 1271 3514 1338 discesserat,

1935 1357 2130 1410 matris
2159 1355 2415 1410 Ecclesia:
2441 1370 2728 1424 personam
2765 1357 3048 1412 reducere.
3089 1357 3195 1414 Sed
3221 1359 3518 1429 apostolica

1935 1448 2138 1504 monita
2169 1447 2452 1518 sanctique
2479 1447 2694 1502 concilii
2725 1463 2822 1516 pro
2860 1449 3032 1504 nihilo
3059 1449 3287 1516 ducens,
3313 1451 3520 1506 erroris

1937 1538 2183 1594 irretitus
2211 1537 2468 1608 caligine,L
2489 1537 2666 1592 redire
2695 1537 3000 1594 nullatenus
3025 1539 3214 1594 voluit.
3257 1540 3514 1604 Proinde,

1939 1631 2082 1688 sicut
2127 1630 2401 1686 Ravennae
2447 1631 2606 1685 nobis
2640 1629 2966 1700 degentibus
2993 1631 3060 1685 de
3085 1647 3148 1688 eo
3193 1632 3247 1686 in
3289 1633 3520 1688 ecclesia

1939 1723 2086 1779 beati
2112 1721 2308 1777 Vitalis
2331 1721 2588 1793 martyris
2613 1737 2798 1777 mense
2827 1721 2988 1788 Maio,
3005 1723 3092 1778 die
3113 1723 3202 1790 29,
3219 1725 3518 1780 indictione

1865 1830 1912 1890 Β
1939 1814 2138 1884 prima,
2179 1825 2274 1866 ore
2300 1811 2522 1880 proprio
2547 1807 3034 1880 promulgavimus,
3063 1829 3208 1868 nunc
3227 1815 3427 1868 iterum
3465 1815 3520 1868 in

1941 1905 2172 1962 ecclesia
2196 1905 2342 1960 beati
2371 1903 2522 1960 Petri
2551 1903 2782 1976 apostoli
2837 1919 3022 1960 mense
3065 1903 3248 1972 Junio,
3295 1905 3382 1960 die
3431 1905 3520 1968 19,

1941 1998 2234 2054 indictione
2277 1996 2528 2068 superius
2552 1997 2826 2060 adnotata,
2869 1995 3122 2050 similiter
3155 1993 3520 2066 promulgavi-

1941 2105 2062 2146 mus
2095 2107 2109 2143 :
2141 2089 2212 2143 sit
2239 2087 2328 2142 ille
2363 2103 2396 2142 a
2429 2086 2634 2142 sanctis
2681 2085 2936 2140 Patribus
2968 2093 3022 2140 et
3053 2101 3082 2140 a
3113 2085 3270 2140 nobis
3301 2084 3526 2138 anathe-

1941 2193 2052 2242 ma,
2083 2184 2139 2234 et
2165 2191 2356 2232 omnes
2382 2177 2474 2246 qui
2499 2175 2546 2230 ei
2577 2175 2692 2230 sive
2721 2175 2774 2230 iu
2805 2175 3088 2246 ejectione,
3140 2175 3282 2246 quod
3334 2173 3476 2228 absit
3505 2211 3526 2236 ,

1941 2275 2036 2322 aut
2070 2265 2422 2337 pontiﬁcatus
2453 2265 2658 2320 honore
2681 2261 3008 2332 adjutorium
3035 2271 3296 2334 pnestare
3321 2261 3406 2318 vel
3432 2263 3524 2316 s'o-

1941 2359 2130 2414 latium
2185 2357 2544 2428 quodcunque
2589 2355 2898 2422 voluerint,
2959 2355 3126 2412 simili
3181 2353 3524 2410 anathemati

1909 2471 1912 2474 ‘
1942 2449 2058 2518 subj
2068 2459 2256 2504 aeeant
2289 2459 2336 2502 θ.

2011 2567 2066 2620 '5.
2099 2565 2156 2620 ln
2187 2565 2404 2620 nomine
2453 2563 2632 2618 Patris
2651 2605 2666 2630 ,
2695 2571 2750 2620 et
2777 2563 2938 2628 Filii,
2969 2573 3024 2620 et
3059 2563 3294 2634 Spiritus
3322 2561 3523 2618 sancti.

1943 2655 2134 2726 Incipit
2175 2663 2364 2708 sancta
2405 2670 2470 2710 ac
2517 2655 2827 2708 veneranda
2855 2655 3112 2724 synodus,
3143 2667 3262 2722 qua:
3293 2667 3390 2722 per
3421 2653 3532 2706 Do-

1937 2745 2080 2814 ‘mini
2131 2745 2360 2826 gratiam
2397 2751 2454 2798 et
2505 2743 2625 2812 ejus
2677 2743 2920 2798 divinum
2977 2743 3264 2798 consilium
3307 2755 3532 2812 congre-

1944 2845 2068 2908 gata
2123 2842 2210 2890 est
2269 2833 2324 2888 in
2373 2833 2605 2888 ecclesia
2661 2833 2806 2888 beati
2857 2833 3004 2888 Petri
3061 2831 3330 2902 apostoli,
3385 2845 3530 2886 anno

1945 2925 2157 2980 scilicet
2209 2924 2560 2994 pontiﬁcatus
2607 2923 2936 2978 sanctissimi
2993 2937 3058 2978 ac
3113 2919 3410 2994 cbangelici
3473 2929 3530 2976 ct

1946 3015 2270 3074 universalis
2299 3015 2482 3086 quarti
2521 3029 2674 3086 papte
2723 3015 2922 3070 Leonis
2959 3015 3190 3086 septimo
3213 3055 3232 3080 ,
3257 3023 3424 3084 atque
3451 3014 3532 3068 in-

1946 3108 2372 3162 victissimorum
2423 3105 2668 3160 Lotharii
2719 3121 2784 3162 ac
2831 3106 3089 3162 Ludovici
3143 3107 3534 3176 imperatorum

261 3189 388 3246 ovis
438 3203 626 3244 errans
668 3187 944 3242 extraneis
987 3187 1300 3258 regionibus
1341 3187 1596 3242 suadente
1631 3185 1846 3242 diabolo
1873 3183 1918 3246 C
1949 3211 2092 3254 anno
2125 3197 2336 3266 imperii
2381 3195 2800 3266 quadragesimo
2849 3196 3088 3252 secundo
3129 3195 3148 3234 r
3173 3235 3192 3262 ν
3217 3211 3406 3250 mense
3431 3193 3536 3250 De.

263 3279 482 3335 occulte
509 3279 860 3342 inhabitahat,
893 3277 1192 3332 secundum
1217 3277 1480 3332 canonica
1505 3277 1752 3332 instituta
1778 3292 1845 3332 ex

261 3369 366 3424 Dei
393 3369 778 3438 omnipotentis
813 3375 866 3422 et
899 3367 1042 3424 beati
1089 3367 1232 3424 Petri
1283 3369 1507 3439 apostoli
1557 3377 1848 3440 nostraque

265 3459 432 3514 simul
451 3459 746 3529 apostolica
769 3459 1090 3514 auctoritate
1107 3459 1176 3512 ab
1197 3457 1356 3512 hodie
1379 3459 1448 3514 sit
1473 3459 1848 3514 communione

263 3551 532 3622 privatus,
557 3550 728 3605 donec
752 3551 866 3618 ipse
895 3564 1028 3605 mete
1057 3548 1278 3619 speciali
1319 3549 1619 3618 praiscntia:
1651 3549 1704 3602 in
1751 3563 1847 3604 ca-

265 3641 470 3696 nonico
490 3637 693 3710 judicio
713 3639 880 3695 fuerit
899 3649 1282 3712 praesentatus,
1303 3651 1356 3697 et
1383 3641 1428 3698 si
1457 3659 1562 3698 non
1593 3643 1802 3698 venerit
1828 3681 1843 3708 ,
1898 3659 1906 3667 ·

265 3747 549 3802 nunquam
571 3733 932 3788 communicet
947 3731 1000 3786 ει.

339 3825 397 3879 2.
425 3823 537 3878 Leo
562 3825 864 3896 episcopus,
895 3839 1086 3880 servus
1115 3839 1392 3880 servorum
1435 3825 1526 3880 Dei
1554 3866 1568 3892 ,
1599 3826 1851 3882 omnibus

265 3917 562 3988 episcopis,
593 3915 948 3986 presbyteris,
997 3916 1336 3982 diaconibus,
1381 3903 1848 3983 'subdiaconibus,

267 4015 330 4062 et
359 4005 628 4060 universis
674 4003 890 4060 clericis
935 4015 1236 4076 cunctoque
1279 4007 1478 4076 popqu
1515 4007 1848 4062 Christiano.

269 4095 430 4164 Quod
453 4095 593 4150 bene
617 4109 684 4150 ac
707 4095 942 4166 pleniter
979 4097 1260 4152 vobiscum
1303 4099 1496 4164 simus,
1545 4097 1852 4152 eharissimi

269 4187 495 4254 fratres,
519 4187 692 4242 scitis.
725 4187 882 4242 Nunc
905 4189 1102 4244 iterum
1129 4204 1230 4258 pro
1260 4189 1472 4244 cautela
1509 4197 1564 4244 et
1592 4191 1850 4245 memoria

269 4283 578 4346 temporqu
641 4277 948 4334 futurorum
1007 4277 1285 4334 dilectioni
1335 4289 1532 4336 vestrm
1577 4281 1853 4351 cognitum

271 4383 396 4426 esse
425 4369 676 4426 volumus
703 4373 992 4440 quomodo,
1025 4373 1321 4442 instigante
1347 4389 1412 4429 ac
1440 4374 1707 4430 suadente
1733 4375 1852 4430 dia-

269 4461 422 4527 bolo,
455 4461 808 4528 Anastasius,
857 4465 1148 4534 presbyter
1173 4465 1416 4520 cardinis
1441 4466 1614 4520 nostri
1643 4507 1656 4532 ,
1691 4483 1850 4536 quem

271 4564 376 4606 nos
405 4551 462 4604 in
505 4551 664 4606 titulo
707 4551 856 4606 beati
899 4551 1142 4606 Marcelli
1189 4553 1562 4608 ordinavimus
1594 4595 1608 4620 ,
1661 4563 1854 4611 contra

269 4647 482 4697 statuta
519 4651 736 4710 patrum
760 4641 1098 4710 provinciam
1133 4643 1530 4714 ecelesiamqne
1559 4645 1850 4712 deserens,

271 4771 610 4896 1_o:.ﬂ1ilarini
643 4775 694 4838 l,
723 4773 898 4844 papiri
945 4773 1032 4828 M.
1062 4771 1399 4830 --Clausula
1449 4783 1534 4829 est
1573 4775 1727 4830 valde
1773 4775 1856 4830 vi-

299 4861 312 4896 l
383 4879 434 4896 ..

299 4861 434 4896 1053.

347 4935 376 4974 δ
401 4935 480 4988 Ex
505 4935 804 5006 Annalibus
829 4935 1102 4989 [lincmari
1133 4935 1476 5002 Rhemensis,
1505 4937 1648 5006 apud
1675 4937 1854 5004 Pertz,

273 5003 623 5060 Monumenta
647 5005 952 5060 Germaniae
973 5005 1252 5060 historica.

347 5123 370 5152 α
405 5112 730 5172 Anastasius
759 5115 864 5171 iste
893 5115 1030 5171 alius
1059 5125 1144 5170 est
1164 5117 1232 5172 ab
1255 5117 1546 5174 Anastasio
1563 5119 1862 5178 Bibliothe-

271 5185 448 5318 ἓξὲξ,
475 5187 562 5240 cui
581 5185 716 5240 Vita:
729 5187 1046 5256 pontiﬁcum
1065 5187 1434 5244 Romanorum
1461 5191 1856 5248 attribuuntur.

417 5366 548 5422 Post
571 5367 876 5424 Romanum
904 5371 1216 5450 pontiﬁcem
1249 5373 1300 5426 in
1341 5374 1854 5450 hac_exeommuni-

273 5441 492 5512 ealigne
519 5449 916 5512 consenserunt
965 5441 1406 5512 archiepiscopus
1445 5444 1774 5500 Ravennatis
1801 5455 1856 5500 et

249 5505 720 5632 _i‘illlt:\tl(:i:lanensis,
752 5509 951 5580 aliique
975 5505 1200 5567 numero
1223 5505 1564 5584 septuaginta
1591 5517 1850 5586 quinque.

353 5699 377 5724 ο
411 5687 542 5744 Post
565 5689 866 5762 Romanum
915 5693 1222 5762 pontiﬁcem
1269 5693 1322 5748 in
1363 5693 1468 5750 hoc
1513 5697 1856 5754 anathemate

273 5771 674 5818 consenserunt
717 5761 976 5836 Joannes,
1021 5765 1466 5836 archiepiscopus
1501 5767 1852 5840 Ravennatis,

1951 3287 2157 3344 cembri
2201 3285 2288 3342 die
2341 3295 2553 3352 octavo,
2605 3285 2904 3342 indictione
2947 3285 3000 3340 2.
3053 3285 3110 3340 in
3159 3301 3224 3340 ac
3267 3283 3536 3354 siquidem

1951 3387 2140 3434 sancta
2157 3393 2222 3434 ac
2237 3377 2534 3434 venerabili
2558 3379 2788 3448 synodo,
2805 3377 3020 3432 Domini
3049 3377 3336 3432 solatiante
3361 3377 3536 3447 gratia

1949 3472 2204 3528 nobiliter
2239 3471 2512 3526 celebrata
2539 3511 2554 3534 ,
2607 3479 2732 3540 post
2771 3469 3010 3526 diversas
3037 3471 3414 3540 episcoporum
3447 3482 3536 3522 sa-

1949 3561 2338 3630 cerdotumquc
2357 3559 2444 3614 vel
2465 3559 2786 3616 clericorum
2811 3567 2972 3630 atque
2999 3559 3240 3614 omnium
3267 3559 3531 3614 Christia-

1951 3669 2146 3708 norum
2175 3653 2296 3722 pias
2325 3667 2386 3706 ac
2413 3651 2724 3706 salutiferas
2769 3651 3168 3706 admonitiones
3197 3657 3254 3704 et
3281 3649 3538 3704 exhorta-

1951 3747 2128 3800 tiones
2153 3745 2434 3814 depositus
2455 3752 2538 3798 est
2553 3743 2698 3812 juste
2721 3751 2883 3812 atque
2909 3741 3170 3798 canonice
3193 3739 3536 3806 Anastasius,

1953 3836 2244 3908 presbyter
2275 3833 2418 3888 tituli
2447 3833 2621 3888 sancti
2651 3832 2910 3896 Marcelli,
2950 3848 3014 3888 eo
3049 3830 3192 3900 quod
3217 3837 3406 3884 contra
3443 3843 3540 3882 au-

1953 3927 2264 3982 ctoritatem
2316 3923 2632 3980 canonicam
2677 3925 2954 3994 propriam
3013 3923 3328 3994 parochiam
3385 3921 3540 3976 dese-

1957 4017 2160 4070 ruisset
2209 4029 2308 4083 per
2341 4028 2512 4068 annos
2539 4013 2749 4068 scilicet
2779 4013 3018 4082 quinque
3041 4053 3056 4078 ,
3079 4021 3134 4067 et
3163 4012 3218 4066 in
3243 3989 3422 4065 aliena
3469 4009 3540 4066 ad

1953 4121 2126 4175 usque
2177 4105 2338 4159 hodie
2387 4105 2738 4170 demoratur,
2783 4111 2842 4158 et
2885 4119 3061 4176 neque
3108 4109 3336 4156 vocatus
3359 4113 3538 4170 neque

1955 4194 2458 4250 exeommunicatus
2501 4201 2556 4248 et
2611 4195 2678 4248 ad
2727 4193 2974 4248 ultimum
3005 4191 3540 4256 anathematizalus,

1956 4289 2096 4344 sicut
2119 4289 2184 4342 de
2209 4301 2276 4342 eo
2303 4287 2358 4340 in
2389 4285 2492 4342 hac
2533 4285 2740 4356 synodo
2793 4283 3033 4339 veridica
3071 4283 3284 4352 pictura
3325 4281 3544 4336 demon-

1957 4387 2114 4446 strat,
2155 4379 2224 4434 ad
2269 4388 2598 4450 congregata
2653 4379 2760 4434 duo
2797 4393 2896 4448 pro
2921 4393 2986 4434 eo
3012 4378 3386 4448 episcoporum
3415 4391 3548 4430 con-

1959 4473 2086 4528 cilia
2141 4473 2328 4528 venire
2385 4473 2596 4538 noluit;
2647 4473 2770 4528 ideo
2813 4481 2924 4527 tam
2969 4487 2998 4526 a
3047 4486 3262 4526 summo
3289 4468 3546 4539 pontiﬁce

1959 4579 2232 4634 quamque
2255 4563 2322 4618 ab
2349 4565 2620 4620 universis
2659 4565 2927 4634 episcopis
2973 4573 3100 4618 tunc
3129 4565 3336 4636 synodo
3361 4559 3546 4632 praesi-

1961 4655 2212 4710 dentibus
2235 4695 2252 4720 ,
2307 4655 2560 4712 videlicet
2605 4673 2828 4712 numero
2877 4657 3158 4726 sexaginta
3197 4661 3406 4725 septem
3429 4691 3444 4718 ,
3473 4653 3545 4706 ob

1962 4787 2252 4858 Notlingus
2277 4785 2352 4858 (η)
2376 4795 2430 4841 et
2455 4787 2776 4856 Sigilfredus
2807 4787 2902 4858 (ὁ),
2945 4787 3186 4858 episcopi
3217 4785 3421 4858 domui
3449 4783 3549 4836 im-

1961 4853 2252 4928 peratoris,
2277 4853 2341 4910 ct
2357 4873 2450 4912 sex
2481 4853 2717 4928 episcopi
2747 4853 2822 4910 ad
2841 4853 3158 4926 praedictum
3185 4853 3544 4928 archiepisco-

1965 4925 2095 4998 pum
2117 4931 2474 4998 pertinentes,
2501 4925 2732 4998 quorum
2758 4925 3012 4998 notitiam
3061 4943 3168 4982 non
3207 4925 3506 4998 recolimus
3529 4961 3544 4986 ,

1967 4995 2024 5052 et
2053 4995 2144 5050 alii
2171 5009 2278 5052 tam
2310 5013 2378 5052 ex
2407 4995 2650 5054 Romana
2689 4997 2822 5052 urbe
2865 5013 3024 5066 quam
3059 5013 3122 5050 ex
3171 4995 3290 5066 aliis
3317 5007 3548 5066 nurnero

1969 5067 2360 5138 quinquaginta
2391 5083 2482 5124 sex
2510 5111 2524 5130 ,
2557 5069 2760 5138 absque
2789 5063 3122 5138 presbyteris
3149 5081 3200 5119 Ci
3233 5063 3549 5118 diaeonibus

1969 5085 2360 5136 qmnqnanlnta
2391 5085 2482 5124 sex
2510 5111 2524 5130 ,
2557 5085 2760 5138 ansque
2830 5085 2980 5138 resny

1967 5147 2168 5192 saneta:
2205 5109 2460 5193 ﬁomanae
2483 5137 2756 5194 Ecclesiae.
2783 5085 2980 5194 “mea.

2043 5207 2194 5280 f_llic
2239 5210 2366 5264 anni
2415 5209 2624 5280 imperii
2665 5209 2904 5280 Lotharii
2959 5223 3024 5280 ac
3059 5203 3326 5280 Ludovici
3387 5201 3548 5258 simul

1965 5277 2384 5350 coniunguntur.
2423 5273 2610 5350 Annus
2655 5279 2799 5333 enim
2831 5277 3090 5350 Lotharii
3124 5273 3190 5330 57
3223 5289 3346 5350 eum
3399 5287 3545 5350 anno

1965 5343 2220 5404 Ludovici
2263 5349 2296 5402 ὃ
2337 5349 2694 5416 coniunctus,
2751 5347 2926 5402 reddit
2962 5363 3161 5400 annum
3211 5345 3278 5416 4‘2
3333 5343 3548 5416 imperii

1963 5433 2170 5472 eorum.
2215 5419 2388 5474 Porro
2419 5415 2560 5474 istud
2587 5419 2874 5474 concilium
2909 5417 3214 5470 Romanum
3253 5415 3304 5468 in
3355 5415 3548 5484 praefa-

1965 5489 2112 5543 tione
2139 5489 2380 5546 habitum
2411 5491 2610 5546 dicitur
2642 5507 2654 5542 :
2681 5489 2924 5542 Lotharii
2973 5501 3036 5540 ac
3069 5485 3324 5540 Ludovici
3379 5485 3548 5552 impe—

1963 5565 2204 5614 ratorum
2265 5575 2408 5616 anno
2469 5560 2675 5628 imperii
2703 5573 2886 5612 eorum
2929 5557 2962 5614 5
2997 5565 3052 5612 et
3081 5557 3172 5624 57,
3205 5571 3392 5610 mense
3443 5553 3546 5610 Dc—

1963 5629 2188 5694 cembri,
2215 5631 2300 5686 die
2345 5631 2398 5696 5,
2429 5631 2616 5685 indict.
2651 5631 2704 5684 :2.
2735 5629 2902 5694 Bono.

2026 5717 2100 5792 (gl
2124 5717 2391 5792 Episcopus
2411 5721 2708 5792 Brigensis
2727 5719 2906 5792 Praua.

2027 5777 2100 5842 (ω
2124 5777 2324 5834 Videtur
2350 5795 2460 5834 esse
2485 5781 2790 5846 Sigistridus,
2813 5783 3076 5847 itegiensls
3103 5783 3380 5847 episcopus.
3409 5777 3478 5830 lo.
