4078 6340
537 325 641 381 637

536 535 624 585 est
686 524 967 596 depositus
1019 532 1078 579 et
1149 522 1476 580 sacerdotali
1540 526 1748 580 honore
1824 524 2069 596 privatus
2097 567 2113 592 ,

538 632 683 675 anno
714 618 948 689 denique
976 658 991 685 ,
1045 632 1234 674 mense
1272 632 1338 673 ac
1393 618 1480 674 die
1532 629 1695 688 atque
1737 618 2028 675 indictione
2061 626 2121 674 ut

540 726 726 785 supra.

1264 780 1399 836 VIII.

973 869 1041 908 AD
1066 866 1347 908 EPISCOPOS
1372 868 1693 908 BRITANNIJ.

542 944 705 1000 Docet
728 944 993 1015 episcopos
1014 944 1326 1015 simoniacos
1340 945 1395 997 in
1416 945 1634 999 concilio
1645 946 1965 1015 judicandos
1979 963 2121 1002 esse:

647 1012 835 1069 deinde
859 1012 1131 1084 respondet
1161 1012 1279 1067 aliis
1314 1030 1500 1067 eorum
1525 1012 2015 1070 consultationibus.

610 1104 727 1162 Lso
751 1105 1001 1160 unmibus
1027 1104 1482 1161 reverentissimis
1520 1105 1881 1162 confratribus
1912 1107 2124 1162 Britan-

541 1194 681 1252 nicae
705 1194 879 1267 gentis
900 1193 1186 1266 episcopis.

590 1286 828 1355 'Quanto
855 1288 1033 1343 studio
1062 1294 1369 1359 quantaque
1391 1289 1615 1346 solertia
1658 1304 1876 1362 gregem
1906 1293 2059 1348 vobis
2093 1308 2123 1348 a

540 1373 769 1432 Dominb
797 1377 1143 1431 commissum
1175 1376 1421 1446 pascitis,
1448 1376 1751 1447 divinisque
1781 1377 1975 1435 fovetis
1994 1380 2126 1436 edu-

540 1463 633 1518 liis
670 1463 828 1518 nobis
852 1463 1059 1519 directa
1085 1465 1289 1536 scripta
1318 1476 1655 1521 reserarunt.
1687 1466 1839 1523 Unde
1877 1484 1983 1524 non
2009 1484 2128 1525 mo.

542 1551 665 1609 dica
691 1552 1052 1610 exsultatione
1079 1554 1443 1625 congratulor,
1482 1564 1537 1612 et
1569 1564 1837 1613 tantarum
1866 1559 2127 1631 ambigui-

545 1651 719 1698 tatum
751 1642 1094 1714 indagatione
1121 1643 1446 1711 laetificatus,
1469 1661 1501 1700 a
1528 1647 1721 1702 timore
1766 1647 2124 1720 negligentiae,

543 1722 637 1805 qui
670 1750 756 1790 me
782 1734 924 1791 illius
948 1736 1183 1807 regionis
1209 1737 1262 1791 in
1305 1736 1508 1793 infimis
1530 1739 1883 1809 deprimebat,
1909 1740 2065 1809 quasi
2092 1757 2124 1797 a

1790 368 1795 373 .
1883 320 2126 380 LEONIS
2162 322 2364 381 eam
2400 322 2467 381 1v
2568 280 2579 289 ’

536 449 695 493 suam
746 430 973 488 stultam
1026 431 1310 487 audaciam
1362 432 1578 499 merito,
1629 441 1691 488 ut
1740 432 2112 504 praediximus,
2145 441 2197 500 Α

3700 333 3811 394 668

2426 436 2467 492 I.
2495 437 2578 491 Ad
2603 454 2733 509 quos
2751 437 3131 496 ecclesiasticus
3153 441 3283 497 ordo
3308 445 3584 514 pertineat.

2289 547 2472 603 Primo
2500 549 2715 618 quidem
2746 549 2985 619 capitulo
3014 548 3239 617 dictum,
3282 552 3369 607 cui
3405 553 3817 613 ecclesiasticus

2233 638 2370 693 ordo
2393 641 2662 696 pertineat
2691 658 2703 693 :
2734 640 2876 709 quod
2907 640 3174 711 episcopis
3197 650 3253 697 et
3286 642 3504 700 clericis
3539 646 3819 703 ordinatis

2220 729 2492 798 pertinere
2512 744 2618 784 non
2639 729 2859 784 dubium
2888 738 2989 785 est.
3015 730 3169 797 Quod
3194 747 3291 787 vos
3310 733 3561 802 ignorare
3581 736 3819 792 minime

2223 817 2513 882 credimus,
2566 819 2633 873 ab
2664 817 2795 887 ipsis
2839 819 3153 890 apostolicis
3181 820 3314 876 viris
3356 824 3710 892 cognoscitis.
3743 824 3814 879 Et

2224 922 2347 962 cum
2370 908 2425 963 iu
2456 909 2627 965 sacris
2655 909 2902 966 cenciliis
2931 912 3001 967 ab
3030 912 3299 983 episcopis
3318 915 3683 985 promulgatae
3707 916 3820 969 sint

2223 999 2419 1071 regulae
2439 1008 2494 1056 et
2513 1008 2761 1072 receptae,
2798 1002 2921 1073 quis
2938 1013 3094 1059 extra
3125 1004 3409 1074 episcopos
3430 1005 3819 1076 promulgator

2223 1092 2603 1146 canonicarum
2626 1092 2859 1162 quiverit
2882 1108 3003 1150 esse
3022 1095 3448 1150 sententiarum?

2225 1180 2288 1241 Il,
2328 1179 2664 1254 Unaqua'quc
2686 1184 2938 1253 parochia
2978 1185 3205 1255 episcopi
3234 1187 3531 1256 provisione
3558 1189 3817 1258 regenda.

2295 1272 2549 1344 Regenda
2572 1288 2704 1328 vero
2730 1282 2813 1329 est
2841 1290 3177 1347 unaquaeque
3209 1277 3466 1345 parochia
3508 1277 3565 1349 (χ
3591 1318 3608 1341 ,
3655 1294 3713 1349 q.
3743 1275 3819 1340 ’1.

2225 1363 2465 1435 Regenda
2490 1375 2565 1420 est
2593 1367 2935 1436 unaquaque)
2986 1367 3088 1421 sub
3132 1368 3441 1437 provisione
3483 1383 3551 1423 ac
3583 1368 3823 1424 tuitione

2225 1454 2486 1524 episcopi,
2521 1470 2619 1525 per
2664 1455 2971 1510 sacerdotes
3001 1456 3087 1510 vel
3117 1465 3327 1513 ceteros
3377 1456 3634 1524 clericos,
3679 1473 3823 1528 quos

2226 1544 2342 1615 ipse
2367 1561 2489 1601 cum
2520 1546 2614 1601 Dei
2642 1546 2835 1602 timore
2876 1546 3201 1616 prmviderit,
3247 1548 3334 1603 cui
3364 1548 3489 1618 jure
3535 1550 3822 1620 pertinere

2225 1637 2512 1700 videbitur,
2543 1645 2600 1693 et
2623 1638 2932 1704 circumire,
2966 1645 3025 1693 ut
3071 1637 3174 1694 sibi
3220 1641 3596 1697 necessarium
3640 1641 3827 1699 visum

2230 1724 2407 1789 fuerit,
2438 1725 2802 1781 ecclesiastica
2833 1726 3063 1782 utilitate
3093 1735 3339 1798 cogente.

544 1829 699 1899 gravi
729 1827 987 1897 languore
1017 1829 1307 1895 relevatus,
1328 1838 1384 1885 et
1405 1838 1599 1900 utpote
1619 1846 1805 1898 sanus,
1828 1831 1954 1888 licet
1977 1833 2126 1889 omni

2239 1813 2314 1875 lli.
2350 1814 2477 1869 Non
2504 1814 2763 1885 cogendus
2789 1814 3071 1900 presbyter!
3100 1794 3184 1869 adv
3210 1832 3364 1871 sacra
3398 1815 3624 1871 concilia
3670 1816 3823 1870 culo-

545 1921 721 1978 salute
770 1931 984 1992 captus,
1034 1924 1208 1996 magis
1254 1924 1435 1979 animo
1479 1940 1663 1996 sospes
1726 1927 1937 1983 surrexi
1965 1942 2126 1997 quam

545 2028 795 2084 corpore.
823 2014 957 2081 Quia
978 2030 1100 2070 cum
1126 2016 1388 2085 quosdam
1423 2015 1685 2074 laicorum
1712 2017 1766 2071 in
1797 2017 2129 2073 ecclesiasti-

546 2104 627 2159 cis
651 2106 993 2176 cognoverim
1039 2106 1183 2161 curis
1224 2107 1557 2178 praeponere,
1590 2116 1646 2164 et
1676 2110 1918 2165 studioso
1945 2111 2129 2167 animo

546 2193 617 2249 ab
648 2193 859 2248 illorum
887 2194 1215 2264 respondere
1243 2195 1533 2267 vigilantiis
1558 2212 1801 2268 cogerer,
1830 2199 1965 2253 nihil
1985 2199 2131 2255 aliud

547 2299 669 2350 vos,
698 2284 791 2354 qui
824 2284 1023 2341 divinis
1043 2287 1275 2358 negotiis
1312 2297 1369 2343 et
1394 2288 1777 2346 ecclesiasticis
1803 2300 1947 2346 sorte
1980 2293 2131 2347 veni-

547 2373 671 2439 stis,
693 2389 856 2443 quam
895 2375 1175 2430 crederem
1208 2376 1503 2431 dormitare
1533 2395 1547 2432 :
1580 2393 1725 2433 nunc
1747 2379 1927 2434 divina
1959 2381 2153 2451 gratia.

548 2464 605 2518 hi
631 2463 941 2521 confratres
961 2466 1154 2532 nostri,
1182 2466 1431 2522 videlicet
1470 2467 1679 2535 talium,
1711 2470 1777 2524 et'
1796 2469 1932 2526 tales
1959 2472 2133 2527 eccle-

550 2554 751 2609 siarum
780 2556 1055 2625 praesules,
1102 2555 1170 2610 ad
1201 2572 1301 2612 nos
1342 2558 1587 2627 perducti
1610 2567 1665 2614 et
1689 2561 1910 2631 cogniti,
1961 2563 2134 2633 magis

551 2660 774 2701 securus
804 2662 950 2702 nunc
967 2648 1102 2703 duro
1123 2662 1286 2717 quam
1315 2656 1492 2705 antea.
1522 2649 1867 2721 Legationem
1901 2653 2135 2724 denique

552 2752 892 2795 communem
913 2740 1155 2795 omnium
1173 2740 1545 2811 episcoporum
1561 2757 1619 2796 re
1628 2744 2132 2800 verendissimorum

554 2828 712 2884 nobis
746 2829 1076 2899 propositam
1105 2829 1497 2900 delinquentes,
1526 2833 1805 2901 requiritis
1841 2833 1909 2888 de
1933 2833 2020 2889 his
2042 2836 2134 2903 qui

554 2917 870 2988 turpissimo
910 2917 1063 2974 lucro
1103 2919 1379 2975 columbas
1408 2919 1460 2975 in
1509 2920 1709 2991 templo
1740 2921 1951 2976 Domini
2001 2936 2135 2977 ven-

559 3008 690 3063 dere
721 3023 826 3063 non
863 3009 1252 3078 pertimescunt
1295 3009 1368 3081 (l,
1402 3025 1457 3080 q.
1495 3009 1553 3075 2,
1588 3008 1885 3078 Requiritis
1909 3012 1975 3065 de
2022 3010 2133 3082 iis),

553 3108 611 3155 et
642 3114 742 3155 sua
774 3105 895 3155 acta
925 3100 1169 3171 improba
1200 3101 1504 3157 temeritate
1528 3100 1765 3156 Simonis
1793 3101 1983 3157 haeresi
2006 3117 2136 3159 con-

550 3189 805 3259 jungunt,
826 3196 1005 3245 utrum
1030 3190 1241 3260 possint
1265 3192 1319 3245 in
1339 3191 1530 3245 ordine
1550 3191 1923 3260 paenitentiam
1952 3206 2133 3263 agere,

558 3290 651 3334 aut
678 3279 1052 3333 tantummodo
1069 3288 1225 3334 extra
1249 3278 1495 3334 ordinem
1523 3287 1579 3334 et
1606 3279 1994 3336 sacerdotalem
2019 3279 2139 3336 ﬁeri

559 3372 804 3443 gradum.
842 3369 1050 3437 Quibus
1084 3386 1182 3426 nos
1223 3371 1440 3441 quidem
1475 3371 1737 3427 convictis
1763 3372 1855 3443 qui
1902 3379 2011 3428 tam
2042 3373 2139 3428 de-

560 3461 813 3519 testabile
832 3460 1010 3527 nefas,
1036 3461 1180 3532 quod
1200 3459 1316 3530 jam
1347 3460 1533 3517 multis
1558 3471 1642 3516 est
1667 3463 1979 3517 damnatum
2007 3477 2141 3517 con-

558 3554 718 3617 ciliis,
758 3554 1032 3626 peregisse
1069 3561 1389 3619 noscuntur,
1422 3553 1565 3609 nulla
1606 3554 1922 3625 preuitentia
1954 3570 2143 3624 possu—

558 3658 682 3701 mus
711 3644 1015 3709 subvenire,
1049 3650 1104 3700 et
1132 3650 1212 3699 tot
1233 3642 1602 3723 spiritpalibus
1618 3645 1860 3713 patribus
1880 3645 2100 3700 obviare
2125 3663 2138 3699 :

561 3734 658 3790 sed
688 3734 742 3788 in
776 3733 990 3790 illorum
1016 3742 1232 3806 patrum
1255 3749 1339 3790 me
1364 3733 1632 3789 sententia
1654 3735 1946 3790 convenire
1969 3734 2144 3789 omni.

562 3825 667 3880 bus
701 3831 911 3879 certum
946 3824 1037 3880 sit.
1068 3825 1149 3879 Ita
1178 3834 1358 3880 tamen
1388 3833 1451 3878 ut
1478 3824 1657 3879 omnia
1684 3823 1738 3878 in
1764 3822 2008 3879 conciliis
2037 3824 2146 3879 sint

565 3912 965 3987 episcoporum.
997 3916 1134 3972 Nam
1171 3916 1375 3973 nullam
1421 3915 1822 3971 damnationem
1861 3914 2133 3985 episeopo-

564 4020 689 4063 rum
718 4021 839 4062 esse
870 4021 1109 4077 unquam
1130 4021 1411 4063 censemus
1432 4005 1506 4078 (I,
1528 4022 1583 4076 q.
1607 4006 1664 4071 7,
1681 4002 1901 4059 Nullam
1930 4006 2148 4060 damna-

570 4093 810 4166 tionem),
834 4094 936 4150 nisi
966 4103 1060 4150 aut
1085 4103 1211 4151 ante
1235 4095 1530 4166 legitimum
1556 4109 1841 4150 numerum
1866 4094 2147 4163 episcopo—

564 4198 709 4250 rum,
757 4185 850 4255 qui
895 4184 956 4241 flt
1006 4201 1104 4257 per
1149 4187 1431 4243 duodecim
1494 4186 1811 4258 episcopos,
1864 4192 1958 4239 aut
2001 4193 2149 4243 certe

564 4277 794 4348 probata
856 4279 1144 4345 sententia,
1196 4293 1292 4350 per
1338 4278 1679 4352 septuaginta
1731 4278 1865 4334 duos
1924 4277 2181 4334 idoneos.

565 4380 761 4439 testes,
800 4374 892 4443 qui
934 4374 1070 4430 tales
1103 4375 1231 4440 sint,
1276 4374 1369 4445 qui
1415 4383 1470 4430 et
1516 4387 1773 4429 accusare
1817 4371 2045 4441 possint,
2094 4376 2150 4425 et

566 4462 720 4533 prius
745 4463 813 4518 ad
832 4478 986 4533 sacra
1012 4463 1212 4519 Christi
1239 4472 1470 4533 quatuor
1488 4461 1777 4532 Evangelia
1807 4468 2146 4516 sacramenta

572 4560 852 4624 praestent,
882 4553 1026 4624 quod
1073 4553 1148 4607 nil
1193 4553 1396 4609 salsum
1442 4551 1782 4622 depromant,
1818 4551 1952 4605 sicut
2002 4550 2149 4605 nobis

574 4642 755 4696 beatus
781 4639 1024 4697 Silvestsr
1049 4642 1289 4707 tradidit,
1324 4651 1370 4696 et
1395 4640 1631 4695 Romana
1662 4648 1845 4694 sancta
1871 4648 2044 4694 tenere
2069 4639 2149 4694 vi-

575 4731 731 4785 detur
776 4728 1011 4786 Ecclesia
1059 4742 1108 4785 ι.
1154 4731 1222 4786 Ει
1264 4731 1311 4786 si
1340 4730 1480 4787 inter
1507 4744 1621 4797 eos,
1656 4744 1793 4800 quos
1821 4730 2156 4795 damnandos

552 4833 699 4877 .esse
726 4819 981 4875 dixerunt
1024 4819 1288 4884 homines,
1331 4818 1495 4875 fuerit
1528 4820 1831 4891 episcopus,
1868 4819 1961 4891 qui
2000 4832 2154 4873 suam

578 4920 802 4965 causam
840 4909 894 4964 in
928 4910 1213 4980 praesentia
1237 4909 1493 4965 Romana:
1514 4910 1658 4965 sedis
1679 4909 1914 4981 episcopi
1940 4907 2159 4980 petierit

580 4999 781 5065 audiri,
815 4999 992 5056 nullus
1019 5014 1181 5069 super
1220 4996 1370 5054 illum
1407 4999 1671 5054 finitivam
1706 5006 2000 5070 praesumat
2025 4996 2157 5052 dare

583 5096 905 5151 sententiam
935 5114 948 5150 :
976 5094 1069 5150 sed
1095 5094 1313 5150 omnino
1338 5110 1460 5149 cum
1486 5093 1661 5149 audiri
1690 5093 2054 5148 decernimus.
2082 5091 2160 5145 De

552 5184 559 5191 ’
584 5188 780 5242 caetero
807 5201 956 5252 vero,
987 5186 1129 5257 quod
1153 5185 1310 5240 nobis
1352 5185 1598 5255 apicibus
1624 5183 1823 5239 vestris
1850 5182 2053 5238 factum
2079 5188 2164 5236 est

585 5277 813 5344 clarum,
838 5278 966 5350 quid
989 5276 1069 5332 vel
1093 5276 1325 5348 qualiter
1349 5276 1415 5331 de
1439 5275 1569 5347 ipsis
1596 5272 1845 5345 capitulis
1870 5273 2165 5341 interroga-

586 5366 660 5422 tis
672 5365 893 5422 debcam
916 5366 1263 5438 respondere,
1282 5364 1423 5420 unde
1442 5363 1691 5433 precibus
1707 5360 1902 5417 vestris
1923 5372 2163 5414 annuere

587 5458 916 5523 curavimus,
959 5465 1017 5512 et
1059 5455 1371 5528 singillatim
1418 5453 1548 5525 quid
1578 5449 1844 5522 agendum
1896 5459 2002 5515 est,
2049 5448 2163 5504 sive

589 5550 836 5618 exposito
857 5564 889 5604 a
911 5549 1114 5605 sanctis
1132 5548 1405 5614 Patribus,
1433 5545 1547 5602 sive
1565 5557 1716 5600 more
1735 5541 2036 5613 antiquitus
2060 5547 2167 5595 tra-

590 5641 726 5709 dito,
756 5642 1065 5698 curavimus
1084 5641 1475 5698 demonstrare.

2830 1884 2959 1956 gias'
2976 1884 3199 1954 deferre.

2301 1974 2379 2030 De
2406 1972 2636 2045 eulogiis
2663 1975 2732 2029 ad
2760 1990 2917 2031 sacra
2941 1974 3168 2030 concilia
3192 1973 3501 2045 deferendis
3532 1972 3698 2045 (bist.
3730 1974 3824 2040 l8,

2228 2063 2307 2119 De
2349 2064 2590 2136 eulogiis)
2640 2065 2771 2121 nihil
2814 2065 3120 2121 invenimus
3150 2080 3179 2119 a
3205 2065 3505 2134 majoribus
3548 2062 3821 2119 termina-

2229 2164 2366 2223 tum,
2396 2156 2488 2223 sed
2513 2157 2653 2213 sicut
2688 2157 2974 2227 unicuique
3009 2155 3322 2229 presbytero
3357 2154 3627 2227 placuerit
3684 2152 3827 2208 Nam

2230 2246 2274 2301 si
2302 2247 2656 2303 constitutum
2685 2246 2848 2302 fuerit
2897 2247 2989 2302 illo
3016 2247 3073 2301 in
3122 2254 3364 2316 tempore
3408 2244 3822 2300 benedictiones

2231 2336 2435 2404 aﬁ‘erri,
2470 2338 2654 2398 forsan
2683 2339 2864 2393 minus
2888 2337 3119 2393 libenter
3144 2336 3211 2391 ad
3241 2336 3477 2407 synodos
3501 2344 3825 2399 occurrent,

2231 2442 2286 2485 et
2336 2432 2509 2503 magis
2552 2432 2737 2487 venire
2784 2429 3164 2485 detrectabant
3214 2449 3228 2481 :
3284 2442 3406 2497 quae
3459 2435 3521 2480 ut
3579 2424 3824 2479 arbitror

2232 2537 2339 2576 usu
2356 2531 2491 2578 sunt
2520 2520 2912 2579 rationabiliter
2940 2517 3292 2589 requirenda,
3320 2532 3421 2573 nec
3446 2516 3593 2571 ultro
3615 2514 3815 2571 delata

2234 2606 2572 2682 respuendae.

2306 2702 2395 2758 IV.
2423 2703 2550 2758 Sors
2573 2701 2705 2757 nihil
2724 2701 2872 2757 aliud
2885 2718 3041 2772 quam
3065 2699 3318 2755 divinatio
3339 2707 3389 2754 et
3409 2695 3755 2766 maleﬁcium.

2308 2792 2384 2846 De
2412 2789 2743 2860 experientia
2767 2797 2946 2842 autem
2975 2785 3371 2841 divinationum
3395 2782 3481 2838 vel
3516 2779 3829 2837 maleﬁcio-

2234 2898 2380 2945 rum,
2412 2880 2672 2950 scriptum
2699 2879 2913 2948 quidem
2939 2877 2991 2931 in
3014 2876 3184 2932 sacris
3203 2876 3469 2930 habemus
3497 2871 3831 2933 eanonibus,

2235 2982 2297 3029 ut
2322 2974 2435 3044 ipsa
2465 2971 2629 3027 verba
2652 2984 2939 3041 ponamus,
2969 2968 3045 3023 ita
3073 2964 3255 3038 (Cone.
3283 2966 3506 3035 Ληουῖ..
3535 2978 3662 3019 can.
3685 2961 3781 3032 εδ)
3806 2975 3825 3015 :

2238 3062 2336 3131 Qui
2402 3061 2760 3118 divinationes
2808 3068 3089 3131 expetunt,
3152 3066 3204 3114 et
3266 3069 3475 3112 morem
3534 3054 3828 3127 gentilium

2162 3144 2207 3205 C
2241 3155 2665 3223 subsequuntur,
2690 3159 2783 3206 aut
2809 3151 2863 3205 in
2889 3149 3079 3206 domos
3102 3163 3231 3204 suas
3248 3147 3625 3216 hujuscemodi
3652 3146 3830 3202 homi-

2237 3259 2336 3301 nes
2364 3244 2715 3299 introducunt
2753 3239 3072 3312 exquirendi
3118 3237 3321 3307 aliquid
3377 3244 3498 3291 arte
3547 3235 3835 3299 maleﬁca,

2239 3343 2333 3388 aut
2361 3332 2611 3403 expiandi
2639 3347 2824 3397 causa,
2857 3331 2958 3386 sub
2982 3328 3169 3401 regula
3198 3326 3553 3398 quinquennii
3576 3326 3819 3396 iaceant.

2245 3425 2395 3483 Unde
2417 3426 2484 3480 ad
2504 3424 2717 3479 illorum
2738 3422 3165 3483 similitudinem,
3194 3429 3390 3484 sortes,
3414 3419 3616 3489 quibus
3636 3424 3830 3471 cuncta

2240 3535 2337 3576 vos
2365 3520 2418 3574 in
2439 3530 2547 3575 ves'
2560 3518 2636 3574 ris
2663 3514 3048 3573 discriminatis
3066 3512 3284 3584 judiciis
3322 3510 3433 3583 (26⁹
3471 3526 3529 3580 q.
3553 3509 3615 3574 5,
3646 3507 3827 3564 Sortes

2240 3609 2469 3684 quibus),
2512 3609 2642 3665 nihil
2687 3608 2834 3663 aliud
2870 3620 3031 3676 quam
3061 3604 3205 3675 quod
3254 3603 3328 3658 illi
3372 3610 3558 3672 patres
3602 3600 3827 3654 damna-

2244 3709 2404 3768 runt,
2457 3700 2815 3756 divinationes
2868 3706 2925 3752 et
2981 3693 3245 3750 maleﬁcia
3286 3706 3409 3747 esse
3456 3688 3827 3771 decernimus.

2245 3790 2604 3860 Quamobrem
2638 3788 2885 3845 volumus
2913 3785 3034 3840 illas
3059 3782 3281 3839 omnino
3314 3778 3582 3844 damnari,
3605 3784 3664 3832 et
3690 3775 3833 3830 ultra

2247 3884 2388 3939 inter
2411 3881 2748 3937 Christianos
2768 3878 3017 3934 nolumus
3042 3872 3331 3939 nominari,
3349 3879 3405 3926 et
3429 3879 3488 3925 ut
3512 3870 3835 3925 abscinden-

2250 3984 2360 4040 tur,
2412 3974 2513 4029 sub
2547 3969 2910 4027 anathematis
2956 3965 3252 4023 interdicto
3298 3961 3648 4034 praecipimus
3700 3958 3833 4029 (lvo,

2227 4073 2398 4135 .part.
2414 4081 2494 4131 ιι,
2511 4078 2628 4133 cap.
2649 4062 2760 4130 ll).

2250 4162 2314 4219 V.
2341 4163 2409 4219 Ut
2433 4162 2610 4219 nullus
2627 4177 2838 4234 propria
2863 4167 3169 4230 cognatione
3190 4154 3464 4225 conjugcm
3492 4153 3595 4208 sibi
3609 4150 3833 4222 copulet.

2330 4254 2404 4311 Ut
2454 4253 2735 4309 definitum
2780 4260 2918 4306 esta
2954 4247 3232 4312 Patribus,
3274 4243 3454 4300 nullus
3496 4242 3564 4296 de
3616 4240 3843 4312 propria

2252 4343 2571 4417 cognatione
2598 4342 2702 4398 sibi
2730 4340 2927 4395 audeat
2968 4334 3245 4408 copulare,
3289 4330 3491 4400 alioqui
3541 4328 3837 4417 anathema

2253 4416 2504 4507 sumta.
2526 4433 2616 4499 20,
2640 4431 2716 4486 De
2732 4428 2963 4501 libellis).
2988 4427 3142 4484 Unde
3163 4424 3311 4480 beati
3330 4420 3567 4493 iunioris
3586 4416 3837 4489 Gregorii

2178 4497 2228 4557 D
2252 4497 2473 4581 decreta
2496 4497 2694 4578 eximie
2720 4526 2849 4577 sunt
2869 4497 3174 4575 rctinenda.

2326 4631 2415 4687 VI.
2453 4629 2559 4686 Per
2579 4646 2695 4701 qua:
2723 4629 2931 4685 decreta
2954 4626 3201 4698 judicare
3246 4623 3465 4690 debeant
3506 4619 3765 4691 episcopi.
3822 4668 3825 4669 ν

2326 4724 2405 4780 De
2426 4722 2621 4778 libellis
2649 4728 2703 4775 et
2731 4716 3134 4774 commentariis
3172 4714 3404 4769 aliorum
3446 4727 3559 4768 non
3589 4708 3841 4765 convenit

2260 4817 2492 4886 aliquem
2510 4813 2778 4885 judicare,
2806 4818 2863 4865 et
2882 4816 3188 4865 sanctorum
3216 4803 3571 4861 conciliorum
3603 4813 3839 4856 canones

2262 4907 2586 4976 relinquere,
2615 4902 2699 4957 vel
2722 4898 3073 4956 decretalium
3103 4896 3338 4968 regulas,
3375 4895 3431 4949 id
3469 4900 3555 4948 est
3596 4906 3719 4961 qua:
3748 4890 3841 4944 ha-

2258 4998 2455 5054 beatur
2481 4992 2623 5064 apud
2647 5006 2747 5046 nos
2768 4989 2927 5044 simul
2950 5002 3071 5043 cum
3097 4986 3204 5041 illis
3230 4985 3283 5039 in
3309 4995 3541 5047 canone,
3566 4989 3626 5037 et
3649 4978 3842 5049 quibus

2260 5085 2316 5141 in
2341 5083 2599 5141 omnibus
2616 5078 3003 5137 ecclesiasticis
3026 5072 3486 5144 utimurjudiciis,
3518 5071 3573 5126 id
3590 5077 3679 5127 est
3704 5070 3838 5137 Apo-

2246 5170 2545 5240 stolorum,
2570 5172 2929 5234 Niczenorum,
2965 5168 3399 5240 Ancyranorum.
3430 5160 3832 5220 Neocassarienv

2264 5267 2428 5333 sium,
2459 5262 2882 5335 Gangrensium,
2907 5257 3378 5320 Antiochensium,
3405 5250 3839 5310 Laodicensium,

2266 5352 2805 5418 Chalcedonensium,
2848 5348 3273 5412 Sardicensium,
3314 5339 3838 5414 Carlhaginensiu’m,

2266 5444 2699 5504 Africanensium
2731 5461 2746 5498 :
2775 5453 2972 5498 etcum
2998 5438 3105 5495 illis
3123 5436 3319 5508 regulae
3337 5433 3631 5505 praesulum
3652 5431 3841 5487 Roma-

2271 5552 2464 5594 norum
2492 5576 2509 5603 ,
2565 5532 2815 5590 Silvestri
2849 5572 2864 5599 ,
2927 5527 3113 5586 Siricii
3141 5565 3158 5592 ,
3202 5522 3507 5580 Innocentii
3535 5562 3552 5586 ,
3604 5514 3837 5575 Zosimi,

2273 5626 2578 5692 Coelestini,
2600 5624 2822 5685 Leonis.
2845 5620 3070 5687 Gelasii,
3098 5615 3312 5682 Hilarii,
3336 5610 3678 5685 Symmachi,
3710 5605 3840 5662 Simo

659 5772 689 5802 ι
719 5758 846 5818 Hac
870 5760 1029 5818 verba
1062 5759 1249 5816 deesse
1276 5758 1328 5813 in
1366 5756 1607 5811 Romana
1635 5752 1891 5817 editione,
1931 5756 1986 5805 et
2020 5747 2075 5804 in
2104 5760 2204 5803 ms.
2234 5742 2354 5800 cod.
2389 5741 2652 5797 Vaticano
2685 5734 2995 5793 observavit
3024 5731 3198 5790 Lucas
3228 5725 3546 5782 Holstenius
