4078 6340
341 384 451 442 669

1551 363 1908 438 Erisrour:
1949 381 2037 437 ET
2078 380 2418 437 DECRETA.

3482 384 3588 441 670

337 495 506 567 plicii.
545 493 642 552 Isti
669 493 891 551 omnino
926 502 1072 559 sunt,
1108 509 1205 566 per
1227 509 1362 566 quos
1384 493 1628 570 judicent
1649 495 1901 567 episcopi,
1932 499 1985 558 Α
2079 496 2212 551 Cum
2261 492 2629 564 spiritualibus
2661 499 2715 547 te
2745 492 2946 546 nostris
2973 500 3318 562 procreatum
3363 494 3591 550 visceri-

336 596 394 641 et
443 603 540 658 per
584 602 720 658 quos
755 587 991 658 episcopi
1041 587 1200 641 simul
1242 595 1298 642 et
1347 587 1530 643 clerici
1571 587 1907 658 judicantur.

336 677 476 733 Nam
504 677 549 734 si
591 678 697 733 tale
723 678 1006 734 emerserit
1030 678 1114 732 vel
1150 679 1436 748 contigerit
1479 678 1792 733 inusitatum
1820 693 1912 734 ne-

337 768 565 838 gotium,
596 768 738 838 quod
763 767 984 823 minime
1023 779 1208 838 posset
1245 784 1342 838 per
1369 771 1499 823 istos
1521 768 1683 834 ﬁniri,
1716 777 1841 823 tunc
1864 770 1910 824 si

336 858 576 924 illorum,
605 873 833 926 quorum
869 859 1208 923 meministis,
1239 861 1384 914 dicta
1417 859 1753 930 llieronymi,
1798 859 1908 913 Au-

334 949 562 1019 gustini,
597 947 811 1013 Isidori,
839 947 926 1003 vel
947 957 1266 1004 caeterorum
1311 948 1558 1003 similiter
1599 958 1910 1003 sanctorum

331 1039 620 1095 doctorum
659 1039 934 1105 similium,
978 1049 1190 1110 reperta
1226 1039 1446 1104 fuerint,
1497 1039 1912 1110 magnanimiter

332 1138 465 1183 sunt
488 1129 767 1184 retinenda
797 1144 861 1184 ac
886 1130 1294 1200 promulganda,
1333 1129 1421 1184 vel
1451 1129 1520 1184 ad
1561 1130 1910 1198 apostolicam

331 1221 516 1275 sedem
543 1219 810 1274 referatur
851 1221 915 1275 de
945 1221 1155 1277 talibus.
1184 1222 1356 1289 Quam
1393 1223 1461 1277 ob
1499 1237 1720 1277 causam
1761 1223 1911 1277 lucu-

333 1307 540 1364 Ientius
568 1319 623 1364 et
664 1325 858 1380 magna
884 1326 1015 1366 voce
1055 1314 1405 1382 pronuntiare
1432 1329 1536 1368 non
1569 1315 1752 1378 timeo,
1784 1314 1909 1386 quia

327 1399 426 1468 qui
457 1400 542 1453 illa
568 1416 688 1469 qua:
711 1401 942 1456 diximus
967 1412 1276 1459 sanctorum
1301 1405 1522 1458 Patrum
1549 1415 1769 1471 statuta,
1791 1421 1910 1475 qute

328 1487 478 1558 apud
518 1505 616 1545 nos
651 1504 884 1546 canones
916 1492 1333 1561 prmtitulantur,
1365 1494 1477 1548 sive
1518 1503 1576 1548 ut
1605 1495 1906 1565 episcopus,

329 1580 448 1635 sive
472 1580 721 1647 clericus,
743 1582 857 1637 sive
877 1583 1068 1649 laicus,
1099 1599 1204 1638 non
1236 1583 1602 1641 indill‘erenter
1624 1588 1904 1656 receperit,

328 1669 450 1738 ipse
499 1685 559 1725 se
610 1673 901 1739 convincit,
952 1689 1052 1729 nec
1089 1675 1408 1730 catholicam
1460 1686 1516 1731 et
1559 1677 1906 1747 apostolicam

327 1759 515 1826 ﬁdem,
539 1776 642 1816 nec
661 1771 847 1817 saneta
872 1779 999 1818 vera
1019 1763 1214 1820 Christi
1245 1767 1517 1837 evangelia
1547 1777 1778 1837 quatuor
1805 1769 1907 1822 uti—

2012 589 2114 645 hus
2136 589 2426 652 noscimus,
2446 596 2535 642 tua
2557 587 2873 655 deceptione
2897 586 3138 656 quotidie
3159 587 3586 657 ingemiscimus;

2013 681 2102 750 qui
2128 681 2247 734 sinu
2274 679 2464 733 matris
2490 686 2598 732 tute
2625 692 2960 748 progressus,
2997 677 3200 730 erroris
3228 677 3469 731 irretitus
3495 693 3589 732 ea-

2013 771 2177 842 ligine
2224 770 2434 834 alienis,
2481 769 2754 838 parochiis
2800 767 2883 822 vel
2926 767 3236 838 regionibus
3263 767 3542 822 immorari
3574 807 3590 834 ,

2012 869 2198 916 contra
2227 869 2490 929 praecepta
2516 859 2736 912 Patrum
2785 873 3158 928 canonumque
3200 859 3536 913 sanctionem
3574 900 3590 924 ,

2012 966 2117 1005 non
2152 950 2384 1004 dubitas.
2425 950 2718 1005 Revertere
2747 949 2941 1018 Igitur,
2994 949 3292 1018 salutisque
3338 948 3593 1004 incedere

2012 1053 2352 1108 summopere
2399 1038 2588 1094 callem
2621 1053 2875 1108 procura,
2908 1047 2961 1092 te
3009 1054 3078 1093 ne
3118 1053 3258 1092 vana
3286 1053 3412 1108 spes
3442 1039 3590 1094 deci-

2011 1130 2144 1200 piat,
2169 1131 2478 1198 caduceque
2505 1130 2838 1183 adulationes
2861 1130 3198 1183 subvertant.
3230 1129 3335 1184 Sed
3363 1129 3593 1184 terrenis

2011 1229 2193 1274 mente
2221 1221 2429 1274 actibus
2475 1219 2704 1289 erigens,
2749 1233 2812 1272 ea
2858 1234 2976 1286 qua:
3015 1234 3245 1286 superna
3272 1218 3594 1288 inﬁnitaque

2011 1320 2354 1382 permanent,
2377 1309 2736 1379 inquiescibili
2769 1310 2962 1362 intuitu
2994 1310 3247 1363 anhelare
3288 1320 3582 1365 memento.

2013 1403 2150 1470 Quia
2205 1402 2430 1457 salutem
2462 1416 2676 1470 semper
2705 1409 2812 1456 tua:
2863 1401 3110 1470 cupimus
3161 1401 3355 1455 anima:
3398 1417 3592 1470 corpo-

2013 1493 2194 1562 risque
2220 1492 2400 1546 viderc
2420 1509 2432 1544 :
2451 1504 2500 1545 et
2527 1507 2594 1545 ne
2617 1497 2668 1545 te
2701 1490 2977 1546 diabolicae
3007 1490 3218 1544 insidia:
3239 1489 3588 1557 concludant,

2011 1585 2396 1654 omnipotentis
2416 1585 2629 1639 Domini
2665 1599 2879 1654 semper
2905 1583 3244 1638 clementiam
3273 1599 3586 1640 exoramus.

2011 1674 2278 1729 Prtelerea
2327 1674 2636 1742 apostolicis
2684 1673 2779 1727 tibi
2830 1673 3170 1742 prmeipimus
3214 1673 3435 1738 litteris;
3475 1675 3588 1744 jam

2012 1763 2365 1834 quinquennii
2398 1773 2608 1833 tempus
2632 1765 2738 1818 hue
2769 1763 2998 1833 illucque
3043 1764 3264 1819 latitans
3299 1765 3445 1818 velut
3493 1781 3590 1820 an-

326 1849 458 1905 liter
492 1860 546 1906 et
570 1851 860 1911 ellicaeiter
895 1864 952 1910 et
986 1857 1054 1911 ad
1081 1855 1332 1914 ell‘ectum
1373 1836 1532 1916 suum
1560 1836 1799 1915 retinere
1822 1859 1912 1915 vel.
1936 1836 1982 1896 Β
2011 1857 2131 1927 guis
2153 1857 2413 1912 discurris
2441 1896 2457 1921 ,
2517 1857 2584 1910 ad
2623 1855 2910 1910 concilium
2936 1896 2952 1919 ,
2983 1856 3126 1925 quod
3165 1858 3352 1924 quinto
3381 1858 3588 1912 decimo

323 1942 571 1999 credere.

1071 2016 1162 2071 IX.

571 2098 639 2140 Α»
660 2099 962 2140 ιυυονιεωι
991 2085 1346 2159 [Lormmuu]
1376 2103 1677 2144 aucus'ruu.

775 2177 862 2232 Ex
893 2177 1111 2249 Regeslo
1145 2177 1331 2234 Leonis
1361 2179 1466 2233 IV.
1521 2217 1543 2228 -

403 2278 428 2306 ι
456 2265 625 2335 igitur
655 2283 776 2323 cum
814 2284 954 2338 smpe
987 2269 1212 2324 adversa
1238 2285 1267 2322 a
1305 2269 1700 2326 Saracenorum
1739 2269 1908 2340 parti-

320 2357 428 2412 bus
453 2359 769 2427 perveniant
789 2361 1006 2427 nuntia,
1028 2361 1246 2430 quidam
1277 2361 1329 2416 in
1359 2362 1659 2416 Romanum
1683 2361 1906 2418 Portum

321 2449 485 2515 clam,
532 2449 835 2522 furtiveque
874 2461 1130 2508 venturos
1173 2468 1291 2508 esse
1338 2454 1620 2520 dicebant;
1661 2469 1761 2524 pro
1795 2470 1902 2524 quo

319 2549 572 2594 nostrum
635 2543 950 2614 congregari
1003 2543 1346 2613 prmcipimus
1391 2543 1634 2609 Portum,
1696 2545 1905 2599 mariti-

319 2645 578 2700 mumque
600 2633 668 2686 ad
689 2633 840 2689 littus
868 2634 1197 2692 descendere
1225 2635 1591 2701 decrevimus,
1616 2643 1675 2690 et
1698 2635 1902 2706 egressi

318 2735 509 2776 sumus
539 2720 735 2778 Roma.
1075 2791 1124 2847 Χ

701 2879 770 2917 ΑΒ
796 2878 1096 2920 ιῠοονισυκ
1122 2877 1522 2920 IIIPERA'I'OBEI.

395 2953 426 2992 ιι
451 2951 606 3009 Scire
633 2969 728 3010 vos
765 2963 996 3024 oportet,
1045 2955 1187 3026 quod
1221 2969 1494 3024 nunquam
1531 2953 1598 3008 ab
1634 2953 1902 3025 aliquibus

321 3051 542 3096 nostros
567 3043 816 3099 homines
835 3045 1064 3099 sinimus
1102 3044 1331 3115 opprimi
1359 3060 1374 3109 ;
1405 3045 1497 3099 sed
1537 3044 1581 3099 si
1605 3046 1902 3101 necessitas

319 3134 430 3188 illis
488 3135 800 3201 incurrerit,
865 3137 1274 3207 praesentialiter
1331 3136 1700 3201 vindicamus;
1769 3137 1894 3206 quia

317 3227 493 3280 nostri
542 3227 717 3298 gregis
761 3229 816 3282 in
847 3228 1100 3284 omnibus
1140 3228 1343 3283 ultores
1387 3243 1508 3283 esse
1551 3228 1812 3283 debemus
1843 3239 1899 3284 et

316 3316 578 3387 praecipui
602 3315 896 3386 adjutores.
1066 3387 1134 3444 Xl

703 3495 772 3552 ΔΙ)
800 3495 1034 3536 «ΙΟΔΝΝΕΠ
1065 3495 1535 3538 ABCBIRPISCOPUM.

395 3579 420 3607 ε
459 3567 565 3625 Pro
604 3578 753 3626 certo
789 3572 1001 3635 scitote.
1042 3574 1186 3643 quod
1223 3589 1496 3644 nunquam
1537 3584 1902 3644 permittimus

320 3668 542 3714 nostros
565 3676 596 3714 a
625 3662 777 3716 vobis
803 3662 1032 3717 lacerari
1073 3671 1167 3718 aut
1195 3666 1423 3734 epprimi
1463 3666 1709 3721 homines
1735 3677 1897 3736 atque

319 3747 612 3816 subjectos,
649 3751 740 3805 sed
769 3753 813 3806 si
840 3751 1135 3822 (quodnon
1169 3754 1466 3824 speramus)
1505 3753 1664 3822 hujus
1699 3766 1896 3811 nostrae

317 3838 640 3894 monitionis.
684 3840 824 3895 dicta
876 3841 1245 3911 neglexeritis,
1295 3851 1350 3899 et
1402 3845 1634 3915 amplius
1687 3846 1896 3914 aliquas

317 3925 697 3993 oppressiones
725 3926 1000 3996 praelatis,
1042 3929 1125 3984 vel
1171 3929 1290 3986 aliis
1335 3933 1536 3986 nostris
1587 3933 1896 3988 hominibus

319 4014 581 4083 feceritis,
614 4018 1026 4087 praesentialiter
1068 4035 1160 4076 eos
1193 4022 1610 4088 vindicabimus,
1633 4033 1688 4078 et
1715 4024 1893 4077 omnia

319 4114 500 4162 vestra
559 4107 768 4178 eripere
843 4109 1188 4178 curabimus,
1245 4111 1531 4167 furibunda
1587 4113 1896 4182 crudelique

316 4197 562 4256 audacia.

1049 4272 1161 4326 XII.

502 4353 772 4397 LOTHARIO
802 4358 871 4398 ET
909 4359 1172 4398 ιυῡογιοο
1208 4359 1635 4400 IMPERATORIBUS
1663 4344 1714 4398 δ.

389 4428 708 4486 Lotharium
737 4441 792 4488 et
816 4433 1144 4488 Ludovieum
1173 4434 1527 4504 imperatores
1554 4433 1757 4490 Colono
1779 4434 1894 4488 dia-

315 4533 456 4574 cono
483 4521 766 4577 ecclesiam
788 4522 1071 4578 Reatinam
1100 4534 1270 4595 rogat,
1297 4523 1407 4579 Leo
1431 4543 1449 4575 ‹
1474 4534 1552 4588 ut,
1579 4525 1771 4594 inquit,
1801 4541 1893 4580 vc-
1920 4540 1970 4599 ι)

313 4618 424 4664 stra
441 4609 657 4666 licentia
679 4614 1127 4684 accepta,ibidem
1142 4630 1460 4671 consecrare
1486 4617 1758 4671 veleamus
1780 4617 1892 4686 epi-

312 4717 565 4772 scopum;
598 4705 679 4758 sin
725 4714 902 4760 autem
935 4707 988 4762 in
1029 4707 1284 4776 praedicta
1331 4708 1558 4764 ecclesia
1609 4709 1889 4763 nolueritis

311 4802 373 4848 at
405 4794 728 4862 praeﬁciatur
766 4797 1074 4868 episcopus,
1105 4797 1461 4853 Tusculanam
1501 4797 1784 4854 ecclesiam
1813 4799 1887 4853 illi

311 4895 494 4940 vestra
521 4887 786 4943 serenitas
817 4889 1066 4959 dignetur
1092 4891 1407 4946 concedere.
1442 4910 1460 4943 ι
1569 4883 1572 4886 ’

1031 4979 1165 5036 XIII.

403 5084 472 5123 AD
505 5085 838 5128 ANASTASIUI
877 5088 1256 5129 PBBSBYTERUII
1291 5090 1799 5131 EXCOIMUNICATUII.

725 5165 805 5220 Ad
835 5165 1112 5219 concilium
1143 5165 1480 5240 illum‘vocat.

382 5251 496 5310 Leo
524 5257 808 5325 episcopus
835 5295 851 5320 ,
885 5271 1074 5311 servus
1104 5271 1382 5312 servorum
1411 5258 1540 5324 Dei,
1585 5257 1891 5314 Asasrasxo

311 5345 633 5416 presbytero
657 5346 1144 5402 exeommunieato.

382 5456 543 5530 eive,
571 5473 689 5530 cap.
712 5459 802 5514 85.

386 5528 414 5568 b
441 5527 596 5592 ibid,
626 5527 745 5599 c‘ap.
782 5530 867 5584 84.

385 5609 408 5669 ε
444 5599 602 5663 lbid.,
634 5615 754 5669 cap.
785 5600 874 5656 85.

380 5668 408 5708 ἀ
439 5669 681 5724 Gratiani
703 5668 940 5736 Deeret.,
965 5686 1004 5733 r,
1032 5671 1120 5733 63,
1137 5685 1184 5725 c.
1214 5669 1300 5736 16,
1322 5671 1388 5726 de
1406 5669 1625 5725 Reatina
1647 5686 1883 5724 καρδία.

387 5750 411 5778 ε
445 5737 511 5812 Et
543 5740 719 5812 multis
750 5741 934 5797 modis.
969 5741 1190 5812 Legitur
1219 5757 1335 5811 cap.
1364 5741 1456 5809 46,
1499 5741 1592 5798 Ib.
1627 5757 1706 5808 x1,
1733 5742 1881 5796 card.

311 5809 628 5867 Deusdedit.

2009 1945 2387 2016 congregaturi
2420 1961 2605 2000 sumus
2632 1946 2716 2000 die
2745 1945 3064 2000 Novembris
3095 1987 3109 2010 ,
3141 1955 3467 2016 exspectate
3504 1947 3588 2000 fu-

2008 2045 2146 2092 tura:
2198 2040 2447 2092 secundze
2478 2037 2680 2091 mensis
2711 2037 3000 2090 indictione
3045 2035 3269 2107 [mensis
3314 2053 3464 2105 exsp.
3515 2035 3584 2089 Ρ.

2007 2135 2257 2190 secunda:
2295 2131 2661 2203 indictionis],
2699 2141 3030 2200 praesentare
3067 2139 3116 2184 te
3144 2131 3292 2184 omni
3341 2131 3584 2200 deposita

2005 2225 2290 2280 occasione
2313 2239 2572 2294 procures
2606 2242 2618 2276 :
2655 2232 2712 2276 ut
2739 2239 2958 2278 causam
2990 2233 3137 2276 tuam
3186 2222 3239 2276 in
3285 2221 3584 2276 venerabili

2006 2323 2148 2370 cmtu
2178 2322 2381 2369 sancta:
2405 2313 2681 2368 valeamus
2714 2315 3145 2384 congregationis
3181 2313 3360 2368 subtili
3396 2313 3571 2366 venti-

2004 2406 2117 2462 lare
2147 2408 2436 2472 intuitu,et
2461 2408 2746 2462 humanius
2776 2417 2921 2462 tuam
2947 2407 3358 2462 conversionem
3383 2414 3586 2460 tracta-

2003 2514 2082 2554 re.
2112 2497 2170 2554 Si
2205 2509 2384 2554 autem
2407 2499 2705 2572 neglexeris
2734 2500 2874 2569 quod
2905 2485 3245 2568 praecipimus
3275 2539 3290 2563 ,
3335 2497 3585 2566 ampliori

2004 2599 2057 2647 te
2084 2591 2299 2646 vinculo
2325 2592 2662 2646 innodamus.
2713 2590 2845 2644 Nam
2891 2606 2922 2644 e
2952 2590 3282 2643 multimodis
3329 2599 3352 2627 ο
3386 2597 3441 2641 te
3493 2605 3582 2640 re-

2001 2683 2383 2754 prehendimus
2407 2722 2423 2747 ,
2464 2698 2527 2736 ac
2565 2682 3042 2750 reprehensibilem
3069 2679 3413 2749 judicamus;
3450 2679 3578 2748 quia
3615 2744 3618 2748 I

2003 2773 2071 2827 ad
2101 2773 2206 2828 duo
2241 2789 2342 2844 pro
2371 2779 2422 2828 te
2449 2781 2775 2843 congregata
2822 2772 3048 2827 concilia
3087 2784 3377 2826 occurrere
3408 2769 3582 2822 distu-

2001 2861 2152 2928 listi;
2195 2864 2334 2919 sicut
2371 2864 2424 2917 hi
2475 2873 2770 2932 prmsentes
2828 2857 3081 2916 Nicolaus
3115 2901 3130 2926 ,
3179 2859 3534 2914 Pctronacius
3562 2897 3576 2922 ,

2003 2963 2165 3025 atque
2189 2955 2424 3010 Joannes
2457 2953 2795 3008 venerabiles
2823 2953 3062 3022 episcopi
3090 2951 3284 3012 nostri,
3317 2965 3414 3019 per
3441 2963 3583 3016 quos

2002 3056 2055 3102 te
2101 3064 2247 3104 nunc
2279 3049 2600 3102 auctoritate
2635 3046 2894 3101 canonica
2915 3044 3184 3113 jussimus
3208 3057 3456 3105 evocare,
3489 3055 3586 3094 ore

2000 3141 2221 3212 proprio
2251 3139 2589 3195 indicabunt.
2631 3138 2686 3192 Si
2717 3147 2897 3192 autem
2927 3138 3222 3192 constituto
3251 3144 3492 3202 tempore
3515 3132 3584 3186 ad

2002 3233 2317 3305 prmdietuni
2347 3231 2635 3286 concilium
2674 3231 2860 3284 venire
2888 3228 3209 3299 neglexeris,
3239 3227 3338 3281 sub
3361 3239 3581 3279 excom-

2001 3323 2372 3379 municatione
2415 3331 2575 3390 atque
2623 3322 2966 3374 anathemate
3015 3328 3066 3374 te
3111 3318 3284 3374 modis
3332 3315 3583 3371 omnibus

2003 3413 2346 3469 decernimus
2377 3426 2496 3466 esse
2524 3426 2859 3465 mansurum.
3267 3401 3269 3404 ⁴

2716 3499 2852 3554 XIV.

2447 3607 2712 3646 EPISCOPIS
2750 3606 3050 3644 narramus
3087 3589 3128 3640 ί.

2581 3684 2985 3756 Fragmentum.

2073 3778 2190 3833 Non
2215 3785 2478 3849 cogantur
2497 3775 2800 3846 presbyteri
2827 3776 2891 3829 ad
2913 3789 3064 3828 sacra
3090 3771 3317 3826 concilia
3341 3770 3579 3840 eulogias

2000 3871 2231 3926 deferre.

2068 3963 2144 4016 De
2175 3961 2400 4032 eulogiis
2432 3959 2496 4013 ad
2527 3973 2680 4013 sacra
2725 3957 2953 4013 concilia
2985 3952 3292 4010 deferendis
3328 3952 3461 4008 nihil
3499 3953 3577 4006 inv

1995 4053 2242 4108 venimus
2291 4067 2321 4105 a
2364 4049 2660 4120 majoribus
2709 4049 3099 4103 terminatum:
3135 4045 3228 4101 sed
3278 4047 3419 4099 sicut
3461 4044 3580 4098 uni-

1996 4147 2190 4214 cuique
2238 4144 2556 4214 presbytero
2609 4140 2892 4212 placuerit.
2936 4139 3072 4192 Nam
3119 4138 3165 4192 si
3219 4129 3574 4191 constitutum

1997 4237 2161 4292 fuerit
2198 4237 2291 4290 illo
2326 4237 2379 4290 in
2426 4243 2666 4302 tempore
2691 4230 3096 4286 benedictiones
3124 4229 3325 4293 allerri,
3352 4227 3576 4282 forsitan

1911 4345 1914 4348 ’
1995 4329 2174 4384 minus
2199 4327 2431 4382 libenter
2462 4325 2528 4379 ad
2555 4323 2787 4395 synodos
2811 4328 3118 4382 occurrent,
3141 4329 3194 4373 et
3212 4319 3380 4387 magis
3393 4318 3580 4370 venire

1995 4420 2391 4476 obtrectabunt.
2436 4416 2565 4483 Quae
2602 4422 2662 4467 ut
2689 4412 2924 4466 arbitror
2971 4427 3078 4464 non
3106 4416 3233 4464 sunt
3277 4406 3576 4462 rationabi-

1997 4513 2120 4568 liter
2144 4509 2443 4582 quaerendac
2474 4523 2574 4562 nec
2616 4505 2758 4559 ultro
2787 4503 2978 4558 delatae
3007 4502 3340 4573 respuendae.

2714 4612 2830 4669 XV.

2428 4725 2502 4765 AD
2522 4722 2830 4764 ιοτιιληιωί
2863 4719 3166 4762 AUGUSTI)“.

2574 4799 2975 4866 Fragmentum.

2070 4897 2094 4934 ε
2119 4893 2340 4948 Habetis
2376 4891 2440 4945 de
2481 4889 2583 4944 hoc
2623 4888 2764 4958 apud
2803 4889 2971 4942 Deum
3011 4884 3421 4941 retributionem
3463 4895 3570 4934 non

1997 4987 2263 5044 modicam
2292 4985 2334 5041 si
2375 4983 2610 5053 antiquae
2649 4981 2781 5052 legis
2821 4980 3077 5051 dogmata
3110 4975 3333 5030 minime
3379 4971 3575 5026 obser-

1997 5089 2186 5135 vantes
2216 5087 2395 5134 vestra
2440 5073 2700 5145 imperiali
2737 5088 2967 5128 censura
3014 5084 3112 5138 pro
3152 5065 3359 5144 viribus
3403 5059 3572 5115 casti-

1995 5152 2155 5242 gatis,
2212 5178 2372 5239 atque
2421 5164 2716 5234 corrigitis.
2749 5163 2904 5218 Item.
2957 5159 3203 5213 Vestram
3267 5152 3576 5242 ﬂagitamus

1993 5240 2333 5317 clementiam
2375 5266 2433 5312 ut
2471 5257 2612 5312 sicut
2663 5255 2924 5308 hactenus
2979 5250 3221 5304 Romana
3263 5244 3349 5298 lex
3402 5240 3578 5310 viguit

1995 5354 2197 5423 absque
2234 5349 2501 5406 universis
2548 5345 2818 5418 procellis,
2849 5352 2903 5398 et
2948 5353 3046 5410 pro
3088 5336 3285 5392 nullius
3329 5345 3574 5404 persona

2066 5465 2086 5504 ί
2117 5465 2257 5519 Pitb.
2288 5463 2360 5517 De
2383 5461 2625 5532 eulogi'is.
2665 5490 2734 5498 —
2759 5456 2893 5532 Vide
2913 5452 3131 5532 Paulin.
3159 5450 3226 5532 ad
3264 5449 3532 5532 Severum.
3551 5485 3580 5532 ,.

1989 5545 2044 5590 et
2093 5515 2530 5591 (initiumab—VT.“
2552 5530 2644 5595 IX,
2677 5545 2732 5599 p.
2760 5527 2886 5581 407.
2913 5524 3152 5580 Habetur
3189 5522 3306 5576 hzec
3343 5515 3578 5590 epistula

1987 5606 2174 5661 Roma:
2197 5603 2588 5671 manuscripta.

2064 5635 2611 5746 ἓ¹ἰῖοῖ¹¹ὶζξξῖιῗἽέ¹ὲέἒ“ῥ.
2643 5669 2760 5726 l8l.
2791 5666 2960 5723 Atlcrt
2986 5665 3089 5722 hoc
3133 5663 3296 5721 etiam
3325 5661 3450 5718 dist.
3478 5635 3586 5724 ll,‘

1990 5763 2105 5818 cap.
2155 5745 2412 5800 Vestram.
