4078 6340
288 359 398 414 675

285 575 444 632 pare,
483 573 584 630 pro
626 557 990 626 cujuscunque
1039 553 1284 610 muneris
1332 549 1486 605 donis
1521 547 1660 604 ultra
1703 545 1870 600 debes

287 645 596 704 defensare.

991 735 1166 790 XXV.

465 864 532 904 AD
569 863 836 904 EBBUINUM
875 861 944 900 ET
979 857 1328 898 ADELFREDUH
1363 851 1639 896 EPISCOPOS
1677 849 1725 889 ⁸.

881 955 1282 1026 Fragmentum.

359 1069 500 1138 Quia
517 1071 836 1140 prtesulatus
851 1067 1022 1122 nostri
1047 1067 1210 1136 (quod
1233 1065 1368 1120 bene
1389 1063 1584 1134 nostis)
1612 1061 1868 1132 magiste-

291 1159 440 1214 rium
477 1173 582 1212 non
619 1157 792 1212 solum
829 1157 896 1210 de
923 1156 1264 1210 sacerdotum
1295 1193 1310 1218 ,
1360 1168 1548 1206 verum
1587 1151 1750 1205 etiam
1805 1149 1872 1202 de

289 1245 636 1304 Saecularium
685 1245 1007 1300 utilitatibus
1042 1245 1200 1298 debet
1227 1257 1344 1298 esse
1374 1241 1660 1297 sollicitum
1682 1281 1698 1304 ,
1747 1253 1872 1308 pro-

287 1347 478 1406 pterea
527 1336 922 1392 fraternitatem
967 1345 1204 1390 vestram
1257 1335 1396 1388 scire
1435 1333 1680 1388 volumus
1727 1331 1872 1384 hunc

285 1437 614 1498 praesentem
657 1429 1030 1498 presbyterum
1056 1427 1122 1480 ad
1157 1427 1336 1480 sedem
1379 1423 1730 1494 apostolicam
1777 1435 1866 1476 ve-

287 1521 463 1586 nisse,
493 1519 754 1588 nobisque
803 1519 1114 1572 violentiam
1154 1527 1210 1570 et
1254 1515 1870 1570 excommunicationem

287 1625 446 1664 suam
473 1625 570 1678 per
591 1609 836 1664 ordinem
867 1607 1148 1672 retulisse;
1179 1605 1322 1676 quod
1357 1606 1520 1660 etiam
1569 1605 1688 1659 sine
1725 1603 1872 1671 justo

287 1700 430 1772 legis
453 1701 668 1756 tramite
699 1701 774 1756 illi
799 1717 894 1756 sua
923 1699 1112 1755 fuisset
1138 1699 1314 1754 ablata
1343 1699 1596 1762 ecclesia,
1622 1696 1872 1750 similiter

275 1790 554 1844 indicavit
587 1807 600 1843 :
633 1805 796 1859 quam
831 1789 970 1844 alius
1015 1789 1140 1846 dato
1183 1803 1410 1844 munere
1453 1787 1702 1842 sacerdos
1745 1783 1862 1840 zelo
1893 1803 1940 1864 Β

287 1879 488 1934 ductus
517 1879 729 1934 invidize
759 1895 1020 1950 usurpare
1053 1878 1416 1949 prmsumpsit.
1451 1875 1582 1932 Inde
1609 1883 1862 1946 parentes

279 1959 416 2036 {ejus
462 1983 655 2038 magno
695 1969 878 2024 dolore
937 1969 1200 2038 compulsi
1248 1969 1616 2039 presbyterum
1673 1965 1820 2020 illum
1848 2003 1864 2030 ,

285 2061 388 2130 qui
409 2075 563 2115 suam
585 2063 800 2116 tenebat
823 2061 1132 2126 ecclesiam,
1164 2077 1290 2116 mox
1317 2059 1864 2129 comprehenderunt,

287 2157 348 2204 et
371 2149 422 2204 ei
447 2151 930 2206 oculos-eruerent.
954 2151 1156 2206 Tamen
1185 2151 1297 2220 ipse
1319 2165 1458 2220 saepe
1487 2151 1664 2206 dictus
1689 2163 1870 2204 sacer-

287 2241 394 2297 dos
437 2241 568 2296 dicit
611 2243 754 2312 quod
785 2245 990 2312 absque
1035 2259 1130 2298 sua
1177 2243 1452 2298 voluntate
1503 2251 1558 2296 et
1601 2243 1716 2297 sine
1749 2241 1869 2312 ejus

289 2333 522 2390 consilio
563 2335 666 2390 hoc
711 2337 1106 2404 sit'peractum.
1149 2335 1304 2402 Quod
1335 2336 1382 2389 si
1413 2335 1486 2390 ita
1511 2341 1624 2398 est,
1659 2341 1720 2388 ut
1751 2334 1866 2402 ipse

289 2423 452 2478 nobis
493 2439 590 2478 suo
615 2439 710 2479 ore
737 2433 963 2480 testatus
989 2433 1092 2488 est,
1125 2427 1278 2480 vobis
1327 2439 1656 2494 magnopere
1689 2423 1870 2494 provi-

285 2513 526 2568 dendum
555 2523 658 2578 est,
707 2505 782 2580 ut,
831 2515 876 2570 si
913 2515 1170 2570 canonice
1209 2515 1326 2584 ipse
1369 2513 1871 2569 exeommuuieatus

279 2617 400 2660 :non
425 2611 527 2670 est,
559 2605 819 2660 canonica
843 2619 1006 2675 super
1025 2619 1146 2659 eum
1175 2605 1272 2658 ﬁat
1293 2603 1566 2660 remissio.

984 2757 1176 2813 XXVI.

769 2885 836 2926 AD
866 2885 1086 2926 JUDICEM
1116 2885 1398 2924 SARDINIE.

357 2979 394 3023 ἶ)
425 2981 536 3038 Nec
589 2997 726 3050 mos,
769 2999 870 3038 nec
923 2983 1134 3038 noviter
1191 2983 1496 3038 introducta
1539 2981 1872 3036 consuetudo

289 3083 498 3130 nostra:
555 3075 810 3129 Ecclesiae
867 3073 1464 3144 prmdecessoribusque
1519 3073 1720 3128 nostris
1771 3071 1873 3126 fuit

1483 339 1838 398 EPISTOLJE
1873 337 1962 392 ET
1997 335 2334 390 DECRETA.

285 469 544 536 viventis,
571 465 712 540 quod
747 483 852 522 non
903 465 1074 528 licuit,
1125 461 1304 518 locum
1355 473 1464 514 non
1491 455 1668 512 timuit
1709 469 1865 508 usur—
1893 457 1946 517 Α

3435 335 3540 392 074

2633 447 2728 502 XX
2737 445 2865 502 VIII.

2183 557 2250 596 DE
2281 555 2348 596 E0
2375 556 2462 604 QUI
2486 555 2686 596 PLURES
2709 553 2991 594 ECCLESIAS
3013 553 3248 594 RETINET
3269 537 3314 594 δ.

2549 629 2956 700 Fragmentum.

2041 719 2142 788 Qui
2179 719 2360 790 plures
2387 719 2646 774 ecclesias
2695 719 2922 782 retinet,
2947 733 3110 772 unam
3151 715 3368 786 quidem
3413 715 3544 770 titu-

1971 809 2156 866 Iatam.
2199 811 2362 864 ariam
2389 823 2518 864 vero
2557 808 2656 864 sub
2689 807 3160 862 commendatione
3191 804 3427 860 retinere
3451 801 3546 858 de-

1971 903 2080 956 bet.

2663 967 2854 1024 XXIX.

2495 1081 2558 1118 DE
2585 1077 2680 1120 BSU
2707 1077 2940 1118 CARNIUM
2974 1073 3018 1116 θ.

2547 1155 2926 1224 Fragmentum
2937 1191 2950 1206 .

2043 1241 2114 1302 Ut
2155 1261 2186 1300 a
2225 1261 2394 1302 coena:
2426 1245 2680 1310 termino,
2707 1259 2825 1312 qua:
2867 1243 3008 1298 litin
3049 1241 3314 1312 principio
3357 1239 3535 1294 noctis

1971 1349 2178 1409 quarta:
2201 1338 2368 1404 ferite,
2399 1355 2518 1408 quae
2547 1337 2769 1392 lucescit
2797 1337 3066 1404 iusquarta
3097 1333 3252 1398 feria,
3273 1347 3444 1402 usque
3467 1331 3536 1384 ad

1971 1431 2258 1484 diluculum
2303 1431 2506 1500 quintae
2535 1429 2687 1484 'I'eria:
2715 1437 2770 1483 et
2819 1427 3070 1482 similiter
3093 1441 3124 1480 a
3163 1439 3318 1480 coena
3361 1423 3542 1479 noctis

1971 1533 2136 1578 sextae
2183 1523 2348 1586 feriae,
2373 1537 2492 1592 quae
2537 1521 2763 1576 lucescit
2809 1521 2862 1574 in
2891 1528 3042 1574 sexta
3095 1517 3248 1586 feria,
3271 1515 3536 1590 jejunatio

1971 1631 2142 1688 usque
2169 1617 2236 1672 ad
2263 1616 2490 1674 Sabbati
2513 1616 2686 1672 lucem
2715 1615 3088 1684 protendatur.

2653 1703 2826 1758 XXX.

2355 1811 2420 1854 ιι)
2443 1813 2742 1866 ισυογιεμι
2769 1811 3047 1853 secusne!
3085 1795 3132 1851 ἲ.

2553 1891 2960 1960 Fragmentum.

1965 1981 1985 2000 "
2036 1979 2144 2037 Nos
2165 1981 2208 2036 si
2239 1980 2664 2051 incompetenter
2689 1980 2888 2050 aliquid
2917 1979 3146 2048 egimus,
3181 1985 3234 2032 et
3263 1977 3316 2032 in
3345 1974 3534 2032 subdi-

1969 2071 2039 2127 tis
2061 2073 2218 2143 justae
2246 2071 2378 2142 legis
2427 2072 2696 2126 tramitem
2735 2087 2842 2126 non
2881 2069 3340 2133 conservarimus,
3369 2075 3552 2122 vestro

1971 2177 2036 2216 ac
2079 2163 2366 2218 missorum
2409 2170 2710 2216 vestrorum
2741 2169 2934 2216 cuncta
2961 2159 3209 2214 volumus
3255 2155 3546 2212 emendare

1967 2253 2203 2324 judicio;
2239 2253 2362 2308 inde
2392 2252 2744 2322 imploramus
2771 2259 2830 2305 ut
2855 2251 2990 2306 tales
3017 2251 3084 2306 ad
3125 2251 3242 2306 haec
3267 2263 3386 2318 quae
3411 2247 3549 2302 dixi-

1971 2357 2092 2396 mus
2120 2341 2480 2412 perquirenda
2522 2341 2719 2396 missos
2769 2339 2822 2394 in
2851 2341 2934 2394 his
2979 2339 3226 2410 partibus
3275 2335 3546 2406 dirigatis,

1971 2432 2062 2502 qui
2087 2433 2252 2486 Deum
2279 2445 2375 2502 per
2403 2431 2584 2488 omnia
2615 2431 2840 2486 timeant
2859 2439 2914 2484 et
2949 2441 3160 2494 cuncta,
3189 2427 3564 2498 quemadmo-’

1971 2521 2097 2576 dum
2127 2521 2172 2576 si
2199 2533 2378 2576 vestra
2409 2535 2646 2590 praesens
2673 2519 2860 2574 fuisset
2890 2519 3181 2588 imperialis
3205 2517 3396 2588 gloria,
3427 2515 3549 2570 dili-

1971 2621 2161 2682 genter
2193 2613 2511 2682 exquirant;
2539 2621 2726 2667 etnon
2761 2619 2968 2666 tantum
3011 2613 3126 2665 [nec
3161 2610 3274 2666 sola
3315 2623 3434 2678 qua:
3461 2623 3554 2662 su-

1971 2702 2152 2773 perius
2195 2701 2428 2756 diximus
2456 2741 2470 2766 ,
2495 2701 2786 2770 quaerimus
2811 2741 2824 2764 ,
2853 2701 3148 2768 exagitent,
3169 2699 3264 2754 sed
3293 2699 3408 2753 sive
3451 2697 3558 2752 mi‘

1971 2807 2128 2858 nora,
2152 2791 2266 2848 sive
2295 2791 2500 2862 majora
2529 2791 2636 2846 illis
2685 2791 2794 2846 sint
2819 2789 2886 2846 de
2927 2790 3082 2844 nobis
3107 2789 3346 2860 judicata
3391 2801 3560 2858 nego-

1973 2883 2068 2948 tia,
2104 2883 2178 2937 ita
2207 2889 2266 2936 ut
2291 2882 2618 2938 examussim
2647 2895 2834 2934 eorum
2861 2891 3056 2936 cuncta
3094 2879 3333 2950 legitimo
3363 2877 3552 2932 termio

1973 2979 2168 3026 nentur
2217 2971 2468 3026 examine
2501 3011 2516 3036 ,
2561 2979 2829 3040 quatenus
2870 2970 2922 3024 in
2975 2977 3248 3040 posterum
3297 2965 3432 3022 nihil
3477 2965 3552 3020 sit

1979 3081 1998 3114 ι
2053 3063 2196 3132 quod
2227 3077 2294 3118 ex
2322 3062 2402 3118 eis
2447 3061 2808 3118 indiscussum
2859 3061 2940 3116 vel
2985 3057 3326 3115 indiﬂinitum
3367 3071 3548 3114 rema-

294 3175 492 3220 COllll‘a
519 3173 826 3220 sanctorum
853 3181 1118 3220 canonum
1143 3179 1298 3226 nova,
1330 3163 1414 3218 vel
1443 3162 1697 3216 inusitata
1739 3177 1874 3232 praa-
1903 3161 1948 3224 C.
1981 3163 2126 3207 neﬂl-
2167 3171 2186 3206 ι

291 3267 530 3309 sumere.
577 3253 934 3321 Quamobrem
971 3267 1070 3308 nos
1106 3251 1350 3308 devotius
1379 3249 1622 3307 volentes
1659 3259 1874 3306 vestras

287 3341 580 3412 petitiones
607 3341 904 3410 suscipere,
931 3343 976 3396 si
1001 3341 1056 3394 in
1093 3341 1176 3396 his
1199 3357 1298 3396 nos
1319 3349 1628 3396 sanctorum
1651 3341 1874 3395 Patrum

291 3445 525 3485 censura
569 3431 802 3500 juvaret,
851 3431 944 3486 sed
1001 3431 1120 3486 ideo
1173 3431 1298 3500 quia
1339 3431 1610 3502 synodicae
1661 3431 1878 3502 pagina:

291 3517 352 3571 in
393 3519 498 3572 hoc
535 3519 718 3574 favere
757 3535 862 3572 non
891 3519 1162 3584 videntur,
1202 3533 1300 3574 nos
1341 3527 1544 3573 tantam
1577 3519 1870 3574 novitatem

291 3623 624 3678 praesumere
651 3625 756 3664 non
785 3625 1090 3680 possumus,
1127 3617 1184 3663 et
1209 3609 1276 3664 ab
1311 3609 1400 3665 illo
1424 3609 1730 3668 rectissimo
1763 3619 1876 3666 tra-

291 3701 430 3756 mite
451 3703 690 3758 deviare.

979 3814 1188 3870 XXVII.

763 3941 832 3980 Αι)
869 3941 1088 3981 ωυιεεκ
1113 3943 1369 3982 ΘΔΒΒΙΝΗΕ

369 4033 804 4090 cCelsitudiaem
863 4045 1096 4090 vestram
1159 4037 1410 4092 duximus
1461 4037 1872 4104 obsecrandam,

291 4134 356 4180 ut
393 4125 550 4180 nobis
589 4135 822 4196 quantos
865 4135 954 4180 tua
991 4127 1302 4198 prteviderit
1341 4129 1740 4198 magnificentia
1783 4145 1878 4182 ar-

293 4225 476 4272 matos
515 4217 628 4272 sive
659 4233 878 4286 pueros,
935 4219 1054 4274 sive
1105 4217 1334 4284 adultos,
1375 4235 1438 4274 ac
1479 4219 1708 4288 juvenes
1752 4235 1876 4274 cum

293 4309 468 4362 armis
489 4308 604 4362 suis
625 4309 882 4364 mandare
913 4309 1230 4380 dignemini,
1263 4311 1358 4380 qui
1379 4310 1536 4366 nobis
1561 4311 1873 4382 quotidiana

291 4397 442 4466 iussa
469 4401 678 4468 possint
709 4399 950 4469 explere.

367 4543 394 4574 ι
415 4531 660 4588 Gratiani
685 4535 922 4601 Decret.,
961 4549 1026 4600 ιι,
1049 4549 1099 4590 e.
1129 4535 1184 4601 l,
1211 4541 1402 4606 quast.
1429 4533 1489 4590 4.

367 4625 398 4665 Β
425 4625 539 4700 Iro,
573 4637 710 4698 part.
745 4643 820 4700 tv,
847 4643 966 4700 cap.
994 4627 1116 4685 I96.

371 4705 394 4732 ε
425 4695 589 4760 lbid.,
617 4709 738 4766 cap.
767 4699 857 4752 86.

367 4785 394 4825 ει
435 4785 678 4843 Gratiani
711 4790 942 4854 Decret.,
971 4807 1018 4847 c.
1051 4791 1142 4856 2|,
1175 4807 1269 4862 qu.
1303 4791 1358 4860 I,
1385 4805 1436 4848 c.
1467 4791 1524 4860 5,
1555 4791 1660 4859 Qui
1685 4791 1864 4864 plures

375 4889 398 4916 ε
439 4877 680 4934 Gratiani
711 4879 947 4948 Decret.,
973 4897 1053 4948 ιιι,
1077 4882 1214 4938 dist.-
1233 4883 1288 4950 5,
1319 4897 1372 4940 e.
1419 4883 1511 4950 II,
1541 4881 1618 4938 De
1641 4899 1730 4938 esu
1759 4899 1878 4938 car-

221 4977 226 4984 -
299 4946 470 5002 nium.

2675 3219 2868 3274 XXXI.

2169 3328 2440 3370 LOTIIABIO
2465 3330 2536 3368 ΕΤ
2567 3327 2832 3369 ιυυογιοο
2869 3323 3300 3366 IMPERATORIBUS
3327 3309 3370 3364 ε.

2566 3403 2970 3473 Fragmentum.

2051 3493 2196 3548 Inter
2235 3509 2336 3550 nos
2361 3501 2414 3548 et
2445 3509 2540 3550 vos
2561 3493 2701 3564 pacti
2747 3493 2888 3548 serie
2917 3499 3178 3548 statutum
3219 3497 3302 3544 est
3338 3495 3392 3544 et
3421 3501 3556 3542 con-

1977 3583 2250 3638 ﬁrmatum
2279 3584 2422 3654 quod
2447 3583 2635 3638 electio
2665 3593 2720 3638 et
2739 3583 3073 3638 consecratio
3105 3580 3270 3634 futuri
3316 3577 3548 3634 Romani

1977 3673 2248 3745 pontiﬁcis
2283 3689 2388 3730 non
2419 3673 2522 3728 nisi
2545 3672 2690 3742 juste
2715 3683 2770 3728 et
2798 3673 3058 3728 canonice
3089 3670 3202 3726 ﬁeri
3227 3669 3442 3725 debeat.

2663 3763 2876 3816 XXXII.

2049 3855 2080 3896 ιι
2109 3855 2309 3910 Omnes
2335 3869 2603 3910 canonum
2631 3863 2820 3924 sponte
2861 3853 3182 3917 violatores,
3219 3852 3275 3906 in
3310 3849 3561 3906 omnibus

1979 3945 2300 4002 authenticis
2325 3945 2568 4002 conciliis
2597 3947 3040 4000 anathematizati
3073 3953 3216 4001 sunt.

2649 4035 2886 4090 XXXIII.

2349 4127 2434 4182 Ex
2461 4129 2678 4200 regislro
2705 4127 2894 4182 Leonis
2919 4143 3068 4198 papm
3099 4125 3128 4180 Ι
3143 4125 3208 4180 ν.

2055 4221 2072 4260 i
2109 4219 2186 4276 De
2215 4218 2442 4276 decimis
2471 4217 2618 4288 justo
2653 4219 2842 4272 ordine
2879 4233 2986 4272 non
3019 4226 3222 4271 tantum
3255 4215 3442 4284 nobis,
3473 4217 3568 4272 sed

1979 4311 2285 4380 majoribus
2309 4309 2484 4364 visum
2514 4317 2614 4374 est,
2643 4309 2890 4380 plebibus
2921 4315 3150 4376 tantum,
3171 4307 3264 4362 ubi
3285 4321 3570 4364 sacrosan-

1893 4405 1896 4410 '
1979 4411 2066 4457 cta
2096 4399 2296 4458 dantur
2322 4403 2670 4472 baptismata,
2703 4401 2818 4456 dari
2854 4401 3070 4456 debere.

1897 4531 1954 4590 D

2053 4532 2072 4572 f
2113 4533 2356 4589 Gratiani
2399 4533 2640 4600 Decret.,
2687 4535 2814 4590 dist.
2862 4535 2914 4599 l,
2951 4547 3001 4589 c.
3038 4533 3104 4594 Ξ.
3143 4547 3232 4602 qu.
3273 4533 3338 4600 7;
3391 4531 3570 4588 Ivonis

1983 4603 2220 4670 Decret.,
2247 4619 2300 4669 v,
2333 4619 2382 4660 c.
2414 4603 2506 4668 22,
2541 4603 2658 4658 Nos
2695 4605 2740 4658 si
2766 4607 3184 4672 incompetenter.

2057 4677 2080 4714 ε
2117 4672 2294 4727 lvonis
2339 4673 2572 4738 Decret.,
2613 4689 2670 4738 ν,
2699 4689 2748 4728 c.
2801 4675 2866 4728 ll
2893 4691 2907 4740 ;
2938 4671 3198 4728 ’Gratiani
3241 4671 3481 4739 Decret.,
3513 4681 3568 4732 l.

1983 4742 2108 4798 (list.
2141 4743 2309 4812 63,70.
2344 4741 2444 4808 ὄις
2477 4743 2622 4812 Inter
2647 4760 2738 4798 nos
2761 4754 2831 4798 et.

2057 4813 2084 4884 ξι
2113 4813 2201 4884 Erg
2227 4811 2422 4884 Suppl.
2445 4811 2790 4884 Mansi,__tom.
2825 4813 2864 4878 I,
2897 4829 3022 4884 pag.
3055 4813 3178 4884 908.

2061 4883 2078 4922 ί
2111 4881 2278 4952 Alfert
2303 4875 2368 4936 es;
2399 4880 2672 4952 LeoneilV
2707 4875 2954 4940 Gerhous
2971 4875 3046 4938 "in
3091 4881 3226 4952 Dial.
3265 4877 3410 4952 vulg.
3443 4891 3474 4932 a
3501 4875 3566 4934 Ρ.

1983 4951 2088 5008 Pez
2117 4951 2380 5008 Anecdot.
2415 4961 2546 5008 tom.
2581 4951 2644 5020 ll,
2673 4963 2812 5026 part.
2847 4971 2908 5024 ιι,
2937 4969 3059 5026 pag.
3089 4951 3212 5008 482.
