4078 6340
277 300 383 358 685

1557 291 1828 349 NOTITIA
1870 287 2250 346 lllSTORlCA.

3421 281 3524 339 680

277 411 462 492 (“"92
501 423 832 492 permanere
887 409 1146 492 sapientia
1216 408 1638 492 εοβηοξοςιηιιλει·
1660 405 1850 492 tanta
1880 409 1928 466 Α
1955 396 3527 492 90'!“ista}:1228‘???"?IB£¥.:§‘31{§1’.‘1§‘1!-?5:I‘L"‘it*"

279 476 547 553 largifluis
587 483 843 553 purisque
892 476 1007 550 ejus
1051 495 1241 553 omnes
1271 476 1485 553 fbvebat
1525 476 1848 553 affectibus,

280 563 341 607 et
366 545 484 606 luce
507 545 708 607 clarius
735 545 1089 622 perornabat,
1135 551 1429 622 cadueiquc
1468 562 1547 622 a_c_
1577 545 1853 622 transituri

282 622 472 677 mundi
512 616 848 678 delectabilia
876 621 1183 691 respuebat,
1212 629 1265 675 et
1291 616 1550 691 quidquid
1586 616 1856 680 utebatur,

284 693 473 763 egenis
494 701 657 762 atque
683 687 1009 763 pauperibus
1035 687 1324 763 erogabat;
1343 687 1723 763 Jejuniistvero
1769 701 1861 763 va-

285 755 430 817 lidus
452 803 467 827 ,
512 755 762 819 oratio-ne
793 755 1044 816 assiduus
1073 755 1411 831 persistebat,
1440 757 1774 826 pervigilque
1803 755 1857 809 in

285 833 382 888 Dei
411 834 652 902 quotidie
675 831 923 886 laudibus
945 832 1398 885 commorabatur.

362 897 473 958 Leo
493 903 709 972 quidem
742 903 831 956 ubi
861 904 962 957 hac
985 901 1100 955 luce
1127 903 1433 972 subtractus
1471 897 1666 965 prmsul
1694 911 1858 950 oceu-

285 973 427 1035 buit,
473 969 597 1028 mox
652 972 828 1026 omnis
859 972 1066 1034 clerus,
1101 971 1255 1024 istius
1298 969 1862 1035 Romanae-protecta:

287 1045 459 1105 sedis,
481 1044 828 1112 universique
851 1056 1122 1112 proceres,
1153 1049 1514 1112 cunctosque
1535 1045 1755 1091 senatus
1798 1051 1860 1090 ac

285 1113 518 1182 populus
546 1107 868 1182 congregati
881 1120 1005 1166 sunt
1033 1111 1238 1182 Domini
1269 1107 1606 1182 clementiam
1633 1121 1863 1182 exoran-

288 1177 395 1247 tes,
429 1191 489 1236 ut
533 1177 838 1238 heatillcum
867 1183 970 1235 illis
998 1181 1245 1235 omnibus
1275 1180 1642 1233 demonstrare
1671 1177 1859 1244 digna-

287 1263 444 1308 retur
471 1261 761 1322 pastorem,
799 1253 890 1322 qui
937 1251 1147 1305 culmen
1197 1249 1737 1322 apostolatnsregcre
1769 1261 1862 1296 va-

289 1319 486 1377 luisset
538 1319 854 1391 tranquille."
902 1322 1168 1375 Divinitus
1220 1320 1383 1389 igitur
1456 1319 1691 1371 atthereo
1735 1325 1862 1369 tunc

289 1393 498 1446 lumine
528 1392 862 1455 inflammati,
890 1407 1000 1444 uno
1025 1405 1310 1449 consensu,
1359 1403 1573 1455 unoque
1621 1401 1742 1441 cum
1776 1400 1868 1438 co-

289 1464 513 1517 namine
540 1463 886 1517 Benedictum
909 1477 1008 1530 pro
1032 1461 1198 1514 tantis
1219 1461 1412 1528 quibus
1434 1458 1668 1530 pollebat
1697 1455 1868 1511 sacris

289 1534 548 1602 operibus
577 1533 884 1602 pontificem
912 1529 1394 1602 promulgaverunt
1419 1529 1638 1598 eligere.

388 1641 698 1696 Benedictus
724 1639 1084 1704 animadvertit
1107 1656 1161 1692 se
1183 1637 1439 1709 postulari
1468 1637 1520 1690 in
1548 1651 1756 1705 papam.

362 1733 511 1788 Illico
535 1747 662 1786 vero
707 1731 870 1785 alacri
904 1730 1151 1785 universa
1187 1728 1363 1790 studio
1391 1727 1539 1798 plebs
1584 1734 1638 1780 et
1686 1724 1864 1798 populi

290 1813 468 1860 castus
497 1801 702 1857 caelesti
733 1801 888 1856 titulo
909 1808 1282 1869 properantes,
1318 1797 1428 1869 Deo
1451 1797 1596 1869 illum
1626 1797 1868 1868 omnipo-

293 1875 452 1936 tenti,
480 1881 541 1926 ut
567 1872 758 1927 solitus
803 1867 1019 1934 fuerat,
1052 1871 1371 1924 invenerunt
1395 1867 1706 1922 fundentem
1746 1867 1870 1923 ora-

291 1945 518 1999 tionem.
541 1942 782 2014 Surgens
796 1950 998 2014 autem,
1016 1951 1072 1994 et
1097 1940 1276 2010 populi
1301 1938 1619 2014 densissima
1641 1952 1871 2014 cernens

290 2016 533 2084 agtnina,
732 2013 1004 2084 cognovit,
1037 2007 1302 2084 et'tn'ente
1341 2009 1610 2084 concepit.
1660 2007 1868 2063 Interea

291 2078 478 2139 niultis
499 2099 622 2138 cum
651 2078 904 2152 lacryinis
926 2096 1099 2152 genua
1125 2080 1348 2152 flectens
1373 2078 1532 2134 flebili
1557 2093 1690 2133 voce
1711 2094 1870 2152 omne

293 2155 689 2223 deprecabatur
718 2149 1123 2216 taliter,dicens
1157 2169 1168 2205 :
1201 2149 1438 2223 Non_m_e
1463 2166 1510 2223 _a
1561 2163 1679 2204 mea
1706 2149 1871 2223 dedu-

293 2219 434 2279 caiis
459 2223 709 2287 ecclesia,
742 2229 891 2292 rogo,
921 2222 1046 2292 quia
1096 2222 1228 2275 tanti
1257 2219 1508 2276 culminis
1533 2234 1638 2274 non
1666 2219 1872 2274 sullicio

294 2295 589 2359 sustinere,
625 2309 724 2348 nec
752 2293 991 2362 bajulare
1018 2307 1328 2362 gravanten.

303 2402 369 2458 Vi
395 2406 597 2475 cogitur
623 2404 880 2472 suscipere
915 2413 1184 2475 papatum.
1209 2433 1277 2441 —
1309 2401 1688 2475 Perframlem
1719 2401 1865 2455 Ana-

329 2473 548 2529 stasium
577 2475 861 2544 depositura
884 2473 1095 2543 quidam
1122 2482 1379 2526 conantur
1411 2473 1581 2542 facere
1621 2489 1832 2543 papam.

369 2567 450 2622 Illi
478 2582 608 2622 vero
638 2565 941 2620 nullatenus
979 2565 1400 2632 acquieverunt,
1453 2563 1544 2620 sed
1584 2563 1872 2617 virtutibus

295 2652 420 2692 cum
456 2653 524 2692 ex
548 2637 735 2692 eodem
769 2636 922 2690 titulo
965 2635 1340 2689 abstrahentes
1384 2649 1506 2686 cum
1558 2634 1768 2703 hymnis
1819 2642 1873 2703 et

296 2708 528 2763 canticis
551 2705 1113 2778 spiritualibusampla
1140 2704 1496 2758 exsultatione
1524 2701 1871 2778 et:ineﬂ'abili

295 2779 494 2848 gaudio
545 2774 599 2848 in
647 2777 1027 2848 patriarchium
1073 2774 1437 2848 Lateranense
1481 2775 1871 2841 perducentes,

293 2844 595 2917 pontificali
637 2844 790 2911 Solio,
835 2855 895 2900 ut
935 2857 1052 2900 mos
1097 2854 1181 2899 est
1225 2844 1535 2917 pontificum
1563 2883 1578 2906 ,
1633 2857 1874 2912 canaque

295 2913 629 2972 consuetudo
660 2917 1013 2972 demonstrat.
1041 2913 1336 2984 posuerunt
1365 2915 1464 2984 (a).
1491 2913 1732 2967 Lmtatur
1756 2929 1876 2982 pro-

293 2996 483 3058 pterea
517 2985 675 3050 Urbs,
697 2987 940 3058 exsultat
985 2984 1222 3058 Ecclesia
1248 3024 1262 3048 ,
1308 2987 1872 3058 congaudentsencs,

295 3053 628 3123 ovantesque
657 3057 867 3110 divinas
905 3054 1247 3108 modulantur
1273 3053 1518 3123 virgines
1538 3053 1722 3108 laudes
1743 3093 1757 3118 ,
1789 3055 1871 3108 di-

1957 476 2143 530 bertus
2169 468 2578 540 Bernardusque
2625 468 2852 540 ingressi
2897 468 3122 522 comites
3150 468 3363 540 cuidam
3395 470 3522 524 olim

1957 545 2226 603 damnato,
2259 538 2731 610 Arsetiio'eogettte
2746 538 3016 610 episcopo,
3048 553 3113 610 se
3130 539 3532 610 conjunxerunt

1957 553 2226 603 damnato,
2259 553 2486 595 Arsemo
2509 553 2731 610 cogente
2746 553 2926 608 epISCO
2965 553 3016 602 ο,
3048 553 3107 592 se
3130 553 3229 592 con
3255 553 3525 595 unxerunt

1957 616 2272 684 presbytero
2299 553 3188 684 [presbyterocardinalifnomine
3212 555 3525 684 tinastasio,

1959 677 2048 753 qui
2083 677 2135 736 iri
2181 677 2372 753 saneta
2414 677 2618 753 synodo
2637 677 2648 685 ’
2667 679 2837 753 beata:
2865 677 3188 748 pr‘atsidente
3212 677 3390 734 Leone
3412 695 3529 753 me-

1959 749 2145 808 moria:
2183 750 2408 822 prmsule
2438 749 2538 804 rite
2581 751 2872 822 seettndum
2916 763 3191 822 sacrorum
3218 749 3528 819 promulga-

1959 824 2135 876 tiones
2162 819 2428 876 canonum
2459 819 2973 882 exeommunicatns,
3003 819 3292 886 depositus,
3324 827 3378 872 et
3400 835 3552 875 ana--

1962 893 2201 950 themate
2247 892 2462 945 vinctus
2500 889 2675 944 fuerat
2718 907 2736 959 ε¹
2759 904 2864 943 non
2893 889 3150 960 habentes
3195 889 3360 942 Deum
3417 906 3532 960 pra:

1960 961 2149 1022 oculis,
2181 960 2454 1030 ipsiusque
2486 957 2748 1030 prmecpta
2776 957 3156 1030 confundere,
3187 966 3246 1010 ut
3275 957 3484 1028 tyranni
3513 1000 3532 1027 ,

1962 1027 2240 1101 cupientes
2267 1027 2556 1101 evidenter
2573 1028 2988 1101 meditabantur,
3019 1027 3250 1101 qualiter
3277 1027 3531 1101 eumdem

1961 1098 2213 1170 ejectum,
2234 1099 2852 1170 anatbcntatizatumque
2876 1098 3220 1170 Anastasium
3240 1099 3536 1167 apostolico

1965 1168 2198 1225 culmine
2244 1169 2587 1223 sublevarent
2631 1176 2820 1222 contra
2867 1168 3228 1234 traditionem,
3260 1171 3534 1225 omnium-

1966 1255 2072 1318 que
2101 1241 2428 1318 sanctiones
2490 1238 2804 1318 pontificum
2850 1238 3194 1318 virorumque
3249 1237 3537 1318 almot‘um.

1968 1307 2114 1364 Missi
2142 1325 2376 1378 quoque,
2420 1307 2553 1377 ques
2573 1307 2683 1376 jam
2715 1323 2874 1378 supra
2906 1307 3274 1378 meminimus,
3307 1311 3395 1376 qui
3433 1314 3537 1364 im-

1985 1377 2202 1454 teratori
2229 1377 2471 1454 uestrum
2495 1379 2767 1454 decretum
2794 1377 3160 1454 benignissimi
3192 1379 3260 1454 de
3277 1378 3541 1435 electione

2011 1450 2240 1504 enedicti
2270 1458 2643 1518 porrexerunt,
2675 1447 2726 1501 id
2760 1457 2861 1510 est,
2893 1446 3143 1501 Nicolaus
3177 1449 3461 1517 episcopus
3486 1459 3544 1504 et

1971 1517 2283 1574 Mercurius
2327 1517 2583 1590 magister
2640 1517 2866 1590 militum
2936 1518 3204 1590 mentibus
3268 1521 3539 1588 cognitum

1969 1599 2286 1652 conceptum
2313 1586 2570 1643 habentes
2608 1587 2888 1642 consilium
2916 1602 3036 1641 cum
3081 1586 3200 1657 aliis
3221 1586 3540 1657 quibusdam

1969 1660 2199 1714 Romam
2243 1659 2446 1729 egressi
2495 1658 2784 1729 nobilium,
2829 1657 2881 1712 id
2934 1655 3354 1729 est,_Gregorio
3390 1659 3546 1714 Chri-

1971 1727 2352 1800 stophoroque
2375 1729 2649 1800 magistris
2677 1727 2926 1800 militum:
2957 1727 3168 1781 obviam
3197 1729 3350 1796 quasi
3378 1729 3544 1797 impe-

1973 1796 2169 1854 ratoris
2199 1796 2386 1870 legatis
2421 1796 2645 1870 pfofecti
2686 1804 2829 1859 sunt,
2875 1796 3202 1866 l-Iortamque
3250 1796 3547 1870 properan-

1974 1867 2325 1950 tibusnurbem
2352 1867 2624 1950 ﬁttel‘itatis
2668 1876 3063 1950 sacramentum
3089 1906 3112 1950 ,‘
3135 1868 3278 1950 quod
3310 1869 3550 1922 fecerant

1973 1940 2206 1994 almilieo
2231 1937 2540 1996 Benedicto.
2570 1935 3550 2008 parvipendentes,tobliviscentesque

1972 2011 2166 2072 electo,
2198 2009 2451 2062 damnato
2479 2023 2537 2062 se
2567 2007 2983 2078 conjunxerunt,
3017 2006 3377 2078 depositoque
3425 2006 3550 2078 pre-

1973 2081 2190 2134 sbvtero
2220 2095 2232 2131 :
2265 2079 2369 2132 hae
2415 2077 2514 2132 sub
2543 2077 2829 2131 occasione
2878 2075 3028 2129 multi
3076 2075 3439 2132 concedentes
3479 2080 3548 2133 ab

1973 2146 2109 2205 urbe
2171 2148 2420 2202 similiter
2487 2159 2811 2218 peregerunt
2844 2186 2858 2210 ,
2906 2147 3188 2218 cogitantes
3226 2146 3499 2200 consilium
3531 2188 3545 2209 ,

1968 2218 2122 2289 juxta
2169 2218 2298 2289 illud
2343 2216 2916 2289 ριορΙιειῳξιξιοεξ-ἱιιιιι2
2943 2216 3082 2285 quod
3117 2232 3221 2269 non
3271 2228 3549 2289 potuerunt

1972 2286 2208 2344 stabilire
2238 2286 2408 2356 (Psal.
2440 2289 2556 2352 xx).
2591 2286 2733 2341 Urbe
2755 2286 2951 2340 deinde
2997 2295 3256 2339 exeuntes
3286 2287 3352 2340 ab
3383 2287 3547 2341 Horta

1967 2359 2122 2429 juxta
2157 2357 2604 2429 basilicamtbeati
2637 2356 2819 2429 Leucii
2852 2355 3106 2429 martyris
3159 2367 3547 2429 pervenerunt,

1975 2427 2297 2486 insultantes
2327 2438 2381 2482 et
2404 2427 2695 2496 gloriantes
2725 2427 2778 2480 in
2818 2442 2912 2480 sua
2949 2427 3168 2496 virtute,
3202 2442 3327 2480 cum
3357 2427 3553 2496 quibus

1976 2499 2286 2556 Radualdus
2314 2495 2626 2553 Portuensis
2647 2497 2948 2566 cpiscopus,
2966 2495 3387 2566 Tudertinarque’
3403 2497 3553 2552 urbis

1974 2572 2185 2641 Agatho
2221 2571 2449 2641 antistes
2475 2569 2730 2641 aderant,
2777 2569 2866 2641 qui
2905 2567 3043 2641 clam
3082 2567 3251 2620 lioma
3284 2569 3550 2641 discessu:

1977 2637 2101 2694 ra'nt
2147 2641 2298 2693 urbe.
2336 2640 2400 2692 Et
2449 2637 2621 2691 eidem
2669 2637 3124 2690 anathematizato
3172 2645 3306 2691 tetra
3359 2638 3554 2691 irretiti

1977 2711 2205 2779 caligine
2241 2724 2301 2762 se
2331 2708 2660 2777 junxerunt,
2707 2707 2980 2762 obseurati
3021 2721 3218 2771 sensu,
3255 2717 3462 2772 mente,
3496 2717 3552 2760 et

1977 2795 2178 2834 anima.

2049 2849 2161 2904 Hoc
2199 2849 2311 2916 ipse
2337 2848 2432 2902 Dei
2473 2847 2702 2903 famulus
2735 2846 2961 2901 audiens
2990 2845 3312 2901 Benedictus
3347 2846 3554 2901 electus

1977 2921 2043 2976 G.
2084 2919 2149 2974 G.
2207 2918 2580 2987 Majonemqne
2627 2916 2963 2972 venerabiles
3010 2917 3448 2987 prudentesque,
3502 2926 3557 2969 et

1978 2991 2125 3046 omni
2177 2985 2403 3058 scientia
2445 2985 2632 3058 plenos
2680 2985 3140 3058 episcoposipsis
3183 2987 3558 3054 imperialibus

1980 3062 2159 3116 missis
2201 3075 2322 3112 cum
2358 3055 2626 3127 aliquibus
2653 3055 2846 3111 litteris
2873 3055 3077 3127 studuit
3100 3056 3388 3122 destinare,
3420 3072 3556 3125 quos

296 3137 493 3200 tantur
509 3142 775 3196 pauperes
803 3166 818 3190 ,
850 3124 1245 3200 locuple‘tantur
1272 3125 1490 3200 inopes,
1521 3124 1874 3200 consolantur
1901 3130 1945 3193 ρ
1979 3124 2623 3200 apprehendentesArtio
2652 3125 3105 3200 anathematizato
3134 3136 3402 3200 monente
3427 3124 3553 3200 pref

293 3194 525 3267 captivi;
546 3194 878 3267 consurgunt
902 3194 1358 3267 debiles,inlirmi
1385 3203 1646 3267 sanantur
1670 3235 1685 3258 ,
1709 3195 1874 3267 cele-

296 3265 458 3334 rique
486 3268 620 3337 pede
663 3265 992 3320 concurrunt
1013 3305 1027 3326 ,
1059 3266 1183 3334 quia
1211 3273 1434 3337 extensa
1462 3265 1514 3318 in
1546 3266 1624 3319 eis
1652 3265 1873 3337 tristitia

297 3335 512 3401 fuerat,
561 3337 1066 3406 eontemplabantur
1117 3335 1363 3406 confusa,
1413 3343 1468 3389 et
1514 3335 1873 3406 tranquillitas

294 3407 548 3477 ﬂorigera
583 3404 863 3464 videbatur
890 3414 1090 3460 erecta.
1117 3405 1211 3460 llis
1235 3406 1418 3473 itaque
1441 3405 1676 3474 peractis
1699 3404 1874 3477 clerus

295 3487 354 3532 et
383 3475 566 3532 cuncti
617 3492 873 3546 proceres
920 3477 1196 3532 decretum
1226 3486 1608 3546 componentes
1630 3475 1875 3546 7pr0priis

297 3548 551 3602 manibus
603 3543 1024 3608 roboraverunt,
1075 3555 1129 3602 ct
1178 3543 1512 3601 consuetudo
1559 3543 1778 3614 prisca}
1817 3554 1875 3599 ut

295 3617 502 3687 posc‘lt,
539 3617 923 3687 invictissimis
951 3615 1209 3671 Lothario
1239 3614 1602 3687 aeLudovico
1633 3616 1877 3687 destinas

296 3685 494 3743 verunt
521 3686 794 3754 Augustis.
824 3687 999 3755 Ipsum
1029 3695 1207 3740 autem
1236 3686 1328 3756 qtti
1357 3686 1692 3741 deducebant
1711 3685 1874 3753 legati

299 3759 603 3822 decretum,
633 3758 849 3811 fuerunt
888 3755 941 3810 hi
969 3774 981 3808 :
1011 3755 1267 3810 Nicolaus
1301 3755 1548 3811 videlicet
1579 3756 1876 3824 Anagnina:

298 3828 530 3882 antistes
558 3826 802 3897 ecclesia:
825 3867 840 3891 ,
886 3835 940 3879 et
973 3825 1273 3897 Mercurius
1297 3826 1553 3897 magister
1597 3826 1824 3880 militum
1859 3843 1872 3878 :

295 3898 546 3967 Arseniot
577 3896 859 3967 Eugubino
913 3897 1164 3966 episcopo
1227 3896 1508 3950 obviantes
1572 3897 1874 3951 adinviccm

298 3966 635 4023 confabulari
671 3966 970 4037 'ctepcrunt
1001 3984 1012 4019 :
1043 3967 1133 4036 qui
1162 3967 1368 4022 callidis
1413 3982 1509 4021 eos
1538 3967 1878 4022 sermonibus

297 4037 497 4092 liniens
532 4037 694 4091 corda
719 4051 903 4092 eorum
944 4037 1152 4092 mollire
1197 4037 1382 4106 coepit,
1412 4037 1661 4106 beatique
1707 4037 1878 4092 fideli-

301 4116 468 4162 tatem
499 4107 612 4174 jam
658 4106 754 4161 fati
807 4107 1213 4162 declinaverunt
1263 4107 1455 4170 electi,
1509 4122 1630 4160 cum
1683 4107 1878 4175 quibus

297 4178 464 4232 etiam
497 4177 781 4232 consilium
825 4179 1032 4233 studuit
1082 4176 1409 4232 confirmare
1431 4217 1444 4237 ,
1476 4185 1536 4229 ut
1570 4177 1875 4245 depositum

299 4247 926 4316 anathematizatumque
951 4247 1295 4302 Anastasium
1322 4287 1337 4310 ,
1368 4261 1475 4315 quo
1503 4247 1676 4300 divina
1712 4247 1880 4300 nulla-

299 4326 459 4371 tenus
488 4318 835 4388 permittebat
862 4317 1144 4388 clementia
1189 4317 1531 4388 pontiﬁcatus
1564 4316 1734 4388 infula
1754 4331 1876 4385 per-

298 4387 578 4458 ornarent.
629 4387 836 4458 tEuntes
865 4390 1048 4458 itaque
1083 4387 1355 4458 Ludovico
1397 4387 1672 4442 decretum
1727 4387 1878 4440 beni-

301 4457 562 4526 gnissimo
613 4456 816 4513 Caesari
855 4456 1044 4513 dantes
1071 4499 1087 4521 ,
1126 4457 1322 4527 duplici
1348 4497 1364 4517 ,
1404 4473 1564 4526 quam
1607 4459 1876 4512 mentibus

299 4527 607 4596 gerebant,
653 4529 950 4584 intentione
979 4529 1205 4584 Romam
1241 4530 1442 4582 reversi
1481 4537 1636 4592 sunt,
1675 4530 1875 4582 adven-

303 4606 525 4668 tumque
544 4599 840 4668 missorum
885 4600 1196 4654 nuntiantes
1229 4597 1588 4666 itnperialiutn
1621 4599 1876 4668 epistolas

299 4667 479 4740 eidem
523 4667 736 4740 insigni
791 4669 1104 4740 obtulerunt
1141 4668 1314 4740 electo
1343 4709 1358 4731 ,
1417 4669 1613 4737 quibus
1655 4670 1874 4739 Augusti

300 4737 720 4808 continebantur
750 4753 1028 4808 responsa.
1065 4738 1166 4804 Qui
1214 4740 1360 4792 omni
1403 4741 1570 4802 clero,
1609 4755 1672 4794 ac
1699 4737 1877 4808 réipu-

299 4807 455 4878 blica:
483 4809 715 4863 canibus
735 4807 868 4864 diris
897 4809 1380 4864 machinationibus
1407 4811 1712 4874 consilium,
1733 4807 1876 4878 quod

299 4876 552 4948 Eugubii,
581 4888 639 4933 ut
666 4879 998 4948 praetulimus
1024 4919 1040 4942 ,
1089 4895 1211 4934 cum
1266 4879 1495 4934 Arsenio
1525 4876 1832 4934 statuerunt
1859 4921 1874 4942 ,

299 4949 596 5018 adimplere
641 4951 920 5018 cupientes
968 4951 1220 5004 dicebant
1262 4967 1274 5003 :
1309 4949 1508 5004 Omnes
1556 4951 1607 5003 in
1657 4950 1873 5004 obviam

299 5017 675 5090 imperialibus
715 5017 877 5074 Simul
907 5020 1197 5090 nobiscum
1229 5021 1380 5074 exire
1407 5021 1618 5074 studete
1647 5020 1834 5090 legatis
1859 5060 1874 5082 ,

299 5097 569 5210 qulatetnus
620 5089 842 5158 Augusti
899 5088 1232 5158 jussionibus
1278 5091 1592 5146 obedientes
1644 5088 1880 5148 existere

299 5173 364 5210 Vi!
389 5173 449 5210 ea
479 5173 544 5210 IS.

297 5173 544 5212 V'illealls.

298 5265 481 5339 Legati
502 5268 724 5348 Romam
739 5273 884 5327 missi
899 5275 1153 5348 deﬁciunt
1164 5276 1232 5328 ad
1246 5275 1880 5348 paeu_dopapam.Conspi-

370 5349 490 5420 rant
523 5339 706 5420 plures
737 5354 930 5420 eontra
959 5339 1314 5420 Benedictum.
1349 5339 1696 5420 Pseudopapa
1726 5339 1882 5402 irruit

369 5410 425 5463 in
453 5412 615 5464 eadem
641 5412 700 5466 S.
730 5410 894 5479 Petri,
934 5415 1020 5469 ubi
1045 5416 1296 5486 imagines
1321 5410 1624 5487 confringit.

370 5499 501 5555 Post
534 5503 739 5578 aliquot
774 5521 988 5576 quoque
1011 5507 1124 5562 dies
1149 5507 1249 5575 ipsi
1275 5547 1289 5570 ,
1320 5523 1454 5576 quos
1481 5511 1877 5578 praenuntiaveo

297 5579 460 5639 runt,
503 5574 655 5628 missi
683 5574 943 5642 l-lortam',
977 5593 1097 5646 quae
1136 5574 1547 5648 quadragesimo
1569 5581 1821 5637 milliario
1849 5598 1879 5636 a

1977 3196 2210 3271 sbytero
2234 3199 2556 3271 vinxerunt,
2596 3207 2651 3271 et
2679 3197 2992 3271 custodibus
3015 3196 3388 3271 tradiderunt.
3411 3197 3555 3264 quod

1976 3265 2075 3325 nec
2105 3269 2318 3324 barbari
2349 3268 2576 3337 gentiles
2603 3269 2654 3322 in
2683 3267 2872 3336 legatis
2895 3265 3200 3337 perfecisse
3241 3267 3550 3320 audiuntur.

2047 3335 2394 3394 Postmodum
2423 3347 2602 3393 autem
2642 3335 2838 3406 saepius
2874 3335 3051 3406 dictus
3079 3336 3276 3391 Christi
3306 3338 3558 3391 minister

1974 3410 2300 3464 Benedictus
2333 3407 2538 3462 electus
2591 3405 2885 3462 Adrianum
2937 3405 3198 3475 insignem
3245 3407 3558 3475 secundiee-

1975 3481 2116 3560 rium
2148 3488 2348 3560 sancta:
2564 3477 2871 3560 apostolica:
2899 3475 3004 3530 illis
3043 3474 3203 3545 atque
3233 3474 3552 3547 Gregorium

1976 3551 2168 3606 ducem
2195 3551 2410 3603 obviam
2439 3549 2657 3602 direxit.

2046 3620 2227 3674 Altera
2259 3629 2439 3673 autem
2463 3619 2572 3681 die,
2603 3619 2860 3673 missione
2899 3618 3180 3688 fungentes
3215 3617 3360 3688 omni
3411 3615 3558 3670 clero

1977 3699 2280 3759 cunetoque
2311 3689 2614 3753 senatui,et
2637 3690 2890 3759 universo
2915 3685 3111 3756 populo
3144 3687 3554 3759 mandaverunt,

1977 3769 2038 3815 ut
2062 3749 2275 3814 obviam
2331 3759 2434 3813 illis
2470 3749 2618 3812 trans
2659 3749 3160 3827 Milvium-pontem
3213 3749 3556 3827 imperatoris

1971 3829 2305 3900 jussionibus
2329 3829 2490 3900 irent.
2515 3829 2666 3882 Tunc
2686 3843 2873 3882 omnes
2890 3826 3078 3900 delum
3112 3826 3419 3900 nescientes
3447 3827 3548 3880 Βο-

1977 3896 2123 3955 inani
2174 3915 2347 3968 neque
2390 3898 2653 3953 fallaciam
2681 3937 2696 3962 ,
2747 3897 3165 3968 acquieverunt,
3210 3896 3555 3964 Milviumque

1979 3980 2130 4024 trans
2156 3967 2374 4040 pontem
2399 3969 2584 4040 urbem
2607 3969 2810 4040 egressi
2835 3967 3160 4040 unanimiter
3178 3977 3552 4040 perrexerunt.

1977 4037 2399 4108 Propei'antibus
2425 4037 2661 4109 quidem
2677 4037 2744 4091 ad
2773 4039 3027 4109 martyris
3060 4037 3172 4109 jam
3224 4038 3322 4109 fati
3372 4037 3556 4109 basili—

1977 4107 2119 4172 cam,
2152 4109 2287 4180 ipsi,
2319 4109 2385 4163 de
2412 4107 2617 4180 quibus
2629 4107 2743 4176 jam
2774 4107 2942 4180 supra
2969 4108 3128 4178 legati
3165 4107 3550 4180 meminimus,

1978 4182 2151 4236 eidem
2170 4177 2444 4250 deposito
2477 4177 3038 4250 anathematizatoque
3081 4178 3416 4250 presbytero
3443 4179 3557 4246 cpi-

1978 4265 2140 4320 scopo
2169 4246 2348 4305 clerus
2377 4250 2632 4320 Romamn
2662 4247 2852 4317 plebis,
2895 4264 2958 4320 ae
2999 4246 3256 4316 proceres
3297 4246 3552 4320 obviare-

1979 4316 2141 4383 run't,
2194 4335 2317 4375 cum
2359 4319 2554 4389 quibus
2597 4316 2799 4389 pariter
2829 4319 3135 4389 equitantes
3174 4331 3280 4389 per
3324 4316 3554 4389 Neronis

1979 4390 2227 4461 campum
2252 4387 2463 4444 urbium
2481 4387 2842 4461 jam’mceniis
2857 4387 3233 4461 properabant.
3256 4387 3554 4442 Adrianum

1979 4458 2194 4532 quoque
2220 4461 2484 4532 insignem
2513 4459 2983 4532 secundicerium,
3019 4458 3085 4532 de
3111 4473 3219 4527 quo
3244 4473 3426 4532 _supra
3471 4473 3558 4512 re-

1978 4527 2222 4594 titlimtts,
2245 4527 2498 4584 vallatum
2522 4528 2833 4583 custodibus
2859 4528 3211 4582 deducebant.
3233 4527 3552 4582 Gratianum

1979 4618 2111 4657 vero
2145 4602 2284 4656 sacri
2313 4616 2474 4670 super
2503 4601 2662 4653 istam
2712 4597 3057 4667 patriarchii,
3103 4607 3265 4670 atque
3309 4598 3557 4670 Theodo-

1978 4688 2096 4727 rum
2152 4668 2494 4726 scriniurium
2563 4670 3028 4738 apprehendentes
3071 4669 3310 4722 reclusos
3353 4668 3554 4722 lanceis

1979 4743 2316 4802 retinebant,
2345 4749 2400 4794 et
2431 4740 2738 4801 adstrictos,
2787 4740 2929 4808 quod
2957 4738 3257 4794 nullatenus
3284 4739 3554 4807 Augusto-

1980 4828 2100 4866 rum
2147 4811 2387 4880 jussione
2445 4819 2843 4880 pmcetterattt,
2898 4825 2998 4880 nec
3041 4824 3228 4864 eorum
3280 4808 3556 4880 voluntate

1981 4877 2352 4944 dictaverant,
2405 4877 2498 4934 sed
2551 4880 2654 4933 hoc
2708 4879 3164 4948 infelix'depositi
3209 4877 3556 4947 praesumptio

1983 4952 2177 5021 agebat
2208 4949 2548 5021 presbyteri,
2593 4949 2682 5018 qui
2737 4948 3039 5021 virtutibus,
3075 4949 3401 5021 Leonianam
3429 4961 3554 5000 eum

1983 5016 2116 5092 ipsis
2141 5016 2586 5090 Ctesaris'legatis
2611 5016 2935 5092 ingrediens
2964 5019 3151 5092 urbem
3177 5016 3554 5092 apostolorum

1983 5086 2227 5162 repente,
2271 5086 2471 5162 quam"
2506 5105 2611 5162 non
2667 5086 2928 5162 debuerat
2955 5129 2982 5162 ,ξ
3016 5086 3292 5162 principis
3331 5086 3558 5162 introire

1983 5157 2306 5224 basilicam;
2334 5161 2425 5215 Dei
2456 5161 2849 5230 parvipendens
2871 5157 3160 5226 judicium,
3191 5157 3448 5230 audacter
3477 5157 3556 5230 iu-

1984 5233 2124 5286 vasit
2151 5273 2166 5294 ,
2214 5225 2471 5299 tantaque
2495 5246 2558 5286 ac
2595 5225 2718 5284 (alia
2749 5225 2997 5283 infaustae
3035 5228 3366 5299 operationis
3416 5225 3556 5281 mala

1982 5305 2216 5374 peregit,
2243 5301 2550 5374 qualianee
2575 5299 2873 5374 Sarracena
2890 5300 2954 5374 _in
2984 5313 3048 5374 ea
3071 5299 3330 5374 perlicere
3365 5311 3558 5374 mauus

1986 5366 2329 5442 prrsumpsit
2355 5372 2440 5426 vel
2475 5373 2735 5442 arbitrata
2762 5378 2864 5424 est.
2890 5366 3153 5442 Imagines
3174 5369 3318 5422 enim
3345 5366 3559 5422 confre-

1985 5441 2084 5514 git,
2114 5441 2330 5513 ignique
2361 5441 2744 5514 concremavit,
2783 5448 2838 5493 et
2880 5441 3165 5514 synodum,
3203 5455 3370 5514 quam
3395 5452 3558 5508 supra

1987 5509 2278 5569 sanctuarii
2327 5514 2521 5581 januas
2549 5509 3024 5581 beauememorize
3077 5510 3184 5581 Leo
3229 5510 3371 5580 pingi
3419 5523 3557 5578 papa

1980 5584 2238 5654 jusserat.
2272 5577 2559 5646 destruxit,
2593 5579 2911 5646 hominique
2949 5577 3076 5634 Jesu
3108 5577 3306 5635 Christi
3328 5577 3560 5650 ejusque

371 5686 447 5759 (a)
483 5685 619 5743 Hine
642 5689 784 5744 clare
811 5689 975 5760 liquet
999 5691 1164 5746 Lconi
1185 5693 1252 5748 IV
1283 5709 1387 5749 non
1415 5692 1674 5749 Joannem
1697 5693 1803 5750 Vlll
1837 5695 2115 5763 feminam,
2145 5697 2238 5752 sed
2268 5697 2615 5753 Benedictum
2648 5693 2987 5760 successisse.
