4078 6340
593 443 686 499 691

1615 440 1964 494 BENEDICTl
2002 439 2065 492 lll
2105 435 2364 494 ROMANI
2404 435 2779 494 PONTIFICIS

589 519 786 596 sed—etin.
809 559 1088 602 recurrere
1123 549 1575 618 contemplamur;
1611 559 1637 588 α
1684 548 2021 605 detinitiones
2051 549 2153 603 fra-
2179 555 2225 614 Α
2256 550 2350 604 ctit
2398 551 2684 614 consortio,
2735 556 2792 605 et
2817 549 2924 619 poli
2958 549 3205 620 perducit
3248 551 3315 607 ad
3343 551 3560 607 climata
3590 569 3604 606 :
3638 554 3831 610 atroci-

592 633 1007 699 ternitatisture,
1057 645 1112 691 et
1140 647 1458 691 cazterorum
1501 639 1894 708 episcoporum,
1939 655 2075 709 quas
2100 641 2153 694 in

587 723 810 792 prmfata
840 728 1045 796 synodo
1085 727 1391 797 apostolicis
1418 729 1796 798 canonicisque
1829 731 2158 786 auctoritati-

566 813 686 868 bus
729 815 960 884 propriis
1005 817 1184 885 digitis
1212 817 1499 883 roborasti,
1542 818 1588 873 si
1616 819 1688 873 ita
1723 829 1828 886 est,
1869 831 2055 877 nostro
2101 830 2157 876 ut

586 905 801 974 scriptis
844 905 1148 975 praesulatui
1174 905 1434 962 intimasti
1481 916 1537 962 et
1564 917 1835 978 gestorum
1871 911 2011 964 serie
2062 909 2156 965 de-

585 995 923 1062 monstrasti,
962 1004 1109 1051 ratas
1133 1011 1228 1052 eas
1248 996 1464 1066 quidem
1491 998 1830 1056 definitiones
1859 1001 2150 1072 apostolica

584 1085 703 1142 fore
747 1075 1148 1158 promulgamus
1187 1089 1527 1154 auctoritate,
1581 1105 1898 1162 semperque
1937 1107 2156 1147 manere

585 1177 888 1240 statuimus,
941 1187 1001 1231 ut
1033 1177 1156 1232 inde
1197 1178 1422 1248 quaestio
1450 1179 1609 1236 nullis
1637 1180 1920 1250 aliquando
1951 1189 2157 1252 tempo-

588 1269 736 1325 ribus
780 1272 1008 1335 oriatur,
1040 1283 1093 1325 et
1121 1273 1425 1341 aspirantes
1448 1273 1683 1330 indebile
1717 1275 1980 1330 anhelitus
2007 1291 2153 1330 com-

580 1361 749 1429 pressi
776 1359 1016 1417 funditus
1045 1371 1302 1432 perpetuo
1327 1371 1594 1418 maneant
1624 1382 1637 1418 :
1669 1381 1737 1420 ne
1763 1365 1988 1437 amplius
2016 1367 2152 1420 ullo-

583 1467 699 1505 rum
731 1452 1212 1507 contradicentium
1241 1453 1652 1509 adversitatibus
1677 1453 1772 1509 Dei
1808 1455 2154 1509 conturbetur

579 1541 864 1606 Ecclesia;
909 1541 1003 1596 sed
1051 1543 1301 1599 omnibus
1339 1553 1492 1598 eruta
1539 1559 1690 1598 saevae
1723 1545 2154 1614 pertractationis

577 1633 854 1688 erroribus
877 1634 1025 1688 unita
1056 1649 1268 1704 semper
1290 1635 1342 1688 in
1366 1633 1578 1706 Christo
1600 1643 1926 1705 permaneat.
1957 1636 1984 1675 b
2011 1634 2154 1690 Inter

580 1725 696 1778 htec
723 1723 938 1794 quidem
981 1735 1036 1781 ct
1079 1725 1179 1779 hoc
1208 1725 1502 1786 sancimus,
1539 1739 1607 1779 ne
1637 1724 1859 1793 quilibet
1886 1736 1988 1779 tuae
2026 1724 2153 1780 dioe-

577 1828 765 1868 ceseos
787 1814 984 1884 regulis
1013 1813 1282 1883 subjectus
1312 1814 1585 1880 Ecclesize,
1617 1823 1670 1870 te
1697 1823 2023 1885 contempto,
2051 1816 2150 1869 im-

2260 639 2456 694 tatibus
2511 648 2711 706 autem,
2761 639 3075 710 actibusque
3118 640 3385 696 malorum
3445 641 3831 710 lamentamur,

2258 743 2486 796 quorum
2549 728 2841 784 sceleribus
2905 729 3295 798 circumdatur,
3360 739 3418 787 et
3464 731 3630 801 plena
3677 731 3834 787 malis

2255 829 2439 870 eorum
2485 819 2726 888 Operatio
2759 826 2940 873 manet
2969 836 2983 873 :
3012 833 3242 890 quorum
3283 819 3340 874 in
3382 820 3598 875 cunctis
3643 835 3833 877 cursus

2255 913 2339 958 est
2367 905 2717 978 detestabilis,
2759 909 3157 976 perseverantia
3187 923 3346 973 saeva,
3386 907 3684 978 infelixque
3720 910 3836 980 opi-

2256 992 2365 1046 nio.
2417 993 2622 1070 Quibus
2650 994 2946 1051 Hubertum
2979 995 3257 1062 clericum,
3291 997 3568 1066 quondam
3595 997 3830 1053 Busonis

2256 1081 2445 1150 ﬁlium,
2470 1085 2730 1140 relatione
2749 1087 2980 1142 similem
3003 1103 3122 1144 esse
3139 1090 3522 1160 cognovimus;
3555 1090 3652 1160 qui
3676 1090 3834 1148 tantis

2253 1175 2594 1244 squaloribus
2622 1175 2885 1242 irretitus,
2928 1186 3162 1233 mentem
3198 1179 3266 1234 ad
3293 1194 3526 1251 superna
3563 1194 3676 1234 non
3713 1179 3836 1234 sub-

2251 1264 2458 1343 levans,
2482 1267 2580 1322 navi
2617 1269 2866 1336 perennis
2904 1270 3175 1340 particeps
3203 1286 3326 1328 esse
3351 1273 3506 1328 nolit.
3539 1271 3833 1328 Multorum

2252 1372 2382 1413 vero
2440 1358 2901 1428 ingemiscentium
2943 1360 3269 1416 clamoribus
3315 1362 3620 1426 hominum,
3658 1361 3836 1416 horri-

2253 1447 2474 1518 ficisque
2514 1450 2922 1515 assertionibus,
2972 1451 3127 1521 plura
3173 1451 3402 1508 infelicis
3448 1469 3564 1509 sua:
3595 1453 3836 1509 audacia

2253 1541 2414 1608 mala,
2484 1543 2734 1613 dirasque
2786 1546 3211 1616 perpetrationes
3278 1548 3448 1603 nostri
3507 1549 3832 1617 pratsulatns

2251 1630 2560 1687 didicerunt
2597 1633 2778 1704 legati.
2833 1635 3074 1700 Qualiter
3103 1633 3229 1690 olim
3266 1651 3547 1692 sacrorum
3583 1639 3690 1693 fuit
3715 1654 3838 1693 con-

2244 1712 2462 1783 junctus
2485 1734 2710 1776 numero
2734 1721 3076 1788 clericorum,
3129 1723 3264 1778 adeo
3283 1733 3344 1778 ut
3371 1725 3424 1779 in
3457 1726 3662 1780 divinis
3697 1726 3836 1780 cele-

2251 1807 2470 1864 brandis
2507 1811 2780 1882 mysteriis
2825 1828 2974 1869 more
3023 1813 3476 1870 subdiaconorum
3527 1832 3716 1872 sacras
3761 1817 3836 1872 le-

578 1917 722 1971 pune
753 1902 947 1957 audeat
1000 1918 1094 1958 seu
1122 1903 1298 1958 valeat
1333 1903 1507 1957 aliena
1549 1912 1803 1974 expetere
1849 1913 1941 1958 aut
1964 1918 2151 1973 exspe-
2186 1885 2227 1942 Β
2255 1901 2458 1956 ctiones
2523 1903 2897 1958 conscendens
2945 1906 3232 1960 umbonem
3279 1906 3476 1978 pepuJo
3533 1909 3831 1962 nuntiaret.

574 1991 965 2062 ctarejudicia,
992 2001 1050 2047 ut
1084 1992 1346 2048 almorum
1379 1991 1754 2048 traditionibus
1778 1993 2016 2058 Patrum,
2062 2008 2151 2048 ca-

575 2097 884 2154 nonumque
913 2082 1430 2155 promulgationibus
1453 2091 1537 2138 est
1571 2085 1920 2139 constitutum
1958 2103 1970 2137 :
2003 2083 2151 2138 salvo

573 2173 626 2228 in
665 2174 913 2230 omnibus
949 2175 1074 2244 jure
1101 2174 1409 2246 apostolica:
1432 2182 1629 2229 nostra:
1655 2175 1820 2240 sedis,
1863 2182 1921 2229 ut
1943 2176 2011 2229 ab
2036 2177 2151 2246 ipso

570 2271 735 2326 veluti
783 2272 998 2328 Christo
1029 2283 1084 2328 et
1111 2273 1282 2328 sacris
1312 2280 1396 2328 est
1435 2279 1651 2326 cautum
1682 2268 1992 2324 canonibus.
2043 2265 2149 2322 Sed

567 2365 770 2430 cuncti,
795 2365 907 2420 sive
935 2365 988 2419 in
1011 2364 1346 2435 praefatione,
1371 2363 1484 2418 sive
1509 2363 1563 2416 in
1591 2361 1919 2434 subjectione
1945 2357 2146 2422 debito,

570 2455 814 2509 ordinem
847 2456 916 2510 ab
946 2454 1330 2510 ecclesiasticis
1359 2452 1557 2524 regulis
1585 2451 1839 2505 traditum
1860 2451 2148 2503 observan-

573 2553 654 2597 tes
691 2543 964 2610 ohediant,
1000 2551 1055 2598 et
1093 2542 1380 2598 studiosius
1418 2543 1791 2612 obtemperare
1836 2544 2143 2608 procurent.

575 2645 596 2673 ο
634 2635 700 2690 Et
729 2636 829 2690 hoc
852 2635 1274 2706 promulgamus,
1333 2645 1496 2703 atque
1524 2631 1829 2694 statuimus,
1858 2637 1917 2684 ut
1941 2637 2014 2693 te,
2053 2627 2144 2698 qui

568 2723 686 2792 ejus
730 2725 1022 2795 provincia:
1049 2725 1251 2794 primas
1279 2722 1627 2795 diguosceris,
1678 2719 1876 2775 nullius
1908 2732 2141 2787 unquam

569 2815 933 2882 infestatione,
963 2825 1150 2872 contra
1178 2815 1434 2870 canonica
1482 2811 1883 2882 apostolicaque
1905 2809 2140 2873 decreta,

566 2907 904 2976 sivejudicia
942 2909 1306 2964 ecclesiastica
1349 2907 1440 2962 tibi
1465 2905 1774 2970 commissa,
1823 2913 1916 2958 aut
1947 2903 2142 2956 virtute

563 3005 658 3051 aut
701 2997 954 3052 facultate
997 2998 1206 3063 nudari,
1257 3006 1350 3051 aut
1370 3004 1492 3051 ante
1531 2995 1858 3050 audientiam
1911 2991 2138 3046 Romani

565 3089 835 3156 pontificis
881 3105 910 3142 a
940 3103 1258 3160 quocunque
1307 3088 1549 3143 damnari
1580 3087 1907 3142 statuimus:
1953 3084 2048 3139 sed
2093 3083 2138 3136 si

565 3179 918 3250 compellatus
961 3180 1232 3250 appellare
1275 3180 1341 3235 ad
1371 3181 1511 3234 hanc
1543 3187 1785 3234 sanctam
1815 3175 1996 3232 sedem
2037 3189 2134 3228 vo-

560 3274 752 3345 lueris,
783 3275 1060 3344 apostolici
1083 3290 1232 3345 papa:
1246 3272 1450 3344 judicio
1479 3271 1766 3336 reservari,
1793 3281 2000 3333 nostra,
2031 3268 2140 3324 imo

565 3365 709 3420 beati
740 3365 885 3420 Petri
915 3365 1234 3420 auctoritate
1264 3363 1606 3434 pnecipimus
1652 3376 1666 3414 :
1715 3376 1816 3415 nec
1845 3359 2006 3414 alicui
2054 3374 2144 3412 cu-

559 3452 862 3523 juscunque
905 3453 1014 3524 juri
1055 3452 1364 3522 veljudicio
1393 3463 1444 3507 te
1467 3448 1679 3518 subjici,
1727 3457 1952 3519 excepta
1991 3455 2144 3517 pote-

563 3555 702 3601 state
737 3547 878 3601 scdis
905 3545 1160 3602 Romana:
1186 3544 1520 3616 pontificum.
1568 3541 1596 3581 ἀ
1629 3542 1695 3597 Et
1738 3542 1842 3596 hoc
1876 3540 2139 3604 volumus,

563 3654 633 3694 ne
666 3637 892 3708 quilibet
929 3653 996 3694 ex
1025 3637 1304 3710 provincia
1359 3645 1414 3691 et
1451 3634 1672 3690 dioecesi
1711 3632 1992 3703 metropoli
2039 3640 2142 3684 tua:

559 3728 766 3799 tibique
793 3728 1053 3798 subjecta,
1075 3729 1168 3798 jus
1191 3725 1483 3781 secundum
1509 3721 1904 3778 ecclesiasticas
1933 3718 2136 3774 consti-

561 3823 796 3877 tutiones
821 3822 1076 3891 primatui
1104 3820 1354 3876 Ecclesize
1382 3827 1486 3874 tuae
1529 3827 1584 3873 et
1615 3817 1708 3872 tibi
1734 3815 1970 3870 debitum
2004 3827 2138 3882 quo-

558 3925 664 3978 quo
689 3911 846 3964 modo
883 3925 979 3980 per
1006 3918 1370 3979 contemptum
1412 3905 1736 3970 convellere,
1771 3913 1864 3959 aut
1900 3903 1995 3957 tibi
2051 3903 2136 3956 vel

557 4003 813 4059 Ecclesiae
840 4012 944 4058 tute
968 4017 1342 4073 quamcunque
1381 3999 1691 4055 violentiam
1721 4005 1908 4052 contra
1947 3994 2136 4049 eadem

561 4096 818 4150 canonica
847 4096 1168 4161 constituta,
1207 4103 1260 4150 et
1297 4096 1514 4149 dccreta
1549 4092 1918 4147 Romanorum
1967 4088 2138 4157 ponti-

560 4186 744 4252 ticum,
771 4187 1122 4256 pertinaciter
1163 4186 1363 4242 inferre
1388 4193 1696 4257 prmsumat,
1742 4198 1863 4236 cum
1912 4180 2136 4234 anathe-

559 4279 717 4331 matis
749 4279 1154 4349 interpositione
1185 4288 1367 4333 nostra
1394 4277 1704 4348 apostolica,
1731 4283 1784 4329 et
1811 4273 1954 4328 beati
1988 4271 2134 4327 Petri

557 4367 921 4438 apostolorum
941 4369 1200 4442 principis
1213 4368 1548 4430 auctoritate,
1573 4364 1938 4434 prohibemus.
1970 4361 2134 4430 Opta-

557 4471 678 4510 mus
716 4456 1110 4513 fraternitatem
1152 4467 1298 4512 tuam
1327 4458 1380 4512 in
1411 4455 1627 4512 Christo
1653 4468 1795 4508 nunc
1827 4461 1882 4508 et
1921 4467 2136 4522 semper

556 4544 694 4602 bene
721 4545 919 4600 valere.

1125 4637 1457 4695 EPISTOLA
1493 4636 1557 4693 ll.

698 4749 764 4788 Αι)
791 4744 1068 4787 EPISCOPOS
1098 4747 1147 4785 lN
1175 4733 1568 4785 REGNO-CABOLI
1599 4741 1990 4783 οοκετιτυτοε.

553 4824 815 4879 Adversus
852 4821 1145 4876 Huberlum
1190 4819 1458 4882 clericum,
1502 4827 1558 4871 ut
1610 4816 1752 4886 infra
1782 4816 1893 4870 dies
1923 4817 2138 4886 triginta

627 4895 846 4948 Romam
877 4894 1065 4958 veniat,
1093 4893 1156 4946 de
1175 4891 1474 4946 criminibus
1492 4885 1713 4957 quorum
1739 4885 2142 4941 insimulabatur

628 4980 992 5034 responsurus.

630 5073 965 5132 BENEDICTUS
997 5090 1299 5144 episcopus,
1347 5088 1536 5128 servus
1559 5086 1838 5127 servorum
1882 5069 1999 5134 Dei,
2043 5085 2130 5126 re-

553 5167 945 5222 verentissimis
975 5175 1028 5222 et
1049 5166 1405 5222 sanctissimis
1436 5163 1858 5234 archiepiscOpis
1893 5163 2132 5218 cunctis-

551 5271 656 5326 que
684 5258 948 5328 episcopis
988 5257 1044 5312 in
1071 5257 1247 5312 Caroli
1288 5254 1506 5326 gloriosi
1533 5254 1679 5325 regis
1705 5268 1874 5324 regno
1908 5269 2131 5308 moran-

555 5348 722 5402 tibus.

623 5439 892 5496 Bonorum
944 5455 1158 5510 semper
1203 5454 1525 5494 Innovamur
1575 5439 1780 5504 auditu,
1823 5447 1878 5494 et
1921 5438 2130 5495 actibus

553 5532 926 5590 ltilarescimus
955 5533 1124 5588 Deum
1153 5533 1510 5604 diligentium,
1547 5533 1728 5588 animo
1760 5547 1992 5602 superna
2019 5532 2132 5602 pol-

552 5618 800 5688 lentium,
848 5637 984 5693 quos
1013 5621 1292 5678 beatitudo
1320 5621 1577 5677 sublimat
1613 5621 1900 5691 divinoque
1931 5636 2130 5676 conne-

623 5767 650 5796 ι
685 5752 804 5818 lvo,
824 5765 979 5825 parte
1010 5772 1084 5819 iv,
1115 5771 1233 5825 cap.
1268 5756 1384 5808 l36.

623 5825 652 5866 δ
687 5826 1032 5890 Hincmarus,
1069 5827 1224 5894 epist.
1270 5827 1319 5888 6,
1346 5842 1391 5877 (τ.
1420 5826 1507 5878 Ξι.

2253 1988 2404 2047 Nunc
2427 2000 2624 2059 autem,
2649 1996 2791 2064 quod
2813 1995 3172 2068 lacrymantes
3191 1997 3496 2065 referimus,
3523 2001 3836 2072 iniquorum

2253 2081 2903 2157 sccleratissimorumque
2974 2089 3252 2144 hominum
3326 2095 3836 2150 conversationihus

2251 2178 2504 2243 sociatus,
2552 2178 2906 2249 infaustusque
2934 2180 3058 2235 vitae
3087 2182 3286 2248 unitus,
3316 2192 3371 2238 et
3393 2184 3582 2240 multis
3607 2187 3836 2256 piaculis

2249 2268 2668 2339 criminibusque
2692 2270 2899 2340 plenus,
2933 2271 3001 2325 ad
3030 2271 3475 2340 periclitationem
3505 2289 3640 2340 suae,
3686 2277 3830 2346 quod

2248 2373 2354 2412 non
2396 2359 2672 2424 debuerat,
2721 2362 2914 2417 anima:
2966 2362 3150 2432 iniquo
3191 2366 3485 2421 certamine
3529 2368 3724 2432 tendit,
3778 2377 3832 2423 et

2247 2455 2466 2501 cruenta
2494 2449 2774 2520 tyrannide
2804 2461 3130 2522 perseverat.
3163 2453 3229 2507 Et
3248 2455 3348 2510 hoc
3374 2456 3560 2511 multis
3591 2473 3826 2512 narran-

2249 2536 2393 2591 tibus
2425 2538 2730 2605 audierunt,
2761 2541 2902 2610 quod
2927 2557 3052 2596 cum
3085 2544 3314 2600 scenicis
3341 2545 3665 2602 mulieribus
3706 2564 3832 2618 quo-

2249 2627 2376 2682 tidie
2400 2628 2593 2698 degere
2637 2645 2742 2684 non
2787 2631 3014 2696 dubitet,
3058 2648 3178 2703 qua:
3228 2635 3436 2691 animas
3466 2638 3724 2706 perdunt,
3774 2648 3830 2692 et

2245 2732 2466 2786 corpora
2499 2721 2764 2785 sauciant,
2810 2721 2877 2776 ad
2903 2723 3118 2793 imaque
3144 2725 3430 2781 deducunt.
3489 2727 3554 2780 Et
3579 2729 3709 2796 quia
3733 2744 3826 2798 ag-

2245 2807 2558 2876 gregatione
2588 2807 2875 2864 multorum
2921 2811 3199 2867 hominum
3226 2815 3326 2868 sibi
3357 2815 3645 2870 noxiorum
3692 2833 3823 2871 con-

2236 2894 2442 2964 juncta,
2493 2897 2659 2951 multa
2697 2899 2750 2952 in
2800 2898 3010 2967 plebem
3072 2901 3303 2967 Domini,
3362 2905 3602 2973 pretiosa
3657 2921 3822 2974 quam

2241 2986 2488 3053 passione
2517 3001 2547 3040 e
2575 2985 2820 3041 faucibus
2851 2989 3162 3056 nequissimi
3200 2992 3397 3061 eripuit
3443 2993 3614 3048 leonis
3659 3006 3826 3065 atque

2241 3076 2490 3142 redemit,
2542 3076 2832 3133 homicidia
2867 3087 2923 3134 et
2961 3079 3241 3137 innumera
3290 3084 3573 3150 adulteria,
3613 3097 3823 3158 turpes-

2239 3181 2344 3236 que
2378 3165 2760 3224 fornicationes
2785 3185 2848 3224 ac
2873 3170 3294 3240 deprmdationes
3326 3174 3541 3230 illicitas
3589 3185 3644 3231 et
3672 3177 3820 3233 insu-

2246 3257 2558 3313 stentabiles
2601 3268 2909 3329 perpetrare
2937 3277 3043 3315 non
3073 3274 3267 3318 cesset.
3315 3265 3428 3319 Non
3456 3267 3633 3321 solum
3684 3269 3817 3334 haec,

2243 3347 2338 3400 sed
2367 3356 2419 3402 et
2445 3347 2689 3417 plurimis
2713 3351 2875 3406 etiam
2905 3351 3296 3410 afﬁrmantibus
3319 3355 3642 3422 didicerunt,
3675 3360 3818 3428 quod

2244 3440 2629 3494 monasterium
2675 3441 2846 3496 sancti
2894 3442 3218 3514 gloriosique
3264 3445 3498 3502 blauritii
3537 3450 3817 3520 martyris,

2242 3536 2548 3605 apostolicis
2570 3527 2859 3608 privilegiis
2891 3540 3174 3606 munitum,
3201 3550 3349 3597 tanta
3389 3542 3670 3599 ferocitate
3693 3561 3816 3615 pero

2241 3628 2400 3693 vasit,
2463 3638 2521 3684 ut
2575 3629 2752 3684 nullus
2779 3631 2890 3701 jam
2935 3632 3128 3702 priscae
3167 3635 3438 3705 religionis
3471 3636 3524 3690 in
3567 3652 3636 3691 eo
3683 3638 3816 3692 ordo

2240 3728 2504 3772 servetur.
2546 3717 2678 3774 Nam
2708 3719 2796 3776 illa
2826 3737 2944 3791 qua:
2972 3722 3082 3778 Deo
3105 3721 3301 3777 ibidem
3333 3722 3722 3780 famulantibus
3751 3741 3817 3780 ex

2238 3821 2340 3876 ope
2375 3808 2543 3877 ipsius
2566 3810 3034 3879 ministrabantur,
3068 3827 3210 3867 nunc
3238 3814 3640 3879 meretricibus,
3671 3816 3816 3869 cani-

2239 3898 2358 3961 bus,
2409 3907 2571 3969 atque
2606 3901 2816 3966 avibus,
2873 3903 3219 3972 aequissimis
3269 3918 3481 3958 necnon
3509 3905 3819 3960 hominibus

2197 3997 2200 4000 ’
2238 4005 2332 4044 sua
2361 3990 2664 4062 largiuntur
2689 3994 3070 4062 prmceptione.
3125 3995 3288 4063 quue
3315 3997 3705 4050 monasterium
3753 3997 3819 4050 ab

2236 4080 2477 4136 Ecclesia
2513 4083 2740 4149 findens,
2770 4083 3074 4150 Aimoinus,
3102 4085 3189 4139 cui
3217 4086 3507 4155 praesidere
3533 4087 3820 4141 videbatur

2236 4172 2484 4237 antistes,
2562 4188 2841 4228 sacrorum
2891 4189 3159 4228 canonum
3206 4174 3536 4244 Patrumque
3611 4177 3818 4231 violans

2239 4263 2565 4327 sanctiones,
2629 4263 2941 4318 indecenter
2992 4263 3273 4334 possidere
3317 4264 3424 4319 non
3465 4265 3699 4320 dubitet.
3753 4265 3818 4319 Et

2238 4354 2362 4422 quia
2417 4355 2805 4410 monasterium
2839 4355 2891 4409 in
2932 4356 3444 4411 commemoratione
3473 4357 3624 4411 beati
3669 4357 3820 4412 Petri

2236 4443 2462 4512 apostoli
2494 4442 2720 4498 Luxovii
2763 4445 3145 4506 constitutum,
3193 4443 3348 4510 cujus
3371 4444 3593 4499 claustri
3640 4446 3819 4499 aditus

2163 4576 2215 4636 D
2240 4533 2560 4589 mulieribus
2587 4549 2859 4604 nunquam
2886 4536 3081 4604 patuit,
3115 4535 3295 4590 hostili
3324 4535 3483 4590 modo
3515 4535 3819 4606 ingressus,

2242 4641 2364 4681 cum
2399 4625 2601 4680 illicitis
2637 4625 2954 4681 mulieribus
2982 4641 3078 4696 per
3103 4626 3308 4694 aliquot
3335 4626 3449 4680 dies
3487 4626 3818 4681 commorari

2244 4730 2348 4768 non
2396 4714 2697 4784 trepidarit.
2765 4713 3082 4780 Quamdam'
3118 4715 3282 4768 etiam
3331 4714 3641 4776 mulierem.
3707 4731 3824 4785 qua:

2244 4819 2405 4859 causa
2431 4804 2704 4872 pudicitiae
2733 4820 2762 4857 a
2779 4805 3002 4874 proprio
3021 4820 3081 4859 se
3097 4805 3215 4860 viro
3236 4804 3573 4870 dissociavit,
3607 4807 3823 4877 Deoque

2246 4909 2304 4948 se
2337 4893 2502 4956 vovit,
2544 4901 2705 4963 atque
2727 4893 2908 4948 dicare
2942 4895 3211 4964 promisit;
3239 4902 3294 4949 et
3321 4897 3671 4965 postmodum
3704 4898 3820 4951 dia-

2246 4985 2352 5040 boii
2371 4984 2550 5054 jacnlo
2586 4985 2853 5040 terebrata
2893 4993 3054 5055 atque
3095 5001 3371 5054 percussa,
3421 5003 3455 5041 a
3482 4989 3816 5043 monasterio

2241 5075 2474 5146 fugiens,
2523 5076 2738 5131 cuidam
2781 5075 3026 5132 adultero
3066 5075 3256 5144 juncta
3295 5092 3484 5132 suaise
3517 5077 3822 5134 defensioni

2241 5165 2510 5230 submisit,
2559 5174 2834 5236 postremo
2857 5181 2986 5220 vero
3033 5167 3818 5238 arcliiepiscoporuni.episco-

2210 5269 2537 5326 .porumque
2584 5256 2807 5324 quaesita
2857 5256 3021 5311 uetiti
3083 5257 3303 5312 minime
3349 5265 3433 5313 est
3477 5267 3818 5328 prtesentata,

2239 5347 2332 5416 qui
2385 5362 2490 5400 una
2543 5361 2668 5402 cum
2715 5346 3088 5403 defensoribus
3131 5337 3400 5405 suis’eam
3440 5353 3511 5405 ab
3558 5351 3812 5406 ecclesia-

2238 5438 2371 5493 stica
2431 5437 2810 5492 communione
2865 5437 3241 5508 expulerunt;
3303 5440 3574 5494 hactenus
3638 5454 3818 5510 usque,

2232 5529 2475 5585 divinum
2512 5543 2618 5582 non
2666 5528 2860 5583 timens
2896 5529 3179 5598 judicium,
3228 5544 3325 5585 sua
3377 5528 3695 5585 defensione
3735 5543 3816 5584 re-

2229 5623 2404 5676 tinere
2454 5636 2559 5676 non
2609 5630 2803 5678 cesset.
2851 5622 3175 5694 Pacemque,
3243 5638 3405 5694 quam
3445 5624 3593 5680 inter
3650 5623 3819 5678 Ludo-

2305 5766 2326 5791 ’τ
2357 5753 2517 5820 lbid.,
2539 5755 2629 5810 9.4.

2305 5824 2328 5864 ἀ
2363 5825 2519 5892 lbid.,
2551 5841 2600 5879 c.
2630 5824 2710 5879 26.
