4078 6340
342 337 450 422 693

1762 306 2162 422 Epis'rotaa.

3494 355 3592 410 (594

334 480 515 535 vicum
543 471 870 532 munivimus
891 469 1156 531 Caesarem
1182 487 1393 544 semper
1412 471 1730 542 Augustum,
1767 470 1916 526 suosL
1941 470 1993 530 A
2018 467 2271 524 Ecclesiae
2300 466 2523 522 sancitis
2565 466 2922 538 praenuntiant
2939 509 2952 532 ,
2985 475 3038 522 ct
3065 468 3430 526 ecclesiastica
3466 471 3591 539 jura

335 583 444 639 que
509 565 774 638 gloriosos
829 577 1136 636 germanos,
1185 578 1283 619 sua
1339 560 1642 617 miserrima
1711 557 1912 627 cupidi-

337 665 470 722 tate,
515 656 582 711 ad
609 653 901 724 multorum
943 652 1372 710 Christianorum
1401 665 1590 706 necem
1621 657 1781 718 atque
1821 661 1913 718 pe-

335 745 570 802 riculum
640 743 905 809 scindere,
968 751 1030 798 ut
1081 743 1405 806 audivimus,
1459 754 1568 794 non
1626 737 1906 793 dubitavit.

333 837 464 892 llaec
491 844 546 891 et
583 835 752 890 multa
769 835 962 890 horum
989 833 1182 890 similia
1207 833 1272 888 de
1298 847 1362 895 eo
1383 831 1684 895 audientes,
1727 827 1910 900 profu-

333 929 411 984 sis
442 926 695 998 lacrymis
723 923 1088 989 condolemus,
1137 937 1205 978 ne
1237 937 1347 978 suae
1381 919 1687 990 fragilitatis
1733 919 1786 971 in
1827 916 1910 971 bis

331 1033 463 1076 eum
509 1017 633 1072 ﬁnis
681 1016 976 1087 contingat,
1015 1015 1283 1082 Erebique
1316 1010 1557 1082 voragini
1609 1009 1904 1064 addicatur.

332 1107 627 1180 Propterea
668 1107 928 1170 volumus,
987 1117 1043 1162 et
1087 1105 1381 1178 apostolica
1434 1118 1543 1158 suae
1570 1100 1909 1172 praecipimus

334 1198 660 1256 auctoritate
703 1196 1002 1262 industriae,
1051 1204 1112 1251 ut
1168 1196 1315 1252 omni
1346 1193 1644 1273 postposita
1684 1205 1910 1246 excusa-

335 1293 504 1358 tione,
554 1291 838 1360 ablataque
878 1289 1092 1360 ingenio
1125 1296 1248 1360 post
1281 1288 1501 1359 triginta
1537 1286 1742 1341 dierum
1787 1299 1910 1340 cur-

333 1382 530 1448 ricula,
557 1396 720 1452 quam
743 1381 857 1436 haec
891 1381 965 1436 illi
993 1379 1152 1434 fuerit
1175 1387 1501 1452 prresentata
1528 1375 1775 1446 epistola,
1808 1373 1910 1428 iter

332 1471 594 1527 inchoare
624 1485 731 1526 non
761 1465 963 1541 pigeat,
1005 1469 1342 1540 Romamque
1371 1467 1536 1524 celeri
1574 1464 1752 1522 studio
1784 1478 1910 1536 pro-

329 1577 526 1636 perare
565 1561 823 1620 festinet:
862 1571 921 1617 ut
944 1561 1358 1634 prtesentialiter
1393 1559 1575 1616 videre
1611 1557 1904 1622 valeamus,

331 1663 496 1726 atque
546 1669 898 1726 cognoscere,
955 1655 1003 1710 si
1052 1655 1229 1710 taliter
1260 1654 1406 1710 circa
1457 1667 1578 1708 eum
1625 1651 1740 1705 haec
1789 1664 1908 1720 quae

331 1746 584 1804 dicuntur
614 1747 866 1812 existant,
897 1755 954 1801 ut
981 1746 1209 1818 spiritali
1237 1746 1451 1802 abluere
1483 1758 1709 1801 censura
1748 1757 1904 1796 cure-

2015 558 2317 628 principum
2359 556 2580 612 statutis
2617 555 2954 624 adjuventur,
2997 559 3330 615 aestimantes
3362 569 3592 617 terrena:

2014 648 2324 718 reipublicae
2348 655 2589 703 rectores
2614 656 2743 702 tunc
2760 663 2820 702 se
2841 648 3072 704 feliciter
3100 650 3386 720 imperare,
3408 651 3453 708 si
3477 652 3590 708 suis

2013 738 2383 818 sanctionibus
2437 740 2731 810 apostolica
2795 739 3194 796 conftedcretur
3249 745 3582 808 auctoritas,

2011 845 2173 900 quam
2203 831 2328 886 dum
2358 831 2413 885 in
2439 832 2594 886 nobis
2622 832 2919 903 suscipiunt
2963 847 3026 888 ac
3064 843 3406 900 venerantur,
3437 835 3586 891 illum

2012 938 2071 978 se
2095 922 2367 993 suscipere
2397 922 2733 994 gratulantur
2761 923 2854 994 qui
2889 923 3166 994 discipulis
3192 925 3304 980 suis
3326 925 3582 996 loquitur,

2012 1015 2232 1071 dicens:
2268 1013 2372 1080 Qui
2400 1031 2485 1070 vos
2521 1015 2719 1086 recipit,
2752 1032 2831 1069 me
2873 1016 3051 1086 recipit
3075 1014 3290 1086 (Matth.
3325 1018 3400 1088 ς).
3447 1015 3583 1074 Hinc

2010 1120 2042 1161 e
2061 1095 2333 1161 contrario
2353 1105 2420 1160 de
2439 1106 2903 1178 contemptoribus
2919 1106 3022 1161 ait:
3041 1105 3149 1172 Qui
3165 1124 3251 1162 vos
3271 1111 3482 1178 spernit,
3500 1125 3582 1165 me

2010 1195 2203 1266 spernit
2230 1193 2382 1267 (Luc.
2409 1195 2488 1268 Χ).

2078 1283 2244 1355 Igitur
2271 1300 2414 1350 cum,
2442 1286 2582 1342 sicut
2607 1288 2806 1344 dictum
2833 1295 2945 1356 est,
2979 1289 3284 1360 apostolicae
3323 1289 3580 1344 sollicitu-

2009 1375 2121 1430 dini
2150 1374 2470 1432 universalis
2497 1377 2749 1435 Ecclesia:
2775 1381 2978 1436 credita
3017 1382 3087 1437 sit
3124 1381 3490 1450 dispensatio,
3526 1389 3580 1434 et

2009 1482 2104 1537 pro
2131 1474 2450 1524 cunctorum
2478 1468 2716 1526 ﬁdelium
2746 1479 2886 1528 statu
2915 1481 3199 1543 perpetuas
3237 1481 3434 1527 nostra:
3469 1472 3575 1527 sol-

2009 1557 2270 1613 licitudini
2300 1559 2512 1630 vigilias
2539 1565 2870 1630 prmtendere
2897 1561 3471 1629 conveniam-maxima
3499 1571 3578 1615 ta-

2008 1664 2135 1703 men
2165 1650 2438 1721 diligentia
2468 1667 2654 1707 curam
2691 1669 2878 1708 earum
2922 1653 3180 1710 debemus
3226 1653 3577 1709 ecclesiarum

2007 1754 2220 1809 gerere,
2245 1756 2472 1811 quarum
2503 1742 2790 1810 specialius
2810 1743 3204 1812 providentiam
3233 1744 3373 1797 ratio
3399 1756 3576 1796 susce-

328 1853 476 1906 mus,
515 1839 858 1908 sauciataque
894 1841 1137 1896 membra
1180 1839 1414 1895 cmlestis
1451 1837 1750 1893 reformare
1793 1851 1906 1890 ηιθ-
1933 1827 1982 1886 Β
2010 1829 2087 1899 Pii
2113 1828 2272 1884 Ome“
2317 1846 2345 1884 ³
2390 1830 2544 1886 ηουῖε
2569 1831 2727 1888 docet
2755 1833 3045 1903 agendam;
3078 1844 3139 1888 Ill
3172 1834 3478 1895 "0050'!!!"
3511 1847 3573 1887 ea

331 1928 526 1984 dicina;
552 1929 773 2000 collyrio
797 1928 1087 1984 valeamus.
1137 1928 1393 1999 Cupimus
1418 1928 1562 1983 enim
1596 1927 1744 1982 illum
1781 1935 1901 1981 tan-

331 2018 406 2072 tis
445 2025 657 2072 erutum
701 2033 821 2073 esse
863 2017 1092 2084 delictis,
1145 2027 1200 2074 et
1232 2033 1476 2088 superna:
1521 2017 1709 2087 patriae
1735 2017 1904 2072 sacris

328 2107 553 2162 monitis
581 2106 842 2178 perﬁcere
878 2107 1073 2163 civem.
1121 2107 1180 2164 Si
1206 2117 1385 2162 autem
1419 2107 1608 2162 venire
1649 2105 1902 2176 neglexe-

329 2197 425 2262 rit,
478 2199 546 2251 ad
595 2207 947 2268 nostramque
993 2198 1343 2270 apostolicam
1401 2198 1584 2254 sedem
1612 2197 1905 2252 secundum

329 2286 741 2356 praeceptionem
768 2275 996 2356 pergere
1032 2285 1286 2354 noluerit,
1335 2287 1477 2342 scire
1510 2299 1607 2341 vos
1629 2285 1901 2352 volumus,

331 2378 460 2446 quia
495 2393 620 2433 mox
666 2377 816 2433 illum
863 2378 934 2434 ab
975 2379 1338 2435 ecclesiastica
1375 2378 1751 2434 communione
1811 2393 1905 2432 ex-

330 2467 598 2539 pellimus,
650 2467 723 2521 ita
753 2475 812 2524 ut
839 2483 939 2524 nec
960 2467 1253 2534 vobiscum,
1313 2483 1413 2523 nec
1436 2483 1560 2523 cum
1587 2466 1710 2522 ullis
1742 2467 1902 2524 Chri-

333 2557 521 2613 stiana:
583 2557 878 2614 cultoribus
932 2558 1056 2615 ﬁdei
1114 2558 1443 2614 consortium
1497 2558 1716 2626 habeat,
1774 2568 1830 2614 et
1872 2576 1904 2614 a

331 2650 611 2706 Dominico
658 2665 882 2720 corpore
933 2651 1297 2722 sanguineque
1341 2663 1465 2706 eum
1511 2649 1739 2706 facimus
1778 2650 1907 2707 alie-

332 2755 483 2794 num.
557 2740 818 2812 Optamus
867 2740 1251 2799 beatitudinem
1306 2751 1543 2798 vestram
1587 2741 1642 2797 in
1686 2743 1905 2800 Christo

331 2831 471 2888 bene
516 2832 717 2890 valere.

891 2947 1226 3006 EPISTOLA
1263 2948 1350 3004 IIl.

750 3074 819 3113 ΔΙ)
851 3073 1128 3116 IPISCOPOS
1165 3074 1467 3116 GALLIARUI

503 3171 570 3226 In
600 3171 1049 3240 conﬁrmationem
1071 3171 1458 3244 privilegiorum
1483 3173 1734 3230 Corbeiw.

399 3289 736 3343 Bsnsmcrus
755 3288 1068 3358 episcOpus,
1108 3303 1296 3344 servus
1332 3301 1610 3343 servorum
1643 3288 1768 3353 Dei,
1795 3289 1910 3343 uni-

327 3379 502 3435 versis
526 3379 791 3448 episcopis
815 3377 1129 3432 Galliarum.

401 3482 428 3510 ι
455 3468 588 3524 Cum
614 3468 872 3522 ltomanze
903 3469 1046 3524 sedis
1071 3468 1381 3540 pontiﬁcem
1420 3475 1632 3524 constet
1667 3468 1905 3525 omnium

328 3560 693 3616 Ecclesiarum
743 3557 945 3616 Christi
1000 3570 1162 3631 caput
1208 3570 1370 3631 atque
1413 3561 1710 3632 principem
1757 3561 1903 3625 fore,

331 3661 590 3721 tanquam
639 3649 780 3704 beati
815 3650 982 3705 .Petri
1032 3652 1294 3722 principis
1338 3651 1703 3720 apostolorum
1759 3652 1906 3707 vices

329 3753 611 3814 agentem,
653 3741 740 3797 cui
776 3740 1022 3797 Christus
1072 3743 1236 3798 totius
1279 3742 1530 3798 Ecclesiae
1563 3743 1916 3798 committens.

329 3834 688 3905 principatum
721 3832 863 3887 fatur
889 3852 899 3886 :
931 3832 1008 3887 Tu
1037 3851 1097 3888 es.
1114 3832 1308 3889 Petrus
1332 3875 1347 3901 ,
1375 3844 1420 3889 et
1463 3850 1618 3905 super
1642 3835 1776 3889 hanc
1813 3852 1902 3905 pe-

329 3935 469 3978 tram
499 3923 771 3992 tedi/icabo
801 3923 1092 3979 Ecclesium
1130 3942 1329 3992 meam,
1358 3934 1405 3978 et
1435 3925 1527 3978 tibi
1559 3925 1694 3978 dabo
1739 3925 1924 3980 claves.

330 4013 478 4084 regni
502 4012 745 4067 caelorum
765 4012 989 4084 (Matth.
1013 4031 1128 4080 xv-t,
1151 4015 1278 4085 48),
1313 4015 1583 4070 cunctatio
1617 4015 1748 4070 nulli
1780 4016 1906 4072 ﬁde-

327 4105 461 4159 lium
487 4104 827 4174 relinquitur,
855 4107 997 4174 quod
1027 4108 1292 4162 universis
1317 4107 1561 4162 ecclesiis
1590 4108 1908 4164 sollicitudiv

328 4209 453 4248 nem
478 4195 812 4263 praetendere
831 4236 846 4260 ,
875 4205 928 4250 et
955 4198 1196 4252 omnium
1236 4199 1287 4252 iu
1316 4199 1531 4254 Christo
1570 4201 1902 4256 credentium

329 4287 510 4352 saluti,
536 4289 676 4358 paci,
703 4297 863 4359 atque
886 4291 1059 4360 quieti.
1080 4291 1389 4360 prospicere
1415 4307 1512 4347 nos
1535 4302 1820 4363 oporteat,
1849 4305 1920 4349 ut

330 4383 386 4428 et
413 4391 531 4444 quae
559 4391 722 4445 prava
745 4385 890 4442 sunt,
923 4379 1281 4446 corrigantur,
1326 4386 1380 4432 et
1415 4395 1532 4448 quae
1571 4390 1718 4448 rata,
1749 4385 1906 4438 robo-

330 4474 536 4532 rentur,
563 4482 682 4536 qure
712 4477 962 4536 corrupta
990 4477 1134 4534 sunt,
1160 4477 1546 4536 restaurentur,
1573 4487 1692 4540 quae
1720 4482 1895 4528 autem

328 4557 576 4628 integra,
617 4568 1020 4615 conserventur.
1059 4562 1298 4630 Curaque
1337 4562 1474 4618 hanc
1521 4579 1704 4618 curam
1751 4565 1896 4620 circa

329 4646 651 4702 universalis
679 4649 934 4704 Ecclesia:
955 4664 1149 4718 corpus
1171 4664 1267 4718 per
1293 4650 1457 4706 totius
1485 4653 1633 4706 orbis
1665 4652 1900 4709 latitudi-

329 4751 454 4792 nem
479 4737 684 4792 dill‘usze
704 4739 976 4793 custodire
991 4739 1296 4804 debeamus,
1321 4741 1537 4808 speciali
1563 4750 1737 4797 tamen
1763 4760 1901 4812 prte-

329 4827 569 4897 rogativa
595 4835 717 4898 post
741 4827 1034 4881 Romanam
1058 4835 1220 4897 atque
1244 4829 1478 4892 Italicam
1500 4845 1625 4900 erga
1648 4833 1903 4889 ecclesias

328 4917 633 4974 Gallicanas
660 4918 815 4973 nobis
840 4921 1087 4974 convenit
1112 4921 1418 4984 observare,
1451 4921 1900 4990 quemadmodum

328 5010 754 5078 praedecessores
784 5018 1002 5065 nostros.
1030 5011 1220 5065 fecisse
1248 5010 1591 5066 manifestum
1619 5020 1719 5067 est.
1751 5012 1902 5080 Quod

328 5101 720 5168 competentius
748 5114 891 5154 nunc
917 5115 1130 5168 quoque
1161 5100 1272 5155 ﬁeri
1304 5110 1552 5170 oportere
1588 5103 1701 5171 ipse
1729 5103 1904 5173 reipue

329 5187 484 5244 blica:
529 5198 702 5246 status
744 5190 1095 5256 testiﬁcatur,
1145 5192 1576 5262 quandoquidem
1619 5201 1904 5264 utramque

329 5279 663 5348 provinciam
696 5279 851 5334 unius
888 5280 1098 5349 imperii
1144 5289 1415 5350 sceptrum
1455 5297 1558 5337 non
1599 5283 1818 5349 dividit,
1848 5293 1902 5338 et

329 5367 585 5423 Romanae
611 5367 846 5438 dignitas
877 5368 1131 5423 Ecclesiae
1155 5385 1260 5423 una
1286 5384 1410 5424 cum
1447 5379 1658 5426 terreno
1692 5373 1894 5440 princi-

325 5466 457 5528 patu
512 5458 793 5529 utriusque
842 5460 1130 5530 provincia:
1189 5476 1410 5531 regnum
1462 5465 1740 5520 communi.
1775 5465 1898 5536 jure

327 5547 595 5623 disponit,
623 5561 682 5608 ut
703 5561 758 5608 et
788 5569 965 5609 rerum
989 5556 1258 5626 principes
1283 5572 1379 5611 sua
1403 5557 1617 5614 decreta
1640 5558 1897 5616 Romana

399 5671 427 5740 ξ
465 5659 598 5740 Yide
619 5661 1220 5740 SpicilegiumAcherii,
1255 5675 1384 5721 tom.
1420 5666 1509 5734 Vl,
1529 5683 1647 5740 pag.
1677 5670 1800 5725 597.

399 5730 428 5769 δ
464 5729 678 5786 Scilicet
711 5729 1020 5790 Bel-tcirido.

1926 4519 1974 4577 D

2006 1935 2124 1989 qua:
2158 1919 2418 1975 hactenus
2464 1923 2519 1975 in
2567 1938 2664 1978 suo
2707 1931 2850 1979 statu
2898 1923 3575 1993 permanent‘intemerata

2005 2019 2312 2073 serventur,
2333 2026 2520 2065 verum
2541 2026 2605 2066 ea
2631 2027 2748 2082 qua:
2769 2013 2915 2083 lapsa
2936 2019 3061 2068 sunt
3085 2013 3150 2066 ad
3175 2012 3369 2083 prioris
3390 2011 3577 2065 forma:

2004 2103 2319 2174 dignitatem
2339 2105 2682 2158 reducantur.
2707 2105 2860 2160 Unde
2879 2112 3168 2172 cognoscat
3183 2105 3421 2158 omnium
3441 2119 3577 2173 pra:-

2007 2195 2184 2250 sulum
2227 2204 2535 2251 sanctorum
2565 2212 2662 2266 per
2688 2196 2900 2252 Gallias.
2929 2195 3378 2252 commorantium
3427 2210 3578 2249 reve—

2005 2285 2170 2340 renda
2187 2285 2676 2356 fraternitas,quod
2699 2287 2782 2342 vir
2809 2286 3129 2343 venerabilis
3147 2286 3281 2350 Odo,
3313 2287 3480 2340 abbas
3506 2301 3573 2341 ex

2005 2377 2336 2431 monasterio
2363 2376 2608 2432 Corbeite
2637 2379 2926 2448 provincia:
2965 2377 3258 2434 Galliarum
3276 2418 3292 2443 ,
3324 2377 3466 2446 quod
3495 2385 3578 2432 est

2003 2478 2370 2526 constructum
2393 2471 2444 2524 in
2473 2488 2608 2542 pago
2629 2471 2972 2527 Ambianensi
2997 2487 3158 2542 super
3177 2471 3395 2526 ﬂuvium
3422 2471 3579 2529 Sum-

2005 2573 2127 2624 mae,
2152 2559 2284 2614 adiit
2315 2576 2412 2615 nos
2438 2577 2533 2630 per
2557 2562 2919 2617 venerabilem
2950 2562 3263 2617 Anselmum
3303 2561 3576 2626 abbatem,

2006 2656 2196 2719 petens
2221 2656 2280 2702 ut
2301 2659 2499 2704 nostra:
2527 2652 2865 2707 auctoritatis
2892 2652 3232 2722 privilegium
3269 2667 3432 2721 super
3465 2653 3577 2706 ele—

2006 2737 2203 2794 Ctionis
2231 2739 2460 2808 propriae
2487 2747 2663 2803 statu,
2689 2750 2745 2792 et
2769 2754 2948 2794 rerum
2979 2755 3198 2793 suarum
3241 2739 3410 2793 libera
3451 2755 3578 2808 pos-

2006 2827 2247 2883 sessione
2275 2843 2368 2882 seu
2397 2829 2793 2899 dispensatione
2824 2829 3074 2900 praedicto
3103 2829 3429 2886 monasterio
3449 2827 3581 2883 Cor-

2005 2917 2138 2974 beire
2160 2919 2597 2976 concederemus.
2620 2921 2868 2977 Ostendit
2893 2936 3104 2992 quoque
3126 2922 3279 2978 nobis
3301 2921 3578 2992 privilegia

2007 3010 2075 3064 ab
2115 3010 2380 3080 episcopis
2407 3011 2547 3066 edita
2569 3052 2583 3076 ,
2613 3027 2776 3066 unum
2823 3027 2851 3066 a
2881 3011 3111 3082 praesule
3152 3011 3497 3066 Ambiauensi
3526 3011 3574 3073 δ,

2005 3099 2072 3154 ad
2100 3100 2253 3170 cujus
2283 3101 2556 3156 ditecesim
2585 3101 2732 3156 locus
2765 3103 2852 3174 ille
2880 3101 3140 3171 pertinet,
3165 3108 3220 3156 ct
3243 3100 3578 3170 coepiscopis

1925 3167 1973 3233 (ἶ
2008 3190 2122 3244 suis
2154 3167 2354 3245 factum
2389 3197 2549 3260 atque
2580 3167 2896 3278 roboratam
2935 3192 3049 3262 jam
3099 3167 3578 3262 antiquis'tempn-

2009 3282 2190 3347 ribus;
2225 3289 2279 3336 et
2307 3281 2449 3336 aliud
2485 3282 2554 3337 ab
2593 3284 3000 3354 archiepiscopo
3031 3283 3356 3338 Rhemensis
3391 3283 3577 3338 Eccle-

2007 3373 2102 3428 βίω
2117 3372 2407 3428 Hincmaro
2426 3383 2480 3428 et
2494 3374 2782 3432 universali
2798 3375 3026 3429 concilio
3051 3374 3426 3445 episcoporum
3442 3373 3574 3429 Gal-

2005 3463 2198 3520 liarum
2222 3466 2407 3534 paucis
2439 3465 2898 3522 intercedentibus
2922 3467 3080 3520 annis
3108 3465 3496 3535 conscriptum,
3522 3473 3578 3520 et

2005 3555 2492 3626 subscriptionibus
2525 3557 2756 3627 propriis
2799 3557 3144 3622 roboratum,
3183 3557 3488 3625 petentibus
3517 3564 3578 3610 ut

2005 3649 2073 3702 ad
2095 3663 2444 3718 quoscunque
2468 3690 2482 3713 ,
2517 3649 2629 3703 sive
2659 3649 2940 3719 episcopos
2977 3648 3094 3703 sive
3127 3647 3348 3703 abbates
3382 3662 3579 3717 perve-

2005 3743 2168 3806 nerit,
2203 3742 2542 3797 subscribere
2573 3759 2679 3796 non
2713 3753 3026 3811 graventur.
3058 3743 3112 3796 lu
3137 3743 3332 3812 quibus
3361 3741 3579 3810 privile-

2005 3831 2108 3903 giis
2131 3831 2408 3886 decretum
2430 3840 2528 3894 est,
2551 3840 2608 3884 ut
2630 3831 2909 3902 prmfatum
2936 3833 3321 3888 monasterium
3339 3831 3580 3888 Corbeia:

2005 3931 2062 3976 et
2103 3936 2284 3976 rerum
2317 3937 2534 3975 suarum
2566 3923 2789 3978 liberam
2835 3925 3118 3982 obtineant
3154 3925 3578 3982 dominationem

2005 4020 2061 4067 et
2088 4012 2317 4080 eligendi
2345 4011 2444 4066 sibi
2475 4012 2724 4069 abbatem
2757 4015 2822 4070 de
2851 4018 2962 4071 suis
2993 4032 3205 4086 semper
3232 4016 3463 4072 habeant
3485 4021 3579 4086 po-

2007 4109 2279 4158 testatem.
2315 4102 2754 4159 Contradictores
2778 4121 2907 4160 vero
2953 4115 3008 4161 et
3049 4114 3405 4178 repugnantes
3449 4107 3579 4162 huic

2006 4193 2272 4249 sanctioni
2325 4187 2669 4250 anathemate
2713 4206 2972 4267 perpetuo
3010 4198 3362 4253 damnandos.
3403 4198 3578 4269 Super

2008 4285 2124 4339 haec
2149 4293 2328 4339 autem
2358 4285 2628 4358 magniﬁci
2661 4287 3005 4357 imperatoris
3035 4289 3274 4343 Lotbarii
3308 4297 3363 4344 et
3395 4289 3576 4345 Ludo-

2005 4375 2111 4430 vici
2139 4388 2202 4431 ac
2228 4374 2406 4430 Caroli
2430 4387 2452 4415 ε
2483 4375 2795 4432 mandatum
2822 4386 2984 4448 atque
3008 4381 3326 4451 supplicatio
3349 4383 3578 4438 accessit

2008 4466 2234 4536 idipsum
2265 4467 2608 4537 postulantis,
2640 4467 2890 4524 videlicet
2916 4478 2974 4523 ut
3001 4471 3374 4542 episc0porum
3404 4473 3574 4546 privio

2006 4557 2141 4629 legia
2170 4568 2350 4614 nostra
2379 4574 2593 4631 quoque
2618 4562 2942 4620 auctoritate
2972 4563 3338 4626 ﬁrmarentur.

2075 4647 2183 4703 Nos
2211 4649 2392 4718 itaque
2419 4660 2735 4716 cernentes,
2765 4652 3068 4722 religiosam
3100 4653 3214 4708 fore
3255 4653 3584 4722 postulatios.

2005 4757 2163 4806 nem,
2193 4754 2365 4810 neque
2395 4741 2462 4796 ab
2502 4743 2794 4812 apostolica
2844 4743 3204 4798 sollicitudine
3247 4754 3578 4814 praetereun-

2007 4830 2131 4884 dum
2162 4830 2302 4899 quod
2329 4844 2428 4898 pro
2457 4845 2734 4885 servorum
2763 4832 2854 4888 Dei
2886 4835 3100 4901 quiete,
3132 4841 3187 4886 et
3223 4833 3393 4886 sancti
3439 4847 3578 4902 pou-

2007 4921 2180 4975 tiﬁces
2221 4921 2307 4990 pie
2351 4930 2688 4988 statuerunt,
2734 4933 2797 4979 et.
2833 4925 3102 4996 magniﬁci
3149 4925 3418 4994 principes
3451 4924 3577 4978 reli-

2006 5012 2154 5082 giose
2201 5013 2488 5084 rogabant,
2545 5023 2600 5068 et-
2648 5015 2815 5070 abbas
2861 5015 3289 5086 congregationis
3337 5013 3576 5082 ejusdem

2007 5101 2312 5155 uecessario
2351 5104 2683 5171 postulabat,
2714 5106 3021 5160 censuimus
3064 5105 3234 5175 rogati
3279 5104 3577 5160 concedere

2006 5191 2148 5261 quod
2177 5192 2317 5246 ultro
2348 5191 2571 5249 decebat
2615 5205 2853 5250 nos:ram
2893 5193 3216 5264 pastoralem
3259 5193 3580 5252 sollicitudi-

2007 5298 2134 5337 nem
2164 5284 2440 5340 exhibere.

2074 5375 2432 5447 Cognovimus
2475 5378 2668 5444 etiam,
2710 5378 2977 5434 referente
3004 5377 3290 5434 venerabili
3321 5379 3590 5435 knschua

2005 5467 2220 5534 abbate,
2253 5470 2580 5535 cmnobium,
2609 5471 2673 5524 de
2696 5484 2804 5540 quo
2837 5469 3045 5539 agimus
3065 5510 3078 5534 ,
3125 5484 3154 5523 a
3195 5471 3590 5540 praecellentis--

2005 5561 2141 5617 sima
2167 5560 2501 5616 Francorum
2533 5560 2718 5630 regina
2755 5559 3020 5616 Balthilde
3050 5560 3303 5618 nobiliter
3340 5562 3586 5622 adiﬁw

2077 5687 2098 5713 ε
2137 5673 2401 5744 Spicilegii
2437 5680 2561 5726 tom.
2600 5671 2684 5738 Vl,
2717 5687 2833 5744 pag.
2859 5669 2996 5731 887..
