4078 6340
549 300 654 387 ea;
965 398 974 408 ‘
1536 301 1894 362 BENEDlCTl
1927 304 1995 362 Ill
2033 306 2299 377 ιιοιιΑΝι
2333 310 2711 369 PONTlFlClS
3694 322 3789 377 eos

549 423 804 481 tum,eta
828 415 1018 486 primte
1042 415 1372 473 fundationis
1392 430 1502 473 suat
1521 424 1664 473 statu
1687 432 1809 473 cum
1840 418 2117 477 nobilitate
2145 427 2341 497 Agna:
2369 437 2648 479 servorum
2674 421 2880 479 Christi
2917 431 3043 479 sunt
3068 423 3257 481 usibus
3298 422 3492 481 collata
3510 465 3529 493 ,
3568 426 3631 482 in
3672 441 3789 485 suos

546 515 860 563 sanctorum
892 507 1129 563 virorum
1159 517 1214 564 et
1246 509 1518 579 religionis
1557 507 1885 565 monachicae
1926 509 2113 564 obser-
2154 512 2155 515 “

543 600 760 667 vantia;
788 608 902 656 tum
932 615 1146 672 quoque
1185 601 1487 671 principum
1528 600 1861 656 Francorum
1913 600 2114 659 favoris

2215 522 2534 571 convertere
2580 522 2828 586 sumptus
2873 516 3235 587 pmsumant’
3275 514 3331 571 Si
3378 516 3526 571 enim
3570 515 3781 573 clerico-

2216 619 2356 668 rum,
2380 605 2470 674 qui
2496 604 2564 659 de
2592 605 2826 675 propriis
2856 606 3132 661 abundant
3169 606 3464 673 reditibus,
3492 610 3787 665 communi-

544 691 933 762 przrrogativa,
961 700 1016 747 et
1048 692 1361 751 muniminis
1396 694 1735 764 protectione
1774 708 1986 762 semper
2019 693 2115 749 ﬂo-
2213 695 2354 749 catio
2382 695 2698 764 prohibetur
2718 710 2841 752 eum
2877 696 2957 751 eis
2978 712 3097 766 quae
3129 695 3486 752 conferuntur
3514 697 3787 767 ecclesia,

544 780 739 835 ruisse.
769 782 883 849 Qua
914 782 981 839 de
1008 798 1065 841 re
1089 782 1288 841 factum
1314 793 1419 849 est,
1444 791 1505 836 ut
1531 791 1584 837 et
1610 783 1980 839 immunitates
2021 800 2110 840 re.

2214 787 2408 841 nedum
2462 787 2539 841 illi
2580 789 2921 858 acceperint,
2953 789 3048 859 qui
3087 788 3153 844 de
3190 789 3427 861 propriis
3479 790 3789 860 abundant,

543 884 661 923 rum
695 885 930 933 suarum,
962 880 1017 929 et
1049 871 1325 944 privilegia
1365 872 1596 943 eligendi
1642 872 1888 957 abbatem
1923 887 2112 929 omnes
2211 892 2396 932 eorum
2425 878 2515 947 qui
2546 879 2678 933 nihil
2704 879 2902 935 habent
2926 879 3105 948 inopia
3128 893 3232 934 non
3252 878 3489 946 levetur;
3517 895 3629 950 qua
3678 897 3789 937 con-

541 959 591 1015 ci
616 961 991 1027 concederent,
1020 977 1447 1033 concessumque
1477 961 1594 1018 fore
1620 956 2112 1034 perpetuisdiebus
2211 968 2430 1024 scicntia
2461 969 2744 1040 episcopus
2770 985 2880 1025 sua:
2907 969 3207 1040 sumptibus
3231 967 3473 1025 ecclesiae
3500 969 3785 1035 sufﬁciens,

540 1050 926 1118 decernerent,
970 1068 1299 1125 suarumque
1334 1055 1665 1111 munimenta
1702 1048 2109 1110 concessionum

536 1139 592 1195 in
622 1142 856 1197 archivis
886 1146 1194 1200 monasterii
1226 1147 1291 1200 ad
1322 1145 1639 1201 memoriam
1668 1143 1970 1199 futurorum
1996 1159 2110 1201 ser-

534 1232 711 1286 vanda
728 1245 1065 1301 reponerent.
1083 1235 1289 1303 Quibus
1309 1235 1539 1308 cognitis
1550 1235 1800 1290 omnibus
1820 1234 1974 1291 nefas
1989 1250 2109 1310 esse

534 1321 787 1403 duximus
808 1324 851 1378 si
883 1340 988 1379 non
1023 1326 1396 1399 religiosorum
1425 1326 1729 1397 principum
1768 1327 2105 1381 devotionem

532 1422 852 1482 sequentes,
898 1423 953 1468 et
999 1427 1308 1473 sanctorum
1338 1414 1624 1487 praesulum
1657 1417 1902 1487 exempla
1939 1417 2106 1472 comi-

531 1514 743 1571 tantes,
793 1517 992 1562 nostrte
1036 1508 1297 1564 cessionis
1351 1509 1727 1565 auctoritatem
1778 1509 2105 1564 monasterio

527 1594 768 1651 Corbctze
794 1599 1173 1664 tribueremus,
1199 1615 1267 1653 ne
1293 1599 1384 1669 qui
1420 1600 1580 1668 primi
1624 1607 1845 1670 propter
1883 1608 2103 1670 aposto-

526 1686 645 1747 lica:
673 1689 817 1743 sedis
842 1690 1129 1758 primatum
1162 1691 1214 1744 in
1245 1690 1630 1745 ecclesiasticis
1662 1690 1893 1762 negotiis
1920 1691 2102 1760 dispo-

2208 1078 2330 1136 qure
2366 1075 2640 1117 servorum
2682 1061 2775 1116 Dei
2805 1061 3004 1118 fuerint
3046 1060 3235 1116 usibus
3270 1060 3468 1116 collata
3496 1070 3789 1132 presumat

2207 1153 2552 1225 contingere?
2590 1152 2701 1208 Nec
2724 1161 2941 1208 veretur
2960 1152 3102 1222 quod
3135 1166 3233 1222 per
3262 1152 3588 1222 prophetam
3618 1150 3786 1205 Domi-

2207 1260 2308 1299 nus
2332 1243 2623 1313 exprobrat
2657 1243 3025 1301 sacerdotibus
3052 1243 3240 1299 dicens
3265 1259 3279 1297 :
3309 1240 3520 1312 Rapina
3548 1244 3791 1313 pauperis

2206 1335 2260 1389 in
2298 1334 2536 1388 domibus
2564 1334 2740 1389 uestris
2787 1333 2923 1404 (Isa.
2966 1332 3070 1405 tu).
3113 1332 3385 1402 Pauperes
3412 1332 3561 1387 enim
3592 1331 3789 1389 Christi

2205 1438 2326 1479 esse
2368 1424 2491 1493 quis
2538 1424 2786 1489 nesciat,
2832 1425 2922 1494 qui
2974 1432 3386 1479 contemnentes
3430 1423 3793 1478 substantiam

2205 1515 2409 1579 mundi,
2440 1513 2738 1570 Salvatoris
2766 1515 2935 1571 nostri
2963 1513 3183 1583 vestigia
3203 1498 3495 1569 sectantes
3512 1553 3529 1578 ,
3550 1512 3649 1583 qui
3677 1529 3790 1567 cum

2203 1616 2331 1660 esset
2362 1606 2503 1659 dives
2525 1621 2618 1675 pro
2647 1604 2791 1659 nobis
2814 1621 3011 1675 pauper
3038 1604 3251 1673 eiectus
3276 1612 3351 1658 est
3375 1601 3462 1674 (11
3488 1600 3619 1657 Cor.
3650 1601 3787 1673 rm).

2203 1704 2402 1752 sancta:
2424 1695 3013 1766 professionistitulum
3041 1693 3144 1749 sibi
3167 1693 3386 1747 divitias
3416 1692 3792 1747 arbitrantur?

524 1778 719 1837 nendis
748 1778 976 1834 inveniri
1008 1780 1333 1844 debeamus,
1374 1779 1474 1848 ipsi
1506 1781 1837 1850 posteriores
1861 1782 2099 1855 reperia-
2130 1772 2176 1833 Β
2273 1786 2525 1856 Quisquis
2554 1785 2718 1855 igitur
2739 1783 2940 1854 aliquid
2970 1783 3159 1838 horum
3189 1796 3308 1851 quae
3347 1780 3553 1835 fuerint
3591 1781 3661 1835 ad
3694 1796 3788 1836 ne-

523 1883 679 1932 mur;
706 1877 761 1922 et
790 1869 880 1938 qui
911 1867 977 1923 ad
1005 1885 1284 1925 servorum
1311 1871 1401 1926 Dei
1421 1871 1657 1941 quietem
1686 1875 2100 1943 comparandam

523 1959 734 2015 caeteris
764 1961 1102 2016 auctoritatis
1126 1961 1306 2017 lumen
1333 1972 1593 2032 praestare
1631 1962 1876 2032 exemplo
1919 1970 2102 2017 nostro

518 2050 795 2119 iubemur,
845 2053 1096 2125 loquente
1152 2054 1412 2120 Domino,
1479 2053 1577 2108 Vos
1622 2054 1744 2108 estis
1783 2052 1875 2108 tua:
1920 2053 2101 2107 mundi

523 2137 741 2207 (Matth.
776 2134 881 2211 v),'
928 2140 1026 2212 ipsi
1068 2157 1165 2213 per
1212 2142 1550 2217 negligentia:
1592 2151 1832 2213 teporem
1883 2141 2101 2195 minime

516 2229 644 2285 boni
669 2232 849 2301 operis
872 2231 1133 2301 fulgorem
1170 2234 1291 2289 aliis
1314 2236 1669 2304 praebeamus.

591 2318 708 2388 Qua
758 2321 825 2376 de
872 2338 929 2391 re
972 2326 1187 2379 noverit
1228 2325 1405 2379 omnis
1448 2323 1690 2379 Ecclesia
1714 2321 2012 2379 Galliarum
2045 2332 2101 2379 et

517 2409 804 2467 universus
836 2414 1212 2486 episcoporum
1241 2424 1416 2470 ctetus
1435 2415 1611 2470 eidem
1640 2414 1894 2469 Ecclesia:
1917 2414 2100 2486 ρι’ωεί-

516 2502 791 2569 dentium,
822 2505 966 2575 quod
994 2506 1275 2578 privilegia
1299 2513 1608 2561 sanctorum
1634 2503 1923 2576 pracsulum
1943 2543 1957 2569 ,
1985 2504 2099 2560 sive

516 2606 637 2663 qua:
680 2592 867 2648 diebus
906 2594 1183 2665 antiquis,
1231 2595 1345 2650 sive
1386 2610 1508 2665 quae
1546 2594 1806 2650 moderno
1852 2602 2097 2662 tempore

516 2691 667 2760 gesta
710 2692 867 2751 sunt,
896 2686 1224 2742 monasterio
1259 2685 1533 2751 Corbeim,
1562 2687 1707 2758 quod
1741 2694 1824 2741 est
1849 2694 2095 2740 constru-

514 2784 661 2832 ctum
685 2777 738 2832 in
759 2792 894 2849 pago
916 2777 1264 2835 Ambianensi
1287 2795 1451 2851 super
1475 2779 1695 2835 fluvium
1720 2777 2021 2843 Summam,
2042 2778 2094 2833 in

521 2871 729 2931 honore
756 2880 1067 2927 sanctorum
1092 2873 1454 2946 apostolorum
1475 2872 1615 2928 Petri
1634 2881 1688 2926 et
1710 2870 1883 2936 Pauli,
1903 2878 1957 2924 et
1978 2885 2096 2925 san-

517 2961 594 3016 eti
640 2961 900 3032 Stephani
948 2964 1401 3035 protomartyris,
1458 2961 1711 3035 praesenti
1757 2960 2095 3019 auctoritatis

518 3063 717 3115 nostrtr
747 3053 925 3110 edicto
952 3056 1302 3121 rohoramus;
1334 3057 1387 3111 id
1410 3065 1494 3112 est
1523 3067 1581 3111 ut
1624 3069 1712 3109 res
1740 3052 2091 3119 monasterii,

516 3147 631 3209 sive
678 3161 1013 3217 quaecunque
1059 3163 1091 3202 a
1136 3148 1383 3203 fidelibus
1430 3147 1608 3202 oblata
1652 3145 1855 3202 fuerint
1893 3146 2005 3203 Deo
2040 3154 2093 3200 et

515 3237 921 3308 congregationi
956 3235 1185 3292 fratrum
1222 3238 1419 3293 ibidem
1445 3236 1661 3292 Christo
1691 3235 2094 3301 famulantium,

517 3330 571 3384 in
597 3328 946 3401 dispositione
986 3328 1200 3384 abbatis
1227 3337 1284 3384 et
1326 3328 1553 3383 fratrum
1600 3335 1884 3391 maneant;
1918 3340 2098 3396 neque

515 3423 802 3493 episcopus
841 3420 1249 3482 Ambianensis.
1281 3420 1349 3474 ad
1388 3416 1541 3487 cuius
1590 3416 1870 3473 dioecesim
1914 3430 2097 3469 cceno-

434 3524 453 3531 ’
516 3512 665 3573 bium
701 3509 826 3567 illud
849 3510 1089 3581 respicit,
1113 3509 1314 3585 aliquid
1338 3508 1533 3563 exinde
1554 3513 1866 3579 praesumat,
1890 3513 1983 3558 aut
2002 3505 2099 3559 ali-

514 3603 640 3675 quis
665 3602 1061 3674 episerporum,
1089 3617 1319 3672 quorum
1346 3600 1398 3655 in
1422 3598 1697 3673 parochiis
1722 3613 1807 3651 res
1835 3605 1928 3650 aut
1954 3595 2098 3649 basi-

515 3697 649 3753 licas
678 3696 880 3752 habere
926 3703 1349 3766 cognoscuntur,
1390 3706 1566 3771 neque
1608 3692 1669 3773 in.
1708 3691 1880 3762 agris,
1922 3689 2094 3753 villis,

514 3787 751 3863 praediis,
775 3794 869 3859 apt
895 3785 1066 3857 cellis,
1101 3785 1274 3840 autin
1305 3785 1390 3839 his
1417 3782 1668 3839 omnibus
1688 3797 1808 3853 quae
1835 3780 1902 3835 ad
1927 3779 2017 3850 jus
2045 3788 2097 3834 et

518 3877 941 3935 dominationem
971 3891 1160 3933 eorum
1186 3876 1517 3946 respiciunt,
1544 3881 1635 3929 aut
1658 3875 1942 3945 cpiscopus
1962 3913 1975 3938 ,
2005 3880 2098 3926 aut

516 3983 852 4034 (economus,
885 3983 979 4024 seu
1028 3968 1485 4040 archipresbyter,
1517 3976 1610 4021 aut
1644 3965 2092 4027 archidiaconus,

502 4066 613 4117 .aut
635 4057 864 4129 quilibet
889 4058 1257 4115 ministrorum
1291 4074 1387 4115 seu
1415 4058 1830 4129 prtepositorum
1863 4053 1981 4126 ejus
2003 4064 2097 4108 aut

515 4158 812 4208 conventus
839 4149 1071 4217 faciant,
1114 4158 1210 4206 aut
1245 4150 1491 4206 convivia
1518 4155 1858 4220 praeparent,
1883 4155 1976 4201 aut
1999 4146 2096 4201 ali-

517 4239 645 4315 quid
674 4241 958 4319 potestatis
979 4240 1104 4312 jure
1131 4241 1235 4297 sibi
1265 4239 1560 4305 vindicent,
1588 4248 1682 4294 aut
1720 4240 1939 4310 exigant
1980 4238 2096 4293 vin-

517 4331 765 4387 dicanda.
790 4332 903 4390 Hac
926 4346 1142 4403 quoque
1167 4331 1493 4387 conditionis
1512 4331 1628 4402 lege
1649 4345 1840 4385 omnes
1858 4329 2093 4403 episcopi

2203 1878 2483 1931 ccssitates
2512 1889 2699 1930 eorum
2724 1873 2918 1928 collata
2956 1871 3391 1945 praesumpserit,
3420 1880 3476 1926 et
3499 1862 3615 1927 suis
3641 1887 3788 1927 com-

2203 1966 2376 2020 modis
2400 1964 2747 2035 applicuerit,
2790 1962 3033 2033 rapinam
3064 1961 3117 2015 in
3145 1960 3363 2016 domum
3386 1974 3544 2015 suam
3568 1960 3639 2015 de
3664 1961 3789 2016 sub-

2201 2058 2398 2111 stantia
2426 2055 2678 2129 pauperis
2700 2061 3009 2125 congregat.
3032 2051 3226 2108 Omnia
3256 2064 3471 2121 quoque
3500 2066 3624 2121 quae
3660 2063 3789 2107 sunt

2200 2148 2443 2203 ccclesiis
2461 2146 2640 2200 oblata
2659 2144 2743 2199 vel
2763 2144 3004 2215 delegata
3025 2143 3078 2197 in
3098 2157 3418 2213 pauperum,
3432 2141 3784 2213 pupillorum,

2199 2239 2503 2300 viduarum,
2536 2244 2745 2289 certum
2773 2242 2857 2288 est
2884 2231 3238 2288 necessitates
3278 2230 3567 2285 destinata.
3604 2229 3789 2297 Quare

2198 2326 2444 2398 quisquis
2469 2340 2533 2380 ex
2560 2324 2643 2380 his
2668 2324 2868 2394 aliquid
2898 2323 2952 2378 in
2981 2336 3108 2377 suas
3130 2320 3391 2377 utilitates
3413 2320 3616 2391 exigit,
3640 2320 3787 2391 rapi-

2199 2434 2323 2472 nam
2353 2416 2605 2486 pauperis
2632 2414 2683 2469 in
2713 2416 2931 2470 domum
2952 2429 3105 2471 suam
3132 2423 3443 2488 congestam
3465 2414 3695 2469 detinet.
3718 2413 3789 2468 Et

2197 2507 2484 2578 Apostolus
2512 2507 2622 2561 ait:
2650 2505 2788 2572 Quia
2817 2522 3031 2576 rapaces
3063 2521 3277 2575 regnum
3302 2502 3399 2558 Dei
3420 2519 3527 2558 non
3545 2504 3785 2574 posside-

2199 2601 2324 2656 bunt
2354 2599 2405 2671 (I
2434 2598 2557 2655 Cor.
2588 2599 2685 2671 γι).
2721 2596 2875 2654 Unde
2897 2599 2965 2654 ab
2990 2596 3241 2655 omnibus
3286 2611 3407 2666 quae
3446 2597 3784 2651 monasnerio

2199 2689 2439 2746 Corheite
2468 2689 2692 2753 fuerint,
2718 2687 2802 2743 vel
2830 2687 3008 2743 oblata
3028 2727 3043 2753 ,
3067 2686 3155 2742 vel
3189 2699 3509 2756 quocunque
3540 2684 3783 2756 legitimo

2190 2780 2314 2850 jure
2342 2794 2614 2850 possessa,
2661 2779 2715 2833 in
2758 2779 3029 2849 pecuniis,
3071 2777 3125 2832 in
3158 2777 3335 2848 agris,
3362 2776 3417 2831 in
3444 2776 3698 2847 praediis,
3725 2777 3781 2831 in

2196 2871 2463 2936 domibus,
2489 2871 2541 2925 in
2567 2870 2735 2937 cellis,
2759 2879 2852 2926 aut
2873 2870 3139 2935 ecclesiis,
3162 2868 3293 2924 nihil
3317 2885 3383 2925 ex
3405 2869 3487 2923 eis
3517 2868 3622 2924 sibi
3650 2885 3787 2940 pra!-

2197 2973 2377 3018 sumat
2418 2971 2512 3017 aut
2558 2963 2871 3034 episcopus,
2918 2970 3013 3017 aut
3057 2948 3363 3033 quicunque
3405 2961 3786 3016 ministrorum

2199 3052 2337 3123 ejus,
2362 3069 2429 3109 ne
2450 3064 2643 3109 contra
2669 3062 2910 3109 nostram
2937 3061 2992 3108 et
3011 3053 3275 3124 majorum
3298 3052 3686 3107 auctoritatem
3709 3051 3786 3106 fa-

2201 3146 2372 3212 ciens,
2401 3161 2586 3217 regum
2617 3160 2831 3216 quoque
2860 3145 3075 3200 decreta
3120 3159 3216 3214 per
3258 3158 3545 3201 servorum
3582 3142 3783 3198 Christi

2201 3238 2381 3307 quiete
2402 3236 2692 3292 constituta
2715 3243 3084 3301 contemnens,
3110 3249 3259 3290 reum
3287 3249 3345 3288 se
3367 3232 3544 3288 sancti
3565 3233 3781 3288 concilii

2199 3335 2253 3385 et
2278 3336 2551 3399 perpetuae
2579 3326 2937 3383 damnationis
2959 3323 3174 3380 efﬁciat.

2271 3421 2337 3475 Et
2366 3420 2617 3494 quoniam
2646 3417 2896 3474 monachi
2923 3414 3329 3487 tranquillitatis
3353 3428 3543 3484 pacem
3566 3453 3581 3477 ,
3614 3423 3671 3468 et
3697 3426 3785 3467 se-

2199 3511 2448 3567 curitatis
2470 3511 2640 3566 otium
2680 3509 2879 3564 habere
2906 3507 3136 3573 debent,
3159 3514 3217 3561 ut
3240 3505 3350 3560 Deo
3374 3510 3635 3558 vacantes
3662 3517 3785 3574 pro-

2199 3604 2447 3665 fessionis
2480 3619 2588 3659 suze
2619 3601 2858 3674 regulam
2899 3601 3114 3655 valeant
3157 3592 3475 3661 observare,
3526 3611 3633 3651 nec
3674 3594 3786 3665 epi-

2198 3712 2410 3767 seopus,
2434 3710 2533 3753 nec
2557 3693 2967 3750 archidiaconus
2989 3691 3107 3762 ejus
3128 3690 3386 3745 accedant
3405 3686 3471 3741 ad
3497 3686 3785 3757 praefatum

2199 3788 2608 3852 monasterium,
2645 3801 2745 3841 nec
2769 3799 3049 3841 servorum
3075 3782 3169 3839 Dei
3196 3781 3431 3852 quietem
3463 3777 3785 3849 perturbare

2199 3886 2554 3949 prasnmant;
2588 3876 2699 3951 nisi
2719 3872 2857 3951 forte
2879 3882 2973 3929 aut
3000 3874 3189 3947 abbas,
3220 3879 3313 3927 aut
3337 3869 3533 3927 fratres
3560 3867 3787 3936 alicujus

2198 3969 2446 4024 utilitatis
2475 3954 2644 4039 gratia
2685 3948 2808 4022 eum
2836 3979 3032 4023 vocare
3060 3962 3359 4026 voluerint;
3405 3959 3542 4015 alias
3592 3972 3696 4012 nec
3730 3956 3783 4010 in

2199 4060 2469 4123 abbatem,
2498 4070 2596 4113 nec
2629 4056 2683 4111 in
2714 4056 2946 4127 aliquem
2982 4058 3047 4109 de
3071 4052 3331 4109 fratribus
3355 4050 3653 4121 quidquam
3687 4061 3787 4117 po-

2202 4151 2412 4208 lcstzttis
2443 4150 2703 4212 obtineat,
2735 4163 2909 4218 neque
2932 4161 3030 4218 per
3059 4142 3419 4216 episcopalem
3446 4139 3649 4195 fastum
3689 4138 3788 4192 ali-

2197 4244 2326 4314 quid
2347 4243 2400 4298 in
2422 4257 2515 4298 eos
2534 4242 2583 4297 ei
2610 4241 2801 4306 liceat;
2823 4254 3009 4294 verum
3032 4237 3200 4294 abbas
3226 4233 3519 4290 secundum
3544 4230 3785 4301 regulam

2201 4337 2370 4391 sancti
2395 4333 2670 4389 Benedicti
2698 4331 2848 4404 (Cap.
2867 4330 2956 4403 65)
2982 4329 3204 4385 liberam
3234 4324 3550 4382 monasterii
3577 4324 3661 4379 sui
3693 4322 3789 4377 ba-

522 4439 582 4479 se
606 4423 884 4482 conveniri
918 4423 1187 4489 noverint,
1231 4438 1461 4493 quorum
1512 4421 1797 4494 parochias
1838 4435 1928 4476 res
1965 4418 2096 4477 Cor-
2130 4462 2176 4522 D
2202 4428 2328 4482 beat
2356 4420 2785 4496 potestatem,'et
2812 4420 3061 4483 monachi
3093 4420 3158 4474 ad
3180 4419 3297 4487 ejus
3318 4426 3580 4489 tanquam
3603 4414 3669 4469 ad
3694 4429 3787 4485 pa-

518 4511 754 4567 beiensis
773 4511 1086 4571 monasterii
1108 4513 1374 4583 respicere
1408 4518 1811 4583 cognoscuntur
1836 4527 1848 4563 :
1876 4523 1979 4564 nec
2009 4524 2100 4564 no-

519 4616 677 4667 vum,
706 4615 809 4656 nee
838 4601 1156 4661 inusitatum
1184 4611 1437 4659 causetur
1483 4601 1770 4673 quisquam
1811 4600 1927 4657 fore
1955 4601 2100 4671 quod

519 4693 884 4758 decernimus,
909 4693 1343 4768 quandoquidem
1382 4703 1436 4750 et
1458 4694 1585 4751 huic
1612 4694 1861 4750 coenobio
1886 4701 2102 4748 constat

520 4785 648 4841 olim
666 4787 781 4858 jam
810 4775 915 4842 hoc
939 4802 1253 4844 concessum
1272 4828 1289 4853 ,
1324 4796 1378 4843 ct
1407 4780 1601 4843 multis
1622 4786 1742 4842 aliis
1777 4801 1882 4840 non
1927 4784 2100 4839 solum

520 4878 575 4933 in
597 4877 768 4934 Gallia
788 4877 871 4933 vel
895 4879 948 4939 in
975 4878 1146 4945 ltalia,
1176 4893 1361 4934 verum
1393 4886 1503 4937 toto
1526 4884 1791 4933 terrarum
1819 4876 1969 4938 orbe,
1995 4890 2102 4930 non

520 4971 696 5029 solum
738 4973 1160 5037 monachorum,
1194 4954 1800 5031 verum'canonicorum
1829 4978 2104 5023 monaste-

521 5062 653 5131 riis,
688 5062 960 5134 hodieque
1002 5061 1366 5137 conspicimus
1398 5075 1622 5119 manere
1662 5059 1929 5118 indultum
1979 5076 1990 5113 :
2048 5069 2104 5115 et

522 5171 861 5228 unaquaeque
909 5155 1139 5213 ecclesia
1183 5154 1346 5213 debet
1384 5167 1604 5209 manere
1646 5151 1760 5207 suis
1805 5150 2103 5223 privilegiis

521 5256 808 5314 eculeum,
846 5265 948 5305 nec
987 5250 1055 5303 ab
1093 5238 1197 5304 alia
1248 5245 1399 5320 [alio]
1447 5244 1669 5316 pervadi
1700 5243 1783 5302 vel
1820 5244 2098 5316 usurpari,

521 5341 667 5414 quod
695 5340 919 5397 alterius
943 5338 1076 5408 iuris
1109 5354 1229 5396 esse
1254 5337 1604 5409 conspicitur.

590 5430 837 5505 Quoque
860 5431 1157 5493 Galliarum
1186 5427 1519 5502 permaxime
1561 5425 1820 5484 ecclesias
1866 5424 2104 5480 ﬁdelium

522 5525 903 5589 cellatiouibus
931 5543 963 5587 a
990 5526 1101 5583 Deo
1125 5532 1337 5583 constet
1361 5538 1482 5580 esse
1507 5523 1736 5586 ditatas,
1761 5528 1818 5574 ut
1844 5533 2004 5575 nemo
2036 5518 2108 5573 sit

525 5617 640 5680 fere
669 5619 1042 5691 episcoporum
1068 5660 1082 5682 ,
1113 5618 1198 5674 cui
1241 5632 1352 5673 sure
1396 5624 1642 5686 sumptus
1681 5611 1925 5669 ecclesiae
1971 5609 2104 5665 satis

526 5720 795 5785 vincique
821 5726 926 5765 non
956 5708 1219 5766 subiciant
1239 5749 1253 5774 ,
1279 5705 1430 5775 cujus
1460 5706 1631 5779 gratia
1663 5701 2102 5765 necessitudinis,

2202 4516 2365 4572 storis
2391 4514 2472 4570 sui
2497 4512 2832 4570 selummodo
2856 4511 3149 4582 respiciant
3174 4507 3623 4581 gubernationem
3642 4547 3658 4572 ,
3686 4521 3787 4561 nec

2202 4605 2506 4678 episcopale
2552 4603 2912 4660 ministerium
2958 4600 3160 4671 aliquid
3213 4599 3434 4655 ditionis
3478 4613 3646 4668 snper
3694 4613 3789 4653 eos

2203 4698 2445 4753 obtineat
2471 4694 2655 4768 (lbid.‘,
2674 4711 2719 4748 c.
2747 4693 2823 4765 2).
2847 4691 3111 4762 Quoniam
3134 4706 3256 4747 cum
3278 4690 3446 4744 abbas
3466 4689 3618 4745 vices
3637 4686 3790 4743 Chrio

2204 4789 2276 4844 sti
2312 4788 2366 4842 in
2396 4785 2728 4841 monasterio
2766 4786 3006 4840 creditur
3043 4797 3234 4854 agere,
3274 4780 3512 4851 pastoris
3551 4778 3786 4834 ofﬁcium

2206 4895 2369 4950 super
2397 4877 2630 4933 creditas
2665 4875 2766 4931 sibi
2805 4890 2936 4930 oves
2978 4873 3175 4928 habere
3202 4870 3587 4944 cognoscitur:
3622 4878 3788 4943 utque

2206 4965 2623 5040 dispensationis
2652 4980 2762 5020 sua:
2803 4963 3161 5018 ministerium
3197 4973 3454 5015 exercere
3493 4959 3787 5028 praevaleat

2205 5062 2395 5132 digne,
2418 5057 2618 5114 nullius
2662 5057 2822 5113 debet
2857 5053 3161 5125 perturbari
3186 5060 3454 5122 potestate
3478 5048 3783 5116 subjectus.

2206 5152 2299 5210 sed
2327 5152 2395 5209 ab
2424 5150 2570 5207 omni
2602 5147 2897 5220 episcopali
2924 5147 3060 5205 liber
3084 5143 3470 5211 dominatione,
3512 5139 3785 5195 Christum

2206 5241 2578 5301 tantummodo
2599 5238 2837 5311 judiccm
2868 5235 3149 5297 sustineat,
3172 5233 3256 5289 cui
3286 5231 3598 5286 redditurus
3619 5237 3702 5284 est
3720 5227 3787 5282 de

2211 5336 2433 5393 creditis
2455 5332 2556 5389 sibi
2578 5331 2768 5387 ovibus
2800 5329 3085 5387 rationem.
3113 5323 3453 5395 Quapropter
3474 5319 3653 5375 modis
3675 5332 3785 5375 om-

2211 5427 2371 5481 nibus
2390 5420 2707 5487 statuimus;
2732 5428 2793 5474 ut
2812 5419 3096 5491 episcopus
3116 5415 3378 5469 adventus
3397 5410 3478 5465 sui
3501 5408 3786 5480 pra'senlia

2212 5513 2525 5572 monasterii
2552 5510 2995 5581 tranquillitatem
3026 5523 3131 5562 non
3160 5505 3442 5575 inquietet,
3466 5516 3569 5556 nec
3589 5497 3785 5570 aliquid

2213 5607 2266 5662 in
2297 5621 2363 5662 eo
2391 5603 2679 5675 episcopali
2706 5610 2971 5672 potestate
2995 5599 3171 5655 facere
3196 5604 3507 5670 przesumat,
3545 5608 3645 5648 nec
3682 5591 3785 5646 fra-

2215 5697 2387 5753 tribus
2417 5704 2507 5750 aut
2535 5694 2715 5750 abbati
2745 5692 2907 5748 ullam
2938 5691 3265 5755 molestiam,
3288 5696 3377 5743 aut
3406 5681 3786 5759 inquietudinis
