4078 6340
263 403 368 460 607

1701 389 2080 446 EPISTOLAZ.

3417 393 3520 450 698

263 513 726 586 perturbationem
755 511 982 580 ingerat.
1007 505 1160 574 Quod
1187 505 1230 560 si
1257 503 1456 560 violare
1485 515 1838 572 prtesumpse-
1865 505 1911 560 Α
1941 503 2050 556 vini
2073 501 2214 571 juris
2239 505 2430 560 noxius
2457 513 2688 568 tenetur,
2723 515 2772 560 et
2809 521 2914 560 non
2947 505 3120 560 solum
3161 517 3396 580 raptoris
3425 517 3522 564 aut.

267 606 361 670 rit,
391 619 498 658 non
525 601 758 673 pastoris
785 597 1050 664 cilicium,
1087 595 1182 652 sed
1219 593 1486 648 eversoris
1523 599 1684 662 atque
1713 605 1840 646 con-

265 695 564 750 turbatoris
585 691 844 748 Dominici
865 689 1040 760 gregis
1061 686 1270 742 noverit
1295 701 1354 740 se
1375 683 1582 754 agitare
1605 681 1844 752 tyranni-

263 785 390 842 dem
417 803 430 840 :
461 801 522 838 ac
549 799 644 854 per
671 783 774 836 hoc
805 795 908 834 non
937 785 992 830 ιιι
1017 785 1204 846 pastor
1225 773 1600 844 suscipiendus
1619 811 1632 832 ,
1655 783 1840 824 verum

267 885 530 946 tanquam
561 873 716 942 lupus
739 863 962 926 ab'ovili
991 866 1192 922 Christi
1223 863 1598 926 removendus,
1621 859 1844 916 damna-

267 965 434 1020 tionis
475 979 584 1018 suae
625 977 814 1032 poenas
859 957 1218 1014 auathematis
1263 969 1519 1008 mucrone
1555 965 1845 1022 percussus

267 1057 520 1126 excipiat.
553 1054 754 1108 Aitaria
781 1066 910 1106 vero
927 1065 1020 1104 seu
1043 1046 1294 1102 basilicas
1319 1045 1372 1098 in
1397 1043 1726 1100 monasterio
1753 1057 1842 1096 ro-

267 1157 442 1218 gatus-
459 1145 528 1200 ab
555 1145 748 1198 abbate
775 1157 876 1210 pro
901 1137 1100 1194 Christi
1129 1135 1348 1190 nomine
1373 1141 1654 1190 consecret
1685 1139 1848 1200 atque

267 1235 576 1292 benedicat.
591 1231 838 1288 Chrisma
855 1243 1066 1298 quoque
1081 1227 1195 1280 sive
1207 1225 1646 1280 sanctiﬁcationis
1667 1223 1844 1278 oleum

267 1327 494 1396 singulis
521 1325 676 1380 annis
713 1323 968 1394 praebeat.
1003 1319 1112 1374 Sed
1137 1317 1236 1374 etsi
1259 1333 1418 1386 quem
1441 1317 1656 1388 petierit
1679 1315 1846 1370 abbas

267 1425 360 1470 aut
381 1415 448 1468 de
475 1413 752 1468 monachis
789 1417 884 1464 aut
917 1409 982 1462 de
1027 1407 1303 1462 canonicis
1351 1405 1576 1462 suis'ad
1611 1405 1846 1474 aliquem

267 1507 494 1576 gradum
537 1501 968 1558 ecclesiasticum
1029 1495 1490 1560 consecrandum,
1539 1493 1848 1550 nullatenus

267 1595 622 1660 contradicat,
661 1595 766 1648 nisi
813 1593 952 1648 forte
980 1591 1026 1646 is
1063 1605 1162 1660 pro
1201 1604 1308 1658 quo
1343 1589 1566 1658 petitur,
1601 1587 1850 1656 indiguus

269 1687 362 1742 tali
387 1687 594 1740 honore
621 1684 864 1739 veritatis
893 1682 1200 1738 testimonio
1225 1680 1656 1750 deprehendatur
1677 1693 1850 1748 aquo-

265 1777 414 1832 niam
439 1777 576 1832 sicut
597 1775 790 1830 divina:
811 1773 1200 1830 benedictionis
1221 1777 1616 1826 sacramentum
1639 1779 1726 1824 aut
1749 1783 1848 1838 pro

1945 594 2250 662 pervaseris
2269 595 2516 660 crimine,
2537 609 2720 650 verum
2745 595 2908 650 etiam
2933 597 3200 668 sacrilegii
3224 607 3352 654 nota
3375 599 3522 656 dam-

1949 686 2178 750 nandus,
2205 687 2412 742 caelesti
2433 685 2636 754 judicio
2661 687 3026 744 muletabitur.

2021 779 2170 834 Unde
2196 779 2462 850 magniﬁci
2489 779 2758 850 principes
2793 781 3028 850 cogitent
3067 789 3270 851 quanto
3313 796 3372 838 se
3416 781 3526 838 cri-

1949 868 2096 922 mine
2133 879 2260 922 ante
2299 879 2644 938 conspectum
2685 869 2878 924 divina:
2913 869 3212 940 majestatis
3265 871 3520 942 obligent,

1949 957 2038 1026 qui
2089 973 2176 1012 res
2225 957 2334 1012 Deo
2377 959 2602 1012 traditas
2647 959 2924 1024 invadere,
2963 967 3018 1014 ct
3049 961 3116 1016 ab
3147 961 3524 1018 ecclesiasticis

1949 1047 2134 1100 usibus
2187 1047 2240 1100 in
2287 1061 2412 1102 suas
2465 1047 2722 1102 utilitates
2751 1057 3066 1104 convertere
3109 1067 3216 1106 non
3257 1059 3522 1108 metuunt.

1951 1137 2008 1192 Si
2045 1153 2170 1194 vero
2197 1139 2528 1208 privatorum
2567 1141 2816 1208 quamvis
2861 1141 3218 1212 ingenuorum
3247 1143 3526 1198 hominum

1951 1235 2130 1286 tamen
2159 1228 2528 1296 possessiones
2571 1227 2768 1298 injuste
2799 1231 3156 1300 pervaserint,
3205 1239 3364 1302 atque
3407 1231 3524 1288 vio-

1951 1319 2128 1372 lenter
2175 1318 2516 1384 abstulerint,
2559 1335 2666 1374 non
2703 1335 2878 1392 reges,
2921 1321 2974 1378 id
3011 1331 3116 1388 est,
3149 1321 3280 1392 justi
3313 1331 3368 1378 et
3411 1339 3530 1378 mo-

1951 1412 2112 1478 desti,
2143 1413 2236 1468 sed
2267 1413 2502 1484 tyranni,
2533 1413 2582 1468 id
2605 1423 2706 1480 est,
2741 1415 2988 1472 crudeles
3021 1425 3078 1472 et
3121 1417 3294 1488 iniqui
3329 1433 3528 1474 vocan—

1953 1512 2040 1558 tur
2068 1512 2124 1558 et
2163 1491 2610 1576 habenturz'quo
2653 1507 2892 1572 nomine,
2937 1525 3114 1580 quove
3153 1511 3358 1566 honore
3397 1527 3520 1566 cen-

1949 1597 2100 1652 sendi
2129 1607 2278 1664 sunt,
2303 1599 2394 1668 qui
2411 1599 2644 1654 divinam
2673 1599 3062 1668 hacreditatem,
3091 1603 3144 1656 id
3169 1611 3254 1658 est
3277 1603 3530 1658 Ecclesia:

1951 1691 2150 1746 Christi
2195 1693 2590 1760 possessionem
2643 1691 2838 1760 injuste
2877 1693 3156 1758 invadunt,
3185 1703 3238 1750 et
3267 1695 3531 1750 violenter

1953 1783 2236 1838 auferunt?
2267 1785 2408 1838 unde
2439 1783 2553 1838 lucc
2581 1783 2876 1854 cogitantes
2911 1785 3008 1840 {alii
3037 1787 3208 1841 nostri
3241 1787 3530 1857 religiosis-

267 1867 442 1940 gratia
471 1867 660 1938 largiri
693 1867 945 1936 cuiquam
971 1881 1076 1920 non
1095 1867 1258 1944 decet
1285 1865 1532 1934 indigno,
1571 1863 1644 1918 ita
1679 1863 1846 1932 gratis

1953 1873 2074 1928 simi
2097 1873 2388 1944 principes,
2413 1887 2502 1928 res
2523 1873 2832 1928 monasterii
2871 1873 3216 1930 Corbcieusis
3245 1875 3532 1930 inviolatus

267 1939 428 2016 debet
451 1957 696 2014 exhiberi
723 1957 896 2027 dignis
917 1996 934 2022 ,
963 1939 1106 2010 sicut
1133 1953 1382 2010 SalvatOr
1409 1953 1486 2008 ait
1512 1971 1524 2006 :
1555 1951 1732 2008 Gratis
1757 1969 1844 2006 ac-

267 2053 506 2122 cepistis,
525 2051 690 2120 gratis
715 2051 836 2104 date
863 2048 1078 2120 (Matth.
1109 2047 1186 2120 ιι).

337 2143 634 2198 Electiouis
679 2150 858 2196 autem
907 2139 1244 2210 privilegium
1277 2147 1336 2194 ut
1373 2139 1606 2194 habeant
1649 2137 1845 2192 fratres

265 2235 508 2308 ejusdem
535 2231 846 2288 monasterii
869 2232 1230 2290 decernimus.
1265 2231 1318 2284 id
1347 2239 1430 2286 est
1455 2239 1514 2284 ut
1553 2245 1844 2300 quemcun-

265 2343 372 2398 que
407 2329 476 2383 de
503 2343 562 2382 se
595 2329 756 2398 ipsis,
786 2329 876 2398 qui
907 2329 978 2382 sit
1009 2327 1336 2382 monachica:
1361 2326 1738 2396 professionis,
1771 2325 1848 2380 di-

267 2437 406 2490 gnus
423 2431 598 2476 tamen
621 2421 872 2492 pastorali
891 2421 1226 2490 prtelationc,
1243 2419 1508 2475 voluerint
1526 2419 1746 2490 eligere,
1763 2433 1848 2472 se-

267 2513 502 2568 cundum
531 2513 828 2583 regularem
853 2513 1248 2574 auctoritatem,
1271 2519 1592 2580 potestatem
1613 2509 1846 2564 habeant

269 2605 522 2676 eligendi.
557 2607 622 2660 Et
652 2621 812 2676 super
847 2607 948 2660 hoc
993 2617 1276 2660 monentes
1323 2603 1670 2658 obsecramus
1705 2601 1846 2655 ﬁlios

269 2709 488 2753 nostros
535 2699 796 2770 gloriosos
825 2697 1160 2758 Lotharium,
1203 2695 1554 2756 Ludovicum,
1599 2693 1846 2748 Carolum

267 2791 566 2861 Angustum
595 2791 908 2862 [_Augustos,
937 2806 1002 2842 ea:
1029 2787 1234 2842 schcdts
1263 2783 1724 2856 Mss.Labbcanis]
1743 2825 1757 2848 ,
1789 2793 1850 2838 ut

267 2881 410 2934 sicut
443 2881 816 2935 memorabiles
844 2879 1054 2948 augusti
1085 2887 1296 2948 genitor
1329 2889 1382 2932 et
1405 2893 1536 2930 avus
1561 2891 1768 2940 eorum,
1795 2883 1850 2930 et

267 2973 476 3042 priores
527 2981 650 3027 ante
695 2989 754 3027 se
807 2987 960 3042 reges
1003 2971 1334 3024 Francorum
1375 2969 1548 3026 eidem
1601 2967 1848 3024 coenobio

267 3071 654 3116 concesserunt
682 3061 908 3132 eligendi
937 3063 1002 3115 de
1029 3059 1338 3130 semetipsis
1361 3059 1610 3114 abbatem
1633 3099 1649 3124 ,
1687 3061 1848 3126 atqu'e

269 3153 370 3222 ipsi
403 3153 516 3208 suis
541 3154 824 3224 przeccptis
855 3155 957 3208 hoc
983 3153 1125 3208 idem
1159 3161 1488 3216 sanxerunt,
1531 3153 1600 3206 ita
1635 3167 1848 3222 quoque

267 3259 596 3298 conservare
634 3243 748 3298 suis
791 3243 1122 3312 temporibus
1163 3259 1262 3312 pro
1289 3241 1488 3296 Christi
1534 3257 1716 3296 amore
1763 3241 1847 3294 diu

267 3343 522 3404 guentur,
553 3343 606 3388 et
630 3335 996 3390 conservanda
1031 3335 1306 3405 perpetuis
1341 3333 1530 3388 diebus
1573 3333 1848 3388 teternita-

267 3427 342 3480 tis
369 3441 480 3480 suae
511 3427 716 3497 legibus
746 3427 1110 3492 constituant;
1137 3433 1198 3478 ut
1227 3425 1350 3478 dum
1387 3423 1602 3480 famulis
1645 3423 1848 3479 Christi

265 3519 570 3574 libertatem
593 3521 872 3574 electionis
891 3519 1280 3580 concesserint,
1304 3529 1358 3572 et
1383 3533 1698 3572 concessam
1729 3533 1844 3570 ser-

267 3629 400 3668 vare
425 3613 748 3676 studuerint,
777 3621 832 3668 ct
859 3613 1140 3684 praesentis
1167 3613 1290 3666 vita:
1321 3627 1564 3681 regnum,
1605 3619 1660 3664 et
1705 3625 1850 3664 sem-

265 3701 494 3772 piternae
519 3701 864 3758 beatitudinis
889 3702 1112 3774 gloriam
1137 3717 1166 3756 a
1191 3703 1418 3756 Domino
1441 3703 1536 3770 ipsi
1567 3701 1848 3770 percipere

269 3803 600 3848 recreantur.
629 3795 804 3864 Atque
831 3795 972 3864 quod
1014 3803 1124 3884 est.
1143 3803 1234 3848 aut
1281 3795 1428 3864 regio
1455 3809 1680 3848 munt-re
1701 3835 1714 3858 ,
1759 3803 1852 3846 aut

267 3883 506 3940 ﬁdelium
541 3885 824 3939 devotione
849 3885 914 3940 ad
947 3885 1086 3938 idem
1114 3883 1426 3940 coenobium
1457 3883 1566 3940 Deo
1603 3883 1846 3938 tantulis-

265 3993 374 4048 que
429 3975 546 4046 ejns
590 3979 824 4032 oblatum
845 4020 858 4042 ,
897 3993 998 4032 nec
1029 3979 1128 4046 ipsi
1155 3977 1436 4042 auferant,
1469 3993 1570 4032 nec
1597 3977 1732 4031 alios
1756 3993 1850 4030 au-

267 4069 412 4124 ferre
441 4069 770 4138 permittant.
805 4069 1066 4136 Quoniam
1097 4069 1246 4124 val-ie
1276 4069 1478 4140 justum
1511 4079 1722 4123 constat
1763 4075 1848 4120 at-

265 4175 372 4230 que
403 4159 742 4230 religiosum,
791 4169 848 4213 ut
887 4161 974 4230 qui
1009 4177 1036 4212 a
1069 4159 1294 4212 Domino
1323 4167 1636 4212 meruerunt
1677 4155 1850 4226 perci-

267 4267 398 4320 pere
445 4249 592 4320 regui
637 4251 925 4312 honorem,
979 4251 1076 4318 ipsi
1125 4249 1233 4302 Deo
1279 4255 1602 4302 conservent
1633 4245 1772 4314 quod
1801 4245 1848 4298 ei

267 4339 522 4394 collatum
571 4347 654 4394 est
689 4341 772 4408 pia
822 4339 1154 4394 credentinn't
1203 4337 1524 4400 devotione;
1579 4345 1634 4390 et
1677 4335 1768 4406 qui
1821 4351 1849 4388 a

267 4429 487 4484 Christo
523 4429 682 4498 regali
733 4427 1126 4498 magni-licentia
1176 4429 1378 4498 praelati
1429 4435 1554 4482 sunt
1601 4427 1848 4490 caeteris,

267 4517 370 4588 ipsi
399 4517 612 4572 famulis
635 4517 834 4573 Christi
863 4519 1094 4588 eligendi
1131 4517 1230 4572 sibi
1271 4525 1538 4586 pastorem
1575 4533 1678 4572 non
1703 4515 1852 4570 aufe—

269 4619 396 4664 rant
421 4609 744 4664 libertatem.
771 4609 904 4664 Nam
947 4611 1070 4679 quis
1115 4609 1326 4680 ignorat
1373 4607 1458 4662 illa
1489 4623 1610 4676 qua:
1653 4608 1846 4662 collata

267 4709 398 4756 sunt
429 4701 536 4756 Deo
565 4717 662 4770 per
685 4701 916 4754 fidelium
947 4717 1139 4754 manus
1159 4742 1172 4764 ,
1215 4701 1480 4754 divinitati
1527 4697 1848 4768 possidenda

269 4789 600 4860 consignari,
637 4799 694 4846 et
727 4791 794 4844 ab
823 4791 1062 4844 humano
1087 4791 1208 4860 jure
1235 4791 1286 4844 in
1321 4787 1412 4858 jus
1449 4791 1690 4844 divinum
1723 4803 1850 4844 eon-

269 4883 412 4944 cedi,
429 4897 526 4936 nec
541 4883 704 4936 etiam
723 4881 1002 4936 hominum
1025 4881 1372 4936 dominationi
1391 4895 1548 4950 posse
1567 4877 1850 4935 transcribi

267 4975 412 5043 quod
443 4981 656 5028 constat
685 4973 974 5028 divinitatis
1001 4974 1338 5042 possessione
1367 4973 1534 5028 semel
1575 4973 1688 5030 fore
1717 4989 1852 5028 con-

269 5065 606 5120 tradictum?
635 5065 788 5120 Unde
819 5067 1066 5134 quisquis
1107 5081 1166 5120 ea
1197 5067 1278 5120 sui
1321 5067 1460 5134 juris
1497 5065 1846 5122 dominationi

269 5163 500 5209 conatur
539 5155 776 5228 adjungi,
807 5155 1044 5216 alterius,
1091 5157 1140 5210 id
1187 5165 1270 5210 est
1313 5157 1402 5210 Dei
1429 5159 1566 5228 juris
1595 5173 1848 5227 pervase-

271 5261 388 5298 rem
423 5255 628 5300 certum
659 5255 740 5300 est
785 5245 898 5300 fore
935 5261 1080 5300 cum.
1129 5245 1338 5300 Etenim
1389 5249 1432 5302 si
1475 5249 1596 5318 quis
1625 5247 1851 5316 alicujus

271 5333 508 5390 hominis
555 5337 944 5406 possessionem
997 5353 1096 5406 per
1145 5339 1450 5394 violentiam
1483 5339 1584 5394 sibi
1626 5349 1852 5394 conatus

273 5427 438 5484 fuerit
465 5413 727 5498 usurpare
749 5469 762 5492 ,
797 5443 922 5482 reus
955 5429 1152 5497 publici
1177 5427 1316 5494 juris
1357 5427 1606 5493 ellicitur,
1651 5437 1706 5484 et
1733 5437 1854 5482 tan-

269 5535 436 5590 quam
479 5529 662 5590 raptor
708 5529 762 5574 et
809 5537 1068 5590 pet-vasor
1109 5521 1439 5574 luereditatis
1477 5521 1666 5576 alienae
1695 5521 1852 5590 legali

261 5609 472 5682 judicio
499 5611 796 5682 puniendus
825 5609 1122 5678 subjicitur.
1157 5609 1320 5666 Multo
1347 5613 1516 5682 magis
1547 5613 1708 5684 igitur
1737 5613 1854 5684 qni-

269 5719 488 5774 cunquc
531 5721 616 5760 res
647 5703 758 5760 Deo
785 5713 1130 5760 consecratas
1169 5705 1220 5758 in
1243 5705 1332 5774 jus
1361 5721 1470 5760 suae
1497 5707 1852 5776 possessionis

269 5793 642 5858 trans-fuderit,
679 5809 782 5848 non
813 5793 1030 5850 humani
1065 5803 1268 5850 tantum
1291 5835 1304 5862 ,
1347 5811 1532 5848 verum
1577 5797 1740 5850 etiam
1773 5797 1848 5850 di-

1947 1963 2322 2032 illihatasque,
2383 1973 2638 2033 tanquam
2715 1977 2866 2018 sacra
2933 1963 3166 2036 [sacrae]
3235 1965 3532 2020 divinitatis

1945 2055 2272 2120 custodiant,
2307 2071 2406 2112 nec
2435 2055 2534 2126 ipsi
2575 2071 2668 2112 eas
2715 2055 2980 2120 tollentes,
3033 2073 3134 2112 nec
3163 2057 3234 2112 ab
3269 2057 3390 2112 aliis
3433 2072 3530 2110 au-

1947 2145 2074 2200 ferri
2125 2145 2384 2212 sinentes,
2433 2154 2492 2200 ut
2535 2155 2662 2202 ante
2713 2155 3064 2218 conspectum
3119 2149 3334 2218 superni
3391 2149 3534 2219 regis

1945 2239 2088 2308 quod
2127 2237 2378 2293 dicuntur
2411 2243 2628 2294 nomine
2673 2255 2828 2310 reges
2857 2241 3052 2298 merito
3081 2250 3442 2308 censeantur;
3471 2249 3532 2296 ut

1947 2331 2072 2386 dum
2099 2331 2212 2386 Deo
2237 2347 2356 2400 quae
2391 2347 2488 2386 sua
2523 2341 2646 2386 sunt
2681 2333 3010 2398 custodiunt,
3035 2333 3115 2388 eis
3143 2349 3174 2388 a
3207 2335 3318 2389 Deo
3347 2341 3402 2388 et
3425 2341 3534 2388 ter-

1947 2423 2064 2476 reni
2117 2423 2264 2490 regni
2313 2423 2648 2492 principatus
2697 2425 3052 2490 custodiatur,
3091 2433 3148 2478 et
3187 2425 3530 2495 sempiterna:

1949 2511 2298 2566 beatitudinis
2335 2527 2536 2566 corona
2573 2513 2864 2568 tribuatur.

2020 2603 2360 2672 Quapropter
2391 2613 2676 2660 monentes
2701 2619 2794 2660 eos
2835 2605 3136 2670 hortamur,
3171 2607 3230 2662 ut
3277 2615 3386 2662 tam
3431 2623 3528 2662 sua

1951 2707 2108 2762 quam
2133 2694 2372 2762 priorum
2399 2695 2698 2764 principum
2727 2711 2982 2750 concessa
3009 2697 3320 2752 inconvulsa
3347 2707 3532 2754 custo-

1951 2783 2174 2846 dientes,
2221 2783 2532 2852 pontiﬁcum
2563 2799 2776 2854 quoque
2825 2795 3118 2856 nostraque
3155 2789 3370 2843 decreta
3411 2787 3532 2842 nul-

1949 2873 2160 2928 laleuus
2215 2875 2654 2942 prtevaricantes,
2711 2879 3042 2932 monasterio
3091 2879 3376 2946 Stepcdieto
3425 2877 3530 2932 ele-

1951 2969 2144 3023 ctionis
2169 2969 2502 3038 privilegium
2527 2978 2632 3022 tam
2657 2969 2768 3024 suis
2787 2985 2946 3038 quam
2973 2969 3168 3024 futuris
3193 2971 3528 3038 temporibus

1951 3067 2008 3112 et
2033 3067 2268 3122 servent,
2297 3067 2350 3112 ct
2377 3059 2640 3112 servanda
2687 3061 2982 3116 sanctionis
3019 3069 3296 3130 perpetuae
3325 3059 3530 3115 stabili-

1953 3159 2064 3204 tate
2115 3150 2428 3226 decernant.
2489 3149 2742 3206 Veritatis
2797 3153 2998 3206 ctcnim
3049 3167 3182 3208 voce
3249 3153 3525 3216 docemur,

1951 3241 2204 3310 quoniam
2235 3243 2280 3296 si
2307 3243 2421 3312 quis
2461 3243 2518 3296 in
2563 3241 2696 3296 ovile
2731 3241 2926 3296 Christi
2959 3259 3060 3297 non
3095 3259 3186 3313 per
3216 3243 3406 3296 ostium
3443 3243 3528 3296 in-

1951 3333 2206 3402 greditur,
2247 3333 2336 3386 scd
2391 3331 2604 3386 aliunde
2647 3333 2902 3396 ascendit,
2949 3335 3030 3386 hic
3078 3333 3165 3400 {ur
3203 3342 3356 3386 estet
3391 3331 3527 3386 latro

1953 3425 2132 3494 (Jama.
2161 3425 2236 3490 κ),
2265 3435 2318 3478 ct
2351 3425 2470 3480 talis
2499 3443 2602 3480 non
2639 3425 2904 3480 Dotniuici
2937 3427 3114 3496 gregis
3155 3425 3402 3488 salutem,
3431 3425 3526 3478 sed

1951 3531 2048 3570 sua
2097 3517 2266 3580 lucra,
2305 3533 2408 3570 non
2457 3525 2516 3572 ut
2559 3517 2750 3582 salvet,
2783 3517 2876 3572 sed
2913 3527 2970 3572 ut
3015 3519 3226 3588 perdat,
3279 3515 3524 3586 requirit.

1953 3606 2102 3662 Ovile
2133 3621 2308 3662 autem
2339 3607 2540 3662 Christi
2573 3609 2688 3664 fore
2725 3609 3004 3678 collegium
3041 3617 3282 3664 sanctum
3339 3623 3526 3662 moua-
3597 3603 3604 3610 ’

1951 3695 2198 3760 chorum,
2223 3697 2400 3752 nullus
2427 3697 2770 3766 prudentium
2801 3699 3032 3752 dubitat.
3061 3699 3116 3752 lu
3141 3699 3240 3752 hoc
3267 3697 3406 3752 ovile
3427 3713 3524 3766 per

1951 3791 2144 3844 ostium
2199 3791 2516 3862 ingreditur,
2561 3791 2776 3860 quando
2821 3807 2916 3862 per
2961 3791 3240 3846 electionis
3279 3789 3524 3846 ordinem

1953 3885 2246 3936 secundum
2283 3885 2582 3952 regularem
2633 3887 3070 3940 constitutionem
3105 3885 3298 3954 aliquis
3339 3893 3526 3952 pasto-

1955 3975 2066 4030 rale
2101 3977 2458 4030 ministerium
2503 3977 2726 4030 sortitur
2757 3995 2770 4031 :
2803 3979 2894 4046 qui
2925 3993 3054 4032 vero
3095 3977 3240 4048 regia
3285 3975 3530 4030 domina-

1955 4067 2116 4120 tionis
2147 4075 2412 4135 potestate
2437 4065 2706 4130 sutl'ultus,
2741 4077 2796 4122 et
2825 4083 2928 4122 non
2959 4083 3056 4138 per
3083 4067 3364 4122 electionis
3412 4081 3532 4136 gra-

1953 4157 2084 4210 tiam
2123 4171 2284 4224 super
2333 4157 2662 4211 dominicum
2715 4173 2931 4228 gregem
2981 4159 3272 4228 primatum
3321 4157 3530 4224 arripit,

1955 4249 2044 4302 hic
2091 4265 2193 4302 non
2241 4259 2444 4317 pastor,
2489 4249 2540 4302 il
2582 4259 2665 4302 est
2709 4249 2942 4304 vicarius
2981 4249 3202 4313 Christi,
3243 4249 3334 4303 sel
3367 4247 3454 4302 fur
3480 4257 3536 4302 et

1952 4341 2092 4394 latro
2141 4355 2258 4394 esse
2295 4343 2668 4410 cognoscitur;
2711 4357 2808 4395 nec
2843 4349 2898 4394 ut
2938 4341 3262 4394 dominicum
3314 4355 3531 4410 gregem

1955 4435 2240 4500 custodiat,
2265 4437 2358 4490 sed
2383 4445 2442 4490 ut
2465 4437 2652 4506 perdat
2677 4445 2730 4490 et
2753 4435 2978 4504 dissipet
3003 4437 3204 4490 intrare
3235 4435 3534 4504 deprehen—

1955 4527 2120 4580 ditur.
2159 4525 2312 4580 linz‘lc
2339 4527 2584 4596 quisquis
2611 4527 2658 4580 ei
2697 4527 2980 4596 potestatis
3025 4527 3180 4596 hujus
3211 4525 3400 4580 tribuit
3441 4525 3536 4578 do-

1953 4617 2326 4680 minationem,
2363 4619 2430 4670 de
2473 4625 2646 4672 morte
2677 4627 2948 4672 tantarum
2997 4617 3298 4670 animarum
3353 4615 3402 4668 in
3447 4613 3534 4668 die

1947 4707 2134 4776 judicii
2177 4723 2300 4762 rcus
2341 4709 2694 4778 judicabitur,
2719 4707 2938 4778 quantis
2971 4707 3060 4762 hic
3107 4721 3202 4776 per
3249 4705 3534 4776 pravitatis

1953 4799 2198 4869 exempla
2219 4815 2380 4853 causa
2415 4799 2514 4852 fuit
2539 4799 2880 4868 perditionis.

2025 4889 2140 4954 Qua
2163 4889 2228 4942 de
2253 4905 2330 4956 re,
2365 4889 2580 4958 gloriosi
2621 4889 2890 4960 principes
2923 4889 3248 4944 monasterio
3279 4887 3404 4942 huic
3425 4885 3534 4940 elc-

1955 4981 2152 5036 ctionis
2179 4981 2584 5050 prterogativam
2611 4983 2910 5046 concedite,
2945 4997 3118 5050 neque
3143 4981 3374 5050 aliquam
3417 4993 3538 5048 per-

1953 5091 2142 5132 sonam
2195 5085 2288 5128 aut
2349 5076 2544 5130 laieam
2605 5085 2698 5130 aut
2745 5077 3094 5139 canonicam,
3147 5073 3288 5143 quod
3347 5083 3534 5126 contra

1953 5183 2166 5222 omnem
2189 5167 2614 5223 ecclesiasticqu
2641 5169 2886 5224 ordinem
2917 5175 3020 5232 est,
3047 5173 3138 5218 aut
3163 5163 3324 5220 etiam
3351 5179 3536 5218 mona-

1955 5261 2116 5315 chum
2161 5277 2226 5314 ex
2270 5261 2376 5316 alio
2415 5261 2766 5326 monasterio,
2799 5261 2884 5318 vel
2915 5275 3018 5314 non
3053 5257 3344 5312 secundum
3381 5273 3536 5326 regu-

1954 5351 2062 5406 lam
2091 5353 2342 5414 eleetum,
2371 5351 2680 5422 superillnd
2707 5353 2868 5424 regali
2901 5351 3138 5420 potentia
3173 5349 3534 5412 constituatis,

1931 5453 2024 5497 'ue
2053 5441 2246 5498 domus
2285 5445 2396 5503 Dei,
2427 5459 2544 5514 qnte
2574 5443 2760 5496 domus
2795 5441 3046 5496 orationis
3075 5457 3186 5494 esse
3231 5439 3402 5502 debet,
3439 5453 3538 5508 per

1952 5543 2052 5583 vos
2075 5529 2168 5598 ﬁat
2209 5531 2454 5600 spelunca
2505 5531 2782 5584 (atrorum.
2837 5527 3020 5598 Neque
3075 5527 3218 5582 enim
3269 5527 3532 5598 ignoratis

1957 5619 2260 5690 hujusmodi
2303 5621 2554 5692 praelatos
2595 5629 2650 5676 et
2685 5629 2932 5676 auctores
2981 5618 3286 5686 hujusmodi
3345 5617 3536 5690 pra-la-

1955 5711 2118 5766 tiunis
2145 5727 2174 5766 a
2203 5713 2362 5768 domo
2388 5711 2706 5766 aztcrnitatis
2745 5709 2924 5764 divina
2963 5725 3194 5766 censura
3237 5709 3534 5764 exturban-

1955 5801 2070 5868 dos,
2103 5809 2154 5854 et
2187 5801 2250 5855 ad
2281 5801 2542 5872 supplicia
2579 5801 2796 5856 ultionis
2837 5811 3104 5870 perpetua!
3149 5799 3528 5870 deportandos.
