4078 6340
609 385 715 442 699

1584 382 1940 440 BENEDICTI
1977 385 2043 440 ιιι
2080 380 2339 438 ROMANI
2375 380 2752 440 PONTIFICIS

3761 392 3880 446 700

562 563 570 572 κ
611 493 766 550 Unde
795 509 914 564 quae
937 497 1202 551 sententia
1226 494 1586 550 damnationis
1614 510 1644 548 a
1675 495 1831 550 nobis
1860 505 1945 550 est
1968 495 2022 550 in
2047 495 2179 552 tales
2205 500 2258 559 Α
2282 493 2516 548 nasterio
2546 493 2858 550 Corbeiensi
2900 497 3182 567 propellite
3223 514 3471 571 semper:
3500 503 3594 558 sed
3641 519 3750 561 nec
3777 521 3882 562 ca-

609 586 934 649 exereenda,
970 586 1074 639 nisi
1105 600 1267 654 quam
1308 583 1540 654 Spiritus
1564 593 1782 640 sanctus
1819 600 1914 641 ore
1953 586 2185 656 prophe-

610 677 720 730 tico
757 675 994 746 protulit,
1045 675 1274 730 dicens:
1310 673 1500 728 Omnes
1551 679 1808 744 principes
1865 691 2042 728 eorum
2091 678 2184 745 qui

609 764 854 819 dixerunt
875 779 894 816 .'
915 764 1241 820 llwreditate
1257 776 1280 803 ι
1298 765 1657 834 possideamus
1678 767 2036 820 sanctuarium
2051 766 2181 832 Dei;

609 852 753 908 Deus
777 871 942 918 meus,
970 869 1102 924 pone
1122 853 1237 907 illos
1259 862 1315 906 ut
1341 864 1532 920 ratam,
1560 865 1606 908 et
1632 858 1764 909 sicut
1789 858 2033 926 stipulam
2065 868 2183 913 ante

609 944 799 1014 faciem
829 947 962 1000 venti
992 959 1010 996 :
1046 946 1178 998 sicut
1204 946 1337 1014 ignis
1361 947 1451 1016 qui
1473 947 1726 1000 comburit
1751 946 1954 1013 silvam,
1974 957 2022 1002 et
2048 949 2181 1002 sicut

608 1034 824 1102 ﬂamma
849 1035 1154 1088 comburens
1179 1046 1401 1102 montes,
1425 1038 1499 1090 ita
1529 1039 1848 1108 persequeris
1869 1055 1955 1092 eos
1981 1040 2034 1093 in
2056 1051 2183 1094 tem-

606 1138 803 1198 pestate
839 1135 951 1192 tua,
983 1136 1030 1180 et
1061 1127 1116 1180 in
1159 1127 1240 1181 ira
1280 1137 1370 1181 tua
1395 1128 1628 1183 turbabis
1650 1145 1735 1182 eos
1758 1127 1926 1201 (Psal.
1951 1132 2178 1200 Lxxm).

607 1218 709 1284 Qui
738 1225 860 1272 sunt
881 1218 1024 1272 enim
1055 1219 1147 1288 qui
1177 1220 1542 1275 sanctuarium
1583 1221 1677 1275 Dei
1706 1221 2020 1276 haereditate
2048 1238 2175 1292 pos-

605 1308 783 1364 sidere
832 1309 1100 1375 dicuntur,
1152 1310 1256 1364 nisi
1285 1310 1360 1364 illi
1390 1313 1480 1380 qui
1530 1327 1617 1366 res
1644 1313 1754 1367 Deo
1791 1313 2086 1379 dedicatas,
2125 1323 2182 1370 et

604 1400 671 1454 ad
696 1415 826 1455 usus
861 1416 1155 1470 pauperum
1185 1416 1572 1473 servorumque
1599 1403 1714 1472 ejus
1741 1404 1984 1470 collatas,
2015 1420 2180 1460 saccu.

604 1489 732 1546 laris
759 1492 1011 1562 potentiae
1039 1493 1335 1559 dominatu,
1377 1509 1482 1549 non
1517 1495 1794 1550 electionis
1822 1495 1994 1566 gratia
2033 1511 2176 1566 qua:-

603 1589 727 1635 runt
755 1583 1034 1639 obtinere?
1058 1584 1334 1653 Principes
1374 1593 1552 1639 autem
1583 1585 1795 1640 illorum
1837 1597 1961 1641 sunt
1981 1588 2055 1653 hi,
2080 1587 2173 1657 qui

598 1673 740 1726 votis
769 1687 953 1728 eorum
983 1674 1236 1745 suﬂ'ragia
1283 1677 1608 1744 pneslando,
1657 1686 1750 1731 aut
1785 1678 2037 1734 Ecclesia:
2088 1694 2174 1734 res

600 1760 708 1817 illis
745 1764 1003 1818 tradendo
1045 1765 1408 1819 consentiunt.
1445 1765 1599 1832 Quali
1636 1775 1816 1821 autem
1847 1768 2057 1838 utrique
2097 1768 2174 1822 fe-

2285 583 2462 638 uonici
2495 584 2702 639 ordinis
2749 599 3036 654 personam
3074 603 3236 661 super
3283 591 3414 647 illud
3459 592 3756 662 aliquando
3785 597 3882 652 vel

2283 675 2633 745 prteponatis,
2677 677 2764 730 vel
2811 681 3050 750 praaponi
3103 682 3313 738 sinatis.
3370 684 3636 740 Memores
3681 697 3880 745 estote

2283 768 2426 836 quod
2464 767 2648 823 Nadab
2689 778 2744 824 et
2786 769 2946 836 Abiu,
2979 773 3103 842 quia
3132 774 3312 844 ignem
3353 774 3584 831 alienum
3625 779 3882 835 Domino

2283 857 2336 912 in
2359 857 2638 912 incensum
2675 859 3006 926 obtulerunt,
3033 862 3214 918 divino
3240 865 3347 936 igni
3372 871 3674 938 consumpti
3725 881 3878 926 sunt

2285 948 2469 1018 (Leuit.
2521 949 2598 1020 κ).
2651 950 2833 1022 Ignem
2883 952 3145 1022 siquidem
3195 955 3426 1012 alienum
3471 959 3524 1013 in
3573 961 3878 1016 incensum

2281 1037 2438 1092 oll‘ert
2467 1039 2713 1104 Domino,
2741 1042 2830 1110 qui
2862 1043 3171 1098 monasticae
3209 1045 3450 1114 religioni
3479 1045 3718 1116 aliquem
3760 1048 3876 1103 sub

2280 1130 2539 1184 canonica
2567 1129 2902 1199 professione
2948 1133 3286 1200 militantem,
3318 1145 3378 1191 ut
3415 1139 3652 1206 pastoris
3685 1141 3876 1194 vicem

2278 1217 2548 1283 obtineat,
2603 1229 2893 1292 prmrogat.
2944 1219 3144 1277 Verum
3186 1225 3314 1294 quia
3356 1225 3490 1280 tales
3537 1227 3748 1282 ultione
3797 1229 3882 1284 fe-

2279 1306 2514 1373 riuntur,
2539 1307 2751 1363 illorum
2783 1309 2962 1380 signat
2992 1311 3263 1378 interitus,
3299 1315 3390 1384 qui
3421 1331 3543 1370 mox
3571 1320 3878 1386 praesentis

2279 1411 2455 1466 ptenae
2481 1399 2744 1470 supplicio
2787 1402 3111 1472 consumpti,
3143 1403 3274 1473 quid
3319 1420 3506 1459 eorum
3551 1405 3876 1463 imitatores

2277 1498 2587 1544 mereantur
2613 1506 2723 1545 suae
2749 1491 3112 1548 damnationis
3139 1495 3384 1564 exemplo
3409 1497 3640 1565 posteris
3679 1499 3877 1569 signa-

2275 1587 2490 1632 verunt.
2521 1578 2724 1634 Omnes
2757 1594 2969 1650 quoque
3014 1580 3140 1636 licet
3178 1584 3487 1638 monasticae
3509 1585 3621 1639 sint
3649 1585 3874 1654 profes-

2275 1667 2461 1734 sionis,
2496 1669 2540 1724 si
2581 1685 2688 1724 non
2733 1685 2832 1740 per
2873 1671 3189 1727 electionem
3230 1673 3532 1744 regularem
3573 1676 3870 1733 constituti

2274 1755 2476 1813 fuerint
2501 1768 2736 1816 rectores
2759 1761 2934 1816 eidem
2962 1763 3308 1825 monasterio,
3334 1764 3400 1818 de
3425 1780 3531 1834 quo
3555 1764 3865 1834 loquimur,

601 1851 813 1906 riantur
854 1853 1108 1909 divinitus
1154 1854 1372 1919 ultione,
1415 1856 1664 1924 superius
1705 1856 1849 1911 dicta
1901 1859 2170 1912 sententia

2275 1849 2364 1917 qui
2393 1850 2528 1905 tales
2563 1865 2659 1921 per
2704 1867 2928 1907 munera
2961 1864 3360 1924 cognoscuntur
3385 1855 3627 1921 admissi,
3675 1858 3726 1911 id
3752 1868 3866 1920 est.

599 1945 1030 2012 comprehendit,
1085 1962 1203 2016 quae
1232 1948 1465 2001 ostendit
1493 1963 1588 2002 eos
1636 1965 1666 2002 a
1716 1950 1950 2006 caelestis
1983 1953 2173 2021 patria:

605 2033 902 2090 stabilitate
930 2036 956 2075 ι)
983 2035 1361 2106 projicicndos,
1398 2049 1450 2093 et
1496 2042 1806 2110 temporalis
1843 2043 2173 2099 volubilitate

606 2123 810 2194 lapsus,
831 2128 987 2195 quasi
1019 2137 1148 2183 rota:
1170 2130 1430 2199 vertigine
1449 2131 1921 2198 circumferendos,
1947 2145 2174 2204 postque

602 2218 882 2286 praesentis
925 2219 1210 2274 terminum
1261 2221 1402 2286 vine,
1436 2223 1647 2278 turbine
1700 2225 1892 2279 divina:
1934 2226 2175 2282 animad-

604 2308 868 2364 versionis
909 2310 1053 2364 velut
1106 2311 1356 2381 stipulam
1399 2313 1664 2368 ariditatis
1691 2315 1926 2372 vanitate
1964 2318 2173 2374 levissi-

604 2412 749 2452 mam
795 2401 1098 2470 rapiendos,
1153 2411 1208 2456 et
1261 2403 1746 2460 infructuositatem
1781 2423 1964 2462 eorum
2013 2418 2175 2479 atque

604 2490 908 2556 superbiam
970 2500 1225 2562 tanquam
1309 2493 1608 2549 silvestrem
1679 2497 2055 2565 sterilitatem,
2119 2509 2176 2555 et

602 2590 787 2635 contra
817 2582 983 2638 Deum
1015 2585 1210 2639 elatum
1263 2594 1524 2642 tumorem
1560 2595 1732 2653 terrm,
1768 2589 1897 2659 igni,
1927 2588 2174 2646 flamma-

601 2688 706 2742 que
727 2684 950 2731 rorante
985 2679 1398 2736 comburendos.

675 2762 745 2818 Ut
781 2766 918 2819 hanc
969 2767 1132 2836 igitur
1179 2767 1398 2824 ultionis
1446 2765 1640 2826 divinaé
1687 2774 2028 2830 severitatem
2067 2794 2174 2833 non

603 2853 854 2919 subeant,
893 2859 1144 2913 studeant
1183 2861 1631 2917 Christianissimi
1677 2865 1946 2936 principes
1975 2866 2174 2920 Christi

598 2942 841 2998 ecclesiis
893 2947 1169 3002 electionis
1219 2965 1315 3002 sua
1356 2950 1479 3019 jura
1520 2967 1876 3020 conservare,
1923 2964 1978 3010 et
2026 2955 2173 3024 quod

599 3033 861 3087 universa:
884 3035 1107 3090 debetur
1136 3037 1405 3102 Ecclesiae,
1435 3038 1746 3097 Corbeiensi
1781 3059 1905 3116 non_
1927 3043 2175 3099 auferant

601 3123 962 3188 monasterio;
1014 3134 1072 3178 ut
1117 3127 1241 3180 dum
1275 3127 1323 3180 ei
1367 3137 1586 3200 pr0pter
1635 3133 1890 3187 honorem
1947 3135 2041 3188 Dei
2083 3135 2173 3204 jus

599 3211 879 3267 electionis
901 3214 1242 3283 indulserint,
1268 3227 1325 3273 et
1361 3235 1446 3275 res
1473 3225 1784 3284 monasterii
1811 3225 2171 3283 violentorum
2199 3195 2246 3258 C

599 3302 986 3361 ambitionibus
1013 3322 1079 3361 ne
1107 3307 1414 3364 deserviant
1439 3313 1888 3371 incontaminatas
1925 3332 2174 3374 servave-

597 3392 724 3457 rint,
769 3393 872 3463 ipsi
923 3395 1157 3451 cmlestis
1199 3398 1346 3469 regni
1396 3416 1520 3455 cum
1571 3402 1787 3460 Christo
1828 3406 2171 3476 participium

599 3495 1017 3554 consequantur.
1068 3487 1178 3543 Nec
1215 3489 1342 3544 illud
1391 3491 1678 3560 aliquando
1725 3495 1778 3548 in
1831 3497 2170 3553 saacularium

597 3589 811 3640 manus,
853 3583 946 3630 aut
997 3578 1314 3632 canonicam
1362 3579 1780 3638 dominationem
1834 3586 2165 3654 permittant,

593 3667 736 3734 quod
771 3666 1134 3724 habitatorum
1171 3685 1383 3724 summa
1418 3671 1711 3728 destructio
1746 3685 1852 3740 est,
1887 3685 1942 3732 et
1971 3677 2166 3738 dantis,

591 3756 704 3811 sive
729 3758 1043 3827 accipientis
1072 3774 1279 3814 summa
1304 3760 1596 3817 damnatio.
1621 3763 1754 3818 Nam
1775 3766 1904 3834 quid
1922 3775 2004 3820 est
2029 3767 2171 3821 aliud

590 3848 902 3904 smcularem
968 3865 1252 3920 personam
1305 3855 1535 3922 pastoris
1585 3855 1703 3910 vice
1763 3857 2016 3912 Ecclesia:
2077 3855 2172 3914 Dei

593 3936 862 4007 prteferri,
900 3953 1060 4008 quam
1095 3941 1555 3998 abominationem
1584 3946 1931 4002 desolationis
1959 3949 2012 4002 in
2037 3957 2170 4005 tem-

593 4029 682 4097 plo
713 4028 810 4083 Dei
861 4032 1224 4088 constituere?
1265 4034 1581 4106 Quicunque
1623 4038 1786 4108 igitur
1827 4042 1930 4096 hoc
1971 4041 2172 4096 faciunt

591 4111 766 4173 Pilato
788 4120 1373 4189 similesinveniuutur,
1421 4127 1511 4196 qui
1540 4127 1767 4183 Cmsaris
1808 4130 2069 4200 imagines
2114 4131 2171 4184 in

593 4209 789 4277 templo
817 4209 1028 4266 Domini
1053 4216 1245 4268 statuit
1274 4218 1626 4272 venerandas.
1653 4219 1862 4274 Etcum
1884 4220 2172 4288 Apostolus

591 4299 838 4356 ﬁdelibus
886 4303 1140 4374 loquitur,
1188 4307 1416 4361 dicens:
1466 4307 1644 4362 Nolite
1685 4310 2004 4378 conformari
2053 4311 2173 4364 huic

590 4395 802 4462 swculo,
861 4398 950 4451 sed
1013 4399 1372 4467 reformamiui
1424 4400 1476 4453 in
1527 4401 1754 4454 novitate
1795 4417 1973 4456 sensus
2019 4403 2172 4456 vestri

591 4487 763 4558 (Rom.
795 4492 894 4563 xu)
923 4512 935 4546 :
964 4495 1053 4563 qui
1077 4494 1388 4550 saecularem
1420 4510 1707 4563 personam
1737 4497 2014 4550 monachis
2035 4513 2170 4566 prte-

589 4580 722 4647 ticit,
747 4595 1002 4653 quantum
1030 4587 1082 4641 in
1105 4588 1300 4643 smculo
1318 4588 1382 4642 de
1403 4586 1576 4642 forma
1601 4589 1826 4658 Spiritus
1850 4588 1916 4643 ad
1940 4588 2169 4645 formam

590 4673 790 4738 saeculi,
822 4683 878 4730 et
918 4677 983 4732 de
1014 4677 1245 4748 imagine
1290 4677 1491 4731 Christi
1533 4678 1601 4732 ad
1644 4678 1931 4750 imaginem
1973 4679 2168 4734 terreni

591 4766 733 4834 regis
760 4780 852 4820 eos
899 4767 1121 4837 impellit
1147 4786 1159 4820 :
1192 4768 1447 4838 quoniam
1478 4769 1656 4822 omnis
1685 4770 1929 4824 subditus
1959 4769 2166 4838 prrclati

589 4855 670 4909 sui
725 4855 882 4910 debet
941 4857 1226 4927 imaginem
1282 4859 1555 4928 sequendo
1599 4859 1820 4913 imitari.
1869 4859 2020 4915 Unde
2061 4875 2166 4916 non

588 4961 756 5014 parvo
782 4961 839 5000 se
869 4946 1050 5000 delicti
1091 4947 1293 5002 scelere
1336 4958 1485 5018 putet
1517 4949 1733 5015 involvi,
1766 4950 1858 5019 qui
1889 4951 2025 5004 tales
2073 4965 2165 5005 ec-

589 5035 766 5090 clesiae
789 5038 1072 5107 pratponit,
1104 5039 1156 5092 in
1189 5056 1419 5108 quorum
1446 5039 1615 5094 forma
1642 5041 1781 5095 servi
1809 5039 2032 5105 Christi,
2060 5056 2164 5094 non

589 5127 791 5182 Christi
817 5129 1196 5196 humilitatem,
1230 5131 1322 5186 sed
1343 5133 1648 5202 superbiam
1692 5132 1898 5196 mundi,
1925 5148 2027 5186 non
2053 5146 2166 5186 ca:-

589 5213 739 5271 lestis
767 5219 958 5287 patria:
983 5220 1328 5286 desiderium,
1351 5223 1442 5276 scd
1473 5222 1961 5292 concupiscentiam
1985 5220 2165 5276 sazculi

590 5307 1019 5376 contemplemur
1043 5325 1254 5380 semper
1273 5318 1326 5364 et
1355 5311 1652 5366 addiscunt.

660 5397 811 5465 Quod
841 5402 966 5470 quia
1004 5403 1214 5469 videtis,
1243 5404 1680 5460 excellentissimi
1721 5405 2014 5476 principes,
2047 5420 2166 5462 sce-

590 5485 937 5547 lestissimum
979 5493 1112 5560 fore,
1161 5496 1263 5551 hoc
1295 5496 1584 5566 impietatis
1611 5497 1951 5566 sacrilegium
1983 5513 2014 5550 a
2047 5513 2163 5551 mo-

662 5632 687 5660 ι
737 5622 814 5711 De
867 5624 1132 5696 frequenti
1174 5628 1273 5711 illo.
1315 5629 1378 5711 in.
1419 5629 1606 5684 Galliis
1654 5645 1749 5698 per
1801 5646 1864 5711 ea
1892 5638 2164 5711 “tempora

593 5690 760 5746 abusu
793 5690 1049 5750 bonurqu
1083 5699 1570 5753 ecclesiasticarum
1603 5718 1631 5753 ιι
1655 5690 2008 5754 ἒςιεοιιιειιήὺιιδ
2035 5690 2163 5752 viris

592 5761 753 5816 etiam
787 5767 1081 5835 conjugatis
1119 5785 1511 5837 possessorum,
1559 5771 1968 5825 conniventilms
1999 5769 2062 5823 ad
2099 5787 2160 5823 ca

2201 4542 2248 4601 D

2275 1949 2367 1995 aut
2404 1956 2503 2011 per
2534 1943 2836 2012 pecuniam,
2867 1952 2962 1998 aut
3006 1959 3104 2012 per
3134 1945 3384 2014 gratiam,
3416 1955 3511 1999 aut
3553 1960 3653 2016 per
3693 1947 3866 2000 obse-

2273 2031 2480 2100 quium,
2508 2032 2756 2086 universa
2787 2047 2817 2085 a
2843 2033 2998 2087 nobis
3025 2033 3168 2088 Petri
3200 2033 3459 2104 principis
3484 2034 3862 2104 apostolorum

2273 2123 2596 2178 auctoritate
2624 2137 2746 2178 cum
2783 2122 3024 2188 Simone,
3049 2124 3202 2194 cujus
3231 2124 3531 2178 imitatores
3559 2125 3862 2190 exsistunt,

2275 2215 2617 2270 anathemate
2643 2215 3087 2269 condemnamur.
3117 2215 3184 2269 Et
3223 2223 3282 2270 ut
3307 2215 3542 2286 religiosi
3582 2216 3862 2286 principes

2273 2301 2343 2356 ab
2390 2302 2492 2356 hac
2539 2303 2896 2358 damnationis
2945 2303 3209 2358 sententia
3261 2313 3514 2359 maneant
3567 2304 3860 2368 immunes,

2275 2391 2526 2445 studeant
2550 2391 2798 2446 omnibus
2823 2392 2998 2448 modis
3037 2393 3182 2448 circa
3222 2395 3613 2449 monasterium
3658 2396 3860 2463 prmfa-

2275 2490 2388 2538 tum
2416 2483 2696 2538 electionis
2737 2483 3076 2554 privilegium
3127 2500 3346 2540 servare
3372 2500 3592 2556 semper
3621 2486 3855 2540 inviola-

2277 2582 2389 2628 tum
2415 2592 2429 2629 :
2471 2575 2722 2644 quoniam
2749 2574 3043 2629 secundum
3084 2575 3196 2646 jam
3221 2575 3349 2629 olim
3378 2590 3410 2629 a
3441 2576 3649 2629 sanctis
3683 2575 3856 2630 Patri-

2273 2663 2376 2720 bus
2405 2666 2682 2721 definitam
2714 2666 3197 2737 promulgationem
3225 2667 3470 2723 ecclesize
3509 2666 3857 2722 Corbeiensis

2273 2745 2658 2826 praelationem,
2714 2772 2820 2812 non
2873 2772 2969 2827 per
3018 2757 3310 2828 legitimam
3355 2758 3752 2813 monachorum
3803 2759 3856 2811 in

2273 2852 2462 2906 eodem
2498 2849 2747 2906 cmnobio
2772 2849 2990 2905 Christo
3015 2849 3361 2904 militantium
3385 2848 3734 2914 electionem,
3766 2850 3856 2903 sed

2275 2951 2463 2997 contra
2488 2941 2790 3012 regularem
2832 2949 2994 3010 atque
3023 2940 3339 2995 canonicam
3368 2939 3773 3002 auctoritatem,
3804 2948 3858 2994 et

2275 3033 2491 3087 dantem
2535 3041 2590 3086 et
2618 3031 2968 3103 accipientem
2993 3046 3025 3085 a
3054 3031 3256 3086 Christi
3287 3045 3478 3101 regno,
3512 3038 3856 3084 sanctorum-

2275 3137 2379 3192 que
2407 3123 2682 3178 consortio
2725 3121 3278 3185 anathematizamus;
3329 3133 3504 3188 neque
3535 3120 3853 3174 societatem

2275 3220 2532 3283 poterunt
2560 3211 2759 3266 habere
2784 3209 3083 3266 Jerusalem
3108 3210 3364 3276 cmlestis,
3393 3209 3486 3280 qui
3509 3224 3633 3264 eam
3657 3209 3714 3263 in
3745 3218 3852 3262 ter-

2277 3301 2353 3356 ris
2389 3301 2825 3372 peregrinantem
2864 3300 3157 3356 dissociare
3192 3309 3476 3355 conantur.
3518 3299 3676 3366 Quod
3702 3313 3858 3368 agere

2275 3402 2483 3451 certum
2527 3401 2612 3450 est
2645 3407 2834 3448 omnes
2879 3393 2973 3462 qui
3006 3408 3114 3448 non
3159 3401 3424 3462 pastores,
3471 3393 3565 3446 sed
3595 3391 3852 3454 latrones,

2273 3501 2373 3541 nec
2399 3484 2602 3541 Christi
2631 3485 2880 3550 vicarius,
2913 3483 3009 3539 sed
3033 3484 3352 3540 Antichristi
3377 3499 3662 3554 sequaces,
3695 3499 3854 3554 super

2275 3591 2392 3632 eam
2428 3576 2757 3630 constituere
2803 3589 2912 3629 non
2957 3584 3231 3640 verentur,
3263 3583 3322 3629 ut
3370 3573 3563 3629 domus
3597 3575 3718 3638 Dei,
3751 3590 3854 3629 non

2275 3669 2465 3722 domus
2515 3667 2799 3731 orationis,
2848 3666 2942 3720 sed
2995 3665 3248 3735 spelunca
3288 3665 3559 3721 latronum
3620 3667 3844 3728 existat;

2273 3777 2374 3816 nec
2400 3762 2455 3815 in
2485 3775 2548 3815 ea
2573 3760 2744 3818 forma
2781 3759 3004 3823 Christi,
3035 3759 3128 3814 sed
3155 3758 3482 3815 abominatio
3507 3757 3858 3814 desolationis

2275 3854 2530 3909 emineat.

2347 3953 2451 4010 Sed
2481 3957 2527 4011 si
2559 3953 2864 4024 reipublicae
2885 3960 3148 4017 rectores,
3189 3951 3497 4007 divinorum
3519 3958 3858 4020 contempto-

2275 4061 2363 4101 res
2417 4056 2813 4116 praeceptorum
2863 4053 2920 4099 et
2967 4045 3362 4115 episcoporum,
3404 4053 3568 4111 atque
3613 4052 3853 4097 nostram

2273 4149 2435 4203 super
2461 4135 2562 4190 hac
2601 4150 2658 4189 re
2699 4135 3078 4189 decernentem
3115 4140 3523 4188 contemnentes
3563 4132 3856 4186 auctorita-

2276 4233 2407 4287 tem,
2459 4239 2567 4278 non
2616 4237 2776 4292 quem
2833 4221 3096 4291 regularis
3143 4221 3336 4276 electio
3387 4221 3718 4284 decreverit,
3767 4221 3854 4273 sed

2273 4330 2431 4384 quem
2479 4330 2666 4369 eorum
2718 4312 3014 4370 dominatio
3061 4312 3447 4377 voluerit,.illi
3497 4311 3854 4380 prmposuerit

2275 4405 2703 4476 congregationi,
2732 4403 2982 4459 monachi
3009 4403 3116 4458 loci
3153 4401 3393 4470 ejusdem
3421 4402 3762 4471 episcopum,
3789 4402 3852 4453 ad

2274 4493 2427 4562 cujus
2455 4494 2730 4549 ditecesim
2773 4491 3159 4548 monasterium
3201 4491 3495 4562 pertinent,
3542 4491 3852 4552 obsecrem,

2275 4591 2334 4637 ut
2363 4591 2454 4637 aut
2475 4597 2572 4652 per
2597 4598 2654 4638 se
2677 4583 2873 4652 ipsum,
2903 4590 2998 4636 aut
3021 4597 3128 4636 una
3151 4597 3271 4636 cum
3295 4582 3374 4637 eis
3403 4581 3470 4636 ad
3494 4581 3851 4650 archiepisco-

2275 4688 2402 4744 pum
2457 4670 2814 4729 Rhemensem
2860 4673 3084 4738 referat,
3139 4681 3300 4743 atque
3345 4665 3506 4726 simul
3555 4671 3850 4741 principem

2274 4767 2614 4832 conveniant,
2650 4775 2706 4820 et
2732 4780 2854 4821 eum
2890 4780 3052 4835 super
3092 4763 3539 4835 transgressionis
3577 4779 3690 4818 suae
3717 4763 3851 4832 peri-

2274 4855 2394 4912 culo
2425 4864 2823 4911 commoneant.
2861 4854 3015 4922 Quod
3042 4855 3086 4910 si
3116 4856 3401 4925 episcOpus
3429 4853 3686 4908 dimcesis
3717 4854 3850 4907 illius

2275 4956 2369 5003 aut
2413 4956 2634 5018 propter
2685 4948 2952 5012 timorem,
3005 4955 3097 5001 aut
3145 4947 3382 5001 favorem
3426 4944 3712 5014 principis,
3763 4953 3849 4997 aut

2272 5046 2494 5109 propter
2522 5036 2959 5105 imprudentiam,
2991 5035 3074 5090 vel
3101 5033 3388 5104 pastoralis
3414 5047 3559 5087 cura:
3587 5033 3848 5103 negligen-

2273 5129 2427 5193 tiam,
2459 5125 2601 5182 ferre
2625 5126 2885 5180 auxilium
2909 5125 2992 5180 vel
3035 5125 3289 5190 uoluerit,
3321 5123 3400 5178 vel
3442 5122 3842 5191 contempserit,

2273 5219 2468 5274 fratres
2514 5233 2612 5288 per
2657 5233 2714 5272 sc
2761 5217 2906 5286 ipsos
2950 5215 3232 5286 pmfatum
3279 5214 3746 5283 archiepiscopum
3794 5222 3844 5263 et

2274 5310 2479 5363 vicinos
2531 5309 2813 5378 episcopos
2877 5307 3103 5370 adeant,
3158 5313 3214 5360 et
3269 5303 3686 5384 necessitudinis
3742 5315 3842 5355 sua:

2278 5416 2493 5456 causam
2532 5401 2611 5456 eis
2653 5399 3021 5460 manifestent,
3061 5406 3227 5466 utque
3256 5397 3357 5452 sibi
3384 5399 3564 5450 ferant
3593 5393 3835 5449 auxilium

2275 5494 2593 5564 supplicent.
2623 5492 3072 5562 Archiepiscopus
3094 5500 3274 5545 autem
3308 5489 3386 5543 vel
3417 5489 3532 5557 ipse
3561 5487 3725 5548 solus,
3765 5481 3836 5535 vel

2276 5628 2551 5698 sacrilegia
2576 5625 2926 5698 principibus,
2957 5625 3108 5694 plura
3137 5623 3356 5698 erudite
3373 5620 3592 5688 collegit
3617 5617 3834 5672 Joannes

2276 5691 2548 5754 Filcsac'us
2576 5691 2834 5765 singulari
2873 5713 2936 5749 ea
2960 5691 3034 5749 lle
3056 5710 3114 5748 re
3139 5691 3415 5765 opusculo.

2349 5770 2372 5807 ³)
2403 5763 2671 5823 Acherius
2693 5768 2812 5836 legit
2848 5765 3111 5819 nobilitate
3156 5763 3348 5832 lapsos.
