4078 6340
277 381 377 441 ἴω

1741 382 2059 440 DIPLOMA.

3417 387 3522 443 702

277 524 403 566 cum
434 505 644 564 caeteris
669 500 934 572 episcOpis
961 515 1070 555 suae
1089 499 1388 555 dimceseos
1417 512 1597 569 regem
1628 497 1846 562 adeant,
1877 502 1923 560 Α
1953 513 2050 568 per
2081 497 2417 553 insolentiam
2459 497 2601 552 illius
2643 505 2799 552 terrae
2829 497 3076 553 homines
3099 495 3254 552 vobis
3297 497 3523 564 injurias

277 610 336 656 et
370 613 532 668 super
564 595 826 651 electione
865 591 1065 646 violata
1111 606 1233 646 eum
1260 597 1652 654 commoneant,
1685 598 1849 657 utque

277 689 554 760 corrigere
606 687 871 756 dignetur,
917 690 971 738 et
1011 683 1189 738 verbis
1222 685 1472 747 suadere,
1500 689 1557 736 et
1601 681 1850 750 precibus

279 779 572 834 obsecrare
607 789 713 829 non
759 772 1040 828 desistant.
1083 771 1233 839 Quod
1279 771 1324 825 si
1372 787 1466 826 eos
1509 771 1694 825 audire
1723 777 1851 825 coh-

277 867 585 938 tempserit,
636 879 737 919 nec
782 863 986 932 peccati
1031 864 1114 917 sui
1157 862 1430 930 corrigere
1473 860 1684 930 culpam
1739 874 1852 914 ma-

277 959 483 1024 luerit,
535 953 1103 1012 excommunicationis
1172 951 1475 1021 apostolicae
1527 949 1849 1004 sententiam

279 1049 575 1103 damnatus
593 1043 845 1113 excipiat.
877 1041 934 1096 Si
971 1055 1098 1096 vero
1135 1041 1218 1095 vel
1248 1040 1534 1110 episcopus
1557 1036 1710 1106 cujus
1751 1052 1851 1107 pa-

279 1137 474 1192 rochia
515 1143 617 1199 est,
660 1141 753 1187 aut
799 1131 1249 1201 archiepiscopus,
1289 1136 1381 1183 aut
1427 1127 1607 1182 caeteri
1649 1124 1855 1182 suifra-

284 1225 445 1296 ganei
467 1223 797 1294 negligentes
816 1236 975 1291 super
1009 1223 1111 1275 hoc
1132 1218 1352 1284 fuerint,
1394 1227 1485 1272 aut
1511 1226 1854 1287 contempse-

284 1315 422 1378 rint,
452 1322 545 1367 aut
571 1313 783 1366 irritum
815 1311 1084 1376 duxerint,
1131 1310 1494 1366 damnationis
1535 1307 1688 1376 cujus
1735 1323 1858 1363 sen-

286 1403 472 1458 tentiae
502 1410 785 1458 teneantur
815 1402 1029 1457 obnoxii
1057 1417 1162 1456 non
1205 1403 1474 1472 ignorant.
1524 1401 1665 1455 Dicit
1714 1400 1859 1455 enim

285 1494 552 1562 propheta
584 1511 598 1546 :
638 1491 699 1547 Si
748 1509 852 1547 non
898 1494 1290 1548 annuntiaveris
1328 1494 1508 1563 iniquo
1535 1493 1860 1564 iniquitatem

285 1598 467 1647 suam,
491 1583 796 1652 sanguinem
819 1583 934 1655 ejus
963 1584 1027 1637 de
1052 1599 1210 1637 manu
1243 1593 1334 1638 tua
1361 1585 1618 1656 requiram
1643 1584 1857 1654 (Ezech.

279 1669 394 1744 'm).
425 1673 574 1729 Unde
602 1676 849 1729 noverint
876 1689 935 1730 se
954 1677 1142 1730 eodem
1169 1677 1477 1732 vinciendos
1501 1677 1859 1742 anathemate,

286 1764 337 1820 si
365 1765 701 1835 neglexerint
742 1782 842 1836 pro
875 1781 1034 1836 grege
1071 1769 1346 1823 Dominico
1389 1769 1678 1838 pastoralis
1719 1783 1862 1824 curae

285 1856 704 1912 sollicitudinem
731 1860 1005 1915 adbibere.
1028 1862 1068 1930 τί·
1091 1860 1427 1918 ΒεΝευιοτυε
1446 1863 1504 1932 1'.

361 1947 637 2017 Scriptum
669 1963 766 2017 per
796 1963 1016 2003 manum
1045 1949 1384 2014 Theodorici,
1417 1951 1612 2006 notarii
1642 1960 1697 2008 et
1725 1952 1862 2007 scri-

285 2038 449 2092 niarii
501 2048 702 2094 sancta:
737 2039 994 2095 Romana:
1041 2041 1313 2107 Ecclesia},
1375 2043 1432 2097 in
1471 2059 1654 2099 mense
1701 2044 1860 2101 Octo-

284 2127 429 2192 Lrio,
461 2128 755 2183 indictione
782 2137 996 2198 quarta.
1027 2129 1173 2185 Bene
1197 2131 1390 2186 valete.
1420 2144 1446 2173 ιι
1466 2133 1661 2188 Actum
1691 2131 1860 2190 Nonis

284 2215 534 2272 Octobris
601 2232 698 2289 per
767 2233 985 2273 manum
1050 2219 1431 2293 Theophylacti
1505 2223 1862 2279 secundicerii

283 2316 486 2362 sanctae
524 2307 666 2362 sedis
695 2308 1019 2379 apostolicae,
1053 2309 1359 2380 imperante
1385 2312 1449 2367 D.
1479 2313 1722 2384 piissimo
1745 2315 1859 2369 Au-

283 2408 444 2468 gusto
472 2399 728 2456 Lothario
757 2416 789 2456 a
824 2401 1051 2457 Domino
1087 2413 1344 2460 coronato
1388 2421 1580 2476 magno
1625 2406 1859 2478 impera-

286 2500 405 2544 tore
446 2505 586 2545 anno
626 2492 901 2547 tricesimo
929 2508 1093 2559 nono,
1133 2503 1188 2548 et
1225 2505 1350 2564 post
1381 2495 1622 2566 ejusdem
1659 2511 1860 2554 annum

285 2579 618 2637 tricesimum
636 2599 861 2651 nonum,
885 2585 977 2640 sed
1003 2593 1056 2640 et
1081 2584 1350 2642 Ludovico
1371 2601 1508 2643 novo
1533 2589 1725 2660 imper.
1747 2587 1868 2658 ejus

283 2667 399 2724 ﬁlio
421 2686 564 2726 anno
589 2673 838 2742 septimo.

849 2767 1178 2824 EPISTOLA
1207 2769 1295 2825 IV.

557 2872 624 2909 AD
651 2873 951 2914 ιωονιεωί
988 2875 1231 2915 ABBATEM
1261 2875 1308 2915 S.
1351 2876 1602 2927 DIONYSII,

283 2940 574 3010 Conﬁrmat
651 2945 917 3016 privilegia
997 2950 1298 3003 monasterii
1372 2948 1431 3004 S.
1504 2950 1746 3023 Dionysii
1807 2953 1865 3009 in

942 3033 1198 3091 Francia.

352 3123 693 3181 Bessmcrus
721 3140 1026 3197 episcopus,
1068 3144 1256 3185 servus
1287 3144 1566 3189 servorum
1607 3133 1726 3202 Dei,
1750 3133 1860 3192 Lu-

1950 591 2260 660 important,
2290 600 2344 646 et
2363 591 2648 661 praecipue,
2680 606 2800 646 cum
2823 606 3073 662 suprema
3095 591 3253 647 'sorte
3289 592 3524 663 fungun-

1953 688 2039 733 tur
2069 693 2243 750 reges,
2272 687 2326 733 et
2372 679 2463 733 alii
2504 679 2796 734 succedunt
2839 679 2893 734 in
2941 694 3126 751 regno.
3180 680 3520 752 Quapropter

1951 769 2164 838 petistis
2189 780 2252 824 ut
2285 770 2440 826 vobis
2469 771 2787 827 donationes
2814 770 2934 826 illas
2960 785 3147 842 regum
3189 787 3282 828 seu
3323 771 3527 842 princi-

1951 873 2096 928 pum,
2151 859 2234 914 vel
2283 858 2671 930 cujuscunque,
2725 860 2817 930 qui
2849 860 2918 915 ad
2961 869 3203 917 vestrum
3253 868 3528 918 monaste-

1956 948 2092 1002 rium
2119 963 2218 1018 pro
2239 964 2422 1004 amore
2442 949 2538 1004 Dei
2566 952 2760 1006 summi
2784 965 2848 1005 ac
2873 952 3219 1007 veneratione
3241 951 3528 1022 praedicto-

1955 1053 2074 1093 rum
2118 1048 2440 1110 martyrum,
2477 1055 2572 1096 seu
2617 1057 2716 1111 pro
2757 1043 2929 1097 salute
2969 1058 3086 1108 sua,
3117 1043 3319 1113 aliquid
3345 1043 3400 1099 in
3436 1041 3528 1100 illa

1955 1137 2101 1186 terra
2123 1131 2300 1201 largiti
2329 1139 2474 1198 sunt,
2519 1133 2854 1188 auctoritatis
2882 1141 3081 1189 nostra:
3119 1134 3312 1205 pagina
3343 1133 3530 1191 ﬁrma-4
3562 1145 3570 1150 ‘

1958 1237 2160 1278 remus.
2205 1222 2417 1278 Justum
2467 1237 2595 1294 ergo
2638 1224 3064 1289 considerantes,
3119 1230 3261 1295 quod
3305 1241 3336 1280 a
3373 1224 3530 1282 nobis

1959 1318 2164 1372 utiliter
2206 1318 2526 1388 postulatur,
2576 1319 2894 1373 auctoritate
2922 1317 3017 1372 Dei
3053 1317 3232 1372 Patris
3278 1315 3528 1384 omnipo-

1961 1409 2123 1464 tentis
2148 1424 2270 1463 cum
2308 1408 2444 1464 Filio
2471 1417 2525 1464 et
2550 1407 2753 1480 Spiritu
2774 1415 2962 1464 sancto
2980 1417 3034 1463 et
3064 1408 3210 1464 beati
3231 1407 3380 1462 Petri
3407 1421 3530 1462 san-

1959 1506 2168 1554 ctorum
2199 1497 2560 1569 apostolorum
2607 1498 2888 1570 principis,
2934 1496 3090 1568 cujus
3133 1512 3233 1554 nos
3277 1495 3534 1552 immeriti

1961 1589 2150 1644 vicarii
2189 1590 2472 1645 existimus
2496 1631 2510 1654 ,
2542 1605 2665 1644 cum
2701 1589 3044 1646 invocatione
3070 1589 3367 1645 caelestium
3412 1587 3521 1641 vir-

1961 1688 2134 1734 tutum
2165 1681 2453 1746 sancimus,
2499 1691 2554 1736 et
2589 1681 2868 1739 ﬁrmantes
2893 1677 3250 1747 'roboramus;
3282 1687 3344 1734 ut
3375 1677 3530 1749 quid.

1964 1769 2091 1839 quid
2121 1770 2172 1823 in
2199 1771 2345 1824 omni
2377 1777 2518 1823 terra
2560 1769 2873 1836 Britanniae,
2922 1771 3008 1826 vel
3053 1770 3380 1837 ubicunque,
3417 1765 3534 1820 sive

1889 1877 1937 1936 Β
1965 1877 1995 1914 a
2027 1859 2255 1930 regibus;
2304 1859 2654 1929 principibus,
2688 1875 2784 1916 seu
2813 1877 2844 1914 a
2871 1860 3109 1930 quolibet
3133 1859 3390 1923 homine,
3418 1857 3534 1910 sive

1963 1951 2018 2005 in
2047 1949 2226 2015 terris,
2257 1949 2372 2004 sive
2413 1949 2466 2004 in
2513 1949 2690 2018 aquis,
2737 1949 3124 2020 qualiscunque
3164 1945 3237 2000 sit
3274 1945 3362 2006 illa
3403 1958 3533 2015 pos-

1963 2041 2153 2106 sessio,
2173 2056 2294 2111 quae
2319 2040 2386 2094 ad
2413 2041 2799 2096 monasterium
2823 2039 2922 2095 SS.
2950 2046 3244 2110 martyrum
3269 2034 3533 2107 Dionysii,

1965 2135 2170 2190 Rustici
2199 2143 2255 2190 et
2279 2133 2576 2189 Eleutherii
2609 2127 2802 2189 tradita
2829 2141 2932 2199 est,
2957 2135 3160 2200 absque
3184 2130 3459 2185 invasione
3479 2143 3535 2183 et

1962 2223 2216 2278 violentia
2265 2237 2708 2294 quorumcunque
2748 2221 3061 2285 hominum,
3107 2217 3206 2273 sub
3265 2225 3536 2286 potestate

1965 2314 2177 2369 abbatis
2223 2323 2280 2368 et
2325 2313 2634 2383 provisione
2681 2311 3066 2366 monachorum
3121 2307 3364 2376 ejusdem
3413 2322 3537 2362 mo»

1963 2404 2186 2460 nasterii
2223 2404 2278 2458 in
2315 2411 2632 2473 perpetuum
2679 2409 3008 2473 perseveret.
3050 2399 3203 2467 Quod
3246 2397 3289 2452 si
3343 2396 3538 2466 aliquis

1963 2496 2065 2552 hoc
2087 2495 2401 2565 infringere,
2423 2494 2507 2548 vel
2527 2509 2622 2564 per
2646 2493 2807 2548 alium
2833 2491 3064 2562 aliquem
3085 2489 3336 2553 voluerit,
3355 2496 3540 2543 aucto~

1964 2585 2140 2640 ritatis
2181 2593 2380 2640 nostrae
2401 2584 2764 2654 privilegium,
2809 2582 2945 2638 sciat
2976 2596 3034 2636 se
3075 2579 3416 2634 anathemate
3455 2577 3538 2631 in-

1964 2677 2175 2733 solubili
2222 2679 2554 2742 damnatum,
2583 2685 2638 2731 et
2679 2691 2710 2730 a
2759 2673 2924 2745 regno
2961 2673 3160 2730 Christi
3203 2672 3539 2734 alienum,et

1965 2784 2086 2825 cum
2114 2769 2292 2838 impiis
2325 2768 2542 2822 aeternis
2571 2767 2834 2824 incendiis
2864 2764 3248 2839 deputandum,
3278 2763 3382 2818 nisi
3407 2761 3539 2817 resi-

1963 2863 2140 2932 puerit
2176 2870 2232 2916 et
2255 2861 2321 2915 ad
2351 2859 2771 2926 satisfactionem
2817 2873 3110 2930 congruam
3159 2855 3388 2910 venerit.
3434 2852 3539 2920 Qui

1965 2963 2144 3009 autem
2176 2955 2278 3010 ista
2309 2953 2735 3020 conservaverit,
2784 2953 3016 3017 auxerit,
3061 2949 3345 3020 adjuverit,
3375 2947 3540 3002 bene-

1966 3045 2254 3100 dictionem
2285 3044 2548 3115 percipiat
2584 3059 2614 3098 a
2656 3043 2880 3098 Domino
2915 3050 3100 3097 nostro
3145 3039 3272 3096 Jesu
3319 3037 3538 3094 Christo

1965 3134 2022 3188 in
2049 3134 2240 3190 sarcula
2264 3134 2603 3190 saeculorum.
2634 3133 2824 3188 Amen.
2855 3132 2998 3186 Bene
3023 3129 3219 3184 valete.

280 3227 479 3269 uovrco
549 3215 729 3270 abbati
789 3219 1112 3274 venerabilis
1171 3224 1486 3277 monasterii
1549 3235 1858 3281 sanctorum
1888 3231 1933 3292 C
2037 3222 2309 3296 Scriptum
2334 3239 2432 3295 per
2452 3239 2671 3279 manum
2701 3221 2988 3284 Theodori,
3019 3218 3213 3274 notarii
3249 3214 3540 3288 regionari-i

279 3316 578 3378 martyrum
610 3307 871 3379 Dionysii,
897 3309 1102 3365 Rustici
1133 3318 1187 3366 et
1208 3311 1524 3380 Eleutherii,
1548 3316 1637 3370 ubi
1671 3331 1856 3372 eorum

277 3412 441 3454 sacra
485 3417 709 3472 corpora
763 3403 1129 3474 requiescunt,
1169 3411 1223 3459 et
1269 3406 1414 3461 omni
1461 3409 1860 3480 congregationi

276 3490 518 3546 ﬁdelium
569 3495 951 3550 monachorum
1003 3513 1122 3566 qua:
1150 3513 1272 3552 cum
1303 3513 1368 3554 eo
1417 3507 1520 3566 est,
1559 3515 1663 3571 pax
1688 3516 1719 3556 a
1745 3502 1857 3556 Deo

277 3580 443 3637 Patre
473 3591 528 3637 et
559 3584 784 3640 Domino
804 3585 928 3641 Jesu
949 3586 1186 3643 Christo.

349 3674 538 3740 Questi
580 3677 733 3744 estis,
777 3677 873 3733 filii
903 3679 1006 3734 mei
1047 3681 1375 3750 charissimi,
1420 3685 1560 3754 quod
1600 3688 1656 3740 in
1699 3687 1860 3744 terris

275 3779 417 3834 quas
447 3767 587 3836 apud
629 3767 830 3840 Anglos
866 3769 1112 3828 Saxones
1151 3773 1350 3830 habere
1377 3775 1653 3842 videmini,
1703 3777 1858 3832 multi

345 3909 372 3972 τι
403 3897 531 3972 [hac
561 3900 616 3954 in
643 3899 926 3972 Spicilegio
957 3905 1176 3960 omissa.

345 3967 374 4006 δ
405 3967 650 4048 Lahheus
685 3967 1129 4048 rectejobservat
1166 3974 1281 4030 loco
1305 3976 1586 4048 indictione
1616 3978 1839 4048 septima

271 4037 557 4159 legendum
585 4055 702 4095 esse
738 4042 1021 4098 indictione
1041 4045 1254 4114 quinta;
1297 4048 1390 4100 sed
1425 4062 1522 4100 nec
1566 4037 1698 4116 ipse,
1747 4063 1847 4103 nec

272 4107 329 4159 Ill
352 4124 416 4159 us
454 4108 608 4159 alius.
639 4111 1016 4159 animadvertit
1065 4130 1262 4159 nnmtm
1307 4117 1619 4159 canculam:
1667 4117 1842 4159 LmIn-

272 4107 416 4162 ullus
454 4108 608 4164 alius
639 4111 1016 4168 animadvertit
1052 4107 1263 4168 'annurn
1307 4107 1619 4171 consulatus
1665 4107 1842 4171 Ludo-

271 4178 378 4261 vici
409 4177 450 4232 ll
484 4179 620 4261 Aug.
654 4181 909 4261 mendose
955 4185 1112 4261 etiam
1169 4200 1200 4238 a
1249 4185 1480 4261 librario
1520 4186 1847 4261 descriptum

273 4246 474 4313 fuisse;
501 4246 624 4324 quia
663 4250 869 4324 scilicet
892 4253 1200 4310 consulatus
1239 4256 1480 4324 perpetui
1523 4246 1713 4324 parum
1753 4257 1848 4310 ba-

273 4327 466 4375 ctenus
493 4320 640 4378 fuere
669 4323 890 4394 cogniti.
923 4324 1099 4392 Quare
1122 4320 1255 4379 cum'
1271 4320 1571 4381 Ludovicus
1599 4342 1686 4380 an.
1720 4327 1844 4393 850,

1965 3323 2164 3370 sancta:
2185 3314 2442 3369 Romana:
2468 3313 2740 3378 Ecclesiae,
2769 3313 2824 3367 in
2849 3326 3033 3366 mense
3058 3309 3214 3372 Maio,
3247 3307 3540 3363 indictione

1966 3407 2214 3477 septima.
2253 3407 2446 3461 Datum
2472 3421 2570 3478 per
2598 3419 2829 3461 manum.
2852 3402 3080 3475 Megisti,
3109 3399 3345 3471 episcopi
3373 3407 3428 3454 et
3457 3398 3540 3453 bi-

1963 3496 2304 3553 bliothecarii
2353 3505 2554 3552 sanctae
2603 3495 2909 3567 apostolica:
2957 3493 3123 3558 sedis,
3171 3493 3359 3561 quinto
3414 3489 3539 3544 idus

1963 3589 2107 3654 Maii,
2135 3591 2438 3660 imperante
2461 3588 2679 3644 domino
2717 3587 2962 3658 piissimo
2983 3593 3243 3657 perpetuo
3270 3583 3534 3652 Augusto,

1963 3697 1993 3736 a
2021 3681 2130 3738 Deo
2153 3689 2409 3736 coronato
2445 3695 2641 3751 magno
2677 3680 3020 3750 imperatore,
3065 3676 3384 3733 consulatus.
3420 3671 3538 3742 ejus

1961 3789 2103 3828 anno
2130 3781 2342 3838 octavo,
2364 3772 2656 3828 indictione
2682 3773 2908 3842 septima
2941 3769 3146 3844 [quinta
3173 3767 3253 3840 η.

1959 3915 2144 3956 mense
2192 3899 2505 3965 Decembri,
2558 3900 2842 3968 imperium
2900 3905 2954 3953 et
3016 3897 3395 3968 consulatum_
3424 3911 3534 3949 uno

1958 3971 2255 4039 eodemque
2281 3970 2395 4034 die,
2430 3978 2490 4023 ut
2537 3966 2703 4024 moris
2743 3978 2893 4035 erat,
2926 3968 3252 4039 susceperit,
3279 3966 3536 4039 etBeue—

1955 4041 2126 4094 dictus
2150 4035 2215 4094 lil
2243 4055 2383 4094 anno
2404 4041 2648 4108 sequenti
2677 4050 2802 4096 ante
2823 4055 3058 4095 mensem
3086 4035 3281 4092 Maium
3305 4035 3522 4108 obierit,

1955 4111 2068 4163 haec
2102 4110 2326 4178 epistola
2364 4106 2537 4164 serius
2589 4126 2748 4178 quam
2794 4109 3029 4164 currenti
3068 4122 3207 4162 anno
3251 4106 3436 4178 indict.
3497 4119 3530 4157 ν

1953 4188 2007 4233 et
2060 4175 2339 4234 consulatu
2377 4196 2450 4233 vn
2497 4175 2750 4250 Ludovici
2781 4179 2821 4250 ll
2849 4179 3210 4250 Aug.rnotato
3256 4175 3375 4233 dari
3419 4190 3530 4230 non

1955 4249 2146 4318 potuit.
2181 4250 2380 4305 PACIUS
2403 4250 2472 4304 ad
2499 4267 2586 4304 an.
2618 4248 2714 4304 Ch.
2744 4249 2868 4314 857,
2891 4248 2956 4303 ἠξ
2985 4249 3037 4304 8.

1250 4610 1800 4693 BENEDICTI
1878 4560 1994 4692 ΠΙ
2074 4614 2536 4693 DIPLOMA

1832 4803 1960 4859 QUO

393 4953 844 5016 Monasterium
876 4953 1182 5016 Fuldense
1228 4952 1340 5015 sub
1385 4951 1745 5032 apostolica:
1775 4949 1937 5108 aegis
1981 4949 2374 5088 ptrotectione
2419 4947 2666 5028 recipit,
2706 4946 2953 5029 ejusque
2997 4943 3412 5009 immunitates

1721 5047 1837 5091 con
1886 5047 2019 5088 rma
2055 5073 2069 5089 .

1721 5047 2069 5091 connrmat.

1472 5171 1754 5235 (Schannat,
1779 5166 1908 5222 Hist.
1930 5167 2090 5230 Fuld.,
2115 5182 2164 5232 p.
2193 5167 2322 5230 136.)
2369 5209 2372 5212 .

1711 5308 2086 5327 —_———.

341 5399 677 5455 Buxemcrus
703 5398 1007 5468 episcopus,
1025 5410 1214 5451 servus
1237 5409 1514 5450 servorum
1541 5393 1656 5459 Dei,
1675 5393 1846 5449 Tasc-
1871 5400 1922 5459 D
1948 5397 2053 5451 bus
2075 5407 2376 5468 congruunt
2401 5396 2702 5460 desideriis,
2729 5401 2939 5464 oportet
2966 5401 3024 5447 ut
3047 5390 3320 5448 devotioni
3347 5392 3530 5448 condi-

270 5505 420 5554 ront,
451 5489 701 5558 religioso
730 5487 909 5542 abbati
936 5485 1258 5540 venerabilis
1287 5484 1601 5540 monasterii
1633 5483 1844 5539 Domini

267 5581 586 5647 Salvatoris,
615 5590 670 5637 et
697 5595 792 5651 per
815 5579 942 5635 tein
971 5579 1158 5634 eodem
1181 5576 1475 5632 venerabili
1512 5576 1843 5632 monasterio

264 5675 671 5730 successoribus
695 5673 977 5729 abbatibus
1000 5672 1051 5725 in
1085 5679 1426 5742 perpetuum.

334 5764 600 5831 Quoniam
638 5775 851 5832 semper
891 5770 1013 5816 sunt
1043 5761 1379 5817 concedenda
1412 5777 1529 5830 quze
1563 5760 1840 5816 rationali-

1951 5489 2085 5544 toris
2115 5489 2214 5558 pia:
2241 5488 2658 5544 constructionis
2687 5484 2977 5541 auctoritas
2997 5484 3052 5538 in
3073 5483 3366 5556 privilegiis
3395 5499 3530 5553 pne-

1949 5579 2154 5634 standis
2191 5578 2411 5633 minime
2451 5577 2766 5646 denegetur.
2807 5574 2976 5645 Igitur
3014 5575 3140 5645 quia
3181 5573 3464 5644 postulasti
3496 5591 3526 5630 a

1948 5671 2101 5724 nobis
2150 5677 2414 5739 quatenus
2463 5665 2853 5724 monasterium
2895 5665 3228 5730 salvatoris,
3261 5679 3290 5717 α
3335 5673 3528 5719 sancto

1947 5759 2222 5816 Bonifacio
2251 5745 2654 5829 archiepiscopo
2686 5741 3059 5814 constructum
3087 5755 3140 5813 in
3169 5755 3284 5811 loco
3315 5753 3406 5825 qui
3435 5766 3529 5810 vo-
