4078 6340
612 304 715 364 707

1724 290 1784 347 S.
1822 284 2099 345 EULOGll
2132 281 2444 338 ARCHIEP.
2483 280 2725 338 TOLET.

3753 276 3869 333 ’ἱζὸ

601 418 980 491 Redemptoris
1006 416 1179 475 nostri
1207 414 1430 480 auxilio,
1456 411 1714 483 profiteor
1742 424 1827 464 me
1852 423 1958 463 non
1987 406 2169 462 audita

2292 411 2379 453 non
2425 403 2612 462 astate,
2655 400 2802 450 certe
2848 392 3074 449 scientia
3119 392 3419 449 universos.
3460 392 3591 448 Erat
3635 393 3795 449 enim
3840 393 3861 432 ε

602 523 660 569 et
681 510 866 576 dubia,
894 508 985 567 sed
1015 508 1129 563 visa
1156 514 1211 562 et
1235 520 1332 576 per
1357 519 1444 560 me
1468 502 1690 573 probata
1719 508 1994 563 retexere;
2032 512 2171 567 quo-

602 602 771 666 niam,
801 599 974 672 gratia
998 597 1090 653 Dei
1113 600 1450 667 cooperante.
1476 606 1507 646 a
1526 592 1780 662 primmvo
1805 587 2203 645 adolescentiae.

602 690 756 757 ﬂore,
797 688 1077 746 charitatis
1118 686 1396 744 dulcedine
1441 692 1498 741 et
1541 681 1940 753 Scripturarum
1988 690 2175 734 amore

603 796 716 838 uno
735 780 950 837 vinculo
979 777 1230 836 concordi
1276 775 1493 841 innexi,
1533 772 1693 843 hujus
1726 773 1882 837 vitm,
1907 771 2032 826 licet
2068 784 2175 824 non

603 872 724 944 pari
746 873 954 937 ordine,
991 881 1168 927 tamen
1209 869 1328 940 pari
1369 867 1566 923 affectu
1598 867 1654 921 in
1683 865 1892 921 cunctis
1917 862 2176 934 quaestio-

606 966 765 1025 nibus
807 966 1055 1022 duximus
1086 963 1294 1034 jugum.
1342 960 1450 1016 Sed
1494 958 1584 1015 ille
1629 955 1915 1014 sacerdotii
1956 960 2178 1009 ornatus

607 1071 849 1122 munere,
880 1054 1071 1125 pennis
1091 1054 1355 1111 virtutum
1380 1052 1438 1106 in
1468 1049 1697 1106 sublime
1723 1056 1972 1111 evectus,
2017 1044 2178 1100 altius

605 1148 889 1214 evolabat;
930 1148 1025 1220 (2)°
1045 1163 1144 1219 ego
1170 1147 1397 1204 luxuriae
1437 1155 1492 1204 et
1530 1144 1822 1217 voluptatis
1850 1144 1964 1198 luto
1992 1141 2176 1199 confe-

604 1247 743 1304 ctus,
772 1245 1077 1293 terratenus
1103 1252 1295 1308 repens
1321 1236 1583 1291 hactenus
1606 1234 1811 1289 trahor.
1842 1233 1910 1288 Et
1936 1233 2071 1288 inde
2097 1240 2182 1287 est

603 1327 747 1398 quod
772 1342 879 1383 non
902 1327 1130 1394 incerta,
1148 1336 1209 1384 et
1223 1340 1667 1397 quorumcunque
1687 1325 1961 1381 hominum
1990 1338 2183 1378 narra-

608 1419 761 1475 tione
781 1426 1081 1490 comperta,
1107 1418 1203 1475 sed
1230 1432 1438 1473 mecum
1464 1425 1614 1488 gesta
1642 1423 1697 1471 et
1722 1430 1821 1487 per
1852 1429 1938 1470 me
1966 1415 2182 1485 cognita

604 1506 2185 1579 mmﬁaﬁuhmerﬁsmrere-

605 1595 2195 1669 ΐωταεεηιεπιίιωρεγὶωιοο-ἴαημηειινίωὰι

2276 486 2698 544 studiosissimus
2731 482 3131 555 Scripturarum
3177 492 3469 547 scrutator,
3497 494 3555 540 et
3592 485 3873 541 intensis—

2275 578 2445 632 simus
2491 575 2880 632 sententiarum
2923 575 3297 645 investigator.
3325 575 3404 633 Ita
3436 583 3497 629 ut
3520 575 3656 629 nihil
3694 574 3873 631 Scri—

2274 673 2445 737 ptura:
2471 671 2810 735 prmponeret
2834 672 3058 730 sancta,
3085 663 3221 719 nihil
3247 664 3419 735 magis
3444 663 3665 736 eligeret
3681 679 3874 735 quam

2276 756 2331 811 in
2359 756 2479 826 lege
2515 753 2727 809 Domini
2765 753 3016 809 meditari
3045 753 3135 809 die
3161 768 3225 809 ac
3252 763 3432 811 nocte.
3471 752 3581 810 Nec
3626 764 3878 811 conten-

2277 854 2364 900 tus
2394 844 2703 916 magisterio
2730 844 3006 899 doctorum
3032 859 3275 910 suorum,
3301 843 3456 910 alios,
3478 844 3525 899 si
3551 860 3689 916 quos
3714 845 3878 902 forte

2278 935 2506 1001 audiret,
2542 934 2726 1004 procul
2758 934 2962 1005 positos
3004 935 3313 1005 requirebat
3345 953 3358 989 :
3385 944 3441 991 et
3466 951 3533 991 ne
3555 936 3879 993 oll‘enderet

2278 1024 2541 1096 proprios,
2576 1024 2762 1079 furtim
2796 1040 2856 1081 se
2881 1024 3048 1092 boris,
3078 1026 3272 1096 quibus
3294 1034 3532 1097 poterat,
3561 1029 3876 1087 subtrahe-

2278 1117 2392 1172 bat.
2418 1116 2556 1171 Nam
2585 1126 2642 1172 et
2668 1117 2920 1173 abbatem
2945 1116 3101 1172 bona:
3136 1118 3528 1175 recordationis
3553 1128 3613 1174 et
3647 1136 3878 1179 meno-

2279 1210 2374 1264 riac
2414 1207 2835 1279 Speraindeum,
2893 1208 3218 1278 opinabilem
3249 1212 3275 1251 ε
3305 1218 3361 1266 et
3398 1210 3713 1268 celebritate
3768 1211 3880 1269 do-

2282 1300 2471 1357 ctrina:
2509 1298 2924 1371 praeconabilem
2956 1300 3130 1356 virum
3162 1302 3357 1375 saepius
3396 1302 3686 1369 invisebat,
3713 1304 3885 1360 audi-

2287 1390 2535 1460 torioque
2574 1404 2729 1447 more
2768 1405 2836 1446 ex
2880 1390 3022 1447 illius
3052 1406 3148 1448 ore
3196 1392 3553 1449 disertissimo
3592 1394 3885 1465 depende-

2281 1480 2393 1537 bat.
2411 1479 2514 1548 Qui
2545 1482 2662 1551 ipso
2688 1488 2930 1551 tempore
2958 1481 3125 1537 totius
3164 1481 3376 1539 Baeticae
3407 1483 3545 1539 lines
3562 1483 3884 1556 prudentia

2287 1575 2481 1633 rivulis
2514 1575 2847 1633 dulcorabat.
2889 1576 2967 1632 lbi
2997 1592 3122 1633 eum
3154 1567 3405 1649 primitus
3432 1568 3619 1635 videre
3666 1578 3883 1644 merui,

603 1689 836 1759 cognitis
860 1666 1194 1760 supprimere
1220 1703 1282 1744 ea
1308 1703 1428 1759 quae
1456 1687 1605 1743 nosci
1635 1666 1831 1744 debent
1858 1700 1885 1728 ι
1903 1728 1919 1754 ,
1951 1701 2181 1742 vacuum
2215 1752 2256 1760 _
2287 1666 2369 1723 ii
2811 1668 2953 1727 Μαί
2977 1669 3189 1736 ἱππεῖ»
3210 1671 3283 1727 ibi
3312 1671 3387 1727 illi
3427 1671 3705 1728 individua
3749 1687 3882 1728 sum

605 1752 862 1851 periculis
885 1752 1006 1836 esse
1032 1796 1138 1835 non
1164 1796 1307 1835 reor.
1325 1752 1438 1835 'Est
1462 1794 1676 1851 quoque
1701 1787 1756 1835 et
1778 1752 2064 1834 laudabilis
2086 1792 2185 1849 pro
2213 1752 2261 1813 Β
2288 1773 2463 1851 ηβεεῖε
2486 1758 2810 1851 iam
2837 1760 3003 1817 εἴη
3026 1775 3259 1832 mle
3283 1762 3397 1833 iam
3442 1763 3577 1819 die“
3607 1763 3881 1820 illustri!-

606 1871 854 1941 exemplo
881 1872 1220 1942 przedicanda
1246 1870 1496 1926 omnibus
1520 1872 1738 1935 veritas,
1761 1882 1818 1926 et
1842 1869 2188 1925 nihilominus

607 1961 925 2017 detestanda
949 1961 1337 2017 rhetoricorum
1358 1963 1652 2033 composita
1673 1961 1899 2017 falsitas.
1923 1960 2187 2029 Quoniam

608 2053 800 2109 melius
837 2061 923 2110 est
962 2055 1028 2110 de
1072 2054 1254 2111 multis
1280 2056 1555 2126 praeclaris
1582 2056 1716 2113 nihil
1746 2055 2074 2112 facinoribus
2102 2055 2188 2110 di-

603 2161 753 2210 cere,
782 2161 943 2217 quam
967 2161 1035 2201 ex
1065 2148 1247 2218 parvis
1280 2148 1438 2204 bonis
1457 2149 1625 2204 multa
1661 2148 1795 2204 falsa
1825 2149 1855 2190 δ
1881 2149 2148 2205 disserere
2168 2166 2186 2202 ε

610 2236 882 2306 tutiusque
912 2245 994 2293 est
1021 2239 1200 2293 omnia
1228 2253 1346 2308 quae
1368 2246 1517 2310 gesta
1549 2248 1674 2295 sunt
1703 2238 2006 2311 praeterire,
2030 2254 2191 2309 quam

605 2341 671 2382 ea
693 2342 813 2397 qua:
840 2342 947 2382 non
975 2326 1194 2383 fuerunt
1214 2340 1262 2395 π,
1286 2330 1461 2399 aliqua
1483 2331 1705 2401 tingere.
1727 2330 1794 2386 Et
1816 2331 2000 2385 mitius
2018 2339 2190 2399 errat,

607 2415 702 2486 qui
726 2430 832 2471 non
855 2416 1073 2471 malitias
1094 2425 1240 2483 voto,
1266 2418 1359 2473 sed
1389 2419 1630 2489 segnitiae
1654 2417 1796 2475 fastu
1825 2433 1952 2474 vera
1982 2420 2193 2489 suppri-

611 2506 731 2572 mit,
756 2522 823 2563 eo
845 2508 938 2578 qui
973 2507 1175 2563 diserte
1210 2507 1343 2564 falsa
1372 2508 1650 2581 contingit.
1694 2507 1906 2563 Veritas
1936 2509 2079 2565 enim
2098 2550 2113 2575 ,
2146 2508 2192 2565 si

610 2597 791 2653 studio
823 2597 1068 2654 veritatis
1092 2606 1147 2654 et
1183 2615 1289 2654 non
1313 2615 1466 2655 vana:
1488 2600 1669 2670 gloria:
1688 2598 1952 2670 jactantia
1974 2598 2192 2665 dicitur,

611 2688 812 2744 dicenti
842 2701 1098 2744 coronam
1124 2689 1408 2761 implodit;
1442 2690 1651 2747 falsitas
1686 2699 1864 2747 autem
1884 2731 1900 2756 ,
1926 2690 1971 2745 si
2002 2691 2069 2745 ab
2096 2689 2196 2745 ali-

607 2795 717 2852 quo
744 2781 1077 2849 intentatur,
1119 2783 1511 2854 conjectantem
1546 2783 1764 2840 occidit.
1808 2783 1879 2838 Et
1911 2782 2031 2838 ideo
2055 2781 2194 2837 sicut

610 2886 700 2927 me
725 2870 1012 2927 veritatem
1039 2871 1306 2929 dicentem
1332 2874 1787 2929 remunerandum
1815 2888 1936 2928 esse
1955 2886 2194 2944 congau-

608 2960 734 3026 deo,
775 2961 850 3017 ita
881 2959 1170 3017 falsitatem
1211 2963 1258 3018 si
1302 2961 1523 3029 dixero,
1564 2963 2028 3019 condemnandum
2074 2974 2196 3016 esse

606 3065 714 3105 non
739 3064 894 3121 nego.
921 3051 1127 3120 Quibus
1149 3067 1279 3124 ergo
1305 3054 1485 3109 causis
1519 3054 1586 3109 ad
1621 3054 1907 3110 falsitatem
1937 3060 2192 3108 retexen-

2287 1850 2411 1906 simi
2444 1850 2548 1905 viri
2596 1851 2903 1908 auditorum
2926 1871 2944 1908 :
2968 1862 3031 1910 et
3062 1854 3193 1911 ω
3242 1855 3581 1927 [sequendas
3623 1856 3751 1926 ejus
3796 1856 3886 1912 III-

2287 1944 2433 1998 mina
2461 1952 2713 2009 tererem,
2740 1945 3109 2017 incultumque
3136 1948 3417 2018 ingenia.
3442 1961 3725 2016 κιαι,
3755 1956 3885 2005 tli-

2289 2033 2412 2090 dem
2460 2037 2801 2105 respectione
2847 2036 3026 2093 divina
3076 2036 3241 2107 hujus
3281 2039 3415 2093 tanti
3458 2039 3569 2095 viri
3609 2039 3893 2099 seciam

2289 2125 2606 2198 conjungor.
2646 2127 2713 2181 Et
2761 2128 3055 2185 catenatim
3099 2130 3395 2187 inadibilih
3425 2147 3568 2188 nexu
3623 2148 3735 2188 non
3791 2134 3883 2190 in-

2290 2225 2482 2272 nector
2513 2226 2743 2284 tantum,
2771 2218 2865 2273 sed
2902 2219 3097 2274 unior:
3121 2219 3354 2292 factique
3379 2238 3569 2280 sumus
3592 2224 3881 2281 auditores

2290 2307 2414 2373 viri,
2446 2317 2717 2364 amatores
2762 2310 2933 2365 nostri
2963 2328 2977 2364 :
3004 2310 3058 2365 in
3100 2317 3337 2379 tantum,
3382 2322 3443 2369 ut
3486 2314 3581 2369 illa
3613 2324 3753 2371 atas
3794 2316 3881 2371 in-

2290 2398 2450 2453 docta
2506 2396 2610 2453 sibi
2660 2412 2768 2455 non
2828 2413 3085 2459 concessa
3140 2411 3508 2472 praesumeret.
3562 2404 3881 2476 Agebat-tl

2292 2490 2513 2561 utrique
2545 2489 2949 2561 Scripturarum
2976 2491 3348 2550 delectabilem
3378 2493 3577 2560 lusum,
3609 2505 3673 2551 et
3698 2495 3881 2552 sebal-

2293 2596 2442 2636 mum
2478 2581 2534 2636 in
2581 2581 2702 2637 lacu
2739 2583 3047 2640 nescientes
3090 2599 3299 2653 regere,
3329 2585 3524 2642 Euxini
3554 2586 3728 2643 maris
3759 2604 3881 2644 cre-

2296 2671 2559 2731 debamur
2605 2671 2829 2745 fragori.
2881 2672 3017 2751 Nam
3065 2675 3299 2746 pueriles
3344 2679 3728 2735 contentiones
3778 2694 3879 2751 pro

2298 2760 2581 2829 doctrinis,
2606 2762 2804 2832 quibus
2842 2748 3229 2833 dividebamur,
3270 2780 3379 2823 non
3418 2766 3626 2832 odim
3656 2767 3757 2823 sed
3780 2748 3877 2824 de-

2293 2849 2619 2908 lectabiliter
2647 2854 2969 2925 epistolatim
3002 2854 3058 2910 in
3086 2856 3312 2913 invicem
3339 2858 3567 2930 egimus,
3600 2870 3663 2915 et
3688 2860 3879 2932 rhyth-

2295 2944 2452 3002 micis
2492 2947 2744 3003 versibus
2796 2963 2897 3004 nos
2938 2947 3188 3006 laudibus
3231 2951 3625 3008 mulcebamus.
3658 2952 3729 3008 Et
3772 2953 3875 3008 hoc

2296 3044 2418 3091 erat
2458 3037 2778 3093 exercitium
2818 3037 2976 3093 nobis
3022 3038 3182 3095 melle
3224 3041 3466 3107 suavius,
3504 3040 3649 3098 favis
3685 3042 3879 3113 jume-

610 3139 732 3194 dam
757 3102 1035 3208 insilirEm,
1067 3142 1183 3213 ipse
1205 3102 1310 3200 Son
1337 3144 1524 3211 habui,
1547 3145 1641 3215 qui
1666 3146 1951 3201 veritatem
1988 3145 2045 3201 in
2068 3160 2189 3203 om-
2219 3102 2265 3166 C
2295 3125 2436 3193 άίυεν
2463 3134 2518 3182 εί
2561 3127 2617 3181 in
2661 3136 2786 3185 ame
2840 3142 2940 3185 "03
2988 3129 3229 3201 (ιυοιίΰίθ
3276 3132 3659 3198 emendem“,
3703 3133 3872 3188 mum

611 3229 794 3296 nibus,
825 3245 932 3286 non
958 3230 1323 3300 mendacium,
1351 3235 1684 3290 remunerari
1708 3236 1954 3306 cognovi.

1123 3383 1350 3442 CAPUT
1383 3385 1675 3444 PRIMUM.

623 3494 687 3551 S.
718 3493 929 3568 Eulogii
961 3496 1048 3568 pia
1078 3497 1349 3565 educatio,
1386 3500 1581 3566 studia,
1610 3500 1978 3565 sacerdotium,
2011 3501 2194 3558 titulus

691 3565 940 3633 doctoris,
962 3565 1304 3638 familiaritas
1330 3586 1451 3624 cum
1472 3565 1662 3625 Alvaro
1690 3568 1825 3626 Vita:
1852 3572 2122 3642 scriptore.

690 3678 746 3734 2.
786 3680 954 3752 igitur
978 3682 1170 3739 beatus
1190 3692 1398 3756 martyr
1416 3683 1671 3758 Eulogius
1692 3685 1855 3742 nobili
1881 3686 2046 3759 stirpe
2072 3701 2197 3759 pro-

619 3772 832 3840 genitus
879 3773 976 3844 (t),
1013 3773 1276 3830 Corduba:
1311 3776 1547 3837 civitatis
1579 3778 1821 3849 patriciae
1861 3778 1939 3850 (2)
1979 3788 2199 3835 senato-

616 3876 739 3916 rum
768 3861 989 3918 traduce
1018 3873 1201 3930 natus,
1236 3866 1490 3923 Ecclesiae
1517 3869 1820 3925 ministerio
1852 3870 1881 3910 τι
1915 3872 2196 3941 mancipa-

624 3959 710 4004 tus
738 3950 837 4020 (5),
872 3953 1045 4006 sancti
1087 3968 1151 4009 ac
1196 3955 1491 4013 beatissimi
1522 3959 1669 4031 Zoyli
1703 3961 1819 4017 aede
1863 3960 2197 4028 deserviens,

619 4051 675 4097 et
705 4042 759 4096 in
799 4043 1039 4113 ejusdem
1081 4046 1305 4119 collegio
1348 4049 1666 4107 clericorum
1701 4052 1865 4108 vitam
1900 4053 2197 4118 deducens,

622 4128 807 4186 multis
849 4139 906 4187 et
956 4132 1273 4191 clarissimis
1316 4137 1604 4194 virtutibus
1644 4137 1857 4206 ﬂoruit,
1890 4141 2099 4213 magnis
2144 4149 2201 4195 et

625 4218 979 4279 laudabilibus
1006 4226 1261 4297 operibus
1296 4228 1482 4299 viguit.
1520 4228 1604 4283 Ab
1632 4229 1766 4297 ipsis
1792 4232 1938 4285 enim
1974 4231 2198 4286 incuna-

621 4312 765 4385 bulis
794 4326 817 4355 α
842 4315 1037 4373 litteris
1064 4320 1451 4378 ecclesiasticis
1485 4323 1718 4389 haerens,
1747 4330 1803 4379 et
1838 4323 2075 4394 quotidie
2101 4338 2202 4396 per

2295 3216 2569 3274 inadibilia
2612 3228 2820 3276 tentare
2863 3220 2920 3275 in
2965 3219 3282 3293 Scripturis,
3311 3222 3539 3294 puerilis
3582 3225 3877 3280 immatura

2294 3306 2600 3364 docibilitas
2649 3310 2829 3381 coegit
2867 3312 2913 3365 ί.
2958 3309 3037 3366 Ita
3072 3319 3132 3367 ut
3174 3312 3446 3368 volumina
3493 3315 3873 3381 condemns,

2295 3412 2417 3471 quae
2444 3408 2631 3470 postea
2668 3410 2803 3458 aetas
2836 3411 3049 3458 matura
3081 3401 3096 3455 i
3133 3403 3414 3472 abolenda,
3445 3421 3513 3462 ne
3542 3407 3597 3462 in
3628 3418 3874 3480 posteros

2296 3501 2661 3559 remanerent,
2690 3495 2948 3550 decrevit.

2366 3580 2421 3635 5.
2463 3578 2569 3636 Sed
2622 3598 2745 3637 cum
2792 3582 2905 3653 jam
2957 3601 3128 3642 annos
3172 3588 3201 3629 ι
3235 3587 3534 3658 iuventutis
3587 3590 3877 3661 attingeret

2297 3669 2572 3742 Eulogius,
2600 3672 2831 3729 diaconii
2854 3676 3152 3734 ministerio
3173 3679 3431 3750 fungitur,
3456 3690 3620 3751 atque
3646 3683 3703 3736 in
3730 3683 3877 3738 brevi

2298 3767 2497 3822 merito
2519 3777 2704 3823 vectus
2730 3769 2798 3824 ad
2822 3785 3063 3840 superos,
3091 3774 3256 3841 gradu
3280 3774 3599 3845 presbyterii
3626 3775 3881 3830 sublime.

2298 3864 2427 3911 tur:
2457 3873 2690 3928 moxque
2732 3861 3010 3929 magistris
3046 3863 3237 3918 ordine
3276 3872 3333 3919 et
3370 3866 3494 3919 vita:
3518 3866 3767 3921 moribus
3794 3883 3879 3922 so-

2299 3949 2489 4005 ciatur.
2519 3949 2730 4017 Quanta
2756 3951 2832 4005 illi
2855 3953 3377 4024 humilitas,‘quanta
3406 3956 3644 4020 bonitas,
3674 3969 3879 4028 quanta

2301 4038 2589 4094 inhaeserat
2635 4041 2904 4108 charitas,
2933 4058 3085 4098 amor
3119 4046 3361 4101 omnium
3396 4048 3743 4104 ostendebat.
3781 4048 3881 4104 Ex-

2301 4129 2430 4186 hinc
2457 4131 2622 4201 caapit
2660 4146 2718 4186 se
2754 4134 2951 4188 acriori
2983 4134 3105 4190 vita:
3132 4138 3447 4195 austeritate
3480 4142 3878 4212 constringere,

2296 4230 2355 4276 et
2406 4222 2681 4277 modestia:
2728 4222 2936 4293 legibus
2990 4224 3043 4279 in
3085 4227 3352 4284 universis
3404 4231 3714 4289 actionibus
3760 4252 3881 4306 per.

2296 4328 2531 4369 ornare:
2559 4313 2855 4385 Scripturis
2896 4332 3092 4373 vacare
3141 4319 3354 4387 divinis,
3377 4331 3434 4377 et
3478 4340 3681 4397 corpus
3724 4344 3877 4383 suum

623 4406 796 4461 studia
854 4408 1117 4466 bonorum
1178 4428 1405 4482 operum
1469 4428 1758 4481 crescens,
1815 4414 2198 4485 perfectionem
2227 4475 2273 4488 ἢ
2304 4406 2499 4476 Vigiliis
2517 4422 2581 4461 ac
2604 4406 2827 4477 jejuniis
2845 4410 3131 4481 castigare,
3156 4416 3481 4470 monasteria
3512 4416 3875 4488 frequentare,

623 4499 850 4569 adeptus
891 4511 992 4565 est,
1027 4519 1092 4559 ac
1139 4475 1302 4575 super
1342 4520 1535 4561 omnes
1589 4475 1894 4562 coaetaneos
1918 4488 2191 4562 doctrina

2302 4499 2544 4554 cmnobia
2580 4498 2835 4566 invisere,
2866 4498 3076 4572 regulas
3102 4501 3332 4560 fratrum
3364 4522 3713 4577 componere.
3748 4510 3881 4567 Hinc

625 4589 854 4646 scientia
900 4593 1130 4661 clarens,
1162 4603 1220 4651 et
1249 4595 1571 4652 eruditionis
1600 4596 1810 4653 lumine
1836 4597 2054 4665 ﬂorens,
2088 4612 2202 4652 ma-

626 4678 921 4748 gistrorum
972 4683 1163 4739 doctor
1215 4692 1299 4740 est
1342 4683 1536 4741 factus.
1569 4685 1776 4756 Quippe
1826 4686 1918 4755 qui
1962 4693 2200 4741 mentem

624 4767 850 4824 senilem
898 4772 1221 4841 parvissimo
1270 4787 1498 4844 corpore
1544 4789 1769 4847 gerens,
1806 4777 2057 4832 vincebat
2101 4776 2204 4832 etsi

699 4911 730 5010 ξ
758 4899 1391 5042 DSltébo’ttltltfein.margine,
1416 4908 1534 4963 nari
1565 4908 1834 4979 debentur,
1858 4919 1915 4966 ut
1944 4927 2043 4968 ms.

766 5040 785 5042 ᾇ
845 5011 884 5037 .,
1044 5014 1058 5028 .
1154 5016 1169 5027 .
1592 5008 1602 5017 -

845 5011 884 5037 α’
907 5008 1058 5037 ιιιιοσ.
1154 5016 1169 5027 ρ
1592 5008 1602 5017 ⁹

698 5049 725 5119 ξ
757 5040 992 5119 §_c_hott.,
1021 5045 1073 5099 in
1109 5061 1305 5119 marg.,
1326 5047 1541 5119 fuerint,
1569 5057 1632 5106 ut
1658 5064 1762 5107 ms.

700 5108 728 5149 ἀ
760 5110 928 5179 Edit.,
955 5108 1304 5179 mancipatur;

706 5187 731 5256 ξ
763 5181 886 5256 his”
913 5184 1091 5256 ipso...
1124 5181 1462 5244 incunabulo.

706 5248 729 5323 ζ
761 5248 997 5323 §chott.,
1019 5267 1214 5323 autem,
1236 5266 1296 5313 ut
1320 5259 1373 5313 in
1400 5274 1503 5314 ms.

680 5320 732 5403 ς⁸
760 5320 1152 5403 Ηίξρτιῃίεξιιιμε,
1174 5320 1251 5403 ait
1270 5327 1545 5403 Schottus,
1565 5344 1889 5403 promagrue
1913 5333 2167 5403 opinionis
2184 5348 2204 5387 :

635 5396 693 5472 nt
736 5392 1163 5475 paulohinferius
1208 5398 1264 5454 in
1301 5392 2006 5471 passione-opinatissimu'm
2042 5403 2204 5459 Eulo-

632 5463 778 5530 gium
808 5463 952 5519 dicit.
1301 5463 1319 5469 ⁷
1624 5463 1635 5471 ’

636 5529 839 5623 mil}?
866 5545 1070 5623 si
1099 5535 1353 5623 ξεΐξριμξε
1394 5554 1496 5609 vro
1533 5539 1824 5623 ίῖιεοιιμθειεν
1850 5543 2205 5623 uariantes-

636 5597 837 5686 Pttnleit
862 5605 1077 5686 quidem
1101 5606 1238 5686 apud
1254 5597 1529 5675 Alvai-um,
1548 5611 1723 5679 inquit
1746 5597 2207 5686 recte‘Floreiitis,

635 5675 781 5727 vocis
821 5675 1084 5730 inadibilis
1114 5677 1260 5733 notio
1287 5689 1546 5748 apparet:
1581 5675 1684 5734 una
1716 5696 1814 5751 pro
1841 5675 2206 5751 inaccessibili,

2303 4588 2429 4645 inde
2447 4598 2642 4644 cuncta
2665 4605 2731 4645 eo
2752 4592 2912 4647 modo
2936 4608 3150 4660 curare,
3173 4610 3281 4665 quo
3306 4597 3350 4652 si
3375 4597 3490 4653 ﬁeri
3512 4613 3722 4669 posset,
3744 4615 3881 4659 utro

2303 4678 2465 4747 bique
2509 4679 2740 4734 adesset.
2780 4680 2858 4736 lta
2907 4682 3219 4739 clericatum
3268 4702 3435 4758 agens
3466 4693 3784 4761 proprium,
3826 4704 3882 4748 ut

2304 4768 2607 4841 regularem
2659 4771 2906 4827 ordinem
2955 4788 3063 4829 non
3115 4775 3413 4833 dimitteret
3463 4781 3705 4837 alienum
3751 4803 3767 4839 :
3812 4786 3880 4839 ita

2309 4917 2367 4984 ut
2391 4908 2515 4966 dum
2546 4910 2612 4963 ad
2639 4909 2798 4984 finem
2831 4911 2963 4984 dicit
2994 4913 3155 4983 hujus
3183 4918 3418 4984 numeri,
3450 4918 3621 4975 multa
3659 4922 3883 4976 inadibi-

2305 4980 2379 5034 lia
2408 4989 2700 5058 tentare-ex
2735 4980 3246 5058 Scripturisfaltera
3274 5004 3373 5058 pro
3405 4980 3605 5055 stabili,
3635 5001 3693 5045 ut
3716 4994 3793 5046 ait
3817 4993 3879 5044 ad

2306 5065 2457 5129 num.
2484 5047 2891 5129 5.:“liic‘tamc'n
2931 5047 3494 5129 inudrbilisfnunquam
3532 5047 3801 5122 rah'llare,
3832 5064 3880 5114 id

2304 5118 2656 5197 εειηδιαρἱἰξ,
2686 5120 2893 5197 ﬁrmus,
2925 5124 3306 5197 immutabilis;
3329 5118 3434 5197 qua
3473 5131 3638 5186 etiam
3667 5118 3880 5186 notione

2305 5189 2457 5271 licuit
2493 5189 2543 5243 ei
2587 5189 2789 5256 dicere,
2816 5193 3055 5271 inadibilx
3086 5213 3245 5265 nexu,
3272 5189 3400 5270 quin
3429 5218 3566 5271 opus
3595 5203 3670 5257 sit
3699 5214 3880 5258 vocem

2305 5258 2425 5316 loco
2447 5273 2664 5314 movere
2693 5275 2815 5314 cum
2847 5262 3053 5319 Morali.

2387 5331 2403 5371 i
2438 5330 2677 5408 §chott.,
2716 5348 2780 5385 ex
2817 5333 3170 5408 Scriptum...
3201 5340 3320 5408 egit,
3351 5349 3411 5395 nt
3438 5357 3541 5397 ms.

2383 5411 2398 5451 ι
2436 5398 2569 5476 ΜιςιηΔ
2594 5414 2836 5469 matura;
2884 5398 3141 5472 Morales,
3185 5398 3415 5476 mutata;
3448 5413 3682 5473 Schott.,
3707 5419 3878 5473 seu;

2308 5470 2755 5550 Antuerpienses,
2773 5475 2956 5550 multa.
2984 5470 3247 5550 Omnibus
3276 5470 3452 5550 potior
3471 5492 3555 5536 est
3576 5470 3740 5538 lectio
3759 5470 3876 5541 mal

2310 5544 2401 5617 qui
2430 5557 2619 5617 postea
2648 5543 2907 5617 abluenda
2930 5562 3028 5617 pro
3056 5543 3310 5604 abolenda
3337 5551 3519 5607 habet.

2383 5614 2411 5653 ιι
2445 5614 2821 5689 S_ch_ott_.,dum
2848 5614 3048 5689 annos;
3078 5635 3202 5686 ms.,
3224 5621 3346 5674 dunt
3368 5624 3545 5689 annis,
3568 5632 3631 5679 et
3655 5636 3763 5678 non
3788 5621 3873 5676 Ita-

2312 5684 2424 5749 bet,
2454 5683 2733 5753 Eulogius,
2765 5702 2862 5741 nec
2877 5687 3015 5756 jam.
