4078 6340
222 318 334 376 709

1509 309 1667 364 VITA
1709 307 1840 364 VEL
1873 300 2132 360 PASSIO.

3368 303 3473 357 7H)

220 429 508 488 monachis
555 426 854 490 εάιιωιιθηε,
881 431 944 480 ιιι
974 424 1203 480 clericus
1241 421 1562 494 probaretur
1589 439 1604 476 ;
1630 422 1701 476 ita
1739 422 1794 476 in
1821 420 1871 480 Α
1895 422 1950 469 et
1979 411 2166 482 quieti,
2211 409 2299 465 ille
2335 424 2440 464 non
2487 408 2758 472 noctibus,
2804 423 2910 463 non
2951 408 3139 464 diebus
3179 425 3208 464 a
3241 409 3472 468 lectione

221 523 372 580 clero
403 521 626 590 degens,
653 523 714 571 ut
740 515 1033 570 monachus
1056 515 1350 578 videretur,
1373 520 1426 568 et
1455 525 1482 553 α
1511 511 1799 581 utrobique

223 623 388 685 aptus
413 624 724 674 accurrens,
755 616 810 664 et
859 616 1209 678 utrarumque
1251 605 1615 677 professiones
1659 619 1799 659 unus

223 700 679 760 suﬁicientissime
697 697 994 768 complens.
1019 697 1282 754 Currebat
1306 697 1498 766 saepius
1524 695 1592 750 ad
1619 709 1800 750 coeno-

221 795 440 850 biorum
472 789 866 846 sacratissimos
891 804 1108 860 greges;
1135 789 1228 844 sed
1257 803 1326 842 ne
1355 786 1633 857 proprium
1655 785 1801 841 ordi-

223 897 352 938 nem
394 888 738 948 contemnere
770 887 1070 949 putaretur,
1103 880 1171 934 ad
1209 877 1408 933 clerum
1442 877 1636 931 iterum
1661 876 1688 916 δ
1715 889 1800 929 re-

223 971 450 1027 meabat
481 988 495 1024 :
520 971 574 1025 in
605 983 709 1039 quo
740 969 864 1024 dum
890 967 1103 1036 aliquod
1136 976 1342 1037 tempus
1374 966 1706 1036 persisteret,
1731 979 1802 1019 ne

223 1065 403 1120 virtus
450 1061 614 1116 animi
650 1060 796 1116 curis
830 1058 1174 1114 saecularibus
1209 1065 1578 1121 enervaretur,
1616 1054 1800 1110 itidem

225 1152 556 1210 monasteria
595 1150 894 1221 repetebat.
923 1147 1022 1204 Hic
1067 1147 1310 1203 doctrina
1354 1146 1465 1204 oris
1503 1145 1799 1201 Ecclesiam

227 1259 453 1309 ornans,
484 1242 592 1297 illic
620 1241 786 1296 vitam
815 1240 1087 1311 propriam
1114 1237 1434 1294 excutiendo
1462 1247 1485 1277 ο
1516 1237 1798 1300 decorans,

226 1335 282 1388 in
307 1334 518 1389 cunctis
542 1332 569 1372 ἀ
599 1331 890 1386 virtutibus
927 1331 1152 1400 positus,
1178 1330 1320 1384 viam
1353 1329 1529 1385 saeculi
1566 1343 1801 1385 moerens

226 1424 514 1478 incedebat
550 1429 603 1476 et
643 1421 872 1476 anxius:
903 1428 960 1476 et
998 1420 1235 1492 quotidie
1259 1421 1326 1475 ad
1352 1419 1588 1476 etelestia
1620 1419 1800 1474 volare

233 1513 478 1582 cupiens,
512 1525 774 1581 corporea
803 1510 1015 1565 sarcina
1043 1511 1382 1581 gravabatur.
1412 1509 1468 1564 In
1507 1517 1714 1563 tantum
1743 1516 1802 1562 ut

229 1603 459 1657 Romam
494 1602 573 1657 ire
615 1602 942 1670 disponeret,
987 1609 1046 1656 ut
1092 1600 1466 1655 adolescentiae
1503 1615 1683 1655 naevos
1727 1599 1802 1654 la-

228 1693 430 1764 crymis
473 1701 528 1748 et
565 1692 1010 1766 peregrinationis
1056 1691 1247 1747 itinere
1289 1691 1532 1746 domaret
1578 1702 1634 1757 ο,
1692 1690 1802 1746 imo

1900 505 2166 568 cessabat,
2199 511 2385 558 noctes
2429 501 2650 570 diesque
2681 501 3038 572 ingeminans,
3085 511 3140 556 et
3172 501 3186 552 i
3236 501 3474 576 Scripta-

1899 610 2080 649 rarum
2111 593 2272 649 mella
2323 592 2587 658 lambens,
2615 605 2710 647 ore
2741 592 2790 658 κ,
2841 599 2894 646 et
2945 591 3109 648 corde
3159 594 3474 658 spiritaliter

1901 685 2202 739 ruminans.

1973 773 2026 827 5.
2049 769 2267 827 ’V’erum
2305 785 2480 842 operae
2504 771 2737 841 pretium
2767 787 2890 828 reor
2912 773 2976 838 si,
3004 774 3164 843 paulo
3193 775 3353 833 altius
3390 779 3476 834 in—

1901 860 2175 927 cedentes,
2227 872 2468 932 tempore
2496 864 2886 934 persecutionis
2918 865 3149 935 qualiter
3178 867 3196 906 1
3225 871 3480 939 probatus

1897 946 2192 1020 exstiterit,
2223 954 2539 1009 inseramus.
2580 955 2717 1010 Nam
2747 967 2788 995 ω
2818 957 2946 1012 dum
2989 959 3256 1030 episcOpi,
3295 977 3478 1017 sacer-

1901 1043 2072 1106 dotes,
2104 1042 2282 1098 clerus
2309 1052 2364 1098 et
2399 1044 2667 1113 sapientes
2693 1045 2952 1102 Cordubae
2981 1049 3034 1103 in
3071 1050 3331 1120 martyrio
3375 1068 3478 1106 nu-

1900 1149 1997 1204 per
2021 1141 2209 1190 exorto
2230 1134 2386 1189 devio
2405 1134 2539 1190 calle
2562 1136 2894 1203 incederent,
2927 1153 2988 1192 ac
3019 1138 3230 1195 timoris
3249 1141 3480 1211 impulsu

1897 1238 2038 1294 pene
2073 1223 2232 1278 ﬁdem
2255 1222 2478 1290 Christi,
2504 1224 2550 1278 si
2576 1239 2682 1279 non
2707 1227 2908 1292 verbis,
2939 1237 3073 1282 nutu
3106 1238 3283 1284 tamen
3313 1246 3478 1301 nega-

1902 1325 2056 1381 rent;
2088 1316 2179 1371 hic
2198 1324 2376 1370 tamen
2405 1315 2676 1371 inadibilis
2706 1333 2978 1388 nunquam
3011 1319 3262 1376 vacillare
3289 1319 3373 1375 vel
3398 1328 3480 1376 te-

1903 1405 1996 1460 nui
2017 1414 2100 1461 est
2130 1405 2278 1460 visus
2323 1419 2566 1461 susurro.
2616 1404 2721 1460 Sed
2753 1407 3001 1462 omnibus
3035 1409 3378 1480 pergentibus
3411 1408 3482 1464 ad

1903 1509 2127 1566 agonem
2150 1510 2466 1560 occurrens,
2495 1495 2870 1551 universorum
2885 1497 3112 1564 animos,
3131 1509 3479 1555 cunctorum-

1891 1597 2007 1653 que
2041 1598 2165 1639 ossa
2187 1597 2454 1638 venerans
2475 1593 2528 1638 et
2551 1599 2898 1654 componens,
2923 1586 2978 1640 in
3007 1595 3216 1642 tantum
3237 1589 3484 1645 ardesce-

1901 1677 1996 1733 bat
2015 1677 2210 1731 ardore
2236 1675 2484 1746 martyrii
2508 1685 2558 1739 ιι,
2595 1683 2658 1729 ut
2685 1675 2802 1745 ipse
2839 1677 3088 1732 incentor
3139 1679 3268 1749 ipsis
3295 1679 3485 1736 diebus

229 1782 466 1838 domitos
504 1782 708 1838 deleret
739 1800 751 1835 :
779 1781 874 1836 sed
903 1796 1028 1836 ecce
1053 1796 1241 1836 omnes
1279 1781 1407 1835 hinc
1439 1780 1563 1834 inde
1600 1779 1803 1835 insisti-

1906 1768 2176 1822 videretur
2196 1780 2317 1821 esse
2337 1773 2636 1836 martyrum
2663 1773 2711 1819 °.
2741 1767 2846 1822 Pro
2872 1783 2978 1837 quo
3007 1769 3342 1824 rectitudinis
3368 1770 3485 1826 zelo

228 1888 371 1939 mus,
413 1881 467 1930 et
511 1886 634 1928 eum
680 1873 852 1944 magis
901 1888 1126 1944 corpore
1177 1887 1338 1942 quam
1383 1870 1564 1926 animo
1605 1871 1805 1927 retine-

229 1981 374 2020 mus.

849 2035 1074 2092 CAPUT
1119 2033 1184 2090 Il.

229 2127 290 2184 S.
316 2127 530 2200 Eulogii
560 2129 850 2200 captivitas,
877 2129 1146 2194 liberatio;
1170 2126 1488 2200 martyribus
1511 2128 1806 2184 constantia

691 2199 818 2254 data
841 2217 860 2265 ;
891 2209 1010 2252 acta
1037 2199 1346 2269 conscripta.

221 2373 228 2378 ,
298 2309 356 2365 4.
399 2308 599 2364 Verum
627 2311 752 2365 dum
779 2311 881 2365 ista
925 2319 982 2366 et
1007 2309 1109 2365 alia
1144 2309 1448 2366 referuntur
1471 2309 1570 2383 (l),
1592 2313 1804 2366 tandem

230 2397 598 2455 Reccafredus
645 2400 928 2471 episcopus
977 2415 1139 2470 super
1171 2401 1430 2458 ecclesias
1485 2409 1541 2457 et
1581 2401 1807 2457 clericos

229 2491 385 2560 quasi
413 2490 569 2545 turbo
595 2489 859 2546 violentus
887 2490 1129 2546 insiluit:
1159 2505 1456 2561 omnesque
1478 2491 1804 2557 sacerdotes,

230 2593 369 2649 quos
397 2580 594 2648 potuit,
641 2580 901 2634 carcerali
930 2579 1146 2635 vinculo
1197 2580 1450 2652 alligavit.
1486 2580 1631 2635 Inter
1672 2595 1806 2651 quos

229 2679 292 2723 ut
319 2669 522 2725 electus
567 2671 710 2727 aries
761 2671 999 2737 ducitur,
1031 2681 1086 2726 et
1134 2686 1258 2726 cum
1307 2671 1560 2742 pontiﬁce
1593 2687 1692 2727 suo
1721 2671 1806 2726 vel

231 2762 353 2818 aliis
387 2764 756 2820 sacerdotibus
779 2765 1032 2820 vincitur.
1065 2765 1122 2819 In
1155 2779 1261 2834 qua
1291 2765 1594 2820 retrusione
1634 2764 1806 2836 magis

231 2853 569 2910 orationibus
607 2864 662 2910 et
705 2855 1024 2911 lectionibus
1051 2870 1269 2926 operam
1299 2855 1446 2910 dedit
1497 2870 1660 2925 quam
1690 2855 1806 2910 vin-

233 2945 389 3000 culis.
417 2945 493 3000 lbi
519 2947 722 3002 sanctis
753 2946 1052 3017 virginibus
1083 2945 1256 3002 Flora:
1281 2954 1338 3001 et
1362 2945 1544 3000 Mariae
1577 2960 1674 3015 pro
1703 2944 1804 3000 fide

233 3037 638 3107 comprehensis
659 3037 787 3093 illud
804 3038 1194 3094 Documentum
1217 3036 1525 3109 Martyriale
1539 3050 1648 3090 uno
1665 3035 1802 3090 libro

1906 1857 2088 1914 multis
2127 1855 2336 1913 exstitit
2371 1856 2709 1911 contumeliis
2757 1858 3121 1928 propulsatus,
3172 1861 3486 1928 magnisque

1898 1948 2203 2004 terroribus
2223 1948 2500 2019 fatigatus.
2528 1946 2664 2002 Nam
2707 1965 2844 2004 unus
2890 1965 2956 2004 ex
2999 1949 3314 2018 proceribus
3337 1950 3485 2004 illum

1899 2041 2191 2110 impetens,
2223 2049 2277 2096 et
2303 2040 2464 2095 minis
2500 2055 2850 2111 exasperans,
2887 2042 3069 2097 divino
3114 2041 3260 2112 justo
3284 2042 3486 2112 judicio

1905 2130 1961 2185 in
1986 2131 2274 2200 reprobum
2309 2146 2526 2186 sensum
2551 2145 2864 2194 conversus,
2895 2131 3054 2187 fidem
3094 2147 3255 2201 quam
3297 2141 3486 2187 tenens

1899 2221 2120 2277 nescius
2164 2223 2529 2294 impugnabat,
2567 2237 2694 2276 mox
2744 2222 2908 2276 miser
2954 2231 3008 2278 et
3050 2223 3244 2278 stultus
3282 2224 3482 2279 amisit.

1908 2311 1983 2366 De
2002 2327 2108 2382 quo
2148 2311 2358 2381 plenius
2394 2313 2444 2366 in
2485 2311 2624 2366 libro
2648 2310 2954 2366 Memoriale
2985 2313 3304 2368 Sanctorum
3328 2313 3488 2368 tertio

1901 2399 2014 2471 jam
2059 2403 2234 2458 dictus
2278 2402 2620 2458 beatissimus
2649 2403 2954 2472 disputavit.
2991 2403 3049 2457 In
3095 2405 3288 2474 quibus
3333 2404 3487 2462 libris

1906 2503 1960 2546 et
1985 2493 2266 2562 passiones
2297 2491 2605 2564 singillatim
2647 2502 2942 2565 martyrum
2972 2495 3118 2550 claro
3163 2496 3309 2551 fonte
3333 2497 3485 2552 locu-

1907 2582 2071 2638 tionis
2092 2582 2369 2654 explicuit,
2385 2593 2440 2636 et
2461 2584 2836 2653 prosecutione
2857 2585 3135 2641 sufﬁcienti
3158 2601 3488 2656 quaecunque

1907 2682 2024 2728 acta
2049 2682 2172 2728 sunt
2194 2673 2247 2728 in
2269 2674 2596 2744 martyribus
2641 2675 2735 2729 Dei
2762 2682 2871 2729 Pet
2917 2676 3056 2730 dicta
3096 2677 3361 2732 secuturis
3391 2693 3490 2748 ge-

1905 2762 2276 2817 nerationibus
2319 2763 2638 2832 prepalavit.
2689 2763 2936 2830 Quantus
2981 2773 3160 2818 autem
3208 2764 3293 2818 vel
3324 2779 3488 2834 quam

1907 2852 2175 2909 excellens
2216 2853 2380 2909 fuerit
2409 2854 2653 2919 scientia,
2698 2853 2819 2910 luce
2863 2855 3080 2910 clariola
3109 2856 3226 2926 ejus
3253 2855 3492 2924 pandent

1891 2946 2181 3016 opuscula,
2219 2961 2338 3016 quae
2381 2946 2492 3001 sale
2526 2947 2709 3002 Attico
2751 2955 2806 3001 et
2849 2948 3117 3018 prosatico
3141 2947 3344 3017 lepore,
3373 2947 3486 3002 imo

1903 3038 2084 3094 divina
2110 3038 2469 3108 inspiratione
2497 3039 2816 3110 composuit.

232 3127 556 3198 εοωροευίῐν
586 3127 640 3181 in
679 3142 785 3197 quo
811 3141 903 3182 eas
928 3126 994 3182 ad
1032 3126 1353 3197 martyrium
1395 3124 1576 3179 nervis
1606 3123 1626 3164 τ
1661 3132 1809 3178 tena-
1832 3122 1883 3187 C
1982 3131 2033 3186 6.
2077 3131 2184 3187 Sed
2214 3132 2544 3187 redeundum
2568 3139 2651 3186 est
2670 3133 2737 3187 ad
2762 3129 3072 3186 Reccafredi
3095 3130 3333 3200 episcopi
3355 3137 3490 3184 tem-

233 3221 472 3276 cissimis
513 3220 782 3286 solidavit,
819 3235 1018 3290 easque
1067 3229 1121 3275 et
1163 3235 1263 3290 per
1306 3234 1364 3274 se
1405 3217 1585 3274 verbis
1611 3225 1666 3273 et
1709 3232 1807 3289 per

234 3312 492 3382 epistolas
513 3321 739 3368 mortem
766 3321 1113 3368 contemnere
1135 3310 1317 3366 docuit
1342 3327 1356 3364 :
1385 3325 1550 3379 seque
1575 3323 1809 3380 suosque

233 3403 414 3459 socios
445 3417 631 3458 earum
670 3403 940 3475 suﬂ'ragiis
964 3401 1181 3457 vinculo
1209 3400 1491 3456 solvendos
1511 3400 1806 3466 commisit,

233 3495 379 3566 quod
409 3504 463 3550 et
507 3495 754 3551 obtinere
787 3511 916 3550 mox
967 3501 1092 3565 post
1118 3501 1330 3549 sextum
1364 3491 1506 3548 diem
1541 3490 1809 3562 passionis

233 3603 423 3643 earum
443 3588 757 3658 promeruit.
783 3586 918 3642 Nam
945 3585 1050 3642 illm
1077 3593 1266 3642 octavo
1291 3583 1560 3639 Kalendas
1591 3583 1811 3638 Decem-

234 3680 352 3735 bris
395 3679 743 3750 expleverunt
787 3678 1137 3750 martyrium;
1186 3675 1498 3732 sacerdotes
1542 3691 1672 3731 vero
1713 3675 1812 3730 Do-

234 3773 370 3828 mini
395 3773 552 3828 tertio
571 3771 930 3827 Kalendarum
952 3771 1264 3826 earumdem
1289 3769 1609 3824 solutionem
1623 3767 1810 3836 adepti

234 3870 362 3916 sunt
380 3861 478 3931 (2).
499 3861 684 3915 Exstat
709 3875 870 3930 super
889 3859 1300 3914 hocillustriore
1328 3859 1466 3929 stylo
1490 3858 1518 3898 8
1545 3855 1806 3920 confecta,

233 3960 294 4006 et
332 3951 468 4006 inibi
521 3952 608 4006 his
650 3951 841 4006 diebus
874 3950 1078 4006 directa
1109 3949 1358 4020 epistola,
1390 3949 1693 4018 passionem
1723 3963 1814 4002 ea-

235 4043 485 4097 rumdem
519 4043 785 4113 virginum
805 4082 820 4108 ,
849 4050 903 4097 et
929 4040 1262 4111 ereptionem
1290 4040 1631 4094 sacerdotum
1675 4038 1816 4110 ipsa-

235 4147 364 4187 rum
387 4129 657 4200 virginum
685 4133 894 4207 meritis
921 4133 1286 4187 continentem
1316 4129 1414 4201 (5).
1441 4129 1518 4183 Albi
1538 4127 1812 4194 metricos,

236 4240 378 4296 quos
421 4225 598 4280 adhuc
641 4226 953 4281 nesciebant
1007 4225 1280 4296 sapientes
1312 4222 1601 4292 Hispanize,
1649 4219 1815 4289 pedes

233 4314 632 4384 perfectissime
686 4315 900 4380 docuit,
958 4314 1220 4382 nobisque
1274 4320 1398 4382 post
1451 4311 1815 4382 egressionem

237 4419 394 4459 suam
422 4405 674 4460 ostendit.
707 4405 835 4460 lnde
885 4413 939 4458 et
968 4405 996 4444 ιι
1031 4404 1162 4458 mihi
1195 4418 1291 4472 pro
1341 4403 1494 4458 libris
1523 4402 1651 4465 illis,
1681 4416 1817 4470 quos

1903 3240 2064 3295 pora,
2094 3233 2149 3280 et
2173 3240 2277 3294 qua
2300 3233 2417 3280 arte
2442 3239 2474 3278 a
2502 3224 2769 3280 sacrificio
2799 3239 2856 3279 se
2894 3223 3253 3292 suspenderit,
3279 3237 3347 3276 ne
3377 3221 3492 3292 ejus

1909 3315 2270 3386 glutinaretur
2297 3316 2504 3381 errori,
2543 3313 2923 3386 proferendum
2955 3313 3052 3385 (4).
3088 3312 3330 3383 Namque
3360 3313 3492 3382 ipsis

1910 3405 2100 3462 diebus
2151 3406 2332 3461 cuncti
2378 3406 2426 3461 ei
2457 3415 2513 3460 et
2534 3416 2562 3456 τι
2606 3407 2657 3460 vi
2705 3415 2757 3461 et
2788 3413 3053 3475 potestate
3080 3405 3310 3469 addicti,
3337 3404 3491 3472 jussu

1909 3496 2057 3567 regio
2112 3495 2331 3562 subditi,
2361 3496 2544 3565 iniquo
2580 3495 2903 3551 videbantur
2940 3496 3082 3550 hosti
3117 3493 3354 3562 adjuncti
3394 3503 3492 3550 :et

1910 3589 2002 3659 qui
2024 3587 2192 3658 priori
2220 3588 2613 3644 insurrectione
2636 3587 2846 3643 adversi
2871 3597 2926 3642 et
2947 3587 3110 3642 erecti
3143 3595 3330 3640 contra
3359 3600 3487 3640 eum
3571 3609 3580 3614 -

1911 3689 2175 3736 steterant
2200 3691 2245 3745 ι’,
2276 3689 2401 3736 tunc
2443 3688 2649 3734 terrore
2693 3679 2890 3734 conciti
2927 3689 2973 3743 ³,
3003 3677 3156 3747 quasi
3197 3676 3492 3730 familiares

1911 3771 2212 3837 haerebant,
2249 3786 2354 3825 non
2405 3778 2607 3835 mente,
2637 3769 2731 3824 sed
2779 3782 3032 3838 corpore;
3079 3781 3178 3821 nec
3207 3765 3492 3820 dilectione

1913 3862 2113 3926 cordis,
2145 3859 2239 3914 sed
2269 3859 2633 3929 compulsione
2664 3859 2916 3922 terroris;
2945 3867 2999 3912 et
3029 3871 3096 3911 ne
3119 3856 3295 3911 aditus
3321 3857 3371 3912 ei
3397 3872 3495 3911 no-

1913 3954 2070 4008 cendi
2098 3954 2317 4006 daretur
2347 3952 2364 3987 ι
2406 3951 2460 4005 in
2492 3950 2744 4020 amplius.
2771 3951 2846 4004 lta
2870 3965 3084 4020 quoque
3114 3967 3208 4006 rex
3236 3962 3261 3988 υ
3297 3958 3487 4005 contra

1914 4059 2014 4099 nos
2052 4043 2351 4098 desaeviens
2381 4043 2588 4113 legibus
2615 4042 2987 4097 necessitatem
3033 4043 3333 4104 induxerat,
3361 4042 3494 4096 libe-

1916 4153 2035 4194 rum
2062 4137 2343 4191 arbitrium
2377 4136 2754 4206 interpellans,
2783 4151 2972 4190 omnes
3021 4136 3156 4191 truci
3184 4136 3497 4191 subdiderat

1917 4227 2057 4284 hosti
2095 4226 2191 4298 (5).
2220 4227 2384 4295 Cujus
2428 4227 2670 4283 historia:
2700 4226 2898 4282 veritas
2939 4226 2993 4282 in
3017 4226 3124 4281 alio
3150 4241 3312 4296 opere
3363 4243 3497 4282 enu-

1912 4321 2146 4377 cleatius
2183 4322 2499 4377 disseratur.

1993 4414 2044 4466 7.
2089 4413 2241 4469 Nunc
2269 4430 2396 4470 vero
2445 4415 2604 4485 hujus
2647 4413 2976 4469 admirabilis
3005 4414 3107 4467 viri
3137 4421 3340 4466 tantum
3369 4427 3497 4467 eno-

237 4492 295 4546 in
330 4492 692 4548 defensionem
725 4501 1024 4563 martyrum
1073 4493 1296 4547 dederat
1327 4493 1371 4556 i,
1422 4490 1702 4560 epistolam
1739 4490 1806 4544 fa-

1919 4503 2049 4559 dare
2094 4505 2491 4560 sanctissimam
2523 4507 2768 4576 cupimus
2795 4514 2986 4559 artem.
3027 4505 3075 4560 ls
3099 4513 3124 4540 ν
3175 4504 3316 4559 enim
3345 4504 3495 4574 gravi

237 4583 418 4638 cundo
446 4583 730 4640 locutionis
779 4601 976 4657 genere
1001 4585 1254 4639 dictatam
1285 4583 1501 4637 direxit.
1535 4582 1665 4637 Nam
1689 4599 1811 4637 cum

239 4689 453 4740 omnes,
504 4675 594 4746 qui
624 4692 746 4731 cum
773 4692 838 4732 eo
865 4684 1020 4732 erant
1047 4675 1377 4741 sacerdotes,
1409 4684 1664 4730 vacarent
1699 4675 1814 4730 otio

315 4793 340 4821 ³
373 4780 533 4838 Deest
551 4796 603 4839 et
635 4787 686 4840 in
724 4803 824 4843 ms.

315 4850 345 4890 δ
375 4853 535 4908 Deest
561 4856 746 4910 iterum
773 4859 826 4911 in
851 4857 980 4913 edit.

314 4932 340 4996 εξ
528 4926 864 4996 επιιιρεηάο.

315 4989 343 5030 ἀ
374 4989 683 5058 1a.,‘zama;

320 5072 346 5134 ε
371 5061 476 5134 Id,
503 5066 868 5134 praedamaret.

324 5130 344 5170 ἲ
386 5131 462 5186 lta
493 5130 621 5201 ms.,
653 5136 746 5192 sed
777 5139 930 5202 edit.,
955 5139 1142 5193 verbis.

321 5202 346 5282 ξ
384 5202 596 5282 l_n_rns.,
625 5207 775 5282 deest
801 5207 958 5278 stylo,
997 5209 1368 5282 particulaque
1383 5215 1432 5263 et
1460 5221 1710 5279 sequens.

316 5271 348 5312 λ
385 5271 549 5338 Edit.,
581 5277 756 5331 etiam.

323 5341 342 5381 ί
385 5340 486 5397 Ms.
537 5345 803 5402 dederam.
836 5348 966 5416 Quze
1013 5350 1173 5406 lectio
1217 5351 1261 5404 si

244 5410 407 5466 ﬁrmo
437 5426 756 5485 argumento
785 5410 948 5485 esset,
977 5421 1270 5475 lndiculum
1311 5410 1660 5475 Luminosum
1686 5419 1823 5474 scri-

241 5484 496 5562 ptumﬁab
527 5485 725 5562 Alva_ro
752 5489 818 5562 in
834 5484 1137 5562 martyrum,
1163 5489 1550 5545 defensionem.

319 5552 337 5627 ξ
388 5552 552 5627 Deest
571 5566 618 5610 et
653 5557 708 5612 in
738 5559 889 5627 edit.;
919 5552 1095 5616 ex'stat
1127 5561 1179 5616 in
1206 5576 1307 5614 ms.

319 5621 350 5701 if
389 5622 554 5701 ﬁdit,
584 5637 632 5680 et
649 5644 750 5701 ore
786 5621 1042 5701 deestque
1073 5633 1124 5686 in
1155 5632 1232 5688 eis
1253 5629 1578 5701 spiritaliter.

318 5691 356 5777 ἦ
392 5691 512 5758 Ms.,
534 5697 727 5766 qualis.

1349 5349 1629 5404 robaretur
1643 5390 1657 5412 ,
1693 5347 1823 5403 satis

1921 4595 2175 4651 instinctu
2229 4595 2446 4660 doloris,
2505 4598 2631 4650 dum
2679 4596 2912 4664 undique
2961 4595 3102 4650 circa
3145 4611 3203 4650 se
3253 4588 3494 4650 dolosum

1921 4694 2171 4742 cerneret
2195 4686 2363 4756 ipsius
2388 4685 2622 4756 episcopi
2651 4687 2884 4754 grassari
2910 4687 3178 4756 ingenium
3197 4695 3252 4742 et
3273 4696 3498 4743 czeteros

1993 4810 2032 4837 ω
2187 4812 2284 4865 pro
2312 4815 2431 4870 nam
2465 4799 2628 4870 habet
2653 4801 2893 4870 denique.

1993 4877 2021 4905 ιι
2066 4867 2286 4922 Edimus
2325 4869 2464 4922 hunc
2493 4867 2687 4932 locum,
2717 4867 2905 4924 ut'ms.
2942 4879 2996 4924 et
3043 4870 3252 4932 Scbot.,
3281 4876 3334 4922 et
3385 4868 3495 4921 An-

1920 4939 2293 5010 tue'rpienses,
2345 4952 2468 5010 cum
2517 4939 2793 4994 Flurezius
2821 4956 3100 5010 perperam
3146 4939 3340 5010 habeat
3380 4954 3396 4991 :
3442 4939 3494 4992 in

1925 5019 2129 5061 tantum
2171 5008 2488 5075 ardescebat,
2540 5019 2595 5062 ut
2645 5011 2764 5064 dote
2791 5008 3032 5080 martyrii
3076 5019 3122 5064 et
3165 5011 3272 5078 ipse
3320 5008 3497 5061 incen-

1925 5087 2026 5141 tor,
2052 5086 2160 5132 etc.

2000 5156 2023 5182 ο
2061 5147 2182 5220 _Ms.,
2212 5151 2472 5220 martyrii.

1998 5229 2025 5268 p
2061 5218 2138 5271 Ita
2174 5235 2296 5284 ms.;
2334 5218 2462 5274 editi
2492 5236 2642 5286 vero,
2669 5220 2894 5274 Domini.

1995 5299 2023 5338 (ι
2067 5288 2222 5343 Deest
2247 5291 2299 5343 in
2325 5306 2424 5345 ms.
2449 5303 2518 5344 et.

2001 5369 2023 5396 τ
2065 5356 2180 5412 Non
2203 5361 2336 5414 bene
2367 5362 2418 5413 in
2440 5363 2566 5414 edit.
2597 5369 2863 5414 steterunt.

1999 5441 2021 5468 ο
2065 5427 2300 5494 Schott.,
2328 5431 2540 5494 concisi,
2578 5440 2636 5485 ut
2675 5445 2775 5482 ms.

2004 5501 2022 5535 ί
2063 5497 2228 5559 Edit.,
2260 5500 2482 5569 amplius
2513 5499 2730 5552 nocendi
2756 5498 2988 5550 duretur.

2000 5581 2026 5608 ιι
2067 5569 2188 5638 Ms.,
2225 5571 2424 5622 ira.....
2453 5571 2606 5638 regis.

2004 5647 2028 5674 τ
2069 5637 2305 5702 Schott.,
2339 5638 2461 5704 Qui,
2490 5637 2548 5692 ut
2577 5654 2674 5692 ms.
