4078 6340
574 326 671 380 ~7ll

1716 327 1770 383 S.
1814 322 2090 407 EULOCII
2127 320 2445 382 ARCIIIEP.
2487 324 2733 385 TOLET.

3744 324 3861 380 ’ῖιὲ

577 454 762 495 secum
792 452 817 481 α
850 441 901 496 ei
945 441 1412 497 communicantes
1442 439 1892 511 deprehenderet,
1938 455 2040 495 nec
2077 454 2162 494 rc-
2188 445 2238 502 Α
2265 441 2359 507 nii,
2393 440 2517 511 quis
2567 442 2820 497 decorem
2854 440 3075 511 eloquii,
3116 440 3240 512 quis
3283 436 3547 514 fulgorem
3569 438 3857 505 scientiae.

578 527 803 585 sistendi
828 527 932 583 sibi
960 529 1171 600 copiam
1202 529 1377 585 inesse
1404 529 1628 595 videret,
1661 542 1760 583 nec
1788 528 2072 583 amovendi
2099 526 2164 582 li-

2259 530 2381 600 quis
2402 529 2769 587 al’fabilitatem
2799 531 3042 587 usualem
3074 531 3234 588 ollicii
3272 548 3598 604 quocunque
3636 538 3861 605 poterit

578 618 813 674 centiam
859 619 963 692 ([6]
1006 627 1214 690 utpote
1263 618 1666 688 lidejussoribus
1714 618 1853 674 datis
1877 618 1929 689 δ)
1980 631 2162 671 rema-
2258 621 2555 691 prudentiae
2582 621 2763 677 dicere
2808 620 2823 672 i
2869 620 3124 677 (lumine?
3149 622 3280 690 Quae
3308 624 3452 678 enim
3480 624 3555 679 illi
3596 641 3709 681 non
3758 639 3867 696 pa-

580 725 711 766 uere
732 721 754 750 α
784 711 886 766 sibi
914 713 1280 782 conspiceret;
1321 711 1485 780 ccepit
1509 726 1568 767 se
1605 710 1755 782 gravi
1805 718 2041 782 atterere
2065 725 2162 780 ge-

578 798 739 866 mitu,
772 815 1098 870 magnoque,
1142 809 1202 855 ut
1235 799 1471 855 diximus
1490 799 1546 863 ά,
1572 800 1896 855 intrinsecus
1939 798 2163 854 mactari

581 890 786 963 dolore.
826 892 933 948 Sed
978 901 1107 947 nutu
1138 892 1233 947 Dei
1262 892 1507 963 contigit,
1541 901 1600 947 ut
1629 891 1860 962 quadam
1908 891 1995 947 die
2028 906 2166 961 pra:-

582 986 722 1041 senti
746 987 998 1055 episcopo
1027 987 1104 1059 t7)
1146 986 1289 1041 beati
1320 986 1601 1056 Epiphanii
1632 985 1843 1057 Cypriae
1877 984 2166 1040 Salamina:

581 1078 840 1147 episcopi,
884 1072 1081 1132 Joanni
1121 1077 1373 1149 episcopo
1418 1077 1911 1149 Hierosolymitano
1958 1077 2165 1131 directa

582 1170 808 1240 epistola
832 1170 1117 1241 legeretur,
1146 1187 1306 1241 quam
1333 1182 1360 1212 θ
1401 1186 1500 1242 ego
1526 1171 1739 1227 cuidam
1772 1171 1999 1225 diacono
2024 1186 2167 1240 prm-

583 1272 830 1326 ceperam
875 1258 1087 1328 legere:
1124 1259 1178 1313 in
1207 1274 1313 1328 qua
1342 1259 1483 1315 idem
1532 1259 1879 1316 beatissimus
1922 1258 2163 1330 pontifex

583 1343 831 1417 Origenis
860 1347 1062 1401 nmnias
1091 1362 1344 1418 arguens,
1379 1356 1434 1402 et
1452 1348 1854 1403 ordinationem
1887 1348 2166 1415 cujusdam

580 1437 884 1507 presbyteri
933 1438 986 1492 in
1028 1439 1357 1494 monasterio
1375 1438 1488 1508 jam
1535 1440 1662 1495 dicti
1695 1439 2168 1512 Hierosolymitani

590 1528 866 1597 assignato
892 1526 912 1566 ἲ
953 1543 985 1581 a
1010 1542 1071 1584 se
1113 1531 1418 1584 consecrati
1459 1529 1751 1587 defendens
1778 1546 1995 1586 causam
2025 1530 2171 1585 ordi-

589 1617 828 1681 nationis
857 1619 1109 1685 retexuit,
1141 1620 1688 1691 beatissimorumque
1727 1620 2168 1692 presbyterorum

584 1706 899 1781 Hieronymi
947 1719 1003 1766 et
1056 1709 1324 1767 Vincentii
1381 1711 1770 1767 continentiam
1822 1711 2169 1766 sacriﬁcandi

2263 718 2415 766 tuere
2444 710 2752 766 volumina?
2788 712 2918 780 Quae
2942 721 3235 783 potuerunt
3256 729 3383 770 eum
3414 715 3583 772 latere
3617 716 3865 787 ingenia

2262 799 2678 865 catholicorum,
2706 801 3173 872 philosophorum,
3203 804 3606 871 haereticorum,
3632 818 3865 860 necnon

2262 898 2316 947 et
2336 891 2656 961 gentilium?
2698 891 2799 948 Ubi
2830 893 2953 948 libri
2980 901 3138 949 erant
3168 895 3400 961 metrici,
3430 896 3521 961 ᾡί
3552 895 3861 967 prosatici,

2264 982 2353 1037 ubi
2382 982 2658 1049 historici,
2687 984 2781 1053 qui
2823 981 2939 1053 ejus
2986 985 3451 1056 investigationem
3493 985 3866 1058 elfugerent?

2268 1073 2368 1130 Ubi
2389 1088 2597 1140 versus,
2625 1089 2853 1143 quorum
2884 1074 2975 1130 ille
3007 1074 3286 1146 ignoraret
3330 1078 3562 1132 canora?
3594 1077 3701 1134 Ubi
3760 1076 3869 1148 by.

2265 1164 2397 1230 mni,
2424 1163 2509 1219 vel
2546 1165 2831 1234 peregrina
2860 1165 3136 1234 opuscula,
3180 1181 3300 1235 quae
3334 1166 3452 1237 ejus
3479 1182 3587 1221 non
3622 1181 3869 1236 pereur—

2268 1261 2413 1309 reret
2458 1253 2853 1324 pulcherrimus
2879 1254 3100 1309 oculus?
3140 1254 3392 1321 Quotidie
3429 1256 3575 1312 enim
3622 1271 3773 1312 nova
3804 1264 3867 1313 et

2267 1341 2484 1413 egregie
2521 1341 2837 1397 admiranda
2865 1343 3021 1412 quasi
3048 1360 3078 1396 a
3108 1343 3392 1398 ruderibus
3426 1345 3454 1384 ιι
3482 1352 3536 1399 et
3582 1344 3757 1400 fossis
3782 1345 3869 1400 ef-

2269 1431 2501 1497 fodiens,
2540 1432 2827 1487 thesauros
2879 1432 3184 1488 elucidabat
3220 1433 3444 1490 invisos.
3494 1434 3717 1502 Quanta
3757 1436 3865 1491 do

2269 1525 2500 1581 cibilitas
2538 1537 2644 1580 tam
2675 1527 2913 1597 pretioso
2937 1542 3159 1583 munere
3193 1538 3399 1584 ornata:
3442 1529 3649 1585 inesset
3682 1529 3701 1567 ι
3732 1530 3865 1583 ani-

2270 1632 2404 1683 mae,
2454 1627 2658 1687 quanta
2692 1625 2749 1673 et
2792 1617 3113 1674 inexhausta
3157 1634 3289 1673 cura
3339 1619 3616 1685 solertiae,
3676 1620 3867 1675 nullus

2272 1708 2488 1778 sapiens
2534 1709 2995 1780 comprehendere
3040 1718 3275 1780 poterat.
3328 1710 3395 1766 Et
3447 1727 3480 1766 ο
3509 1711 3865 1768 admirabilis

587 1797 856 1856 laudando
897 1802 1143 1857 innexuit
1170 1805 1218 1856 ³.
1266 1802 1440 1870 Quam
1496 1801 1865 1857 narrationem
1904 1810 2019 1856 tum
2057 1801 2169 1872 jam
2199 1801 2245 1860 Β
2273 1799 2523 1856 suavitas
2554 1800 2781 1855 mentis!
2819 1815 3093 1872 nunquam
3142 1801 3394 1871 privatim
3445 1802 3589 1857 scire
3642 1801 3861 1872 aliquid

589 1889 768 1946 dictus
804 1892 1057 1964 Eulogius
1083 1883 1237 1949 avida
1281 1902 1462 1949 mente
1486 1893 1658 1965 magis
1688 1893 1973 1964 arripiens,
2007 1908 2171 1965 quam

588 1982 923 2051 suscipiens,
952 1991 1010 2038 et
1034 1984 1136 2039 sibi
1168 2000 1196 2038 a
1244 1984 1355 2040 Deo
1383 1985 1564 2040 datam
1600 1985 1942 2041 occasionem
1969 1997 2171 2056 cogno-

590 2082 768 2131 scens,
806 2069 1007 2140 ingenti
1054 2070 1277 2126 vulnere
1307 2072 1459 2141 quasi
1510 2085 1823 2143 percussus,
1877 2076 1945 2129 ab
1982 2073 2174 2131 intimo

589 2160 753 2217 corde
801 2163 1018 2218 trahens
1062 2164 1312 2234 suspiria,
1361 2179 1535 2235 neque
1580 2165 1817 2230 intuens,
1885 2179 2174 2224 conversus

603 2251 842 2322 :piscOpo
866 2253 1043 2308 dixit:
1081 2273 1101 2305 ι
1145 2253 1201 2309 Si
1228 2254 1458 2311 lucernae
1505 2255 1780 2321 Ecclesiae,
1808 2264 1864 2311 et
1905 2256 2029 2313 lidei
2080 2272 2174 2314 no.

591 2350 719 2397 stne
746 2342 849 2397 hoc
873 2352 1099 2413 egerunt
1123 2344 1402 2408 columnae,
1435 2346 1565 2416 quid
1588 2347 1752 2402 nobis
1772 2348 1954 2403 facere
1978 2363 2176 2403 conve-

589 2434 694 2501 nit,
723 2450 861 2505 quos
888 2435 1067 2491 delicti
1105 2452 1272 2493 onera
1322 2439 1561 2509 graviter
1599 2439 1917 2511 deprimunt
1951 2449 2008 2495 et
2044 2438 2177 2495 aﬂli—

516 2554 535 2579 ,
590 2527 760 2596 gunt?
782 2524 1081 2596 Cognoscat
1116 2543 1247 2600 ergo
1276 2537 1454 2584 vestra
1478 2530 1795 2600 paternitas,
1830 2530 2174 2586 interdictam

592 2629 625 2668 a
663 2629 750 2669 me
778 2615 894 2683 ipso
926 2617 1058 2672 mihi
1086 2616 1431 2673 sacrificandi
1465 2618 1764 2675 licentiam.
1802 2638 1821 2672 ι
1853 2618 2052 2691 Sicque
2079 2621 2179 2675 hu-

588 2701 824 2771 iusmodi
846 2707 1063 2777 ingenio
1085 2717 1328 2779 tempore
1364 2708 1683 2768 Reccafredi
1710 2725 1769 2767 se
1795 2711 1910 2783 ipse
1928 2727 2026 2767 suo
2045 2712 2178 2785 liga-

591 2793 671 2849 vit
709 2796 954 2852 arbitrio.
986 2796 1153 2869 Cujus
1196 2799 1551 2871 professionis
1602 2802 1729 2859 licet
1777 2804 1881 2859 hoc
1906 2804 2067 2860 modo
2089 2819 2180 2861 or-

595 2886 773 2942 dinem
801 2900 1060 2957 sumeret,
1091 2892 1395 2950 delectabili
1441 2904 1621 2952 tamen
1649 2912 1749 2952 usu
1771 2897 1799 2937 ιι
1834 2896 2175 2969 perfunctus,

593 2978 810 3035 nolebat
838 2991 1023 3051 postea
1064 2991 1265 3040 statum
1293 2988 1553 3058 rejectum
1605 2989 1864 3061 recipere.
1901 2990 2008 3046 Sed
2044 3007 2178 3061 pon-

596 3071 728 3127 tifex
769 3077 1021 3145 proprius
1069 3077 1125 3132 in
1154 3085 1361 3134 tantum
1391 3096 1514 3135 eum
1551 3081 1893 3138 admissumi
1943 3081 2176 3139 ollicium

2275 1889 2482 1956 volens,
2532 1890 2693 1946 nobis
2734 1891 2915 1946 omnia
2940 1891 3264 1962 praestabat.
3296 1890 3500 1946 Vitiata
3549 1880 3865 1963 corrigens,

2275 1980 2451 2036 fracta
2511 1982 2875 2048 consolidans,
2927 1982 3185 2039 inusitata
3238 1990 3575 2051 restaurans,
3634 1984 3866 2054 antiqua

2276 2073 2621 2143 repriorans,
2661 2072 2904 2144 neglecta
2946 2086 3244 2140 renovans,
3298 2082 3352 2129 et
3379 2089 3609 2144 quaeque
3644 2084 3865 2145 poterat

2275 2178 2343 2218 ex
2368 2164 2605 2234 antiquis
2638 2163 2767 2220 viris
2799 2173 2949 2235 gesta
2978 2173 3162 2234 petere
3186 2174 3246 2231 In,
3280 2166 3565 2241 satagebat
3600 2167 3863 2235 operibus

2277 2253 2590 2325 adimplere.
2618 2246 2975 2310 Severitatem
3007 2252 3341 2326 Hieronymi,
3376 2255 3705 2311 modestiam
3746 2256 3861 2310 Au-

2277 2347 2517 2419 gustini,
2570 2346 2848 2402 lenitatem
2889 2346 3181 2413 Ambrosii,
3233 2347 3550 2418 patientiam
3607 2345 3863 2420 Gregorii

2278 2440 2332 2495 in
2373 2440 2693 2510 corrigendo
2750 2455 2996 2507 errores,
3048 2440 3104 2495 in
3165 2439 3524 2495 sustentando
3574 2439 3859 2504 minores,

2278 2529 2334 2585 in
2362 2529 2714 2586 demulcendo
2753 2530 3020 2601 majores,
3059 2531 3113 2586 in
3161 2528 3467 2586 sulferen'lo
3500 2529 3768 2587 horrores
3810 2541 3860 2593 ι’.

2278 2640 2417 2682 unus
2451 2624 2590 2680 idem
2616 2640 2676 2682 se
2704 2625 3074 2695 multipliciter
3097 2625 3310 2680 varium
3337 2635 3362 2660 °
3389 2626 3713 2681 exhibebat.

2347 2717 2400 2774 9.
2428 2717 2537 2774 Nec
2561 2717 2612 2773 ei
2652 2716 2862 2774 sull‘ecit
2890 2717 3220 2773 monasteria
3262 2717 3452 2787 patria:
3499 2733 3613 2773 sua:
3662 2717 3864 2772 invise—

2281 2824 2339 2866 re
2356 2808 2373 2878 (
2384 2810 2457 2880 l),
2470 2806 2599 2880 quin
2615 2810 2793 2878 potius
2810 2808 3094 2864 occasione
3115 2807 3344 2863 fratrum
3364 2824 3606 2875 suorum,
3619 2811 3718 2879 qui
3734 2806 3867 2878 ipsis

2279 2897 2466 2955 diebus
2512 2899 2565 2954 in
2610 2898 2854 2954 Francia:
2910 2898 3108 2955 finibus
3168 2898 3528 2965 exsulabant,
3584 2899 3911 2967 indeptam'

2278 2990 2418 3043 viam
2445 2988 2695 3059 arripuit,
2724 2997 2779 3044 et
2814 2989 2869 3044 in
2892 2988 3391 3061 Pampilonensium
3419 2990 3697 3045 territoria
3721 2990 3863 3044 ultro

2278 3079 2649 3151 progrediens,
2679 3081 3067 3137 monasterium
3103 3080 3293 3137 Sancti
3339 3081 3615 3137 Zachariae
3645 3082 3861 3154 ingres—

598 3161 938 3219 sacriﬁcandi
995 3168 1254 3238 compulit
1310 3171 1571 3240 repedare
1597 3211 1613 3238 ,
1665 3178 1724 3226 ut
1775 3186 1899 3228 eum
1955 3171 2177 3227 anathe-
2201 3176 2247 3239 (ς
2276 3182 2389 3235 sus,
2427 3177 2481 3224 et
2506 3168 2732 3227 aliorum
2761 3171 3010 3227 cmnobia
3035 3170 3275 3241 ipsarum
3306 3172 3586 3243 regionum
3614 3173 3867 3245 gliscenti

599 3264 744 3315 mate
790 3254 954 3313 ferire
986 3274 1095 3315 non
1129 3268 1439 3330 vereretur,
1490 3261 1595 3319 nisi
1643 3261 1804 3318 citius
1844 3261 2022 3319 redire
2053 3277 2178 3334 pro-

600 3344 866 3402 mitteret.

1214 3480 1441 3538 CAPUT
1477 3480 1565 3537 lll.

600 3588 788 3648 Sancti
816 3591 1032 3668 Eulogii
1068 3594 1384 3668 doctrinaet
1419 3597 1621 3668 uirtus,
1655 3597 2027 3668 peregrinatio,
2075 3597 2181 3653 ele-

880 3665 982 3718 ctio
1012 3666 1068 3720 in
1101 3666 1548 3738 archiepiscopum
1580 3665 1909 3724 Toletarium.

669 3792 723 3848 8.
748 3794 816 3849 Et
838 3804 959 3850 erat
983 3796 1070 3851 vir
1092 3796 1179 3852 ille
1212 3797 1267 3853 in
1301 3798 1554 3855 omnibus
1580 3796 2009 3870 professionibus
2039 3799 2186 3871 prin-

600 3886 853 3957 cipaliter
877 3895 934 3942 et
967 3904 1072 3945 non
1104 3889 1281 3944 medie
1305 3890 1624 3958 decoratus,
1672 3892 1884 3949 cunctis
1923 3907 1992 3948 ex
2032 3907 2188 3964 aequo

601 3975 942 4042 deserviens;
973 3984 1029 4032 et
1055 3992 1178 4032 cum
1201 3980 1417 4049 praeiret
1436 3996 1628 4038 omnes
1652 3983 1903 4048 scientia,
1933 3982 2189 4039 humilior

602 4075 751 4122 certe
777 4068 938 4123 etiam
976 4068 1179 4126 inlimis
1225 4071 1533 4129 videbatur.
1565 4073 1759 4131 Clarus
1799 4075 1972 4143 vultu,
2002 4085 2059 4132 et
2091 4077 2190 4133 ho-

604 4170 736 4212 nore
762 4159 1081 4230 praecipuus,
1113 4162 1421 4234 eloquentia
1447 4164 1683 4238 fulgidus
1709 4207 1724 4233 ,
1771 4174 1827 4223 et
1853 4168 1978 4223 vitae
2017 4168 2190 4238 operi-

606 4243 709 4299 bus
734 4247 1054 4335 luminosus.
1076 4251 1336 4311 lncitator
1374 4265 1674 4329 martyrum
1703 4264 1760 4313 et
1784 4257 2051 4325 laudator,
2078 4266 2188 4314 tra-

609 4345 782 4394 ctator
808 4343 1170 4410 peritissimus
1195 4357 1249 4403 et
1291 4348 1543 4404 dictator.
1575 4348 1708 4416 Quis
1754 4351 2003 4406 ardorem
2044 4351 2191 4420 inge-

683 4480 709 4508 α
751 4470 913 4526 Deest
942 4490 1115 4529 secum
1147 4477 1201 4530 in
1241 4477 1370 4531 edit.

684 4537 713 4578 ι’
759 4526 1633 4621 Υαάίυήὶίῖῆἰεῆενῖιῖξξίηηῃίυηε
1656 4535 1750 4604 hic
1778 4548 2039 4621 Anluerp.
2071 4560 2194 4621 post
2216 4526 2271 4587 Ῑ)

613 4608 895 4691 neralem,
934 4629 1037 4668 non
1064 4624 1267 4684 poterat
1293 4608 1498 4688 sejunéi
1534 4635 1566 4672 a
1595 4617 1913 4689 Receafredo
1936 4608 2191 4691 Eulogius

611 4696 640 4736 e
663 4680 882 4736 vinculis
906 4680 1194 4750 exemptus.

687 4761 711 4821 ς
751 4750 983 4817 Schott.,
1005 4754 1295 4821 imminere,
1314 4763 1378 4811 ut
1403 4772 1503 4813 ms.

683 4819 709 4860 (³
752 4821 914 4878 Deest
935 4833 991 4877 ut
1016 4824 1248 4880 diximus
1278 4819 1329 4881 in
1354 4828 1485 4883 edit.

666 4900 712 4971 ,ο
751 4890 960 4971 Exime
986 4892 1106 4950 loco
1128 4894 1361 4971 inferunt
1384 4897 1816 4971 ‘Antuerpienses
1850 4900 2107 4959 Alvarum
2138 4904 2192 4959 in

610 4958 789 5030 aliqua
817 4962 1077 5037 dignitate
1099 4966 1464 5024 ecclesiastica
1495 4958 1848 5027 constitutum
1877 4958 2073 5037 fuisse,
2106 4958 2193 5028 ut?

687 5033 854 5101 tequi
880 5033 895 5035 “
945 5038 1226 5107 receperit
1265 5038 1493 5095 diacono
1528 5056 1559 5096 e
1600 5040 1812 5096 istolam
1854 5033 2194 5112 legere.’Sed

613 5045 866 5153 mulas.
906 5049 1160 5153 Kienlaus
1185 5107 1450 5153 Anlnnina
1470 5118 1525 5153 nt
1553 5056 1818 5153 Rom-inm:
1840 5111 2029 5153 Flnrp't
2065 5128 2189 5153 ριιιγι

666 5101 866 5169 orales,
906 5101 1160 5163 Nicola'us
1183 5107 1450 5165 Antonius
1470 5118 1525 5166 et
1553 5101 1818 5166 Henricus
1840 5101 2030 5167 Flore:
2065 5128 2190 5168 eum

614 5171 843 5228 credunt
869 5175 1118 5249 coniugio
1140 5179 1423 5249 astrictum
1448 5193 1462 5233 :
1486 5195 1591 5249 qua
1613 5183 1679 5237 de
1704 5196 1765 5235 re
1789 5196 1886 5235 nos
1915 5181 2057 5237 dubii
2088 5184 2195 5238 hae-

614 5253 817 5326 remus,
854 5246 987 5326 quia
1028 5246 1218 5326 parum
1260 5248 1414 5326 firma
1437 5246 1741 5320 judicamus
1782 5249 1992 5306 illorum
2036 5268 2196 5326 argu-

616 5319 817 5393 menta,
841 5325 896 5393 et
919 5316 1135 5393 aliunde
1164 5334 1271 5373 non
1295 5319 1427 5375 satis
1440 5316 1728 5390 perspecta
1753 5335 1840 5377 res
1877 5316 2195 5393 apparet‘ex

616 5385 826 5457 ratione
850 5385 1325 5457 Antuerpiensum.

693 5449 720 5531 ξ
755 5452 919 5531 Qeest
938 5456 993 5531 in
1020 5449 1151 5531 edit.
1182 5458 1468 5531 assignato.

690 5520 720 5562 ⁸
756 5522 922 5592 Edit.,
951 5528 1191 5582 intexuit.

689 5592 717 5664 1?
754 5592 989 5661 Schott.,
1021 5594 1230 5664 usitate,
1260 5609 1320 5653 ut
1350 5602 1402 5655 in
1441 5618 1541 5658 ms.

699 5662 713 5740 ξ
762 5664 977 5741 bibi-ah,
999 5662 1281 5735 amissum;
1308 5672 1595 5741 Antuerp.,
1627 5676 1896 5730 omissum.

696 5736 711 5783 i
764 5736 842 5792 Ms
872 5779 884 5803 ,
910 5737 1090 5793 elicere
1126 5749 1215 5795 aut
1247 5742 1461 5798 edicere.

2280 3268 2406 3317 voto
2433 3274 2788 3333 percurrens,
2810 3261 3102 3318 multorum
3128 3261 3348 3318 Patrum
3371 3271 3455 3320 est
3480 3265 3725 3320 amicitia
3754 3266 3868 3321 dul-

2282 3363 2517 3411 coratus.
2548 3354 2788 3423 Quorum
2840 3357 3307 3412 conversationem
3348 3358 3401 3412 in
3444 3357 3677 3427 epistola
3706 3374 3868 3430 quam
3891 3344 3975 3477 χέ’*
4050 3366 4055 3445 ς

2282 3447 2533 3477 Αηεοηιιηη
2559 3447 2955 3477 ἴδη-...ιπηηηηι
2984 3449 3037 3477 ξ...
3082 3465 3299 3477 Amm.--
3325 3450 3529 3477 -....:.....
3563 3452 3709 3477 .a-.a:.
3775 3467 3843 3477 ..Α
3994 3440 4017 3477 \

2282 3447 2534 3518 episcopo
2559 3447 2958 3518 Pampilonensi
2984 3449 3039 3504 in
3080 3465 3300 3506 carcere
3325 3450 3533 3522 positus
3560 3452 3746 3518 dedit,
3775 3467 3871 3507 no-
3906 3440 3937 3477 ‘

2283 3537 2528 3593 minatim
2569 3537 2855 3595 locatimve
2904 3541 3148 3612 digessit.
3177 3541 3236 3598 ln
3277 3544 3473 3616 quibus
3519 3543 3656 3602 locis
3702 3546 3871 3601 multa
3994 3536 4009 3545 ’

2284 3627 2557 3683 volumina
2605 3628 2865 3687 librorum
2914 3634 3231 3719 reperiens,
3277 3636 3526 3692 abstrusa
3579 3648 3637 3694 et
3672 3654 3873 3710 penea

2286 3716 2469 3774 multis
2497 3728 2726 3786 remota,
2757 3721 2863 3777 huc
2890 3716 3161 3807 remeans,
3188 3740 3288 3781 suo
3309 3726 3464 3782 nobis
3492 3744 3750 3800 regressu
3774 3731 3871 3786 ad—
3904 3726 3923 3807 ξ

2287 3806 2516 3863 duaitp.
2548 3806 2623 3864 lbi
2663 3810 2807 3865 beati
2837 3797 3057 3867 Odoarii
3102 3823 3186 3869 est
3221 3813 3418 3872 fruitus
3461 3797 3759 3890 colloquio,
3791 3822 3873 3875 cui
3908 3797 3917 3890 ἢ

2287 3909 2512 3999 centum
2550 3902 2949 3999 quinquaginta
3008 3904 3283 3976 regulares
3344 3886 3636 3964 monachi-
3666 3912 3874 3966 milita-

2289 3992 2419 4050 bant
2445 3992 2544 4066 (2).
2568 3994 2697 4051 lnde
2727 4010 2909 4053 secum
2936 3997 3132 4054 librum
3156 4000 3403 4057 Civitatis
3431 4003 3739 4060 beatissimi
3764 4007 3876 4060 Au-

2289 4084 2506 4153 gustini,
2523 4093 2580 4140 et
2595 4083 2856 4143 Aineidos
2871 4088 3100 4160 Virgilii,
3130 4090 3245 4146 sive
3265 4102 3293 4141 ιι
3318 4090 3596 4149 Iuvenalis
3620 4094 3876 4149 metrioos

2290 4174 2475 4229 itidem
2512 4173 2698 4241 libros,
2729 4185 2891 4248 atque
2933 4178 3009 4251 (3)
3052 4179 3229 4236 Flacci
3272 4190 3511 4254 satyrata
3546 4192 3569 4219 '
3602 4192 3873 4253 poemata,

2291 4278 2385 4320 seu
2420 4263 2496 4336 (4)
2518 4264 2803 4339 Porphyrii
2826 4268 3036 4340 depicta
3062 4271 3342 4340 opuscula,
3361 4271 3438 4344 (5)
3465 4272 3548 4328 vel
3574 4272 3877 4331 Adhelelmi

2292 4356 2742 4428 epigrammatum
2766 4373 2954 4429 opera,
2986 4360 3064 4433 (6)
3093 4376 3302 4418 necnon
3343 4372 3399 4418 et
3425 4363 3623 4419 Avieni
3668 4364 3879 4422 fabulas

2369 4487 2394 4560 If
2432 4487 2536 4560 l_d.,
2561 4488 2854 4560 jugeribus.

2381 4557 2397 4596 ι
2438 4557 2671 4623 δριιὸιιῖ,
2701 4560 2890 4625 inerat,
2914 4568 2973 4615 ut
2999 4576 3100 4617 ms.

2375 4640 2412 4668 ω
2441 4626 2652 4702 ξοῂοιι.
2684 4638 2740 4684 et
2763 4630 3052 4702 Antuerp.,
3084 4642 3391 4702 competere,
3418 4641 3479 4689 ut
3513 4650 3617 4690 ms.

2376 4708 2405 4737 ιι
2440 4698 2675 4772 Schott.,
2702 4716 2937 4772 sorores,-
2970 4698 3137 4772 quam
3166 4698 3449 4759 lectionem
3494 4721 3598 4761 ms.
3627 4708 3883 4772 admittit.

2301 4785 2423 4826 cum
2449 4768 2621 4832 dicat,
2649 4772 2705 4824 in
2728 4768 3057 4840 suﬁ‘erendos
3083 4789 3281 4829 orares.

2373 4848 2399 4875 ο
2435 4840 2594 4913 Deest
2624 4839 2827 4913 uarium
2874 4842 2927 4896 in
2974 4851 3173 4913 ms._et
3216 4844 3536 4913 pronomina
3581 4863 3670 4911 se,
3708 4850 3795 4911 ei,
3831 4858 3887 4903 et

2300 4910 2610 5034 ιέτῗιροείιὶο
2645 4911 2699 4964 in
2726 4920 2851 4966 ante
2877 4912 3045 4967 verba
3065 4910 3332 4969 Francia.
3351 4951 3367 4969 .
3388 4951 3403 4967 .
3421 4952 3437 4968 .
3453 4952 3470 4968 .
3510 4910 3887 4987 Pampinan—

2300 4998 2324 5034 s
2349 4997 2381 5034 u
2442 5020 2456 5033 .

2299 4996 2456 5035 stum.

2372 5061 2399 5101 ι»
2438 5048 2550 5105 Nisi
2581 5049 2751 5124 codex
2779 5048 2919 5124 alter
2940 5050 3221 5124 ovetensis
3248 5068 3356 5124 quo
3397 5070 3530 5111 usus
3572 5054 3679 5112 fuit
3712 5057 3887 5112 lora-

2299 5119 2398 5191 les,
2425 5129 2481 5175 et
2518 5118 2671 5191 cujus
2699 5121 2946 5176 meminit
2985 5123 3038 5177 in
3085 5118 3286 5179 nouns
3317 5124 3387 5180 ad
3431 5126 3721 5191 lectorem.
3746 5129 3887 5182 hunc

2300 5190 2493 5266 locum
2522 5191 2597 5245 ita
2636 5190 2868 5266 legebat,
2891 5193 3185 5266 plurimum
3226 5193 3281 5247 in
3327 5209 3392 5266 eo
3419 5198 3625 5266 sensui
3666 5198 3887 5266 proprio

2299 5260 2543 5330 indulsit,
2574 5260 3048 5330 cum’Azagrensis
3090 5264 3258 5318 codex
3300 5265 3380 5322 sic
3416 5264 3595 5322 locum
3641 5260 3835 5322 h'abét
3866 5282 3881 5320 :

2304 5328 2412 5405 Hic
2449 5347 2681 5387 remeans
2709 5348 2807 5386 suo
2832 5328 2979 5387 nobis
3014 5334 3070 5386 in
3095 5335 3455 5389 sacratissimo
3481 5347 3693 5405 pectore
3725 5337 3881 5392 callo-

2300 5402 2454 5454 cavit.

2371 5468 2725 5549 q_§ive,_seu,_
2743 5482 2856 5535 aut,
2884 5487 2982 5543 pro
3005 5482 3052 5527 et
3089 5472 3529 5549 frequentissime
3558 5486 3879 5549 usurparunt

2301 5541 2465 5617 medii
2494 5541 2593 5617 aevi
2621 5541 2916 5617 scriptores
2937 5583 2952 5609 ,
2981 5559 3047 5599 ac
3076 5541 3300 5613 proinde
3320 5560 3611 5617 perperam
3634 5541 3710 5604 in'
3728 5548 3877 5603 editis

2303 5611 2391 5667 hic
2417 5613 2707 5681 repositum
2734 5611 2837 5668 fuit
2863 5624 2934 5668 et.

2306 5752 2345 5806 S
2380 5692 2401 5807 ἶ
2434 5682 2557 5808 hiis“,
2591 5684 2720 5738 edit.
2778 5683 2963 5740 Moral.
3008 5695 3063 5740 et
3098 5685 3394 5758 Antuerp.,
3440 5700 3698 5745 saturata.
3754 5687 3875 5741 Vide

2347 5768 2447 5807 cm
2473 5772 2541 5808 ta.

2347 5768 2541 5808 CllOllil.
