4078 6340
241 349 339 404 ἳΊὸ

184 550 189 579 ⁵
238 558 419 623 mina.
468 568 589 610 cum
644 551 831 608 multis
877 550 1369 607 minutissimarum
1419 565 1710 607 causarum
1750 568 1818 607 ex

250 649 452 706 sanctis
473 645 861 718 quaestionibus
882 645 1176 702 multorum
1198 646 1418 718 ingenio
1456 648 1819 720 congregatis,

242 756 347 798 non
376 737 631 809 privatim
660 736 807 796 sibi.
852 736 949 793 sed
999 736 1362 792 communiter
1409 737 1825 794 studiosissimis

238 834 651 907 inquisitoribus
695 832 1015 903 reportavit.
1063 832 1213 887 Idem
1256 839 1518 903 praeterea
1559 831 1824 905 fulgorem

237 927 417 1000 operis
450 934 507 981 et
530 924 965 984 ooruscationem
1004 921 1209 994 ingenii
1255 923 1718 994 resplendentibus
1745 941 1828 982 se-

237 1024 383 1080 mitis
402 1018 819 1094 praasentialiter
847 1018 1060 1075 cunctis
1088 1029 1115 1059 ι
1140 1018 1520 1089 praesentibus,
1545 1027 1603 1074 et
1626 1019 1828 1076 usuali-

237 1126 320 1173 ter
340 1113 716 1187 sequentibus,
747 1111 1016 1183 specificis
1045 1125 1261 1181 semper
1282 1119 1564 1167 ostentans
1590 1111 1826 1178 indiciis,

234 1218 289 1266 et
312 1208 596 1264 luminosis
621 1207 894 1262 deducens
918 1204 1182 1277 vestigiis,
1212 1206 1414 1277 ubique
1458 1205 1672 1262 lucidus
1699 1221 1825 1278 gra-

236 1301 434 1367 diens,»
459 1298 694 1369 undique
720 1297 959 1366 fulgidus
1000 1297 1234 1363 rediens,
1264 1296 1550 1367 limpidus,
1579 1297 1829 1354 dulcoro-

236 1409 350 1460 sus,
392 1400 698 1457 nectareus,
724 1388 925 1446 Christi
955 1397 1253 1446 coronatus
1277 1388 1548 1446 emicabat
1572 1389 1825 1446 omnibus

238 1484 491 1541 famulus.

323 1601 414 1656 10.
464 1598 575 1655 Nec
618 1599 750 1656 illud
808 1600 1169 1656 omittendum
1218 1600 1273 1655 in
1318 1580 1425 1657 hoc
1472 1616 1638 1674 opere
1683 1615 1826 1667 reor,

237 1696 380 1766 quod
402 1694 479 1766 (7)
509 1702 633 1765 post
656 1694 851 1750 divinae
871 1696 1149 1751 memoriae
1170 1695 1526 1766 Wistremiri,
1558 1696 1833 1754 Toletanae

237 1788 383 1884 sedis
426 1787 690 1884 episcopi,
720 1788 777 1843 in
815 1788 1063 1884 eamdem
1101 1789 1294 1884 sedem;
1313 1790 1381 1846 ab
1411 1790 1665 1884 omnibus
1685 1805 1835 1846 com-
1861 1822 1910 1884 Β
1939 1819 2070 1875 dati.

235 1880 657 1953 provincialibus
703 1890 761 1937 et
814 1880 1165 1938 conflnitimis
1212 1882 1481 1954 episcopis
1521 1883 1727 1939 electus
1773 1891 1830 1938 et

238 1973 431 2046 dignus
471 1982 556 2030 est
581 1974 818 2039 habitus,
845 1981 902 2029 et
947 1988 1049 2045 pro
1078 1972 1256 2046 relatu
1285 1974 1530 2029 omnium
1574 1989 1829 2045 compro-

235 2043 409 2122 batus.
451 2066 483 2107 δ
520 2064 629 2122 Sed
655 2043 1191 2136 dispositio—divina,
1244 2081 1365 2137 qua:
1425 2081 1550 2121 eum
1607 2043 1715 2122 sibi
1763 2066 1831 2121 ad

238 2158 559 2229 martyrium
599 2156 932 2222 reservabat,
958 2157 1284 2227 quibusdam
1331 2157 1605 2227 repagulis
1645 2157 1833 2214 obvia-

236 2254 333 2309 vit.
363 2251 607 2323 Cumque
651 2252 761 2322 jam
804 2251 922 2323 ipsa
972 2250 1280 2307 communis
1325 2250 1522 2306 electio
1554 2265 1680 2306 eum
1728 2250 1833 2307 sibi

239 2361 561 2404 consecrare
590 2346 647 2401 in
691 2344 968 2416 episeopio
1010 2343 1357 2410 acclamaret,
1384 2356 1569 2398 rerum
1608 2343 1833 2399 obvian—

239 2441 374 2497 tium
407 2439 735 2496 adversitate
757 2438 1023 2511 impediti,
1054 2437 1220 2493 alium
1267 2437 1372 2494 sibi
1408 2452 1474 2494 eo
1500 2437 1719 2493 vivente
1745 2437 1832 2493 in-

239 2533 581 2591 terdixerunt
609 2532 830 2603 eligere.
872 2530 976 2599 Qui
1016 2530 1145 2588 licet
1167 2538 1358 2603 argute
1381 2530 1741 2586 frustraretur
1764 2531 1834 2587 ab

238 2623 452 2690 ordine,
484 2631 665 2678 tamen
692 2637 802 2679 non
827 2630 914 2679 est
939 2622 1185 2693 priva'us
1213 2620 1457 2689 ejusdem
1482 2622 1692 2679 ordinis
1712 2637 1835 2676 mu-

242 2732 392 2774 nere.
424 2714 707 2788 Siquidem
745 2717 1119 2788 episcopatum
1163 2716 1442 2773 caelestem
1467 2716 1696 2787 adeptus
1726 2723 1834 2781 est,

243 2809 373 2865 dum
396 2823 495 2880 per
538 2807 784 2880 martyrii
836 2808 1062 2880 gloriam
1107 2807 1324 2864 Christo
1368 2806 1692 2878 conjunctus
1730 2817 1834 2864 est.

242 2900 445 2957 Omnes
479 2914 713 2969 namque
754 2899 928 2955 sancti
979 2899 1240 2970 episcopi,
1269 2913 1378 2955 non
1421 2906 1607 2954 tamen
1650 2912 1840 2955 omnes

241 2990 483 3063 episcopi
531 2990 724 3047 sancti.
768 2989 863 3047 Ille
902 3006 1032 3047 vero
1085 2990 1431 3046 sanctitatem
1473 3006 1574 3061 per
1625 2992 1839 3048 cruoris

242 3080 515 3137 fusionem
548 3080 851 3148 inveniens,
880 3080 1141 3152 episeopii
1181 3081 1374 3138 ordine
1410 3080 1671 3151 fungitur,
1710 3081 1838 3136 dum

244 3171 550 3228 emlotenus
581 3182 605 3211 ο
663 3180 914 3243 receptus
932 3211 949 3238 ,
990 3172 1211 3227 aeternis
1239 3170 1693 3242 promissionibus
1721 3185 1841 3226 mu-

246 3270 494 3319 neratur.

321 3373 408 3427 Η.
444 3373 689 3446 Cumque
712 3375 799 3432 his
823 3375 1117 3432 virtutibus
1146 3383 1204 3430 et
1232 3375 1576 3447 dogmatibus
1606 3374 1840 3446 insigni-

246 3474 423 3531 retur,
454 3474 512 3522 et
539 3467 794 3524 omnibus
815 3468 972 3539 quasi
1011 3468 1233 3523 lucerna
1262 3483 1426 3538 super
1451 3466 1841 3523 candelabrum

244 3558 457 3629 posita,
498 3573 565 3614 ac
601 3559 767 3615 veluti
808 3560 1003 3616 civitas
1040 3560 1098 3615 in
1139 3560 1342 3616 montis
1366 3560 1473 3615 sita
1502 3558 1530 3597 α
1557 3558 1843 3616 cacumine

242 3650 442 3721 procul
470 3651 639 3708 altius
673 3653 959 3719 emicaret,
997 3664 1053 3709 et
1090 3662 1152 3708 ut
1183 3654 1376 3710 doctus
1410 3654 1589 3709 scriba
1623 3654 1691 3709 de
1721 3654 1842 3708 the-

246 3758 416 3799 sauro
449 3744 655 3800 domini
694 3745 778 3801 sui
817 3761 958 3801 nova
998 3753 1055 3801 et
1090 3754 1275 3801 vetera
1317 3746 1584 3802 universis
1624 3744 1845 3800 familiis

246 3836 599 3904 praevideret,
654 3836 708 3891 in
736 3837 1115 3892 sacerdotibus
1144 3837 1373 3907 primus,
1416 3835 1474 3890 in
1516 3831 1846 3891 confessori-

247 3926 355 3982 bus
394 3940 657 3992 summus,
698 3926 751 3980 in
784 3925 1061 3996 judicibus
1098 3924 1346 3982 residens
1386 3940 1497 3981 non
1532 3934 1842 3981 extremus:

249 4013 473 4071 tandem
494 4015 608 4070 voti
638 4030 862 4085 compos
899 4014 1145 4081 effectus,
1171 4015 1351 4071 divina
1387 4012 1491 4071 sibi
1520 4022 1848 4084 cooperante

249 4104 549 4161 clementia
580 4104 862 4174 in0piuato
886 4104 1115 4176 judicio,
1146 4105 1241 4160 sed
1269 4102 1624 4160 deliberativo
1668 4102 1849 4158 studio

249 4205 480 4255 evectus
530 4203 616 4252 est
656 4196 726 4252 ad
766 4211 1022 4267 superna.
1074 4196 1145 4251 Et
1185 4211 1251 4252 ea
1288 4211 1411 4266 qua:
1446 4209 1479 4249 a
1517 4193 1848 4267 martyribus

252 4291 399 4347 fusis
434 4289 805 4361 postulaverat
842 4289 1123 4362 Iacrymis,
1154 4298 1211 4344 et
1233 4304 1332 4361 per
1360 4296 1474 4345 tota
1507 4300 1531 4327 ο
1564 4303 1664 4345 sua
1709 4301 1849 4357 opu-

253 4383 410 4440 scula
448 4398 603 4438 more
631 4391 906 4454 sparserat
930 4381 1130 4451 precis,
1160 4381 1409 4437 obtinere
1434 4380 1636 4436 meruit
1670 4380 1851 4450 operi-

254 4478 364 4533 bus
414 4476 738 4531 sanctitatis.
791 4474 947 4541 Quod
996 4474 1181 4529 verius
1228 4472 1429 4543 poterit
1474 4487 1723 4538 noscere,
1755 4472 1849 4542 qui

1517 341 1673 399 VITA
1716 341 1850 398 VEL
1887 340 2152 402 PASSIO.

237 462 514 527 metricas,
540 467 596 516 et
639 458 964 533 hymnorum
1008 458 1402 516 catholicorum
1444 459 1650 532 fulgida
1698 477 1821 516 car-
1847 468 1897 524 Α

3408 346 3512 404 H4

2538 462 2766 520 CAPUT
2804 463 2893 518 IV.

1931 555 2181 640 Nolga'in
2211 555 2539 640 Christianos
2564 558 2676 640 ..ςιιρ
2714 574 2831 640 rege
2858 556 3155 614 Mahomete
3191 564 3509 640 persecutio.

1998 626 2063 700 S.
2081 626 2349 700 Leocritt'a
2375 630 2439 684 ab
2467 628 2694 700 Eulogio
2738 626 2954 699 ejusque
2980 645 3157 684 sorore
3184 626 3442 687 instructa
3465 641 3517 687 et

1996 698 2202 769 adjuta.

2002 809 2090 863 12.
2138 809 2406 881 Tempore
2440 811 2608 883 igitur
2641 826 2749 881 quo
2779 826 2921 867 saeva
2950 811 3249 868 nominatio
3273 812 3517 870 Arabum

1928 901 2240 959 calliditatis
2271 914 2393 960 astu
2431 920 2622 961 omnes
2647 906 2784 961 fines
2812 905 3083 977 Hispaniae
3120 906 3325 965 misere.
3352 909 3519 964 deva-

1928 994 2141 1060 stabat,
2200 1010 2308 1065 quo
2365 994 2444 1067 (f)
2504 1011 2595 1051 rex
2657 996 2943 1051 Mahomad
3007 997 3309 1052 incredibili
3370 1001 3523 1056 rabie

1931 1092 1987 1141 et
2016 1084 2279 1141 effrenata
2326 1086 2601 1141 sententia
2635 1087 2655 1126 ί
2686 1086 3070 1143 Christicolum
3121 1104 3292 1160 genus
3340 1090 3524 1148 delere

1930 1173 2176 1230 funditus
2212 1176 2507 1248 cogitabat,
2540 1178 2694 1233 multi
2724 1187 2936 1235 terrore
2982 1180 3351 1236 cruentissimi
3381 1181 3525 1251 regis

1931 1277 2268 1335 metuentes,
2321 1268 2542 1341 ejusque
2588 1271 2857 1327 insaniam
2900 1271 3217 1328 modificare
3266 1274 3520 1338 nitentes,

1931 1375 2032 1431 per
2072 1372 2284 1417 trucem
2328 1360 2623 1417 voluntatis
2667 1361 2867 1431 iniquae
2912 1362 3148 1418 ofﬁcium
3195 1363 3424 1420 diversis
3471 1372 3529 1419 et

1932 1451 2218 1521 exquisitis
2244 1452 2622 1509 occasionibus
2644 1468 2861 1524 gregem
2884 1451 3083 1510 Christi
3117 1455 3381 1525 impetere
3412 1463 3530 1510 ten-

1931 1551 2204 1597 taverunt.
2247 1542 2498 1615 Plerique
2522 1543 2797 1600 Christum
2831 1546 3084 1617 negando
3138 1561 3197 1601 se
3223 1547 3529 1618 praecipitio

1932 1633 2326 1689 commiserunt
2352 1652 2365 1688 :
2391 1634 2484 1689 alii
2514 1635 2666 1691 duris
2706 1636 2995 1691 tormentis
3025 1636 3237 1708 agitati,
3267 1636 3529 1692 commoti

1935 1734 2082 1781 sunt.
2113 1724 2286 1782 Porro
2316 1726 2409 1782 alii
2438 1726 2652 1783 florenti
2679 1728 2882 1784 virtute
2917 1728 3141 1783 stabiliti
3171 1738 3299 1784 sunt
3324 1739 3381 1784 et
3406 1728 3531 1783 fun-

2110 1818 2169 1873 In
2201 1820 2391 1891 cujus,
2421 1828 2483 1874 ut
2515 1820 2754 1876 diximus
2776 1862 2791 1885 ,
2814 1829 3062 1893 tempore
3110 1823 3432 1893 martyrium
3469 1822 3532 1877 fi-

1934 1909 2134 1966 delium
2173 1912 2512 1968 coruscando
2546 1911 2899 1984 resplenduit,
2932 1921 2986 1969 et
3014 1929 3170 1970 error
3215 1916 3530 1988 negantium

1934 2006 2232 2064 ﬂuctuavit.
2285 2007 2538 2065 Nonnulli
2566 2009 2733 2075 enim,
2766 2010 2858 2079 qui
2890 2008 3053 2065 fidem
3081 2007 3285 2066 Christi
3317 2019 3532 2066 tantum

1934 2101 2211 2157 mentibus
2245 2101 2574 2167 retinebant,
2605 2100 2868 2158 instinctu
2896 2102 2991 2157 Dei
3021 2102 3163 2172 quod
3196 2102 3529 2170 celaverant,
3608 2135 3629 2145 -

1934 2193 2279 2250 Iuminositer
2316 2203 2372 2250 et
2407 2194 2591 2265 patule
2617 2192 2993 2265 proferebant,
3024 2190 3181 2250 nullo
3197 2194 3533 2265 disquirente

1933 2286 2002 2341 ad
2043 2286 2367 2358 martyrium
2405 2285 2775 2356 prosilientes,
2804 2294 2860 2341 et
2888 2300 3150 2341 coronam
3187 2285 3291 2341 sibi
3323 2301 3390 2341 ex
3418 2294 3534 2341 tor-

1935 2380 2146 2435 toribus
2182 2380 2475 2451 rapientes.
2522 2378 2603 2433 Ex
2640 2378 2839 2449 quibus
2860 2377 2939 2450 (2)
2963 2378 3137 2433 Arabs
3170 2393 3369 2448 genere
3407 2378 3535 2434 bea-

1936 2481 2026 2529 tus
2050 2473 2476 2544 Christophorus
2519 2472 2752 2540 exstitit,
2780 2472 2934 2543 cujus
2964 2471 3234 2543 passionis
3288 2471 3535 2527 ordinem

1935 2566 2064 2622 alibi
2114 2567 2361 2639 digerere
2406 2564 2730 2637 cogitamus.
2786 2561 2896 2619 Sed
2945 2578 3014 2618 ex
3061 2578 3252 2618 eorum
3303 2577 3535 2617 numero

1936 2657 2130 2713 beatus
2158 2657 2414 2713 Aurelius
2452 2665 2508 2712 et
2539 2664 2762 2711 sanctus
2815 2653 3027 2709 exstitit
3068 2652 3242 2719 Felix,
3284 2651 3378 2731 qui
3409 2668 3536 2707 cum

1938 2750 2201 2806 uxoribus
2240 2749 2308 2804 ad
2336 2748 2611 2820 passionis
2636 2746 2865 2819 gloriam
2894 2753 3018 2816 post
3044 2743 3214 2799 multa
3242 2752 3297 2798 et
3324 2743 3537 2815 prolixa

1938 2841 2163 2897 latibula
2196 2841 2533 2913 prodierunt.
2563 2840 2642 2895 Ex
2672 2839 2803 2910 ipsis
2826 2838 2991 2894 etiam
3018 2836 3218 2894 ﬂorens
3243 2837 3539 2893 virtutibus

1938 2932 2101 2988 Flora
2131 2933 2285 3003 virgo
2310 2933 2493 2998 beata,
2528 2947 2649 3002 quae
2672 2938 3027 2986 contemnens
3054 2926 3371 2984 saecularem
3403 2927 3539 2984 labi-

1940 3025 2048 3082 lem
2081 3040 2357 3097 pompam,
2400 3032 2664 3079 zeternam
2708 3021 2912 3077 meruit
2948 3020 3067 3076 sine
3102 3020 3209 3076 fine
3254 3036 3533 3085 coronam.

1942 3117 2181 3186 Quorum
2214 3118 2304 3173 hic
2335 3124 2521 3173 noster
2548 3113 2925 3172 sanctissimus
2953 3113 3143 3169 doctor
3170 3128 3398 3184 agonem
3428 3115 3541 3169 sin-

1867 3221 1914 3285 C
1945 3210 2173 3281 gillatim
2202 3209 2471 3279 exposuit,
2497 3217 2554 3263 et
2578 3215 2733 3263 actus
2761 3206 3008 3277 vitasque
3030 3220 3260 3263 corusco
3288 3222 3541 3263 sermone

1944 3303 2253 3373 explicavit.

2016 3398 2105 3452 f5.
2131 3395 2244 3453 Hoc
2272 3405 2515 3467 tempore
2534 3394 2710 3466 puella
2731 3393 2951 3450 nomine
2973 3391 3244 3450 Leocritia
3269 3394 3540 3465 quasdam,

1946 3506 2145 3563 genere
2174 3490 2392 3554 nobilis,
2414 3498 2596 3545 mente
2621 3487 2875 3555 nobilior,
2901 3485 2979 3558 (5)
3001 3503 3070 3543 ex
3099 3486 3381 3558 gentilium
3410 3485 3544 3543 faece

1943 3583 2253 3655 progenita,
2280 3590 2337 3638 et
2364 3598 2433 3637 ex
2462 3581 2713 3652 luporum
2742 3579 3046 3635 visceribus
3070 3578 3305 3648 prodita,
3340 3578 3543 3633 dudum

1951 3675 1976 3714 ⁸
2006 3691 2103 3744 per
2141 3673 2436 3759 quamdam
2477 3673 2581 3729 sibi
2623 3687 2821 3744 genere
2857 3670 3166 3743 proximam
3207 3670 3285 3742 (4)
3325 3669 3543 3725 Christo

1947 3765 2183 3820 dicatam
2213 3762 2537 3835 (5)'nomine
2563 3762 2843 3826 Litiosam,
2872 3761 3028 3831 aquis
3064 3759 3393 3816 salutaribus
3436 3760 3545 3814 tinn

1947 3865 2054 3923 cta,
2084 3864 2140 3912 et
2178 3855 2390 3912 occulte
2428 3853 2536 3910 fide
2562 3852 2764 3909 Christi
2803 3852 2991 3907 induta
3036 3852 3252 3917 enituit,
3292 3850 3545 3906 odorem-

1948 3965 2054 4022 que
2094 3957 2410 4005 nectareum
2447 3946 2654 4002 notitiae
2690 3959 2801 4001 suae
2837 3945 3051 4001 cunctis
3096 3943 3387 4014 adsparsit.
3418 3944 3545 4000 Ete-

1950 4042 2063 4097 nim
2087 4054 2213 4097 cum
2242 4040 2311 4094 ad
2327 4039 2440 4110 jam
2466 4038 2666 4093 dictam
2690 4035 2999 4106 religiosam
3031 4037 3087 4090 in
3117 4034 3275 4090 annis
3303 4033 3544 4090 infantiae

1951 4148 2104 4189 more
2143 4130 2563 4203 pr0pinquitatis
2599 4137 2927 4194 recurreret,
2959 4141 3189 4196 eamque
3220 4125 3420 4197 quibus
3447 4126 3543 4182 illa

1951 4224 2294 4283 sermonibus
2319 4229 2553 4294 poterat,
2583 4219 2825 4292 quotidie
2864 4219 3180 4284 instrueret,
3212 4220 3432 4275 tandem
3459 4235 3547 4276 re-

1951 4315 2232 4387 spectione
2276 4312 2487 4370 caelesti
2526 4311 2688 4367 fidem
2727 4308 2930 4365 Christi
2973 4317 3155 4365 mente
3189 4310 3448 4380 suscepit,
3492 4317 3550 4363 et

1952 4409 2149 4464 ardore
2185 4407 2389 4462 amoris
2428 4411 2736 4475 susceptam
2776 4410 2997 4473 pectore
3023 4402 3385 4458 conservavit.
3416 4401 3547 4470 Quae

1953 4500 2081 4555 dum
2110 4499 2178 4555 ad
2204 4513 2376 4554 annos
2407 4495 2684 4568 sapientiae
2714 4493 2927 4548 veniret
2959 4501 3015 4549 et
3062 4492 3302 4548 scientiae
3337 4492 3549 4548 contin-

255 4567 381 4638 ipsa
403 4565 522 4666 eius
547 4567 761 4666 θῧτξῖείθ
790 4580 963 4666 09⁸τῆ
984 4565 1259 4666 Ῠυτίξνθτίί
1282 4564 1479 4635 legem
1504 4562 1850 4666 Eﬂflfmmfm
1877 4605 1931 4666 ι)
1958 4600 2111 4666 geret
2136 4591 2365 4655 lumina,
2394 4562 2554 4645 fidem
2592 4587 2763 4652 illam,
2797 4601 2959 4656 quam
2991 4585 3302 4641 tenerrimis
3332 4574 3548 4640 institu-

257 4658 503 4730 expedit,
542 4666 598 4714 et
625 4658 848 4729 dignum
876 4657 1034 4712 nobis
1063 4657 1241 4712 visum
1269 4665 1353 4711 est
1380 4672 1481 4727 pro
1517 4655 1748 4712 utilitate
1776 4655 1852 4711 le-

256 4749 531 4820 gentium,
566 4756 623 4803 et
644 4748 719 4821 (8)
767 4764 867 4820 pro
914 4762 1095 4803 annuo
1124 4746 1433 4803 festivitatis
1461 4762 1573 4804 sua:
1601 4762 1849 4811 recursu,

260 4841 575 4912 passionem
618 4840 737 4911 ejus
769 4840 1007 4896 breviter
1044 4838 1349 4910 explicare,
1386 4839 1509 4895 ideo
1547 4847 1854 4911 sequestra-

262 4932 393 4999 tim,
422 4949 557 5004 pure
582 4941 640 4989 et
664 4934 951 4991 sinceriter
992 4934 1184 5005 agonis
1207 4934 1289 4990 sui
1315 4933 1741 5006 pulcherrimum
1772 4932 1855 4987 in-

260 5026 525 5083 duximus
561 5026 745 5084 finem.

344 5279 375 5309 ι
411 5265 587 5322 Minus
614 5274 764 5322 recte
796 5264 888 5321 hic
909 5264 1123 5330 Moral.,
1151 5262 1501 5336 sequentibus.

344 5338 376 5378 ι’
414 5337 495 5393 Ex
544 5338 647 5393 hoc
688 5337 849 5391 unico
895 5337 1078 5392 Alvari
1137 5334 1445 5391 testimonio
1496 5346 1603 5404 quo
1648 5340 1863 5389 constat

266 5408 559 5479 Eulogium
580 5409 810 5464 electum
833 5406 999 5463 fuisse
1020 5404 1862 5479 praesulem'lfoletanumtnerno

267 5495 386 5535 non
419 5475 571 5535 'videt
596 5490 858 5549 quantum
907 5475 1139 5549 desipuit
1168 5476 1448 5549 Fabricius
1496 5484 1625 5530 tom.
1678 5475 1720 5529 Il
1745 5475 1859 5549 lii-

268 5549 535 5606 hliothec.
579 5545 755 5604 Latin.
812 5549 953 5604 med.
1009 5545 1066 5603 et
1114 5546 1287 5603 inflm.
1334 5554 1506 5611 aetat"
1558 5562 1700 5618 pag.
1736 5545 1860 5610 f25,

270 5563 535 5606 nuomec.
579 5563 755 5604 Lalln.
812 5563 953 5604 mea.
1009 5563 1066 5603 et
1114 5563 1287 5603 mnm.
1334 5563 1506 5611 aetat"
1597 5563 1682 5618 ag.
1736 5563 1860 5610 uo,

269 5621 414 5677 edit.
444 5619 631 5675 Patav.
664 5619 825 5685 1754,
864 5620 950 5690 in_
963 5629 1077 5675 not.
1106 5620 1177 5690 (c)
1209 5618 1470 5690 scribens!
1500 5635 1513 5671 :
1549 5563 1723 5690 (Band.
1743 5657 1758 5672 .
1778 5658 1791 5670 .
1812 5657 1826 5670 .
1846 5655 1860 5669 .

271 5691 376 5745 alii
418 5692 868 5763 archiepiscopum
909 5686 1220 5763 Toletauum
1265 5687 1591 5763 (Eulogium)
1638 5686 1861 5763 faciunt,

273 5757 833 5831 neutiquam'idonet‘s
879 5760 1197 5832 argumentis
1251 5757 1474 5832 constat.
1525 5757 1865 5832 Quodenim

272 5828 663 5905 argumentum
725 5833 899 5903 magis
942 5828 1218 5886 'idoneum
1279 5829 1589 5885 testimonio
1639 5828 1820 5885 Alvari
1847 5869 1861 5896 ,

683 5927 962 5989 Par-on.
994 5924 1186 5988 CXV.

1959 4684 2029 4738 tis
2057 4681 2268 4739 occulte
2298 4682 2328 4721 ιι
2359 4680 2644 4745 didicerat,
2678 4678 2919 4748 quotidie
2957 4677 3214 4733 fomentis
3249 4676 3547 4747 spirituali-

1956 4775 2060 4832 hus
2089 4782 2324 4839 auctam,
2355 4773 2409 4827 in
2441 4770 2673 4842 amplius
2704 4776 3039 4825 crescentem
3073 4768 3271 4833 alebat,
3310 4767 3548 4837 primum

1958 4869 2190 4935 occulte,
2234 4868 2487 4937 deinceps
2522 4865 2707 4937 patule
2742 4873 2797 4920 et
2838 4873 3041 4935 aperte.
3081 4864 3252 4932 Quam
3298 4871 3551 4933 parentes

1961 4962 2146 5021 sedule
2192 4960 2578 5025 admonentes,
2629 4965 2686 5013 et
2734 4956 2870 5012 nihil
2916 4956 3136 5012 omnino
3181 4952 3551 5025 proficientes,

1966 5053 2149 5112 conati
2191 5059 2320 5109 sunt
2343 5067 2465 5107 eam
2493 5049 2719 5122 flagellis
2748 5058 2806 5103 et
2833 5048 3149 5105 verberibus
3178 5046 3459 5116 impetere,
3492 5054 3554 5100 ut.

1966 5163 2131 5219 quam
2168 5161 2263 5218 per
2303 5144 2672 5202 blandimenta
2717 5154 2970 5197 amovere
3007 5154 3114 5194 non
3146 5144 3418 5210 poterant,
3449 5136 3555 5191 sal-

1966 5277 2126 5343 qu_cm
2155 5261 2437 5343 Fabricius
2464 5260 2623 5343 haud_
2649 5256 3141 5343 ignorabat‘yitanli
3160 5253 3563 5343 _Ijlulogii_sg;i:

1966 5324 2160 5404 psisse,
2189 5340 2250 5386 ut
2273 5341 2421 5403 patet
2448 5331 2625 5404 tom._l
2645 5324 2883 5404 ejusdem
2916 5326 3282 5390 Bibliothecaa,
3306 5324 3428 5395 pag.
3452 5324 3556 5379 75?

2040 5415 2064 5443 θ
2107 5399 2443 5460 Deest—tenus
2474 5404 2529 5459 in
2561 5399 2748 5457 Mora].
2778 5409 2833 5455 et
2854 5399 3116 5469 Antuerp.

2038 5473 2067 5515 τι
2107 5476 2270 5530 Deest
2298 5476 2397 5529 sita
2434 5478 2488 5529 in
2516 5473 2703 5529 Moral.

2045 5557 2069 5585 θ
2106 5546 2285 5601 Etiam
2313 5554 2368 5601 et
2391 5556 2519 5600 tota.

2048 5615 2067 5656 τ
2110 5616 2274 5672 Forte
2301 5617 2522 5677 swvitia,
2550 5622 2610 5669 ut
2633 5613 2809 5668 visum
2836 5619 2923 5668 est
2944 5609 3453 5681 Antuerpiensibus.

2045 5689 2072 5727 ⁸
2110 5688 2237 5753 Ms.,
2265 5705 2298 5741 a
2316 5682 2947 5756 quadam...gprox_ima...
2973 5683 3172 5738 dicata.

2041 5759 2071 5800 ιι
2111 5759 2275 5815 Deest
2300 5754 2497 5812 occulte
2535 5758 2587 5811 in
2618 5754 2805 5810 Moral.

2970 5912 3048 5974 23
