4078 6340
450 356 485 393 ,.
557 316 662 378 ns

1672 304 1741 379 s.‘
1770 314 2050 380 EULOGll
2088 314 2411 380 ARCBIEP.
2450 292 2695 381 TOLET.

3729 310 3843 372 ⁸116

552 449 665 495 tem
691 437 994 494 terroribus
1021 445 1356 494 coercerent.
1385 432 1491 493 Sed
1516 437 1655 509 ignis
1676 437 1785 505 ille,
1814 454 1973 511 quem
1988 438 2141 496 Chri-
2164 444 2220 505 Α
2244 448 2395 509 tunt,
2438 450 2541 505 sint
2585 456 2690 498 una
2731 444 2786 496 et
2830 438 2934 495 alia
2962 436 3081 495 vice
3107 436 3288 495 oranti
3313 432 3526 508 liquore
3557 431 3742 490 malis
3775 448 3843 489 os

548 544 669 596 stus
716 538 773 593 in
819 536 985 595 corda
1028 536 1269 592 ﬁdelium
1324 535 1492 596 misit.
1531 535 1693 593 nullis
1737 537 1900 594 minis
1941 538 2138 595 cedere

548 626 719 688 novit.
751 622 811 686 In
848 630 952 687 hoc
976 625 1230 686 conﬂictu
1262 620 1387 683 dum
1419 622 1609 684 diebus
1638 624 1921 698 vapularet
1950 638 2011 687 et
2030 645 2133 687 no-

474 755 487 762 »
547 724 763 789 ctibus,
801 735 974 793 seque
1007 721 1289 777 acerrimis
1330 719 1713 790 impetieudam
1751 719 2049 779 ultionibus
2080 729 2137 779 et

548 808 700 871 duris
740 826 770 889 ξι
812 808 1044 868 vinculis
1086 809 1435 881 praepeditam
1478 808 1720 877 videret,
1770 817 2017 867 metuens
2067 826 2136 867 ne

548 920 656 962 non
681 903 963 977 propalata
990 896 1201 972 publice
1248 899 1371 966 ﬁde,
1402 898 1645 957 cauterio
1691 909 1941 957 ureretur
1969 900 2133 971 perii-

548 998 681 1066 diae;
716 1010 813 1069 per
840 993 1203 1051 internuntios
1244 990 1559 1049 beatissimo
1587 988 1836 1064 Eulogio,
1870 991 2133 1065 opinatis—

547 1090 688 1147 simo
720 1086 839 1159 jam
865 1084 1048 1142 multis
1078 1085 1274 1141 talibus
1301 1084 1558 1156 operibus
1582 1084 1702 1140 viro
1734 1084 1816 1157 (6)
1846 1084 1932 1141 ve‘l
1958 1085 2135 1143 sorori

545 1178 666 1252 ejus
697 1172 954 1243 Anuloni,
979 1175 1175 1248 virgini
1201 1175 1313 1231 Deo
1346 1172 1562 1242 dicatae,
1605 1190 1827 1231 causam
1859 1190 2012 1231 suam
2052 1173 2134 1230 in-

540 1268 763 1326 notuit:
789 1274 843 1324 et
882 1262 1009 1339 quia
1040 1266 1108 1322 ad
1139 1268 1339 1324 tutiora
1386 1264 1506 1325 loca
1546 1264 1786 1326 ﬁdelium
1830 1266 1885 1324 in
1937 1267 2136 1340 quibus

544 1360 705 1417 iidem
734 1375 889 1417 suam
922 1368 1103 1432 posset
1120 1361 1369 1417 interrita
1398 1360 1698 1433 propalare,
1728 1361 1807 1419 ire
1832 1359 2013 1426 vellet,
2040 1376 2136 1416 ex-

540 1453 746 1526 posuit.
777 1450 928 1508 lllico
952 1452 1145 1508 beatus
1176 1450 1430 1523 Eulogius
1458 1450 1675 1509 solitum
1709 1449 1942 1508 cilicium
1978 1466 2131 1508 reco-

534 1544 764 1616 gnovit;
786 1552 841 1600 et
867 1552 925 1598 ut
950 1551 1070 1599 erat
1095 1540 1276 1599 fautor
1304 1542 1782 1600 anhelantissimus
1810 1553 2131 1615 martyrum,

532 1628 688 1691 banc
729 1635 881 1691 exire
917 1634 1057 1690 clam
1098 1649 1196 1705 per
1234 1634 1455 1690 eosdem
1503 1633 1870 1692 internuntios
1917 1633 2135 1689 ordina-

528 1712 617 1784 vit
636 1724 688 1782 δ.
734 1725 829 1783 llla
854 1726 1066 1784 concite
1092 1735 1266 1783 artem
1296 1726 1525 1799 ﬁngens,
1551 1736 1608 1782 et
1632 1724 1949 1797 parentibus
1976 1724 2132 1796 quasi

2239 533 2506 605 repletum
2556 532 2748 600 fuisse,
2778 529 2923 602 quod
2956 530 3053 588 sei
3094 540 3202 586 non
3247 538 3382 585 ausu
3418 525 3719 584 temerario
3744 540 3847 580 ex-

2238 622 2473 695 spuisse,
2527 624 2623 679 sed
2666 620 2996 695 inglutiisse,
3025 622 3195 679 crassi
3224 618 3477 677 elementi
3511 614 3847 673 admirando

2238 713 2475 785 speciem
2508 708 2802 769 referebat.
2830 708 2934 768 Cui
2960 708 3052 769 ille
3081 721 3303 768 sanetus
3347 710 3453 766 hoc
3484 716 3607 764 esse
3628 718 3845 778 passa-

2238 804 2387 876 gium
2414 803 2570 878 regni
2610 803 2853 861 cmlestis
2880 802 3217 860 dulcedinem
3244 798 3635 874 perfruendam
3659 838 3679 864 ,
3718 797 3844 854 ﬁs-

2238 893 2429 950 seruit.

2844 982 3079 1048 CAPU‘!’
3126 982 3193 1045 ν.

2311 1078 2632 1152 martyrium
2662 1078 2724 1138 S.
2776 1072 3429 1207 Εαῖεϐρέξυὶσεεωιῗεοεήεὶω.
3470 1074 3773 1150 Corporum

2886 1168 3178 1223 sepuuuru.

2312 1260 2400 1317 15.
2418 1259 2621 1318 Verum
2644 1262 2773 1318 dum
2798 1262 2905 1318 alio
2924 1262 3014 1319 die
3044 1262 3076 1304 ιι
3104 1262 3283 1319 redire
3302 1262 3457 1336 virgo
3476 1261 3807 1333 dieponeret
3823 1303 3841 1327 ,

2236 1363 2419 1411 actum
2454 1362 2541 1411 est
2562 1364 2623 1411 ut
2647 1368 2833 1412 comes
2856 1354 3069 1412 itineris
3090 1366 3204 1411 non
3238 1354 3375 1411 hora
3404 1362 3595 1421 sueta,
3628 1353 3734 1410 sed
3770 1353 3841 1408 il-

2240 1447 2551 1504 lucescente
2630 1463 2828 1505 aurora
2892 1448 3127 1504 veniret.
3203 1446 3314 1504 Nec
3379 1446 3559 1519 potuit
3626 1446 3840 1502 editum

2240 1539 2474 1597 exeundi
2510 1539 2739 1606 habere,
2783 1539 2984 1610 quippe
3008 1553 3131 1610 qua
3162 1546 3434 1597 noctune
3457 1546 3713 1608 tempore
3738 1552 3843 1607 pro

2238 1631 2509 1691 evitandis
2531 1630 2743 1689 insidiis
2786 1631 2999 1689 solebat
3032 1630 3310 1689 incedere.
3336 1630 3630 1688 Provisum
3667 1640 3755 1687 ω
3780 1639 3843 1689 ιι

2230 1722 2432 1778 eadem
2446 1721 2535 1779 die
2557 1723 2868 1793 usquedum
2884 1724 2966 1779 sol
2980 1723 3279 1781 metumetu
3290 1722 3519 1783 luminis
3534 1723 3846 1779 terrast-b-

517 1821 911 1891 consentiens,
952 1830 1303 1892 nostramque
1332 1818 1494 1876 ﬁdem
1527 1816 1705 1875 verbis
1754 1818 2042 1891 impetens,
2078 1827 2134 1875 et
2160 1816 2211 1884 Β
2238 1809 2500 1880 duceret,
2530 1821 2588 1867 et
2610 1820 2893 1869 nocturnae
2916 1813 3161 1873 tenebras
3184 1812 3564 1884 quietudinem
3590 1820 3845 1882 θυω-

541 1913 666 1969 data
697 1927 863 1984 opera
898 1922 920 1952 ε
946 1910 1129 1973 omnia
1171 1908 1371 1968 selecta
1412 1920 1734 1968 ornamenta
1762 1911 2016 1978 induens,
2042 1926 2128 1967 se-

534 2000 645 2076 que
673 2019 823 2061 more
852 2000 1067 2060 illorum
1097 2003 1255 2076 quasi
1284 2002 1551 2076 placitura
1582 2014 1637 2060 et
1666 2012 1903 2075 nuptura
1930 2002 2127 2061 saeculo

534 2098 851 2164 ostendens,
879 2096 997 2153 nisa
1026 2104 1113 2152 est
1141 2112 1330 2153 eorum
1364 2094 1642 2153 inﬂectere
1668 2095 1901 2161 animos,
1936 2104 1995 2151 et
2023 2094 2127 2153 sibi

533 2206 731 2247 exosos
781 2190 858 2264 (7)
910 2206 1128 2247 comere
1174 2206 1392 2263 gressus
1414 2188 1465 2245 ἀ.
1518 2187 1763 2259 Cumque
1801 2186 1904 2244 sibi
1944 2188 2127 2243 omnia

527 2287 640 2358 jam
671 2293 784 2340 tuta
818 2284 995 2343 inesse
1032 2283 1392 2355 prospiceret,
1426 2283 1495 2338 ad
1519 2284 1739 2353 nuptias
1764 2281 2126 2354 quorumdam

528 2376 957 2448 propinquorum
995 2390 1240 2441 suorum,
1273 2390 1394 2446 qua:
1422 2374 1556 2445 ipsis
1580 2373 1881 2446 agebantur
1910 2372 2121 2439 diebus,

527 2464 759 2539 ﬁngens,
787 2475 847 2521 ut
874 2465 1051 2521 eidem
1079 2464 1256 2521 cilicio
1284 2464 1557 2537 congruit,
1584 2473 1775 2521 ornate
1804 2465 2120 2536 procedere,

527 2558 693 2614 celeri
734 2574 899 2633 cursu
938 2572 996 2614 se
1038 2550 1350 2613 beatissimo
1384 2554 1632 2627 Eulogio,
1664 2554 1749 2612 vel
1784 2554 1958 2611 sorori
2005 2553 2124 2625 ejus

526 2650 759 2707 Anuloni
791 2648 1071 2705 tutandam
1102 2646 1369 2704 exhibuit.
1401 2646 1576 2716 Quam
1604 2664 1730 2703 mox
1759 2655 1916 2719 grato
1941 2648 2124 2703 animo

529 2742 911 2814 suscipientes,
955 2741 1310 2799 occulendam
1360 2740 1746 2814 prolatissimis
1780 2741 2125 2799 tradiderunt

527 2835 738 2892 amicis.
794 2834 866 2891 At
894 2835 984 2891 ubi
1017 2844 1171 2906 pater
1208 2834 1328 2905 ejus
1356 2844 1410 2889 et
1442 2845 1617 2891 mater
1653 2842 2033 2907 exspectantes
2060 2832 2122 2891 ii-

520 2925 647 2982 liam
693 2942 801 2983 non
831 2924 1104 2994 viderunt,
1142 2924 1361 2983 delusos
1398 2942 1456 2982 se
1486 2926 1926 2999 ingemiscentes,
1970 2927 2121 2982 rabie
2159 2916 2165 2921 ’

524 3015 770 3072 inaudita
804 3025 859 3073 et
886 3015 1072 3073 dolore
1102 3016 1277 3073 inviso
1305 3034 1364 3074 se
1394 3018 1542 3088 ipsos
1569 3030 1592 3058 ο
1625 3019 1954 3085 cruciantes,
1988 3035 2120 3075 cun-

526 3098 613 3165 cta
642 3106 969 3176 disturbant,
1004 3110 1257 3166 universa
1287 3111 1681 3178 contaminant,
1711 3121 1997 3171 currentes
2016 3128 2119 3185 per

2231 1901 2604 1974 indulgerent,
2628 1904 2784 1977 virgo
2809 1903 2908 1963 Dei
2924 1918 2994 1961 eo
3012 1918 3122 1975 quo
3148 1903 3405 1961 manebat
3427 1901 3550 1963 loco
3574 1903 3845 1974 persiste-

2230 2000 2334 2050 ret.
2368 1993 2621 2051 Humano
2641 1995 2860 2065 quidem
2882 1995 3130 2061 oonsilio.
3162 1995 3257 2053 sed
3281 1994 3466 2055 divino
3492 1994 3843 2053 retinebatur

2222 2085 2430 2156 judicio
2466 2106 2480 2142 :
2512 2096 2575 2143 ut
2603 2096 2661 2144 et
2700 2102 2857 2147 suam
2884 2088 2987 2145 sibi
3034 2102 3296 2147 coronam
3320 2095 3383 2145 et
3407 2087 3570 2147 beato
3607 2086 3842 2160 Relatis

2229 2181 2536 2252 imponeret
2568 2181 2759 2254 gloriae
2790 2182 3068 2241 diadema.
3102 2180 3240 2239 Nam
3268 2197 3337 2239 eo
3364 2182 3486 2250 me,
3514 2183 3713 2239 neseis
3736 2198 3839 2239 αι-
3870 2240 3879 2255 ,

2220 2272 2312 2344 i943
2354 2275 2964 2347 instinctu,quorumve
2990 2274 3205 2335 insidiis
3248 2284 3306 2333 et
3328 2275 3648 2348 proditione
3678 2275 3838 2333 locus

2227 2366 2449 2436 praesidi
2510 2366 2724 2425 latibuli
2773 2367 3085 2434 indicatur,
3126 2375 3183 2422 et
3214 2381 3251 2422 a
3290 2365 3562 2425 militibus
3602 2366 3680 2423 ad
3728 2366 3838 2423 hoc

2227 2459 2412 2523 missis
2441 2475 2509 2519 ex
2552 2459 2854 2530 improviso
2879 2460 3060 2519 omnis
3088 2460 3178 2523 ills
3205 2475 3396 2517 eorum
3422 2460 3698 2521 habitatio
3718 2461 3837 2517 cir-

2226 2549 2534 2607 cumdatur.
2578 2548 2886 2622 Actumque
2912 2558 3082 2607 estut
3108 2548 3318 2609 elatus
3336 2559 3391 2607 et
3406 2549 3837 2622 pralestinauss

2224 2651 2437 2716 martyr
2468 2643 2895 2721 praesentialiter
2931 2644 3210 2703 adfuisset.
3254 2646 3315 2705 In
3353 2643 3509 2716 cuius
3532 2648 3834 2719 pusulis

2216 2734 2333 2805 jam
2362 2736 2563 2795 dictam
2593 2736 2857 2809 virginem
2884 2737 3199 2804 educentes.
3231 2753 3464 2809 eum
3482 2754 3595 2795 una
3616 2739 3834 2810 purita-

2223 2828 2770 2900 oonprebcndentes,
2808 2828 3160 2891 verberantes
3204 2829 3496 2901 multisque
3542 2840 3829 2887 contume-

2220 2920 2310 2979 liis
2337 2920 2657 2994 adligeutes,
2681 2923 2867 2994 iniquo
2886 2924 3106 2996 praesidi
3130 2934 3187 2981 et
3208 2922 3665 2994 sceleratojutici
3688 2940 3828 2996 pra-

2222 3024 2527 3073 sentarunt.
2581 3014 2754 3082 Quium
2798 3030 2925 3073 mox
2965 3015 3134 3087 iudex
3176 3032 3278 3087 per
3310 3014 3523 3086 ﬂagella
3571 3015 3826 3073 ocdden

2221 3108 2494 3180 cogitans,
2522 3108 2832 3181 truculento
2862 3108 3011 3165 milia
3054 3118 3113 3165 et
3144 3109 3451 3181 impatienti
3499 3109 3693 3167 animo
3730 3124 3825 3165 ue-

521 3199 738 3271 ignotos
758 3199 1095 3267 etcognitos,
1115 3209 1172 3255 et
1192 3200 1534 3270 potestative,
1565 3217 1630 3257 ac
1653 3200 1897 3273 iussione
1925 3205 2117 3276 praesi-
2143 3199 2189 3263 C
2220 3200 2460 3256 hementi
2488 3200 2671 3256 furore
2708 3216 3003 3269 accensus.
3028 3200 3246 3257 furiosis
3269 3202 3450 3258 verbis
3477 3201 3823 3274 interroga.

522 3291 623 3354 dis,
655 3304 1004 3361 quoscunque
1024 3289 1043 3329 ί
1065 3290 1401 3362 impetendos
1418 3292 1698 3363 putabant,
1722 3295 2037 3353 carceribus
2059 3304 2115 3352 et

520 3378 750 3440 vinculis
764 3378 1099 3449 onerabant;
1132 3381 1604 3450 viros,.mulieres,
1633 3385 1991 3455 confessores,
2022 3404 2111 3444 sa-

518 3474 790 3542 cerdotes,
823 3473 1067 3541 devotas,
1095 3473 1183 3529 vel
1206 3490 1344 3546 quos
1384 3482 1637 3546 poterant
1658 3474 1883 3551 ﬂagellis
1907 3488 1963 3535 et
1991 3496 2113 3536 car-

522 3566 738 3625 ceribus
768 3564 1099 3639 al'lligebant,
1121 3565 1168 3623 si
1195 3582 1306 3637 quo
1331 3567 1490 3624 modo
1518 3579 1739 3640 possent
1764 3560 1934 3626 illiam
1957 3586 2113 3629 suam

515 3672 614 3730 per
640 3656 759 3715 haec
787 3669 842 3716 et
867 3658 1129 3730 ampliora
1158 3659 1419 3730 recipere.
1468 3657 1560 3716 Ille
1587 3675 1718 3715 vero
1744 3668 1972 3717 unctus
2012 3663 2111 3718 im-

519 3746 735 3807 mobilis
772 3750 821 3806 ei
864 3749 982 3807 loca
1013 3749 1227 3806 diversa
1275 3751 1543 3818 mutabat,
1594 3762 1649 3807 et
1691 3766 1759 3806 ne
1803 3752 2112 3809 traderetur

516 3841 636 3899 ovis
668 3840 917 3913 luporum
954 3841 1010 3896 in
1046 3840 1319 3907 manibus,
1348 3842 1495 3898 omni
1533 3841 1831 3897 intentione
1859 3844 2106 3900 curabat.

513 3930 605 3989 illa
670 3939 852 3989 tamen
894 3930 1116 4003 jejuniis
1157 3940 1212 3986 et
1253 3931 1451 4005 vigiliis
1495 3932 1788 4002 insistens,
1834 3944 1890 3991 et
1931 3934 2110 3992 cilicio

517 4024 763 4082 membra
791 4032 998 4097 tegens,
1022 4024 1107 4080 vel
1134 4023 1354 4096 pulvere
1388 4026 1615 4093 cubans,
1648 4042 1838 4084 severe
1864 4029 2108 4085 membra

516 4114 764 4190 corporis
808 4114 1083 4174 elimabat.
1133 4118 1241 4175 Sed
1270 4128 1324 4175 et
1353 4118 1440 4174 vir
1462 4119 1813 4177 beatissimus
1858 4118 1935 4195 (8)
1984 4137 2108 4177 cum

514 4209 822 4265 reverentia
860 4208 1223 4266 nominandus
1258 4208 1515 4282 Eulogius
1556 4220 1851 4269 nocturnas
1897 4210 2137 4283 vigilias-

513 4298 817 4374 adpetens,
877 4309 933 4357 et
974 4300 1032 4357 in
1074 4300 1358 4358 basilicam
1382 4303 1555 4359 sancti
1599 4302 1752 4376 Zoyli
1800 4314 2107 4362 terratenus

517 4394 544 4433 ⁸
567 4398 873 4462 prostratus
905 4407 1094 4460 orans,
1130 4400 1318 4449 noctes
1357 4393 1632 4448 insomnes
1672 4392 1920 4457 ducebat,
1954 4396 2109 4452 auxi-

514 4476 648 4538 lium
674 4480 887 4540 Domini
925 4494 982 4539 et
1023 4482 1393 4539 fortitudinem
1436 4482 1632 4555 virgini
1680 4484 2004 4554 imprecans,
2050 4492 2107 4543 et

513 4592 571 4632 se
594 4589 694 4647 per
715 4574 743 4614 δ
766 4572 883 4631 haec
904 4574 1164 4631 exercitia
1196 4573 1423 4630 Domino
1452 4586 1799 4632 consecrans.

586 4660 672 4720 ιι.
706 4663 853 4721 Inter
881 4665 997 4721 haec
1024 4665 1176 4736 virgo
1205 4665 1554 4721 serenissima
1577 4665 1723 4722 beati
1748 4662 1959 4741 Eulogii
1981 4686 2106 4743 ger-

512 4771 745 4821 manam,
773 4762 937 4826 quam
963 4754 1173 4811 ardenti
1198 4755 1467 4811 desiderio
1494 4756 1769 4829 diligebat,
1798 4759 1983 4817 videre
2007 4777 2105 4819 vo-

424 4906 434 4916 ,
509 4845 630 4914 luit,
648 4854 705 4901 et
726 4847 794 4902 ad
813 4858 1004 4902 eorum
1018 4845 1324 4901 habitacula
1343 4854 1501 4904 nocte
1517 4844 1753 4915 devenit,
1778 4846 2109 4910 revelatione

510 4934 726 4991 Domini
754 4946 1048 5008 provocata
1070 4977 1085 5002 ,
1114 4944 1168 4992 et
1196 4936 1457 4994 aviditate
1503 4938 1893 4997 consolationis
1929 4944 1947 4983 ι
1985 4959 2109 5015 per-

514 5028 701 5096 ducta,
730 5036 796 5085 ut
836 5042 945 5086 uno
983 5029 1070 5085 die
1110 5031 1483 5088 tantummodo
1506 5044 1632 5088 cum
1662 5032 1744 5089 eis
1774 5044 2102 5104 moraretur,

514 5130 570 5177 et
598 5120 796 5178 lterum
826 5124 895 5179 ad
923 5122 1082 5180 solita
1112 5122 1332 5181 latibula
1362 5125 1668 5197 repedaret.
1707 5124 1915 5195 Quibus
1935 5137 1992 5186 et
2019 5144 2103 5186 re-

583 5252 609 5309 s
650 5237 886 5309 Scbott.,
913 5239 1068 5309 diris,
1100 5250 1160 5297 ut
1188 5256 1290 5297 ms.

580 5308 610 5350 ι’
642 5308 861 5381 Moral.,
890 5308 1172 5378 ordinavit,
1210 5311 1360 5367 illaut
1385 5313 1609 5381 concite,
1637 5321 1746 5372 etc.

584 5390 607 5452 ξ
650 5378 887 5452 Sciron,
926 5399 991 5436 ea:
1022 5398 1196 5452 opere,
1234 5390 1295 5438 ut
1320 5394 1422 5439 ms.

580 5448 610 5490 ιι
646 5450 865 5523 _Moral.,
888 5448 1110 5523 gressus,
1140 5462 1200 5508 ut
1225 5468 1328 5510 ms.

589 5533 613 5595 τ
644 5521 806 5595 Deest
827 5521 1011 5579 in‘ms.
1040 5541 1093 5578 se
1122 5524 1281 5595 ipsos.

589 5591 610 5632 ί
650 5588 750 5649 ΜΒ.
762 5634 777 5660 ,
792 5606 1042 5665 quosque.

587 5666 615 5706 ⁸
652 5666 814 5722 Deest
842 5665 909 5719 in'
923 5676 1025 5719 ms.
1060 5674 1376 5733 prostratus.

582 5736 609 5816 ιτ
649 5734 755 5816 εει.
779 5745 830 5789 σε
863 5751 1082 5816 seper.-

592 5808 610 5850 ἀ
653 5806 757 5880 ιι,
783 5802 1118 5863 conlationis.

2221 3292 2594 3365 virginentque
2618 3309 2718 3349 cur
2744 3294 2905 3353 domo
2929 3293 3252 3361 retinuerit,
3281 3294 3587 3355 minitando
3606 3294 3821 3366 disqui-

2219 3388 2312 3444 rit.
2338 3386 2438 3445 Cui
2462 3385 2826 3444 libentissime
2847 3397 2905 3445 et
2928 3387 3326 3461 patientissime
3345 3403 3499 3445 more
3524 3387 3823 3449 locutionis

2218 3496 2331 3539 sua:
2388 3479 2666 3552 splendide
2722 3481 2802 3536 rei
2858 3481 3142 3541 veritatem
3200 3481 3307 3538 hoc
3338 3480 3533 3537 ordine
3581 3480 3775 3551 pandit
3798 3497 3817 3535 :

2223 3588 2242 3622 s
2262 3569 2492 3637 Prasses,
2531 3571 2666 3629 ordo
2695 3571 2853 3629 nobis
2876 3566 3280 3642 praedicationis
3312 3570 3593 3642 iniunctus
3618 3580 3742 3640 est,
3762 3578 3823 3627 et

2216 3671 2417 3719 nostra:
2444 3663 2550 3719 hoc
2575 3662 2704 3719 ﬁdei
2729 3663 2983 3721 convenit
3000 3703 3016 3729 ,
3047 3673 3107 3719 ut
3139 3663 3571 3741 disquirentibus
3592 3678 3625 3718 a
3660 3662 3822 3721 nobis

2216 3751 2398 3810 lumen
2428 3752 2555 3821 ﬁdei
2582 3754 2940 3827 porrigamus,
2969 3754 3212 3827 nullique
3237 3754 3307 3811 ad
3328 3756 3452 3811 vitae
3472 3754 3673 3813 itinera
3692 3770 3823 3827 pro-

2213 3843 2449 3913 peranti,
2468 3859 2594 3914 qua:
2612 3854 2807 3902 sancta
2840 3853 2987 3911 sunt,
3010 3844 3362 3919 denegemus.
3416 3843 3535 3905 Hoc
3558 3847 3822 3905 sacerdo-

2216 3937 2363 3995 tibus
2383 3937 2675 4009 competit,
2706 3938 2812 3995 boc
2846 3938 3039 4011 religio
3061 3953 3191 3997 tera
3213 3938 3494 4011 deposcit,
3518 3940 3627 3996 hoc
3650 3940 3821 3997 etiam

2215 4029 2469 4093 Christus
2498 4030 2767 4089 Dominus
2808 4041 2994 4091 noster
3030 4047 3130 4095 nos
3174 4031 3409 4091 docuit:
3460 4042 3524 4093 ut
3564 4033 3825 4105 quisquis

2215 4126 2407 4191 sitiens
2430 4128 2558 4187 ﬁdei
2598 4128 2615 4168 ¹
2652 4129 2874 4189 haurire
2897 4128 3121 4189 ﬂumine
3151 4129 3421 4197 voluerit,
3448 4130 3507 4189 in
3528 4130 3703 4201 dtu/lo
3724 4147 3826 4203 po-

2219 4230 2335 4279 tum
2374 4221 2648 4288 inveniat,
2686 4222 2871 4292 potius
2908 4236 3070 4293 quam
3098 4222 3352 4293 quaesivit
3373 4234 3439 4279 II.
3470 4221 3825 4294 thsonisn

2214 4308 2337 4371 haec
2370 4311 2525 4384 virgo
2570 4312 2693 4370 iidei
2723 4321 2929 4371 sancta:
2973 4312 3217 4385 regulam
3256 4328 3291 4369 a
3339 4313 3497 4371 nobis
3536 4313 3827 4385 inquiras

2212 4407 2329 4462 visa
2356 4414 2460 4473 est,
2484 4406 2856 4463 necessarium
2886 4405 3127 4471 exstitit,
3153 4412 3214 4461 ut
3258 4404 3333 4471 illi
3363 4396 3555 4465 nostra
3581 4420 3652 4463 eo
3678 4421 3741 4463 se
3760 4405 3827 4461 li-

2210 4492 2427 4553 bentius
2455 4496 2753 4567 applicaret
2789 4507 2821 4535 ιι
2849 4497 3081 4555 intentio
3109 4511 3218 4568 quo
3242 4493 3361 4565 eius
3396 4496 3459 4555 in
3479 4497 3725 4568 amplius
3744 4498 3830 4554 ἧι-

2136 4582 2191 4652 D
2220 4587 2545 4647 omdemtur
2588 4588 2823 4649 otiootio.
2867 4588 2981 4647 Nec
3026 4588 3207 4647 decuit
3237 4588 3366 4645 talia
3412 4588 3831 4651 desidet-suun

2218 4678 2447 4749 rejicere
2471 4721 2485 4745 ,
2516 4681 2825 4752 praesertim
2852 4680 2932 4737 illi
2956 4722 2972 4747 ,
3012 4681 3108 4751 qui
3140 4680 3212 4739 ad
3259 4679 3364 4737 hoc
3382 4677 3595 4737 Christi
3616 4679 3832 4741 electu

2215 4782 2302 4831 est
2324 4789 2571 4831 munere.
2604 4774 2759 4832 Uade
2776 4782 2835 4833 et
2856 4782 2919 4831 ut
2938 4789 3098 4849 posse
3130 4772 3265 4831 mihi
3284 4771 3522 4839 exstitit,
3552 4771 3832 4830 illustrari

2212 4865 2454 4929 «docui
2486 4883 2501 4921 :
2538 4865 2783 4925 etﬁdem
2810 4865 3014 4925 Christi
3038 4864 3185 4923 viam
3230 4864 3381 4937 regni
3426 4864 3835 4923 esseemleﬂi

2212 4956 2458 5028 exposui.
2487 4938 2769 5025 Quomodo
2786 4965 2842 5014 et
2862 4957 2981 5024 tibi,
3007 4958 3051 5013 si
3080 4972 3168 5014 me
3195 4956 3611 5027 disquireadun
3636 4969 3836 5029 pala-

2217 5061 2341 5111 ses,
2388 5046 2745 5104 libentissime
2802 5048 3059 5104 facerem.
3093 5066 3111 5100 ι
3164 5048 3315 5104 Tunc
3350 5064 3559 5120 praes
3606 5050 3835 5105 turbido

2214 5139 2363 5197 vultu
2397 5140 2576 5212 virgas
2620 5140 2878 5196 inducere
2902 5142 3097 5212 jussit,
3130 5155 3255 5197 eum
3285 5141 3551 5197 minitans
3594 5140 3829 5214 ﬂagellis

2288 5250 2302 5302 i
2352 5252 2505 5325 Sch.,
2534 5252 2677 5325 quod
2702 5251 2796 5307 illa
2820 5270 2909 5319 se;
2943 5269 3071 5321 ms.,
3102 5248 3199 5325 ξιια
3229 5270 3366 5310 ausu
3404 5252 3694 5311 temerario
3714 5271 3829 5311 ιοιι
3896 5296 3899 5299 η

2214 5340 2269 5379 se
2290 5320 2593 5449 eripuisse;
2620 5323 2910 5397 Antuerp.,
2939 5320 3081 5401 quod
3107 5320 3212 5395 ista
3232 5341 3310 5382 se.

2416 5411 2485 5449 s..
2517 5412 2612 5449 tre.

2298 5463 2320 5504 1
2359 5434 2485 5531 Ξὶἕξζ
2506 5434 2687 5534 ῥἰῑὲηι.
2732 5532 2733 5535 γ

2228 5608 2239 5619 _
2292 5542 2333 5567 "
2364 5534 2448 5620 ita
2466 5550 2593 5620 ms.,
2618 5536 2712 5595 sed
2732 5535 2944 5593 Floret.
2975 5545 3032 5593 et
3047 5536 3338 5620 Antuerp.,
3356 5540 3421 5620 fu
3441 5536 3612 5620 duplo
3638 5546 3821 5620 potus

2223 5604 2451 5688 inueniat
2476 5608 2675 5677 potius,
2690 5624 2856 5679 quam
2872 5622 3035 5678 quem
3063 5604 3336 5681 qusivit;
3360 5607 3421 5665 in
3441 5604 3817 5666 Mor-abdce“

2219 5687 2395 5746 potius
2426 5692 2608 5749 qum.

2294 5756 2327 5787 ³
2352 5746 2480 5815 Is.,
2517 5758 2574 5803 ut
2596 5746 2693 5805 illa
2728 5757 2909 5807 nostra
2932 5765 2994 5807 eo
3017 5748 3265 5807 libentius
3290 5746 3390 5806 sibi
3410 5748 3721 5823 adplicaret.
