4078 6340
265 351 367 416 7H
1526 347 1708 414 'VITA
1743 348 1876 416 νειμ
1923 345 2188 415 ΡΔΒΕΙΟ.
2297 366 2304 376 ·
2383 365 2388 371 ³
3433 337 3538 398 718

265 471 548 545 perimere.
575 466 676 526 Cui
697 473 920 526 sanctus
943 465 1112 524 dixit:
1156 483 1176 518 ι
1197 463 1337 533 Quid
1357 463 1476 524 istis
1497 464 1665 533 virgis
1692 478 1850 520 exer—
1873 471 1928 530 Α
1951 462 2157 517 vultum
2187 457 2473 518 convertit.
2501 455 2611 514 Nec
2635 456 2902 516 silendum
2937 461 3024 516 est
3047 455 3370 514 miraculum
3393 457 3536 532 quod

265 579 390 621 cere
415 560 602 632 cupis?
637 559 922 626 Animam,
969 558 1163 629 inquit,
1191 567 1340 613 tuam
1363 572 1461 628 per
1495 557 1598 614 has
1624 556 1855 612 educere
1957 555 2034 612 ad.
2068 553 2280 610 laudem
2325 551 2408 608 sui
2455 549 2692 607 nominis
2735 546 2982 606 Christus
3025 557 3110 606 est
3148 562 3310 616 super
3343 561 3542 617 corpus

265 655 405 712 volo.
441 652 725 718 Gladium,
772 651 884 719 ait,
913 666 1047 708 acue
1086 660 1141 706 et
1165 666 1448 722 compone,
1481 663 1581 720 pro
1603 663 1713 718 quo
1733 648 1852 706 ani-
1957 647 2219 720 martyris
2247 655 2520 717 operatus.
2553 643 2768 701 Etenim
2789 657 2929 698 unus
2951 641 3272 713 Astigitanae
3305 641 3544 702 civitatis

268 762 410 804 mam
441 761 475 800 a
523 743 739 800 vinculo
780 743 1026 814 corporis
1061 742 1367 813 expeditam
1415 739 1467 796 ei
1517 739 1712 796 reddas
1743 739 1855 810 iqui
1947 739 2154 805 incola,
2212 739 2530 798 duininter
2573 745 2798 800 caeteros
2842 736 3135 806 paratinum
3186 734 3266 805 (5)
3315 734 3544 794 lunatim

265 842 433 898 dedit.
454 840 591 896 Nam
611 838 837 910 ﬂagellis
857 839 1099 896 membra
1122 838 1394 894 dissecare
1413 851 1523 891 non
1543 832 1799 890 aestimes.
1829 851 1849 884 ι
1953 832 2256 893 mansionis
2293 832 2576 890 servitium
2625 837 2830 900 ageret,
2883 828 3066 896 ibique
3120 843 3339 888 cursum
3381 840 3542 887 suum

264 932 334 990 Et
368 949 495 989 mox
515 931 661 988 clara
679 932 985 988 inrectione
1007 941 1064 986 et
1093 929 1376 987 sutlicienti
1401 926 1616 997 eloquio
1645 925 1854 981 falsita—
1958 924 2156 996 vigiliis
2201 925 2511 994 expediret;
2555 930 2716 980 nocte
2756 935 2952 990 aquam
2981 927 3170 990 potare
3207 919 3542 982 desiderans,

267 1033 377 1082 tem
405 1025 546 1080 vatis
581 1025 664 1080 sui
693 1033 748 1078 et
780 1023 916 1094 legis
945 1024 1350 1094 improperans,
1377 1028 1434 1078 et
1455 1017 1857 1090 praedicationis
1959 1017 2198 1076 surrexit
2229 1014 2328 1086 (4),
2360 1023 2416 1070 et
2443 1015 2512 1070 ad
2540 1013 2935 1085 prominentem
2957 1010 3164 1068 canalis
3189 1009 3432 1078 ductum,
3450 1010 3545 1083 qui

266 1117 490 1174 verbum
513 1115 874 1186 ingeminans,
900 1115 1000 1172 sub
1017 1115 1170 1171 omni
1187 1113 1470 1172 velocitate
1482 1111 1738 1184 palatium
1761 1109 1859 1166 du-

267 1206 428 1272 citur,
455 1215 510 1262 et
531 1207 600 1262 ad
629 1206 772 1277 regis
805 1204 1145 1262 consiliarios
1173 1220 1345 1276 usque
1369 1203 1722 1276 pertrahitur.
1753 1201 1854 1260 Ubi

265 1315 408 1358 unus
433 1314 503 1356 ex
539 1299 691 1370 ipsis,
725 1298 801 1352 illi
829 1296 1250 1354 familiarissime
1272 1306 1451 1360 notus,
1481 1295 1857 1366 compatiendo

267 1387 493 1446 insiluit.
529 1406 550 1440 ι
579 1387 636 1444 Si
662 1387 812 1444 stulti
835 1427 850 1458 ,
874 1387 1072 1458 inquit,
1101 1395 1157 1443 et
1183 1387 1366 1442 idiotm
1405 1386 1460 1442 in
1499 1385 1857 1442 hancmortis

265 1480 566 1540 deﬂendam
593 1482 804 1538 ruinam
833 1482 1042 1538 devecti
1076 1489 1234 1546 sunt,
1270 1489 1330 1536 tu
1357 1479 1638 1551 sapientim
1663 1480 1858 1538 decore

263 1574 616 1644 praecinctus,
649 1581 705 1632 et
745 1576 869 1630 vitae
898 1575 1139 1629 muribus
1175 1573 1507 1635 illustratus,
1533 1586 1660 1642 qua
1687 1580 1740 1628 te
1765 1571 1858 1628 de-

263 1666 468 1722 mentia
513 1666 640 1721 huic
692 1663 975 1722 mortifero
1019 1666 1206 1730 casui,
1257 1665 1571 1720 oblitterato
1623 1663 1858 1720 naturali

265 1756 390 1812 vita:
413 1770 600 1812 amore
625 1769 676 1823 ι,
705 1756 1046 1813 committere
1071 1754 1366 1825 compulit?
1392 1754 1528 1810 Audi
1553 1769 1664 1820 me,
1693 1753 1853 1810 obsev

1957 1125 2120 1180 super
2156 1108 2248 1164 illa
2285 1107 2403 1162 loca
2427 1106 2765 1177 producitur,
2793 1104 3059 1174 pervenit,
3087 1102 3180 1164 ubi
3213 1103 3347 1160 vidit
3387 1102 3548 1162 desu—

1957 1217 2057 1273 per
2082 1216 2243 1272 super
2267 1215 2466 1271 wrpus
2491 1198 2630 1268 eius,
2659 1197 2804 1268 quod
2829 1197 3084 1259 deorsum
3102 1193 3340 1266 iacebat,
3361 1211 3546 1260 sacer-

1957 1295 2116 1354 dotes
2133 1293 2275 1350 miro
2311 1292 2548 1350 candore
2576 1291 2846 1355 niventes,
2879 1289 3166 1350 luminaria
3206 1289 3548 1352 coruscantia

1959 1385 2280 1450 retinentes,
2307 1393 2361 1440 et
2381 1382 2727 1454 psallentium
2757 1396 2912 1440 more
2935 1381 3172 1452 psalmos
3188 1383 3442 1453 gnaviter
3459 1397 3548 1442 re-

1959 1477 2209 1536 citantes.
2237 1475 2354 1544 Qua
2380 1476 2590 1533 visione
2632 1474 2982 1545 perterritus,
3021 1475 3098 1533 ad
3143 1474 3444 1536 euasionis
3467 1475 3548 1531 la-

1957 1584 2103 1632 cum,
2137 1568 2308 1639 magis
2334 1567 2548 1639 fugiens
2575 1581 2740 1640 quam
2771 1565 3008 1632 rediens,
3041 1565 3335 1636 repedavit.
3367 1565 3436 1622 Et
3461 1581 3549 1624 so-

1957 1662 2044 1718 cio
2090 1661 2272 1720 omnia
2301 1661 2320 1703 ί
2353 1661 2692 1727 renuntians,
2737 1675 2861 1716 eum
2905 1675 2972 1716 eo
3014 1660 3216 1718 item
3261 1661 3329 1716 ad
3370 1659 3548 1718 locum

1959 1762 2232 1818 revertere
2270 1753 2436 1810 voluit
2457 1768 2474 1809 :
2499 1755 2594 1809 sed
2610 1753 2726 1824 jam
2759 1752 2997 1809 secundo
3023 1767 3250 1808 cernere
3278 1752 3408 1808 illud
3440 1767 3548 1810 non

266 1865 384 1917 cro,
421 1858 480 1908 et
519 1864 589 1908 ne
628 1850 893 1922 praecipiti
926 1865 1055 1905 casu
1081 1863 1308 1905 corruas
1342 1863 1492 1920 rogo.
1518 1847 1618 1904 Dic
1645 1855 1855 1905 tantum
1883 1861 1935 1924 ῃ
1957 1846 2144 1902 valuit.
2201 1844 2366 1914 Cujus
2405 1845 2705 1902 beatissimi
2757 1853 2918 1914 caput
2970 1843 3076 1900 alio
3125 1845 3214 1899 die
3262 1845 3551 1906 curiositas

264 1942 434 1998 verbo
460 1941 517 1996 in
541 1941 672 1997 hora
713 1941 873 2011 hujus
901 1949 1006 1996 tuae
1031 1939 1409 2006 necessitatis,
1435 1949 1490 1996 et
1516 1949 1703 2010 postea
1741 1951 1849 2004 tua,

265 2036 354 2092 ubi
369 2035 631 2105 potueris,
654 2045 808 2096 utere
837 2035 959 2090 ﬁde.
984 2034 1359 2090 Promittimus
1375 2041 1429 2086 te
1447 2033 1697 2103 nuspialn
1713 2033 1741 2074 δ
1773 2033 1855 2089 in-

266 2126 612 2196 quirendum.
641 2145 662 2179 ι
690 2125 768 2199 (1)
789 2125 890 2180 Cui
921 2125 1268 2180 beatissimus
1287 2133 1494 2196 martyr
1513 2125 1800 2184 subridens
1831 2144 1852 2184 ,ς

271 2237 292 2270 ι
321 2217 388 2282 0,
441 2219 635 2289 inquit,
679 2219 730 2274 si
759 2219 901 2276 scire
928 2219 1218 2289 potuisses,
1257 2226 1462 2288 quanta
1494 2216 1617 2272 ﬁdei
1658 2226 1856 2272 nostra)

267 2308 570 2365 cultoribus
607 2319 864 2366 maneant
887 2319 908 2350 ο
943 2311 1207 2380 reposita!
1251 2307 1359 2364 Aut
1395 2309 1439 2368 si
1471 2323 1687 2380 possem
1711 2307 1856 2378 quod

265 2414 389 2456 meo
411 2399 642 2465 retineo,
667 2410 759 2456 tuo
789 2401 1132 2456 committere
1164 2400 1402 2471 pectori;
1447 2409 1572 2454 tunc
1601 2398 1716 2468 jam
1743 2413 1856 2456 non

266 2507 359 2548 me
386 2508 417 2548 a
462 2493 740 2563 proposito
788 2507 1048 2548 revocare
1092 2492 1377 2548 cenat-eris
1395 2490 1448 2557 ἀ,
1469 2491 1564 2546 sed
1603 2489 1858 2548 libentius

256 2590 324 2638 .te
363 2583 430 2638 ab
450 2583 556 2640 hoc
583 2582 845 2638 mundiali
876 2583 1085 2638 honore
1127 2597 1382 2638 amovere
1401 2581 1701 2652 cogitares.
1737 2600 1756 2634 ι
1790 2581 1858 2638 Et

271 2675 439 2746 coepit
481 2675 577 2732 eis
620 2675 899 2745 Evangelii
949 2675 1137 2731 interni
1187 2676 1410 2730 verbum
1451 2674 1750 2744 porrigere,
1805 2682 1863 2730 et

267 2769 712 2841 praedicationem
749 2769 901 2840 regni
943 2769 1215 2824 constanti
1262 2767 1514 2822 libertate
1552 2766 1856 2828 iutundere.

269 2863 374 2932 Qui
405 2863 552 2920 illico
577 2878 700 2920 eum
730 2863 978 2918 nolentes
1015 2863 1223 2928 audire,
1254 2861 1434 2933 gladio
1461 2860 1654 2930 iubent
1683 2869 1860 2918 trans-

267 2955 384 3028 ﬁgi.
433 2955 678 3026 Cumque
731 2957 1040 3018 duceretur,
1096 2971 1234 3010 unus
1293 2970 1362 3010 ex
1403 2953 1668 3012 eunuchis
1719 2952 1860 3023 regis

269 3046 429 3117 alapa
459 3061 584 3102 eum
618 3047 908 3118 percussit.
938 3045 1038 3102 Cui
1059 3044 1150 3101 ille
1177 3045 1402 3100 alteram
1429 3042 1624 3100 faciem
1649 3058 1859 3114 praepa-

269 3139 419 3206 rans,
451 3159 472 3192 ι
502 3139 764 3207 Obsecro,
802 3140 996 3210 inquit,
1031 3149 1092 3194 ut
1118 3141 1261 3195 hanc
1302 3139 1496 3194 iterum
1524 3137 1860 3195 verberando

1957 1939 2394 1996 Christianorum
2437 1938 2685 2002 redemit,
2721 1936 2968 2007 corporis
2993 1951 3123 1992 vero
3145 1936 3404 2007 reliquias
3437 1945 3549 1993 ter-

1958 2033 2034 2092 tio
2074 2032 2163 2088 die
2192 2029 2429 2103 collegit,
2464 2040 2524 2087 et
2571 2029 2674 2087 sub
2707 2028 2900 2086 umbra
2941 2028 3244 2094 beatissimi
3293 2029 3552 2100 martyris

1955 2124 2106 2196 Zoyli
2135 2124 2438 2179 tumulavit.

2029 2217 2120 2273 16.
2159 2216 2482 2274 Beatissima
2499 2231 2633 2274 vero
2652 2216 2806 2288 virgo
2819 2214 3091 2270 Leocritia
3111 2214 3300 2271 multis
3315 2215 3554 2272 obloctar

1959 2310 2198 2366 tionibus
2235 2310 2478 2378 delinita,
2525 2309 2816 2380 multisque
2857 2308 3306 2380 promissionibus
3351 2309 3551 2380 imput-

1958 2413 2100 2468 sata,
2154 2403 2375 2458 tandem
2411 2402 2596 2458 divino
2643 2416 2867 2457 munere
2909 2401 3180 2458 soliditate
3223 2400 3347 2458 ﬁdei
3391 2403 3556 2458 robo-

1959 2502 2100 2561 rata,
2124 2502 2319 2564 quarta
2347 2502 2470 2565 post
2485 2493 2611 2565 ejus
2635 2493 2881 2566 martyrii
2909 2494 2995 2549 die
3016 2493 3228 2549 exstitit
3258 2493 3547 2560 decollata,

1961 2601 2027 2642 ac
2067 2585 2124 2641 in
2161 2585 2382 2642 ﬂumine
2410 2585 2612 2640 Brcthis
2638 2583 2898 2654 proiecta.
2943 2582 3052 2648 Sed
3087 2585 3247 2654 aquis
3273 2596 3374 2639 nec
3417 2583 3552 2640 sub—

1961 2679 2134 2750 mergi
2171 2679 2370 2750 potuit,
2410 2693 2512 2733 nec
2551 2677 2742 2744 celari,
2763 2687 2955 2734 erecto
2980 2678 3125 2732 enim
3159 2691 3389 2748 corpore
3425 2691 3556 2746 per-

1959 2787 2114 2844 gens,
2159 2771 2358 2826 mirum
2399 2769 2654 2826 omnibus
2700 2769 2878 2825 visum
2924 2768 3157 2839 praebuit
3173 2769 3221 2821 δ.
3275 2767 3344 2822 Et
3391 2766 3477 2822 sic
3519 2782 3556 2822 a

1961 2864 2283 2921 Christianis
2339 2865 2567 2929 educta,
2612 2863 2688 2936 (5)
2727 2863 2781 2920 in
2841 2862 3064 2917 basilica
3119 2861 3294 2917 sancti
3337 2860 3541 2917 Genesi

1963 2958 2244 3028 martyris,
2275 2972 2396 3026 qum
2441 2958 2546 3012 sita
2589 2964 2671 3010 est
2698 2955 2764 3008 ad
2797 2953 2974 3008 locum
3012 2953 3224 3010 Tertius
3259 2953 3309 3019 ιι,
3342 2952 3559 3014 exstitit

1964 3051 2250 3106 tumulata.
2284 3050 2383 3105 Hic
2405 3048 2507 3106 fuit
2550 3048 2849 3104 beatissimi
2887 3047 3127 3102 doctoris
3403 3046 3552 3109 finis,

1963 3143 2066 3198 iste
2116 3141 2450 3198 admirabilis
2513 3141 2693 3197 exitus
2718 3181 2732 3208 ,
2781 3139 3088 3210 hujusmodi
3151 3139 3345 3211 plenus
3387 3152 3560 3210 opere

267 3233 441 3303 priori
484 3247 753 3302 coaeques.
789 3252 810 3286 ι
849 3232 1025 3299 Quam
1067 3248 1190 3288 cum
1238 3233 1476 3288 secundo
1515 3229 1727 3294 feriret,
1773 3229 1863 3286 ille
1889 3238 1936 3306 ο
1969 3235 2252 3291 transitus.

268 3324 486 3395 patiens
510 3334 567 3381 et
586 3325 735 3382 mitis
762 3325 956 3382 iterum
987 3326 1221 3396 priorem
1257 3325 1488 3394 paravit.
1521 3322 1628 3380 Sed
1650 3324 1862 3394 impetu

270 3415 506 3471 militum
543 3416 609 3470 ad
636 3415 814 3472 locum
837 3416 1128 3472 occisionis
1157 3416 1457 3481 deducitur,
1485 3416 1576 3472 ubi
1605 3431 1778 3486 genua
1808 3415 1864 3472 in

269 3509 519 3564 oratione
559 3523 808 3572 curvans,
857 3517 913 3565 et
963 3522 1154 3563 manus
1183 3518 1206 3546 ο
1229 3508 1297 3564 ad
1341 3506 1508 3564 caelos
1543 3507 1863 3574 extendens,

269 3600 534 3671 signoque
571 3601 752 3658 crucis
777 3608 951 3656 totum
976 3615 1036 3656 se
1061 3599 1330 3663 inuniens,
1351 3599 1548 3670 paucis
1569 3599 1755 3656 uerbis
1783 3599 1866 3653 in-

272 3698 356 3745 tra
400 3706 460 3748 se
489 3707 684 3758 orans,
709 3692 980 3748 cervicem
1014 3692 1262 3747 mucroni
1309 3691 1562 3756 tetendit,
1609 3700 1667 3745 et
1701 3690 1865 3747 celeri

271 3783 386 3842 ictu
418 3785 674 3846 mundum
701 3792 1086 3855 ,contemnens,
1125 3784 1290 3839 vitam
1339 3785 1546 3839 invenit
1576 3785 1682 3856 (.2).
1707 3783 1868 3839 Com-

271 3876 443 3947 plevit
469 3879 790 3950 martyrium
813 3893 979 3934 suum
1003 3878 1194 3948 quinto
1221 3877 1344 3933 ldus
1371 3877 1572 3942 Martii,
1613 3877 1702 3932 die
1732 3877 1864 3932 sab-

271 3970 426 4034 bato,
455 3971 592 4026 hora
624 3985 785 4028 nona.
823 3971 893 4026 Et
913 3987 948 4026 ο
969 3970 1179 4027 felicem
1203 3981 1260 4026 et
1282 3971 1655 4030 admirabilem
1681 3980 1868 4027 nostro

274 4063 475 4122 sarculo
511 4065 708 4130 virum,
738 4066 831 4135 qui
862 4065 924 4120 et
959 4065 1220 4134 praemisit
1265 4065 1320 4120 in
1353 4065 1536 4120 multis
1569 4067 1650 4120 sui
1683 4067 1869 4136 operis

273 4153 536 4223 functum,
561 4166 618 4214 et
643 4157 860 4228 reliquit
881 4158 934 4214 in
961 4157 1172 4230 virgine
1197 4171 1256 4212 se
1275 4159 1636 4226 sequendum!
1667 4157 1866 4220 Secum

274 4251 523 4308 victoria
554 4250 808 4310 vexillum
861 4251 1107 4306 manibus
1149 4251 1390 4316 elevans,
1435 4261 1493 4306 et
1533 4252 1867 4322 manipulum

273 4341 484 4398 laboris
511 4344 594 4397 sui
617 4358 715 4412 pro
740 4359 799 4398 se
815 4343 1054 4400 Domino
1079 4342 1273 4410 libans,
1300 4343 1628 4399 oblationem
1643 4360 1867 4414 puram,

274 4444 331 4489 et
357 4435 614 4504 pacilicas
653 4435 858 4490 hostias
886 4433 1136 4501 oll‘erens,
1173 4444 1224 4489 et
1255 4435 1306 4488 in
1339 4451 1420 4499 se,
1443 4451 1564 4505 qua:
1593 4435 1728 4490 alios
1770 4437 1869 4493 do-

276 4533 490 4589 cuerat,
535 4523 752 4579 Christo
799 4539 980 4578 rerum
1013 4523 1240 4580 Domino
1287 4533 1701 4595 repraesentans.
1747 4526 1870 4582 Mox

2580 3322 2810 3380 CAPUT
2849 3321 2939 3378 Vl.

2038 3417 2221 3474 libari
2263 3418 2535 3488 scriptoris
2571 3433 2699 3500 erga
2737 3413 3123 3500 S._Eulagismt
3169 3415 3394 3487 affectus
3433 3425 3483 3470 et

2618 3497 2901 3544 invocatio.

2037 3602 2126 3657 17.
2165 3601 2321 3658 Nunc
2345 3611 2530 3666 restat,
2563 3602 2618 3656 in
2646 3601 2753 3657 ﬁne
2790 3601 3102 3666 voluminis,
3131 3601 3265 3674 Regi
3313 3603 3553 3657 omnium

1967 3695 2286 3752 saeculorum
2331 3697 2538 3767 gratias
2577 3709 2760 3766 agere,
2803 3696 2896 3766 qui
2936 3695 3004 3750 ab
3048 3695 3200 3750 initio
3239 3694 3362 3750 ﬁdei
3399 3709 3552 3750 suam

1966 3802 2168 3846 ornans
2192 3789 2521 3858 martyribus
2544 3788 2860 3853 Ecclesium,
2893 3789 2985 3844 dat
3011 3787 3168 3844 lassis
3196 3789 3470 3852 virtutem,
3499 3797 3559 3844 et

1968 3879 2036 3934 de
2061 3894 2125 3935 se
2145 3879 2280 3934 nihil
2310 3887 2698 3949 praesumentes
2729 3881 2979 3950 perducit
3002 3881 3069 3934 ad
3102 3881 3330 3950 gloriam
3357 3879 3558 3950 sempi-

1969 3980 2200 4026 ternam.
2247 3970 2351 4041 Ipsi
2397 3971 2510 4028 Deo
2541 3974 2558 4014 ί
2590 3982 2777 4028 nostro
2817 3973 2988 4045 gloria
3034 3982 3090 4030 et
3136 3973 3422 4046 imperium
3459 3989 3560 4046 per

1969 4063 2179 4117 inﬁnita
2210 4078 2426 4134 semper
2447 4065 2646 4120 saecula
2675 4065 3013 4121 saeculorum.
3041 4067 3234 4122 Amen.
3548 4123 3553 4127 .

2041 4154 2128 4210 18.
2168 4155 2239 4208 At
2268 4170 2412 4209 nunc
2437 4155 2564 4225 quia
2595 4169 2847 4211 sermone
2875 4156 3111 4226 pedestri
3135 4165 3193 4212 et
3211 4157 3410 4213 inculta
3433 4171 3556 4215 ora-

1972 4247 2118 4302 tione
2162 4262 2387 4317 agonem
2429 4249 2670 4304 doctoris
2709 4248 2883 4304 nostri
2934 4256 2988 4304 et
3021 4250 3274 4320 martyris
3319 4249 3561 4322 expleri-

1971 4353 2092 4393 mns
2117 4337 2163 4405 i,
2212 4348 2384 4394 restat
2421 4348 2478 4395 ut
2524 4342 2591 4396 ad
2643 4342 2891 4397 eumdem
2917 4343 2949 4384 ιι
2975 4343 3365 4399 amicissimum
3401 4345 3560 4402 nobis

1971 4439 2277 4502 patronum,
2312 4435 2467 4503 quasi
2495 4435 2562 4490 ad
2605 4437 2940 4503 audientem,
2967 4445 3022 4490 et
3071 4437 3323 4506 precibus
3357 4439 3561 4494 nostris

1975 4533 2315 4594 praesentem,
2368 4542 2673 4584 sermonem
2707 4539 3005 4593 vertamus,
3051 4538 3106 4584 et
3133 4529 3561 4585 familiaritatem

278 4633 412 4672 vero
441 4627 498 4671 ut
525 4617 822 4688 projectum
849 4627 933 4672 est
955 4619 1191 4673 cadaver
1228 4617 1405 4674 eloco
1431 4619 1775 4675 eminentiori
1812 4621 1866 4676 in
1896 4611 1948 4672 D
1974 4627 2214 4676 nostram
2263 4620 2313 4674 ei
2352 4622 2628 4692 cognitam
2671 4620 2992 4678 referamus.
3042 4622 3201 4678 Certe
3251 4635 3442 4694 potens
3481 4631 3565 4678 est

278 4708 500 4761 ductum
545 4708 704 4774 alvei,
733 4707 978 4764 columba
1009 4711 1150 4765 miro
1177 4711 1412 4766 candore
1456 4711 1757 4779 nivescens,
1793 4713 1871 4767 vi-

277 4797 532 4852 dentibus
561 4799 831 4866 omnibus,
860 4815 1055 4856 secans
1084 4816 1207 4856 aera
1241 4801 1453 4872 pennis,
1483 4817 1648 4872 super
1671 4818 1872 4874 corpus

277 4891 539 4961 martyris
570 4891 838 4961 aligerans
883 4893 1041 4948 sedit.
1077 4893 1249 4962 Quam
1288 4911 1478 4952 omnes
1523 4897 1874 4956 missibilibus

277 4979 451 5048 petris
494 4981 620 5036 hinc
669 4983 790 5038 inde
834 4983 1050 5056 abigere
1093 4994 1376 5052 conantes,
1429 4995 1483 5041 et
1525 4987 1875 5048 nihilominus

276 5073 668 5128 consistentem
697 5073 954 5145 repellere
975 5092 1080 5132 non
1114 5077 1374 5142 valentes,
1414 5079 1662 5135 manibus
1687 5081 1870 5138 volue-

277 5171 412 5216 runt
439 5165 686 5226 cominus
711 5163 970 5237 elfugare.
1020 5165 1126 5222 Sed
1153 5166 1243 5222 illa
1289 5167 1344 5223 in
1375 5169 1605 5225 circuitu
1635 5173 1880 5242 corporis

276 5271 392 5311 non
418 5257 620 5321 volans,
661 5258 755 5314 sed
785 5258 1004 5324 saliens,
1037 5276 1202 5333 super
1227 5270 1431 5318 turrem
1461 5267 1674 5335 corpori
1699 5268 1877 5323 immi-

277 5353 502 5400 nentem
533 5348 756 5419 propius
781 5349 1002 5416 resedit,
1034 5361 1091 5405 et
1128 5352 1194 5407 ad
1220 5367 1416 5424 corpus
1445 5357 1741 5414 beatissimi
1774 5360 1875 5415 viri

355 5493 382 5560 ξι
411 5481 534 5560 l_il_s.,
562 5500 660 5560 pro
680 5487 796 5541 vita
819 5502 998 5542 amore
1027 5487 1190 5544 habet
1222 5489 1412 5560 vigore.

357 5552 385 5590 ι)
411 5551 514 5624 ld.,
547 5551 770 5624 uspiam.

359 5635 378 5660 ε
411 5622 513 5690 ld.,
544 5622 777 5680 manent.

355 5691 384 5732 ει
411 5693 512 5760 ld.,
541 5712 780 5754 conarer.

365 5775 390 5802 ο
413 5763 514 5830 ld.,
547 5783 782 5823 manum.

367 5833 514 5903 ιω..
547 5847 678 5891 tota.

1973 4709 2162 4764 audire
2187 4720 2460 4782 rogantes,
2488 4722 2542 4767 et
2573 4714 2905 4784 patrocinari
2933 4715 3149 4770 miseris
3174 4725 3228 4770 et
3255 4713 3486 4778 aﬂlictis,
3515 4713 3560 4768 si

1974 4803 2167 4856 merita
2211 4818 2310 4859 nos
2357 4803 2728 4872 adjuvaverint
2753 4808 2992 4878 propria,
3023 4809 3069 4863 si
3097 4809 3291 4862 delicta
3324 4823 3428 4861 nun
3465 4807 3564 4859 ob-

1976 4899 2245 4958 viaverint
2294 4902 2449 4966 dura,
2505 4900 2551 4956 si
2596 4900 2809 4956 allectio
2855 4901 2962 4957 hoc
3007 4900 3355 4973 postulaverit
3406 4913 3560 4969 pura.

1979 4995 2144 5066 Ergo,
2175 5005 2386 5065 martyr
2429 4995 2523 5050 Dei
2545 4996 2759 5051 excelse
2786 4995 2884 5066 (1),
2916 4995 3086 5051 dulcis
3112 4994 3328 5049 nomine
3354 4991 3562 5062 Eulogl,

1979 5087 2237 5143 Alvarum
2278 5098 2427 5142 tuum
2473 5088 2794 5143 clamantem
2822 5088 3071 5143 intende:
3098 5095 3150 5140 ct
3177 5100 3336 5155 quem
3364 5084 3451 5139 hic
3485 5092 3566 5138 te-

1980 5180 2144 5234 nuisti
2173 5179 2438 5235 charitate
2465 5181 2632 5236 animi
2663 5179 2683 5219 ι
2709 5180 2899 5246 fixum,
2931 5179 3041 5234 illic
3079 5179 3174 5233 tibi
3205 5177 3414 5232 associa
3443 5192 3559 5232 ser-
3586 5233 3602 5253 κ

1979 5284 2126 5323 vum.
2161 5269 2276 5324 Non
2307 5271 2534 5327 aliorum
2564 5288 2728 5342 quam
2759 5272 2867 5326 tuls
2897 5279 2948 5325 te
2977 5268 3329 5324 interveniam
3359 5268 3560 5323 verbis.

1977 5361 2136 5442 Certe
2163 5379 2262 5434 ego
2308 5379 2426 5420 sum
2456 5365 2565 5432 ille,
2591 5381 2753 5437 quem
2797 5373 2974 5420 tecum
3015 5363 3226 5418 unitum
3269 5377 3389 5418 esse
3428 5361 3549 5417 dice

2055 5502 2081 5538 ε
2103 5499 2222 5564 Ms.,
2254 5503 2502 5556 exercuit.

2055 5571 2082 5609 ιι
2107 5571 2226 5636 Ms.,
2267 5571 2476 5626 Terzos.

2062 5642 2077 5716 ξ
2109 5641 2274 5716 Edit.,
2302 5643 2548 5716 Domino,
2579 5657 2644 5716 es
2679 5640 2857 5697 minus
2887 5652 3033 5698 recta
3075 5639 3432 5713 intelligentia
3459 5654 3562 5696 ins.

2059 5710 2072 5759 i
2113 5710 2347 5777 SchOtt.,
2377 5712 2770 5781 explicavimus,
2801 5721 2858 5766 ut
2893 5728 2996 5772 ms.

2059 5782 2085 5820 ¹ί
2110 5781 2277 5847 Edit.,
2308 5799 2446 5837 eum.

2063 5849 2081 5890 Ι
2107 5850 2340 5918 Schott.,
2371 5855 2570 5919 animo,
2599 5864 2660 5908 ut
2689 5871 2792 5911 ms.
