4078 6340
536 382 640 439 Ἠῢ

1646 376 1704 431 S.
1747 375 2024 433 EULOGll
2063 374 2382 434 ARCHIEP.
2426 364 2674 432 TOLE'I‘.

3715 371 3831 425 720

537 494 661 559 bas,
692 493 760 548 ad
797 498 1044 563 quem‘et
1071 503 1171 561 pro
1199 503 1312 559 quo
1350 490 1451 543 hoc
1481 487 1640 543 modo
1664 487 1872 544 locutus
1915 505 2012 544 es:
2043 487 2120 560 (‘2)
2149 492 2201 554 Α
2227 485 2382 542 ficavi
2412 485 2618 542 nomini
2650 492 2742 538 tuo
2785 482 3102 537 memoriam
3145 497 3215 538 ex
3259 495 3394 537 auro
3423 481 3628 553 obryzo
3657 493 3718 537 et
3751 481 3835 536 la-

541 603 561 635 ι
603 582 675 640 Ut
704 597 812 638 non
839 581 933 647 sit,
977 579 1178 650 inquis,
1219 578 1355 633 alter
1395 577 1625 632 Alvarus
1644 593 1808 649 quam
1841 577 2120 649 Eulogius,

537 692 641 734 nec
671 675 798 732 alibi
827 689 989 746 quam
1016 687 1182 744 penes
1211 672 1398 725 intima
1426 669 1612 725 Alvari
1650 678 1796 727 totus
1835 671 1906 726 sit
1937 671 2122 726 conlo-

535 778 692 826 catus
736 781 892 823 amor
936 763 1165 835 Eulogii.
1198 783 1216 815 ι
1254 761 1462 826 Valeat,
1509 761 1705 828 valeat,
1763 759 1980 817 Christe
2020 761 2122 817 Do-

537 864 704 928 mine,
735 862 853 917 haec
877 859 1058 915 suavis
1100 856 1380 926 ﬁdelisque
1415 855 1558 909 inter
1597 865 1855 926 utrosque
1879 855 2116 911 dilectio.

535 953 728 1010 Valeat
769 950 990 1024 perenni
1045 948 1279 1004 culmine
1321 943 1656 1013 sanctitatis,
1709 956 1766 1003 ct
1817 948 1972 1018 quasi
2029 948 2120 1002 lux

435 1025 442 1031 ’
537 1044 826 1118 splendens
863 1041 1141 1114 procedat,
1173 1049 1230 1094 et
1257 1049 1468 1096 crescat
1515 1054 1684 1110 usque
1711 1041 1778 1095 ad
1818 1041 2118 1111 perfectum

533 1135 864 1199 diem.Ecce,
888 1131 1133 1196 Domine,
1156 1130 1524 1186 testimonium
1551 1139 1703 1186 tuum
1730 1147 1842 1200 prae
1869 1131 2120 1186 manibus

532 1231 733 1295 habeo,
767 1226 963 1282 litteris
999 1225 1183 1280 aureis
1209 1233 1266 1279 et
1296 1224 1684 1279 sententiarum
1713 1224 1939 1295 gemmis
1967 1223 2118 1293 depi-

532 1328 699 1384 ctum,
745 1317 842 1374 sed
877 1316 1147 1373 desiderio
1194 1315 1482 1386 patrocinii
1511 1315 1590 1371 tui
1638 1315 2113 1386 complementum.

529 1408 649 1465 Jam
676 1408 826 1464 enim
867 1407 1013 1478 quod
1055 1406 1112 1462 in
1140 1407 1304 1462 terris
1329 1407 1542 1476 positus
1577 1407 1848 1474 oratione,
1879 1415 1940 1462 ut
1967 1408 2114 1463 vale-

529 1509 635 1566 ret,
674 1498 1005 1555 indesinenti
1034 1498 1253 1564 orabas,
1287 1499 1343 1552 in
1385 1498 1540 1554 caelis
1567 1499 1886 1564 translatus,
1912 1499 2117 1568 poteris

531 1593 586 1648 in
621 1607 709 1648 me
738 1588 1012 1662 suﬂ’ragio,
1060 1591 1206 1660 quod
1229 1589 1284 1644 in
1313 1597 1369 1643 te
1392 1588 1671 1660 impletum
1695 1597 1799 1654 est,
1846 1589 2111 1645 obtinere.

533 1681 728 1740 Servat
771 1691 1008 1752 namQue
1043 1696 1199 1736 amor
1223 1696 1406 1747 verus,
1452 1688 1513 1735 ut
1538 1680 1653 1751 ipse
1685 1681 1890 1748 dixisti,
1924 1681 1979 1736 in
2023 1682 2118 1736 ab-

529 1785 742 1834 sentem
791 1774 1023 1832 fldeliter
1071 1774 1417 1840 charitatem,
1459 1782 1515 1828 et
1553 1774 1696 1843 quod
1745 1773 1849 1830 sibi
1882 1781 2112 1843 poterat,

527 1961 708 2017 amice
733 1959 1068 2026 eharissime,
1111 1959 1242 2014 dum
1276 1958 1404 2015 licet
1441 1967 1496 2014 et
1523 1958 1702 2014 adhuc
1723 1958 2112 2014 misericordia;

525 2051 778 2108 imminet
803 2060 1033 2122 tempus,
1077 2050 1484 2106 intercessionis
1513 2058 1665 2104 tuum
1695 2048 1873 2104 amico
1897 2049 2114 2121 porrige

526 2161 743 2212 munus,
774 2153 838 2200 ut
880 2144 951 2200 sit
987 2144 1077 2199 hic
1105 2143 1239 2198 mihi
1270 2157 1528 2199 concessa
1575 2141 1942 2198 remelioratio
1991 2156 2110 2196 mo-

527 2253 669 2303 rum,
704 2236 817 2292 sint
842 2236 1037 2293 crebra
1065 2249 1294 2290 munera
1321 2234 1681 2306 lacrymarum
1708 2273 1722 2297 ,
1778 2233 1851 2288 sit
1898 2231 2112 2288 affectio

524 2327 674 2384 labi-li
722 2326 892 2383 menti
934 2325 1082 2381 illata
1115 2326 1376 2380 virtutum
1405 2366 1421 2390 ,
1451 2324 1524 2380 sit
1551 2322 1795 2379 aﬂectiva
1844 2338 2110 2396 compun-

523 2419 636 2475 ctio
663 2417 829 2492 jugis,
870 2419 943 2474 sit
985 2433 1156 2490 purus
1187 2417 1486 2487 paenitendi
1542 2415 1786 2482 affectus,
1843 2419 1914 2472 sit
1962 2418 2112 2474 locus

523 2510 778 2582 optabilis
801 2510 906 2566 rite
926 2523 1238 2575 concessus,
1269 2509 1340 2565 sit
1364 2518 1702 2580 opportunus
1733 2509 1910 2565 aditus
1949 2509 2130 2576 nullis,

521 2601 771 2658 obicibus
833 2601 1272 2672 disrumpendus.
1345 2598 1637 2656 Solvantur
1698 2600 2109 2672 perplexionum

519 2694 765 2752 omnium
795 2694 1032 2761 vincula,
1074 2695 1320 2752 resiliant
1355 2693 1764 2765 impeditionum
1793 2705 2109 2750 cunctarum

522 2787 825 2853 molimina,
857 2788 1392 2858 retinaculorumque
1412 2784 1712 2850 obstacula,
1735 2785 2111 2842 immutatione

519 2879 758 2936 dextera:
793 2878 1009 2935 Excelsi
1047 2879 1101 2934 in
1145 2879 1536 2948 obsequentum
1576 2884 1856 2932 mutentur
1886 2875 2106 2930 auxilia.

520 2971 850 3041 Aperiantur
887 2968 1068 3038 ianua:
1116 2969 1294 3025 cordis
1342 2969 1411 3023 ad
1440 2966 1842 3038 suscipiendum
1882 2981 2108 3036 regnum

521 3062 620 3118 Dei
648 3060 896 3117 altissimi
928 3077 944 3126 ;
972 3059 1264 3115 inclinetur
1313 3059 1499 3115 cervix
1541 3058 1771 3128 superba
1803 3098 1818 3124 ,
1867 3064 1922 3112 et
1970 3055 2108 3111 colla

524 3153 824 3210 subdantur
861 3151 928 3205 ad
953 3150 1233 3207 ferendum
1255 3151 1444 3221 jugum
1471 3151 1851 3206 suavissimum
1882 3149 2104 3205 Christi.

2224 578 2439 648 pidibus
2467 575 2772 648 omnigenis
2801 573 3056 644 pretiosis
3077 613 3093 637 ,
3130 587 3295 642 quam
3331 563 3513 628 nullus
3535 572 3832 628 violentis-

2225 670 2396 725 simus
2452 668 2656 724 valebit
2708 667 2924 722 diruere
2975 665 3248 736 praedonis
3324 679 3476 720 more
3531 674 3831 734 tyrannus.

2224 761 2516 832 Composui
2537 741 2798 816 fabricam
2821 757 3075 814 culminis
3089 758 3188 824 tui,
3204 766 3260 812 et
3277 757 3332 812 in
3353 755 3582 812 sublime
3611 764 3835 812 turrem

2226 854 2580 910 habitationis
2615 862 2722 908 tua:
2749 851 2898 906 erexi
2923 891 2938 916 ,
2969 859 3029 904 ut
3055 850 3134 904 sis
3161 849 3406 918 speciosa
3453 849 3661 917 pharus
3687 863 3834 903 cun-

2225 946 2329 1004 ctis
2356 945 2629 1001 viantibus
2661 956 2684 983 ο
2714 943 2844 999 hinc
2880 942 3006 997 inde
3053 940 3323 996 relucens.
3354 937 3559 995 Ornavi
3601 938 3832 993 titulum

2223 1039 2438 1096 decoris
2479 1037 2558 1093 tui
2607 1036 2899 1092 unionibus
2928 1035 3068 1089 miro
3090 1034 3326 1090 candore
3370 1033 3717 1097 niventibus,
3771 1042 3832 1088 et

2223 1132 2506 1203 topazioue
2525 1129 2776 1202 fulgenti,
2803 1138 2865 1184 ut
2890 1128 3162 1186 universis
3185 1127 3386 1183 emicet
3413 1125 3616 1182 finibus
3635 1136 3826 1183 terra.

2221 1224 2479 1297 Adsparsi
2523 1224 2737 1280 cineres
2792 1231 3010 1278 sanctos
3051 1220 3325 1277 nectareis
3367 1218 3635 1285 flosculis,
3673 1219 3830 1274 nullo

2221 1323 2357 1369 astu
2409 1313 2820 1378 fatiscentibus,
2865 1328 2966 1368 nec
3019 1312 3191 1368 indito
3225 1310 3246 1350 ί
3305 1311 3628 1367 cedentibus
3675 1311 3826 1382 igne.

2223 1403 2367 1460 Unxi
2409 1406 2708 1476 pretiosum
2755 1418 2954 1474 corpus
3005 1402 3162 1458 nardi
3211 1401 3410 1472 pistico
3457 1403 3721 1472 pretioso,
3763 1417 3829 1456 ac

2220 1496 2437 1554 diverso
2466 1497 2879 1569 thymiamatum
2911 1511 3139 1568 genere,
3170 1510 3418 1559 amomo,
3445 1495 3701 1551 balsamo
3746 1495 3829 1566 (3)

2218 1590 2540 1661 bisamoque
2573 1591 2932 1647 commiscens
2956 1631 2970 1656 ,
3018 1600 3078 1644 ut
3101 1588 3340 1660 flagrans
3365 1589 3679 1645 sanctitatis
3717 1598 3832 1644 tua

2219 1681 2578 1738 suavissimus
2607 1682 2744 1738 odor
2771 1680 3018 1746 diffusus,
3049 1697 3149 1752 per
3175 1681 3359 1736 omnia
3390 1680 3628 1737 refertus
3668 1684 3694 1722 ⁸
3723 1697 3830 1737 δεμ

2222 1773 2340 1828 cuia
2367 1772 2516 1829 nullo
2543 1772 2650 1828 ﬁne
2683 1781 2944 1844 tepescat.
2982 1773 3205 1844 Implevi
3232 1773 3487 1829 amicitia:
3514 1773 3826 1838 vinculum,

419 1869 434 1888 ’
529 1871 638 1926 hoc
658 1868 879 1924 exhibet
913 1867 967 1922 in
999 1874 1290 1922 amantem.
1342 1865 1507 1936 Ergo,
1556 1873 1761 1936 martyr
1799 1865 2012 1936 egregie
2058 1873 2115 1920 et
2141 1871 2192 1932 Β
2217 1873 2273 1920 et
2305 1863 2586 1920 cbaritatis
2616 1873 2722 1919 tuae
2751 1864 2896 1919 nolui
2931 1863 3134 1918 nudum
3164 1863 3362 1918 saeculo
3390 1863 3672 1920 dimittere
3720 1878 3828 1918 no.

2216 1974 2374 2024 men,
2406 1967 2468 2013 ut
2493 1959 2645 2014 sicut
2684 1958 2824 2015 coelo
2873 1959 2983 2013 vita
3015 1957 3328 2028 resplendes
3373 1966 3431 2012 et
3477 1971 3650 2028 Opere
3680 1997 3696 2024 ,
3747 1957 3824 2011 ita

2217 2051 2420 2107 mundo
2454 2049 2632 2123 lingua
2668 2051 2942 2107 clarescas
2966 2052 2993 2092 ι
3025 2061 3081 2107 et
3123 2051 3364 2107 nomine.
3419 2050 3492 2108 Ut
3538 2053 3826 2122 generatio

2216 2143 2556 2214 subsequens
2589 2150 2641 2198 te
2670 2142 2946 2198 laudatum
2977 2142 3236 2207 inveniat,
3271 2143 3598 2198 imitandum
3635 2144 3822 2214 respi-

2215 2237 2354 2304 ciat;
2381 2244 2437 2292 et
2456 2247 2692 2307 quantus
2715 2235 2885 2293 fueris
2914 2236 3185 2302 doctrina,
3209 2244 3397 2291 nostro
3422 2236 3569 2291 tenui
3593 2237 3819 2308 ingenio

2215 2336 2571 2400 recognoscat
2586 2327 2685 2400 (6).
2701 2326 2888 2398 Neque
2899 2327 3204 2399 priscorum
3234 2327 3416 2382 studio
3437 2327 3821 2398 corporalibus

2213 2418 2515 2484 beneficiis,
2546 2417 2831 2489 speciebus
2856 2425 2913 2474 et
2943 2415 3168 2472 floribus
3197 2416 3565 2486 constipatum
3598 2425 3656 2471 te
3684 2426 3820 2471 aetas

2213 2517 2468 2565 secutura
2493 2508 2786 2564 mirabitur
2807 2547 2822 2572 ,
2851 2523 2973 2578 qua:
3001 2505 3157 2562 solite
3194 2508 3210 2546 ί
3255 2515 3657 2562 consumuntur
3683 2515 3822 2562 tem-

2213 2617 2406 2674 porum
2427 2608 2728 2666 vetustate;
2766 2602 2862 2656 sed
2899 2600 3234 2672 spiritalibus
3265 2601 3422 2656 donis
3450 2600 3774 2657 decoratum
3801 2643 3815 2666 ,

2212 2703 2269 2751 et
2295 2693 2693 2751 immortalibus
2717 2694 3068 2749 sublimatum
3093 2692 3268 2748 titulis
3292 2694 3666 2750 venerabitur.

2283 2788 2374 2844 20.
2429 2789 2512 2845 Tu
2557 2803 2708 2859 ergo,
2752 2787 3078 2843 venerabilis
3109 2787 3367 2850 Domine,
3423 2788 3819 2859 aequiparando

2212 2880 2368 2937 nobis
2415 2879 2579 2936 redde
2623 2879 2933 2934 mercedem
2957 2919 2974 2944 ,
3028 2886 3086 2932 ut
3127 2877 3254 2948 quia
3294 2875 3309 2928 i
3352 2878 3580 2934 servitio
3628 2889 3820 2934 nostro

2211 2980 2318 3030 tua:
2346 2972 2674 3028 decorantur
2701 2970 2945 3040 reliquis:
2971 2979 3030 3026 et
3071 2978 3337 3026 ornantur
3381 2971 3663 3040 exsequiae
3688 3012 3704 3036 ,
3757 2970 3820 3024 il-

2213 3064 2506 3120 lustremur
2527 3064 2782 3134 deinceps
2804 3064 3143 3134 respectione
3173 3062 3340 3128 felici,
3369 3063 3658 3119 visitemur
3675 3063 3818 3118 dono

2211 3157 2422 3214 caelesti
2450 3174 2469 3213 -:
2493 3166 2554 3213 ut
2579 3171 2680 3228 ego
2703 3156 2811 3223 ille,
2847 3157 2940 3227 qui
2979 3171 3079 3228 per
3125 3171 3292 3228 prona
3327 3157 3593 3213 hactenus
3623 3166 3682 3212 et
3717 3156 3814 3209 ab-

525 3243 730 3300 Vellem
770 3243 949 3298 adhuc
997 3257 1222 3314 poscere
1251 3242 1484 3312 majora,
1515 3243 1609 3298 sed
1637 3243 1962 3298 temeritatis
2015 3257 2107 3298 ve-
2137 3234 2184 3298 C
2215 3257 2372 3320 rupta
2397 3263 2504 3304 non
2533 3247 2738 3319 liquide
2769 3248 3048 3314 tluens,ab
3069 3247 3354 3318 iniquitate
3381 3263 3502 3304 mea
3531 3246 3733 3311 defeci,
3761 3255 3820 3301 et

521 3331 648 3392 reor
677 3335 956 3390 incurrere
990 3343 1193 3389 notam.
1240 3334 1347 3390 Sed
1378 3345 1458 3402 tu,
1486 3350 1520 3390 ο
1547 3350 1703 3390 serve
1728 3335 1825 3390 Dei
1853 3335 2068 3391 excelse
2090 3376 2106 3403 ,

521 3426 617 3497 qui
643 3425 794 3481 vultu
821 3425 1104 3481 Dominico
1131 3425 1347 3480 satiaris
1373 3465 1388 3490 ,
1427 3423 1652 3495 ejusque
1681 3426 1822 3481 dono
1847 3435 2110 3497 perpetuo

512 3514 834 3586 jucundaris
863 3557 878 3582 ,
941 3515 1070 3571 illud
1111 3515 1351 3570 adscisce
1405 3515 1607 3570 misero
1653 3515 2047 3572 interventibus
2081 3529 2109 3558 ι

519 3606 718 3680 dignis,
775 3623 884 3678 quo
937 3607 1080 3663 nosti
1129 3606 1348 3662 millena
1395 3605 1590 3663 delicta
1636 3607 1876 3680 purgari.
1929 3609 2109 3664 Vitam

519 3713 734 3770 quoque
761 3709 1021 3754 aeternam
1046 3699 1310 3761 desidero,
1328 3709 1383 3754 et
1410 3699 1562 3770 regni
1593 3699 1832 3755 caelestis
1864 3702 2108 3772 requiem

517 3794 665 3851 sitio.
699 3793 1036 3864 Quocunque
1079 3809 1211 3865 ergo
1258 3802 1529 3849 tormento
1578 3793 1606 3833 b
1639 3834 1655 3860 ,
1704 3805 1798 3848 aut
1852 3793 2060 3867 flagello
2089 3838 2104 3863 ,

519 3901 652 3942 cura
686 3886 983 3941 remedium
1012 3885 1324 3956 impendere
1367 3900 1544 3952 servo,
1567 3895 1709 3942 eteo
1744 3886 1954 3943 ardoris
1983 3889 2108 3960 igne

519 3977 776 4033 dilectum
819 3992 1052 4048 purgare
1087 3976 1332 4032 desidera
1357 4017 1372 4042 ,
1425 3992 1532 4048 quo
1567 3977 1656 4032 hic
1704 3977 1986 4034 nobiscum
2027 3981 2108 4034 vi-

521 4067 738 4124 debaris
766 4080 937 4122 nexus
980 4068 1035 4122 in
1066 4076 1209 4122 terra
1247 4086 1260 4121 :
1297 4077 1356 4122 ut
1381 4067 1601 4124 dilectio
1627 4068 1717 4124 illa
1743 4069 1962 4125 clariori
1987 4071 2106 4128 luce

518 4174 666 4214 nunc
692 4159 908 4226 emicet,
937 4161 1154 4231 quando
1197 4168 1252 4215 et
1309 4160 1560 4231 ampliori
1615 4161 1819 4218 lumine
1855 4163 2021 4230 lucet,
2050 4173 2107 4220 et

516 4250 712 4320 potiori
739 4249 992 4322 suffragio
1017 4266 1311 4322 prorogare
1329 4252 1555 4321 quaesita
1580 4253 1740 4306 valet.

592 4341 685 4397 19.
720 4341 798 4414 (3)
829 4343 940 4412 Ego
969 4351 1170 4410 autem,
1216 4344 1289 4398 mi
1332 4343 1506 4399 dulcis
1539 4344 1726 4415 Eulogi
1754 4387 1768 4410 ,
1790 4348 2108 4402 memoriam

518 4432 752 4488 nominis
779 4433 880 4497 tui,
920 4444 1183 4503 quantum
1229 4435 1379 4504 potui
1413 4435 1677 4490 illustravi
1723 4448 1772 4502 ο,
1815 4437 1982 4493 vitam
2028 4439 2102 4494 di-

515 4524 994 4595 gessi,doctrinam
1014 4528 1278 4598 expressi,
1312 4543 1646 4600 agonemque
1680 4531 2104 4600 pulcherrimum

517 4619 821 4690 explicavi:
847 4629 905 4676 et
931 4629 992 4676 ut
1029 4622 1264 4678 nominis
1307 4623 1384 4678 tui
1428 4623 1762 4681 delectabilis
1793 4641 2006 4697 semper
2054 4629 2108 4683 in
2137 4609 2188 4668 Ῑ)

521 4711 726 4768 mundo
755 4713 1018 4768 memoria
1043 4711 1253 4780 floreat,
1277 4724 1334 4770 et
1357 4716 1581 4786 perenni
1609 4717 1896 4788 splendore
1915 4759 1930 4784 ,
1971 4719 2112 4776 sicut

518 4803 576 4858 in
600 4802 744 4859 caelo
766 4803 902 4870 vita,
931 4804 1004 4859 ita
1033 4804 1124 4860 hic
1154 4805 1357 4861 mentio
1395 4806 1600 4873 rutilet,
1633 4815 1690 4863 et
1734 4809 1780 4863 si
1836 4826 1944 4865 non
1975 4826 2108 4866 enu-

517 4894 868 4951 cleatissimis
933 4897 1277 4953 sermonibus
1303 4938 1318 4963 ,
1392 4907 1574 4953 tamen
1637 4899 2061 4958 evidentissimis
2088 4943 2103 4968 ,

517 4988 715 5058 quibus
746 4988 931 5053 valui,
962 4989 1172 5046 nisibus
1218 4990 1458 5045 dedicavi
1489 4991 1588 5063 (4).
1630 4990 1921 5048 Construxi
1962 4995 2106 5050 enim

517 5093 627 5134 are
674 5080 964 5150 perennius
995 5089 1405 5136 monumentum
1434 5082 1616 5154 gloriae
1645 5092 1751 5138 tuae
1781 5125 1795 5150 ,
1827 5087 1970 5155 quod
2002 5102 2102 5142 nec

518 5171 800 5229 nimbosus
829 5174 1009 5240 turbo,
1048 5175 1362 5246 grandoque
1417 5175 1629 5246 lapidea
1665 5178 1950 5246 destruat,
2003 5197 2103 5237 nec

519 5280 682 5336 rogus
703 5265 1043 5324 flammarum
1071 5285 1395 5341 quocunque
1423 5272 1546 5343 igne
1577 5273 1847 5344 liquescat
1873 5275 1922 5330 ἀ.
1948 5275 2104 5330 Aidi-

592 5413 617 5474 f
649 5401 771 5474 Μελ,
803 5418 1110 5474 perperam,
1141 5405 1622 5462 intervenientibus.

589 5470 618 5508 δ
645 5473 720 5528 ld.
745 5470 960 5545 quoque
982 5490 1288 5546 perperam,
1311 5495 1441 5547 ego;
1463 5481 1556 5535 sed
1580 5495 1686 5536 non
1715 5479 1854 5534 male
1879 5483 2100 5537 termino

519 5556 618 5609 pro
654 5552 932 5600 tormento.

592 5623 618 5687 «ἦ
645 5611 832 5687 got-al.
859 5625 913 5687 et
930 5615 1220 5687 Antuerp.,
1245 5617 1490 5675 lustravi.

594 5683 620 5721 ά
651 5683 820 5757 ﬁdit,
849 5686 1105 5757 lique/ﬁat.

596 5763 619 5830 ‘_'
650 5752 838 5830 Μοηξ.
865 5752 920 5830 et
942 5752 1226 5830 Autuerp.,
1254 5763 1550 5818 virtutibus.

595 5821 614 5861 ί
649 5823 748 5880 Ms.
761 5863 776 5890 ,
799 5826 1012 5880 indicio.

2215 3339 2434 3396 tabibus
2460 3340 2742 3410 hucusque
2770 3340 2827 3396 in
2881 3340 3038 3396 malls
3081 3341 3221 3396 meis
3266 3356 3528 3408 manens,
3582 3356 3614 3394 a
3661 3338 3816 3395 vultu

2212 3431 2310 3488 Dei
2337 3433 2365 3472 ι
2388 3431 2496 3488 mei
2547 3431 2771 3497 recessi,
2816 3431 3052 3504 maligno
3080 3432 3365 3489 adhzerens
3391 3432 3560 3498 hosti,
3606 3447 3818 3503 preve-

2211 3523 2399 3580 niente
2443 3523 2617 3595 gratia
2660 3523 2962 3580 illustratus
3026 3533 3084 3580 et
3131 3525 3370 3596 gratuita
3436 3525 3813 3581 misericordia

2211 3629 2538 3686 quocunque
2581 3615 2709 3671 vita;
2739 3615 2974 3670 termino
3022 3624 3464 3681 consummatus,
3491 3630 3718 3671 merear
3739 3618 3814 3670 ita

2211 3704 2454 3761 etelestia
2507 3705 2811 3777 indisrupta
2853 3707 3220 3762 communiter
3293 3715 3472 3763 tecum
3531 3708 3815 3778 possidere

2210 3793 2430 3866 gaudia,
2461 3793 2604 3850 sicut
2629 3795 2718 3851 hic
2745 3796 2863 3866 pari
2893 3794 3020 3852 fletu
3075 3804 3131 3853 et
3180 3797 3384 3868 gemitu
3427 3807 3650 3854 terrena
3699 3814 3816 3853 ma—

2210 3893 2426 3941 ceratus
2464 3887 2738 3957 angustia,
2772 3887 2916 3942 traxi
2945 3888 3200 3944 diuturna
3240 3897 3300 3944 et
3340 3888 3501 3958 longa
3552 3890 3810 3960 suspiria.

2215 3977 2282 4034 Ut
2309 3978 2412 4033 etsi
2456 3993 2564 4033 non
2597 3979 2794 4050 aequali
2823 3980 3011 4036 datum
3035 3989 3121 4037 est
3149 3981 3283 4036 mihi
3334 3980 3542 4052 fulgere
3591 3981 3767 4052 gloria
3795 4021 3812 4048 ,

2210 4070 2403 4127 saltem
2427 4072 2514 4128 vel
2539 4072 2860 4129 delictorum
2892 4090 3139 4130 meorum
3183 4074 3319 4130 mihi
3348 4073 3499 4129 illata
3529 4075 3605 4130 sit
3630 4073 3812 4129 venia.

2211 4167 2491 4236 Quatenus
2515 4183 2622 4224 non
2665 4169 2866 4240 ptenali
2907 4170 3118 4226 doleam
3149 4169 3412 4226 barathro
3440 4183 3687 4234 mersus,
3718 4168 3814 4224 sed

2209 4259 2265 4314 in
2308 4258 2516 4316 cmlesti
2542 4261 2806 4331 gaudeam
2842 4263 3030 4333 requie
3055 4263 3172 4329 tibi,
3200 4262 3284 4319 vel
3320 4262 3535 4320 caeteris
3573 4261 3816 4320 dominis

2211 4349 2347 4406 meis
2369 4351 2536 4408 sociis
2561 4351 2671 4408 tuis
2701 4355 3059 4410 condonatus.
3081 4355 3276 4412 Amen.

2336 4601 2419 4682 (1)
2462 4603 2797 4668 HYMNUS
2838 4607 2919 4668 lN
2964 4608 3166 4670 num
3210 4609 3272 4670 s.
3324 4608 3687 4672 EULOGll.

2730 4725 2769 4770 ν
2811 4726 2956 4770 IDUS
2998 4727 3251 4772 ΗΔΒΤΙῙ.

2355 4825 2497 4882 Almi
2524 4844 2669 4884 nunc
2691 4829 2920 4886 redeunt
2945 4830 3082 4887 festa
3112 4830 3130 4870 1
3162 4831 3390 4903 polifera

2283 4913 2465 4971 Nostri
2493 4916 2702 4988 Eulogii
2742 4920 3000 4992 martyris
3025 4921 3212 4992 inclyti
3243 4940 3257 4976 :

2286 5005 2574 5064 Solvamus
2603 5010 2832 5069 Domino
2860 5014 3105 5069 carmina
3134 5015 3365 5086 principi

2283 5098 2561 5175 Concentu
2587 5102 2711 5160 fidei
2740 5105 2934 5162 coelico
2957 5122 3203 5163 munere.

2355 5191 2434 5264 (2)
2459 5191 2768 5250 Laudamus
2792 5197 2945 5253 varia
2974 5198 3185 5254 musico
3215 5197 3480 5263 carmine,

2284 5282 2412 5352 Qua:
2441 5301 2548 5341 non
2573 5297 2699 5343 sunt
2729 5289 2941 5346 Domini
2965 5293 3191 5362 pradita
3221 5292 3425 5349 lumine
3450 5310 3466 5346 :

2288 5423 2313 5494 8
2344 5422 2585 5494 Schott.,
2616 5434 2725 5478 tota
2755 5425 3018 5494 reﬁciens,
3040 5437 3100 5482 ut
3125 5443 3229 5482 ms.

2281 5493 2308 5569 1}
2339 5493 2417 5569 lta
2443 5510 2545 5569 ms.
2570 5503 2625 5549 et
2647 5493 2881 5569 ξ’ξθιιοιι..2
2905 5499 3086 5554 caeteri
3115 5514 3268 5564 vero,
3299 5499 3587 5552 clarescas.

2293 5565 2305 5635 ἓ
2339 5563 2506 5635 Deest
2526 5565 2580 5620 in
2603 5566 2759 5632 edit.,
2783 5565 2952 5621 solite.

2287 5633 2298 5705 ξ
2345 5633 2556 5705 Moral.,
2591 5637 2702 5705 qui.

2286 5703 2313 5783 ξ
2341 5704 2505 5783 E_dit.,
2531 5703 2764 5783 Domini,
2795 5722 2859 5763 ex
2898 5724 3064 5778 prava
3091 5712 3449 5783 intelligentia
3481 5729 3586 5769 ms.

2292 5772 2310 5811 ι
2344 5774 2466 5833 Ms..
2498 5777 2689 5830 revehit
2718 5778 2869 5847 festa.
