4078 6340
291 473 386 530 721
1575 453 1912 534 vrrA'vsL
1949 477 2214 536 PASSIO.

1896 598 1951 657 Α
2046 594 2195 651 Colla
2224 595 2479 652 lactentia
2512 597 2536 636 ἰ
2561 597 2823 669 sanguine
2847 571 3070 668 praedita
3099 637 3113 662 ,

359 588 459 644 llic
494 606 637 646 nunc
663 599 746 647 sat
775 593 968 649 melius
991 609 1078 650 res
1107 595 1195 666 pia
1225 594 1510 666 panditur,

353 678 489 736 Cum
517 680 792 739 Christum
813 693 1071 741 resonant
1101 685 1374 741 chordulae
1402 685 1662 742 metricae.

429 771 532 828 [lic
555 789 700 836 nunc
729 785 757 816 ι
783 783 869 832 est
895 776 1108 832 animus
1133 791 1328 848 magna
1357 775 1636 832 revolvere
1666 793 1680 829 :

359 863 720 936 Splendenter
744 869 964 925 anhelat
984 870 1227 926 balsama
1257 869 1457 942 fulgide

359 957 610 1017 Gliscens
636 962 854 1034 egregia
882 963 1131 1034 clangere
1158 964 1358 1029 libere,

362 1049 436 1106 Ut
463 1051 638 1108 dulcis
665 1053 694 1095 ι)
719 1055 906 1110 reboet
927 1057 1132 1112 musica
1157 1054 1394 1111 flamine.

425 1141 665 1200 Bellator
702 1145 915 1201 Domini
944 1148 1110 1203 verbo
1136 1148 1429 1219 potentior,

354 1236 615 1293 Doctrina
654 1248 711 1295 et
735 1240 946 1311 pariter
972 1240 1080 1296 fine
1107 1241 1396 1305 celebrior,

352 1328 556 1386 Christi
588 1332 667 1387 sic
695 1331 862 1403 igitur
883 1333 1058 1404 gloria
1088 1335 1348 1405 cingitur,

355 1420 428 1478 Ut
448 1421 649 1480 ﬂorens
671 1425 854 1496 vigeat
881 1426 971 1482 hic
999 1435 1054 1482 et
1088 1426 1146 1482 in
1174 1437 1197 1467 ο
1223 1428 1447 1482 ωιὶιθιιθ.

429 1513 508 1586 (3)
530 1513 730 1572 ﬂector
756 1517 882 1572 dum
907 1518 1136 1589 populos
1165 1519 1322 1574 docte
1342 1517 1594 1576 reficeret
1619 1559 1636 1583 ,

353 1601 432 1677 (4)
457 1603 720 1677 Gypsum,
745 1622 870 1664 cum
898 1608 1108 1664 diceret
1132 1607 1186 1675 (ι,
1216 1607 1483 1680 fragmine
1509 1608 1720 1680 prodite
1746 1620 1770 1648 ο
1795 1622 1811 1661 :

354 1693 594 1754 Turbam
622 1698 905 1770 multiplici
936 1701 1177 1772 germine
1205 1701 1446 1756 lauream

353 1787 575 1845 Caelesti
603 1790 800 1847 rutilus
823 1793 1039 1864 agmine
1059 1795 1326 1864 provehit.

427 1879 506 1953 (5)
537 1881 702 1938 Ustus
728 1883 808 1939 sic
836 1883 1050 1940 Domini
1081 1884 1216 1949 zelo,
1243 1883 1481 1940 ﬁdelium

351 1971 686 2031 Convertens
708 1973 903 2032 fluidos
929 1991 1112 2033 mores
1134 1977 1420 2032 rebellium
1438 2018 1455 2044 ,

353 2064 897 2138 Adsciscens'opibus
916 2083 1142 2125 munere
1161 2069 1329 2124 nobili
1353 2110 1368 2135 ,

351 2155 672 2213 Abstractos
693 2158 958 2214 barathro
982 2159 1241 2216 sublimat
1275 2160 1497 2215 aethere.

428 2243 535 2301 Sed
557 2244 671 2316 jam
691 2263 817 2303 cum
851 2249 1061 2305 meritis
1089 2250 1249 2321 digna
1276 2249 1571 2320 rependere

351 2332 602 2393 Christus
621 2339 1004 2410 cunctipotens
1032 2339 1226 2406 vellet,
1254 2340 1587 2396 Leocritiam

353 2423 522 2482 Recte
549 2443 676 2483 mox
706 2429 942 2502 lepidam
968 2431 1234 2501 virginem
1259 2431 1486 2499 extulit,

353 2514 484 2583 Qua
510 2518 718 2575 clarum
747 2519 1010 2579 famulum
1038 2539 1142 2579 axe
1171 2524 1508 2581 reconderet.

427 2609 579 2667 Tunc
597 2611 776 2668 celsus
801 2613 1017 2669 solitum
1047 2615 1154 2670 rite
1183 2615 1438 2671 solatium

351 2697 629 2757 Prastans
657 2700 704 2769 ί,
726 2711 783 2758 et
805 2703 1074 2772 placidum
1100 2716 1316 2776 compte
1335 2706 1637 2762 remedium

353 2790 567 2848 Cultum
591 2801 721 2851 tunc
743 2796 794 2862 ⁸,
819 2795 947 2852 tldei
975 2796 1228 2868 dogmate
1263 2807 1318 2853 et
1346 2798 1581 2868 ingerit,

351 2885 661 2944 Adversans
679 2887 894 2960 populis
915 2888 1064 2960 justa
1088 2889 1332 2946 rebellio.

426 2978 711 3052 Extemplo
730 2995 1053 3051 praeconans
1071 2981 1256 3052 praedo
1275 2983 1572 3054 peranxius

351 3069 655 3126 Conturbat
673 3071 930 3141 patriam,
951 3069 1179 3141 jussuve
1207 3072 1446 3142 plebium

355 3161 464 3216 Per
487 3172 715 3219 cunctas
741 3163 954 3234 plateas
981 3157 1138 3236 longe
1163 3164 1478 3228 revolvitur,

353 3252 511 3320 Quod
546 3254 801 3326 princeps
831 3254 1054 3311 rabidus
1085 3256 1297 3315 excitus
1335 3256 1584 3326 imperat.

422 3347 761 3419 Regnantem
792 3349 1060 3405 tumidum
1099 3349 1307 3419 respuit
1330 3349 1534 3423 inclyta

349 3439 601 3498 Caelestis
628 3440 817 3498 famuli
849 3457 1005 3498 mens
1039 3442 1152 3498 Deo
1179 3443 1404 3514 praedita
1436 3462 1450 3498 :

353 3530 597 3588 Tandem
621 3533 888 3604 praecipiti
914 3534 1077 3590 ductu
1105 3535 1332 3591 notabili

350 3620 810 3692 Comprehensos,
834 3624 1015 3679 sonuit
1042 3639 1168 3680 mox
1195 3640 1411 3696 quoque
1433 3625 1622 3683 libere.

421 3712 618 3770 Dicens
639 3715 669 3756 ιι
694 3735 708 3770 :
741 3714 788 3772 Ο
816 3730 1094 3786 proceres,
1135 3717 1360 3773 temnite
1398 3719 1618 3790 impium
1642 3762 1658 3788 ,

351 3805 627 3862 Christum
651 3808 946 3864 :ethereum
969 3809 1176 3864 credite
1203 3810 1503 3882 principem
1524 3854 1538 3878 ,

355 3898 546 3953 Vatem
576 3899 906 3972 impudicum
932 3908 1080 3958 recte
1109 3902 1354 3972 repellite
1377 3943 1393 3969 ,

356 3991 460 4060 Qui
490 4000 670 4049 tantos
695 3993 924 4064 populos
952 3994 1075 4066 igne
1101 3995 1420 4050 recondidit.

427 4083 681 4141 Gaudeas
710 4086 824 4140 haec
857 4094 1080 4141 resonat
1119 4085 1354 4142 culmine
1375 4087 1621 4158 gnaviter

352 4177 575 4234 Necnon
613 4187 670 4234 et
695 4179 801 4235 alia
831 4194 1171 4251 conquerens
1206 4183 1224 4221 ί
1257 4180 1419 4236 fortia
1447 4221 1462 4246 ,

355 4269 513 4326 Hunc
535 4272 794 4327 mandant
816 4272 993 4344 gladio
1020 4273 1226 4329 vertice
1251 4273 1478 4328 tundere
1502 4313 1519 4337 ,

354 4360 436 4418 Ne
462 4370 650 4418 sancta
671 4361 852 4418 valeat
877 4364 1035 4418 turba
1063 4364 1324 4434 recipere.

425 4453 596 4510 Adest
619 4454 924 4526 intrepidus
945 4455 1173 4526 belliger
1201 4469 1450 4510 annuens
1473 4494 1488 4521 ,

355 4546 632 4613 Tundunt,
659 4562 820 4618 quem
843 4547 1037 4618 alapis,
1061 4548 1157 4603 red
1183 4555 1337 4618 rogat
1364 4546 1645 4603 horridum
1669 4588 1684 4615 ,

355 4640 665 4698 Extendens
685 4640 900 4707 faciem,
928 4642 1152 4698 verbere
1177 4643 1406 4698 alteram

355 4735 670 4803 Alternans,
695 4739 910 4810 gemina
935 4738 1117 4810 palma
1137 4737 1388 4794 relidere.

427 4828 581 4886 Tunc
601 4831 758 4902 signo
783 4830 908 4886 lldei
933 4840 1152 4902 pectora
1177 4829 1424 4887 servulus

355 4921 550 4979 Armat
572 4924 776 4980 deificae
804 4940 990 4990 aurea,
1021 4939 1180 4980 roseo
1212 4925 1224 4974 i

359 5111 388 5142 ι
417 5100 518 5165 ld.,
540 5103 607 5156 At
633 5118 771 5157 nunc
802 5103 906 5157 hic.

355 5169 393 5295 ἴ
430 5170 618 5295 L‘loral.
659 5181 715 5229 et
741 5173 1031 5244 Antuerp.,
1060 5172 1243 5237 dulci;
1269 5173 1401 5228 edit.
1425 5214 1440 5239 ,
1475 5173 1652 5229 minus
1683 5184 1826 5229 recte
1859 5217 1872 5240 ,

385 5259 446 5295 oe
473 5284 487 5295 .

286 5250 487 5298 "licet.

364 5324 389 5388 ξ
418 5313 608 5388 gora].
642 5324 697 5370 et
713 5315 1011 5388 Antuerp”
1039 5317 1156 5371 licet
1195 5317 1270 5370 in.

362 5383 393 5425 ⁸
418 5383 655 5451 Schott.,
687 5387 914 5453 doceret,
933 5383 1006 5441 'ut
1033 5403 1136 5442 ms.

369 5467 396 5528 ξ
424 5457 528 5528 ld.,
566 5458 800 5528 perdere,
830 5467 890 5512 ut
913 5473 1014 5513 ms.

369 5525 397 5600 ξ
423 5525 611 5600 liora].
635 5539 690 5583 et
709 5530 998 5599 Antuerp.,
1026 5539 1237 5600 prmtat
1261 5547 1279 5593 ;
1311 5528 1522 5586 Schott.
1552 5571 1565 5596 ,
1607 5540 1876 5597 prwslant.

368 5597 398 5638 ⁸
428 5595 665 5665 Schott.,
691 5607 750 5654 ut
768 5615 900 5664 ms.,
918 5595 1064 5654 mox.

367 5667 395 5708 ιι
425 5669 527 5735 ld.,
558 5681 766 5740 aptans.

371 5749 391 5780 ι
425 5740 529 5814 ld.,
551 5752 858 5812 quaestum;
887 5743 1014 5806 ms.,
1037 5752 1298 5814 qtueatuve

373 5820 389 5880 ι
431 5813 534 5880 ld.,
566 5830 821 5880 purpura.

370 5879 402 5949 ξ
425 5877 526 5949 ld.,
556 5877 800 5938 Iactiuea.

376 5948 400 5993 ι
429 5948 616 6010 Mora].
642 5965 698 6010 et
721 5955 1010 6028 Antuerp.,
1035 5967 1208 6030 atque.

1894 3326 1943 3390 ο

3463 475 3572 537 73

2047 687 2300 742 lncurvat
2326 687 2576 755 Domino,
2604 689 2770 744 instat
2789 698 2846 745 et
2869 690 3144 746 obsecrat.

2123 777 2216 834 Sic
2241 779 2352 834 ictu
2378 780 2542 852 gladii
2570 780 2750 836 sidere
2774 781 3048 848 conditur,

2050 869 2142 926 Sic
2163 872 2330 927 verbo
2352 871 2477 928 fidei
2501 872 2648 928 clare
2669 872 2983 929 revolvitur.

2047 960 2250 1017 Adesto
2276 962 2517 1028 miseris,
2542 977 2873 1034 quaesumus,
2902 962 3106 1019 aﬂ'atim

2046 1054 2340 1126 Perplexos
2364 1057 2622 1127 precibus
2645 1057 2859 1114 solvere
2887 1059 3119 1114 concite.

2119 1145 2336 1203 Adsiste
2361 1148 2578 1219 gemitis
2604 1149 2879 1219 poscimus
2904 1151 3100 1206 excitis
3118 1191 3135 1218 ,

2047 1237 2332 1295 lnilectens
2358 1239 2579 1296 famulis
2605 1257 2751 1297 nunc
2777 1257 2993 1312 quoque
3018 1243 3259 1301 numinis

2045 1333 2302 1388 Auditum
2333 1333 2627 1405 placidum,
2665 1351 2840 1407 quove
2877 1336 2894 1375 ι
2926 1339 3175 1395 serenius

2047 1425 2280 1481 Mentem
2315 1438 2375 1481 ut
2399 1427 2655 1497 precibus
2682 1437 2871 1484 sancte
2895 1428 3156 1486 refocilet.

2118 1517 2191 1574 Ut
2219 1527 2398 1576 rector
2427 1519 2605 1575 deleat
2627 1535 2793 1590 regna
2825 1519 3026 1577 ferocia
3053 1562 3069 1587 ,

2045 1609 2341 1666 Conculcet
2370 1610 2579 1667 validus
2606 1612 2856 1684 dogmata
2888 1613 3052 1684 impia
3080 1654 3094 1678 ,
3211 1633 3222 1644 κ

2046 1701 2304 1772 Adspiret
2332 1700 2459 1758 ﬁdei
2485 1712 2715 1773 compta
2751 1703 2996 1769 refulsio,

2047 1791 2163 1859 Qua
2193 1791 2315 1848 οωιί
2352 1803 2558 1848 reseret
2585 1793 2822 1848 culmina
2851 1794 3070 1866 fulgida.

2123 1883 2194 1940 Ut
2216 1892 2477 1954 torquens
2505 1885 2730 1940 haeresis
2770 1884 2929 1956 longe
2960 1886 3168 1942 resiliat
3193 1925 3208 1950 ,

2044 1973 2117 2030 Ut
2157 1973 2335 2030 cultus
2367 1974 2581 2031 Domini
2607 1975 2769 2031 altius
2797 1977 2996 2032 emicet
3029 1994 3042 2030 :

2044 2064 2308 2120 Hector-es
2328 2065 2519 2136 patriae
2545 2064 2678 2121 flore
2701 2065 2979 2122 redoleant
3000 2108 3016 2133 ,

2044 2153 2316 2210 Adversos
2355 2171 2558 2211 cuneos
2595 2155 2764 2212 libere
2793 2155 3075 2212 ventilent.

2120 2244 2204 2300 Sit
2224 2247 2336 2300 vita
2368 2247 2602 2317 populis,
2642 2247 2714 2303 sit
2757 2263 2974 2320 quoque
3003 2247 3228 2320 provida

2048 2339 2270 2394 Sanctis
2295 2339 2486 2410 religio
2515 2354 2612 2410 per
2648 2338 2779 2411 juge
2805 2350 3049 2413 tempora
3067 2383 3082 2405 ,

2047 2427 2326 2485 SitTrino
2350 2431 2584 2486 Domino
2628 2431 2799 2501 gloria
2847 2432 3033 2487 sedula

2048 2520 2337 2577 Eternum
2368 2522 2659 2578 dominans
2681 2522 2880 2594 inclyte
2909 2523 3126 2579 saecula.
3159 2525 3356 2580 Amen.

1975 2654 2129 2716 Post
2182 2657 2304 2718 hac
2341 2657 2674 2735 superiora
2716 2657 2786 2716 in
2835 2656 3034 2717 altero
3080 2655 3424 2735 exemplari
3468 2675 3569 2720 u-

2325 2735 2580 2816 quentt'a
2611 2743 2790 2796 erant
2820 2736 3213 2796 continuata.

2125 2871 2207 2955 (6)
2238 2891 2632 2935 TRANSLATIO
2676 2892 2982 2936 conponis
3027 2893 3079 2936 s.
3129 2892 3408 2937 numen.

2047 2996 2354 3053 Translatio
2381 2995 2523 3052 facta
2551 3004 2637 3052 est
2661 2996 2839 3052 sancti
2862 2995 3073 3068 Eulogii
3097 2995 3353 3068 martyris
3385 3005 3442 3052 et
3475 2997 3574 3054 do-

1974 3089 2143 3146 ctoris
2169 3089 2224 3144 in
2251 3087 2479 3144 basilica
2503 3087 2680 3144 sancti
2730 3087 2881 3160 Zoyli
2929 3087 3086 3143 titulo
3126 3087 3438 3158 principali,
3460 3087 3572 3144 Ka-

1973 3181 2160 3238 lendas
2201 3179 2390 3236 Junias
2438 3195 2546 3236 aera
2595 3194 2870 3234 neccxcvu
2908 3190 2970 3232 ιιι.
3027 3177 3348 3234 Celebratur
3390 3191 3572 3235 autem

1975 3273 2092 3328 dies
2127 3272 2325 3328 natalis
2367 3273 2486 3343 ejus
2535 3271 2590 3326 in
2637 3270 2950 3340 supradicto
2995 3270 3074 3342 (7)
3125 3278 3270 3335 coto,
3318 3285 3383 3326 eo
3427 3272 3573 3340 quod

1975 3364 2124 3419 omni
2145 3372 2389 3435 tempore
2405 3364 2461 3418 in
2483 3362 2676 3420 diebus
2696 3362 3142 3433 Quadragesimae
3165 3362 3408 3418 occurrit
3429 3361 3572 3418 illius

1974 3456 2309 3514 solemnitas.

2153 3570 2651 3632 EPITAPHIUM
2695 3567 2980 3632 SANCTI
3023 3567 3376 3631 EULOGll.

1975 3711 2077 3768 Hic
2109 3712 2334 3767 recubat
2361 3712 2574 3784 lepidus
2613 3721 2845 3785 martyr,
2875 3713 3171 3784 doctorque
3197 3711 3470 3783 refulgens

1975 3806 2255 3879 Eulogius,
2279 3807 2484 3873 lumen,
2511 3806 2667 3862 dulce
2687 3822 2786 3878 per
2811 3807 3010 3863 saecula
3043 3821 3260 3862 nomen.

1975 3898 2079 3968 Qui
2101 3900 2220 3956 zelo
2245 3899 2370 3955 ﬁdei
2395 3899 2643 3965 rutilans,
2675 3902 2875 3956 virtute
2902 3901 3147 3972 priorum
3177 3910 3207 3939 ιι

1977 3993 2233 4048 Accensit
2251 3992 2464 4046 animos
2492 4006 2692 4062 magno
2730 3991 2940 4064 fulgore
2967 3993 3227 4049 virorum.

1979 4083 2079 4138 Hic
2107 4090 2285 4138 macte
2308 4082 2519 4138 celeber
2539 4083 2694 4140 libris
2719 4095 3062 4155 prmconatus
3089 4095 3144 4142 et
3174 4087 3392 4159 hymnis
3419 4105 3433 4144 :

1978 4174 2046 4229 Et
2070 4175 2181 4229 vita
2217 4175 2428 4244 vigidus
2459 4183 2506 4240 ο,
2537 4185 2594 4231 et
2613 4177 2732 4231 sine
2761 4176 2875 4233 sole
2899 4177 3180 4235 coruscus.

1978 4266 2080 4334 Qui
2103 4277 2350 4323 temnens
2371 4265 2552 4333 fluida,
2582 4269 2903 4325 conscendit
2930 4270 3108 4327 lucida
3135 4273 3286 4328 coeli.

1979 4357 2089 4413 Nec
2119 4367 2296 4414 morte
2335 4359 2514 4428 periit,
2540 4359 2636 4416 sed
2665 4360 2798 4414 vivit
2826 4361 2954 4417 sede
2979 4364 3231 4433 perenni.
3427 4434 3440 4443 ε

1978 4456 2192 4512 Credite
2230 4471 2434 4526 quaeso,
2461 4456 2619 4522 mihi,
2657 4456 2812 4523 vivit,
2838 4471 2937 4527 per
2964 4459 3162 4515 saecula
3190 4460 3348 4526 vivit,
3381 4517 3416 4556 ο

1979 4547 2237 4618 Quisquis
2265 4547 2475 4603 caelesti
2498 4547 2715 4603 laetatur
2739 4547 2916 4619 gloria
2951 4551 3125 4621 regni.

2429 4709 2738 4772 ORATIO
2783 4709 3113 4771 ALVARI.

1981 4829 2135 4885 Nunc
2155 4837 2209 4884 te
2233 4844 2384 4899 rogo,
2413 4838 2622 4896 sancte,
2646 4828 2854 4884 recolas
2877 4837 2939 4884 ut
2964 4842 3163 4884 nomen
3190 4825 3375 4890 amici,

1981 4923 2150 4992 Quem
2193 4932 2284 4978 tua
2312 4923 2400 4978 hic
2425 4922 2598 4976 tenuit
2621 4921 2794 4978 dulcis
2821 4920 3063 4977 amicitia
3084 4919 3274 4982 fixum,

2053 5104 2448 5180 mlta‘prorsuis,
2467 5118 2584 5180 _non
2607 5115 2932 5180 neccxcvnr,
2950 5107 3009 5180 ut
3028 5097 3218 5180 Moral.
3245 5106 3300 5153 et
3329 5095 3422 5180 qui
3445 5111 3568 5180 eum

1981 5166 2355 5250 secutifiiere,
2394 5166 2607 5250 Schol.2
2629 5174 2827 5228 Baron.
2880 5181 2937 5250 et
2972 5171 3265 5250 antuerpq
3292 5166 3385 5240 qui
3407 5166 3570 5250 nimis

1982 5247 2296 5302 ballncinati
2363 5253 2508 5299 sunt.
2561 5243 2699 5300 Nam
2731 5259 2853 5298 cum
2900 5240 3161 5296 Schottns
3208 5240 3262 5294 in
3323 5240 3570 5309 margine

1984 5317 2383 5372 animadvertat
2420 5331 2522 5386 pro
2555 5331 2652 5370 vni
2689 5315 2793 5385 legi
2839 5329 2912 5386 Vl_l
2941 5312 2993 5366 in
3032 5325 3158 5386 ms.,
3188 5309 3412 5386 haecque
3441 5318 3567 5386 nota

1987 5405 2058 5443 vn
2083 5389 2262 5442 statim
2293 5379 2666 5458 post'verbum
2695 5379 2804 5458 dies
2833 5383 2900 5458 ad
2933 5397 3084 5436 oram
3134 5379 3429 5458 incideret,
3456 5379 3567 5432 An-
3645 5447 3650 5456 Ι

1987 5452 2322 5534 tuerpienses
2386 5465 2614 5534 utraque
2661 5457 2822 5509 verba
2865 5452 3129 5534 iunxere,
3169 5452 3568 5534 legeruntque,

1989 5523 2410 5584 Celse-bratur..."
2455 5523 2564 5582 dies
2611 5542 2688 5580 vn
2737 5523 2930 5578 natalia
2979 5523 3131 5592 ejus,
3181 5523 3430 5577 arbitrati
3475 5532 3572 5590 per

1991 5611 2239 5656 octavam
2268 5610 2360 5655 aut
2389 5615 2464 5654 vn
2506 5599 2622 5652 dies
2648 5604 2936 5664 sequentes
2961 5593 3157 5648 festum
3197 5593 3406 5665 Eulogii
3439 5606 3571 5648 con-

1991 5672 2208 5726 tinuari.
2239 5671 2433 5726 Postea
2455 5684 2555 5739 pro
2576 5676 2690 5721 cato
2719 5680 3002 5739 perperam
3032 5673 3144 5739 loco
3169 5671 3566 5739 reposuerunt;

1990 5753 2144 5800 coms
2171 5745 2337 5808 enim,
2369 5735 2531 5803 diein,
2557 5753 2662 5792 non
2691 5751 2820 5791 vero
2849 5736 3048 5802 locum,
3078 5736 3166 5792 hic
3192 5735 3479 5808 significat.
3565 5741 3576 5752 ’

2061 5825 2088 5852 ιι
2119 5813 2270 5868 Haud
2315 5805 2461 5867 recte
2485 5809 2722 5874 Scliott.,
2751 5808 2837 5862 cui
2883 5808 3146 5876 Antuerp.
3194 5805 3562 5868 subscribnnt,

1989 5885 2104 5939 vult
2131 5883 2458 5940 substituere
2486 5881 2713 5952 piorum.

2065 5962 2089 5990 °
2121 5953 2310 6009 Moral.
2337 5962 2394 6008 et
2418 5951 2708 6022 Antuerp.,
2735 5951 2957 6024 rigidus.
