4094 6346
1693 441 1756 498 S.
1796 440 2076 498 EULOGII
2117 437 2439 497 ARCHIEP.
2478 435 2725 494 TOLET.
3771 438 3894 494 756

1910 555 2182 611 sccularis
2208 557 2262 618 Α
2285 555 2504 609 vendum
2533 566 2607 609 est
2634 557 2845 620 iterum,
2870 571 2934 608 ne
2963 553 3089 608 dum
3103 552 3396 607 humilitati
3425 552 3644 606 nimium
3679 553 3894 617 sentis,

2278 647 2541 716 infringas
2571 647 2839 718 judicium
2864 647 3099 702 veritatis
3120 659 3140 698 :
3171 645 3298 700 dum
3327 645 3587 716 inﬁmum,
3625 655 3676 700 et
3714 659 3894 714 que-

583 445 691 502 755

582 561 827 617 subditur
867 560 1042 615 amnis
1072 600 1091 627 ,
1157 560 1250 615 tibi
1291 559 1462 615 dulcis
1502 557 1648 614 cedet
1686 557 1780 611 illa
1829 569 1855 597 ι

582 652 768 724 lingua
800 650 1017 707 Catonis
1043 693 1059 718 ,
1107 652 1306 722 fervens
1365 667 1570 722 quoque
1613 649 1972 705 Demosthenis
2035 665 2179 720 tnge-

585 749 776 814 nium,
807 756 857 802 et
887 747 1030 802 dives
1067 745 1334 801 Ciceronis
1365 745 1492 800 olim
1533 743 1825 814 eloquium,
1853 742 2178 814 floridusque
2278 750 2335 794 tu
2382 741 2608 795 inscium
2651 740 2918 796 multoties
2986 739 3362 811 comprobasti,
3416 748 3573 794 tanta:
3629 740 3894 794 materie

585 838 973 907 Quintilianus.
1000 839 1031 879 ι’
1054 837 1126 892 Et
1163 837 1366 892 dudum
1403 847 1734 908 prteconatus
1771 835 1908 907 stglo
1937 837 1994 890 in
2024 835 2178 890 rebus
2278 835 2603 905 superponis,
2645 845 2692 889 et
2728 837 3014 906 pretiosum
3039 852 3074 889 a
3100 833 3192 888 vili
3227 831 3524 888 nonsolum
3557 848 3663 887 non
3692 848 3890 886 secer-

583 932 808 1004 perditis
861 942 908 985 et
958 931 1194 997 caducis,
1239 938 1286 985 et
1327 929 1501 984 labilis
1541 929 1637 984 azvi
1685 937 1860 983 rotatu
1907 929 2176 995 decursis,
2280 928 2391 991 nis,
2454 925 2544 980 sed
2586 925 2725 992 quod
2774 926 2941 997 magis
2990 934 3067 980 est
3110 925 3389 980 verendum
3438 940 3579 979 cinno
3639 924 3892 994 limoque

585 1024 856 1094 omnisque
880 1022 1024 1076 mille
1059 1022 1332 1093 generibus
1353 1021 1559 1076 exculta
1581 1021 1843 1086 doctrina,
1874 1030 2178 1090 comparata
2278 1018 2517 1074 involvis.
2573 1017 2768 1073 Verum
2798 1019 2926 1090 quia
2961 1028 3154 1074 nostra:
3175 1033 3408 1073 censura:
3430 1017 3568 1089 (qua:
3591 1016 3748 1071 nulla
3781 1017 3890 1086 est)

584 1112 999 1167 luculentissima
1029 1111 1482 1183 operi,'obsoleta
1523 1119 1640 1177 est,
1689 1119 1739 1166 et
1782 1110 1997 1181 infecta.
2051 1109 2179 1164 Ter-
2279 1110 2419 1164 hunc
2459 1110 2768 1174 tacendum,
2817 1110 3252 1180 publicandumve
3295 1111 3564 1181 injungis,
3609 1112 3892 1181 patienter

588 1202 768 1256 restris
807 1203 994 1273 quippe
1025 1206 1164 1256 nitor
1188 1203 1548 1274 tequiparatur
1591 1217 1656 1255 ea:
1705 1199 1850 1254 nulla
1891 1209 2041 1270 parte
2079 1215 2179 1253 εω-
2279 1199 2454 1271 perfer
2480 1209 2713 1254 nostram
2753 1202 3096 1263 sententiam,
3127 1210 3175 1254 et
3200 1202 3370 1271 ipsum
3391 1201 3624 1255 codicem
3663 1202 3890 1255 sidereo

585 1292 723 1358 lesti,
776 1302 824 1346 et
880 1291 1178 1348 immortale
1232 1294 1500 1364 ingenium
1560 1291 1845 1346 immortali
1913 1290 2182 1345 extollitur
2281 1290 2555 1360 splendore
2589 1308 2865 1348 coruscum
2897 1293 2966 1346 ad
2997 1292 3281 1347 multorum
3322 1292 3608 1346 remedium
3646 1293 3838 1346 solida
3869 1333 3888 1356 ,

585 1383 766 1438 laude.
802 1381 984 1437 Nescit
1019 1400 1242 1456 namque
1263 1384 1410 1452 ﬁniri
1429 1399 1548 1438 cum
1577 1383 1796 1448 saeculo,
1842 1383 1980 1454 quod
2009 1383 2177 1437 colla-
2281 1383 2328 1436 si
2379 1383 2482 1436 dici
2530 1382 2614 1451 fas
2661 1392 2760 1448 est,
2805 1382 2992 1436 litteris
3035 1383 3089 1437 in
3125 1391 3398 1436 azternum.
3437 1379 3611 1452 Egisti
3655 1393 3848 1434 autem
3873 1423 3890 1445 ,

583 1484 697 1528 tum
743 1483 821 1528 est
881 1474 1021 1530 dono
1071 1491 1314 1546 superno.
1370 1474 1551 1530 Bonus
1602 1475 1740 1528 enim
1781 1475 1936 1528 homo
1959 1474 2024 1528 de
2048 1473 2181 1528 bono
2284 1473 2576 1529 beatissime
2598 1473 2780 1539 Pater,
2809 1491 3021 1528 carmen
3046 1489 3296 1528 sonorum
3314 1513 3329 1538 ,
3359 1489 3462 1544 quo
3489 1474 3676 1526 mortis
3706 1483 3892 1525 metus

584 1565 834 1620 thesauro
864 1565 1063 1636 profert
1109 1583 1172 1620 ea
1195 1583 1314 1646 qua:
1343 1567 1476 1621 bona
1501 1575 1657 1631 sunt,
1689 1575 1738 1620 et
1775 1565 1959 1618 doctus
1998 1581 2033 1618 a
2070 1563 2182 1619 Deo
2284 1574 2588 1620 excantatus
2623 1567 2860 1636 effugiat,
2908 1575 2955 1620 et
2989 1565 3205 1635 antiqua
3228 1563 3396 1632 glacie
3425 1563 3655 1616 duratus
3683 1563 3894 1617 anima

584 1654 756 1708 scriba
787 1655 852 1708 de
894 1656 1140 1710 thesauro
1181 1656 1276 1711 Dei
1320 1657 1520 1728 profert
1562 1673 1696 1712 nova
1721 1697 1738 1722 ,
1781 1665 1828 1709 et
1873 1663 2076 1720 vetera,
2117 1655 2184 1710 de
2284 1667 2467 1728 stupor
2493 1699 2507 1723 ,
2559 1658 2824 1729 frigusque
2853 1656 3082 1727 pellatur
3110 1669 3130 1708 :
3161 1672 3264 1726 quo
3300 1654 3448 1709 calor
3493 1654 3613 1708 vita
3660 1663 3708 1708 et
3747 1654 3897 1722 ignis

579 1746 770 1816 quibus
796 1749 988 1800 summi
1027 1745 1209 1802 Patris
1230 1758 1374 1819 regat
1398 1749 1679 1819 familiam.
1753 1773 1760 1780 ε
2285 1747 2375 1803 ille
2415 1748 2659 1817 deiﬁcus,
2686 1764 2839 1818 quem
2866 1746 3108 1803 Christus
3156 1748 3294 1802 venit
3331 1747 3560 1808 mittere,
3595 1746 3820 1807 ardeat,
3847 1755 3898 1798 et

658 1838 897 1903 ()rnasti,
925 1838 1000 1892 mi
1023 1839 1371 1904 sanctissime,
1404 1849 1598 1894 nostrae
1641 1840 1814 1894 aetatis
1842 1839 2033 1893 ultima
2055 1847 2183 1893 tem-
2287 1841 2528 1895 exstincti
2552 1841 2825 1906 carbones,
2852 1839 2931 1895 vel
2960 1856 3181 1910 corpora
3212 1847 3445 1901 mortua,
3470 1839 3636 1908 ﬂante
3661 1854 3729 1890 ea:
3765 1854 3900 1906 qua-

580 1946 712 2000 pora
741 1970 756 1994 ,
781 1940 830 1983 et
853 1932 1114 1984 secuturis
1154 1930 1578 2001 generationibus
1621 1931 1834 1986 odorem
1882 1941 2184 1985 nectareum
2213 1912 2264 1974 Β
2288 1944 2410 1988 tuor
2433 1934 2669 2004 partibus
2699 1933 2883 1988 mundi
2906 1934 3116 2004 spiritu,
3143 1933 3335 1993 vivant,
3365 1941 3413 1985 et
3445 1930 3627 1984 lumen
3655 1932 3899 1982 Arabico

579 2021 916 2090 propinasti:
943 2031 1063 2076 uta
1091 2023 1422 2094 generatione
1449 2021 1503 2075 in
1545 2023 1931 2094 generationem
1999 2031 2182 2076 nostra
2286 2025 2410 2080 dolo
2465 2025 2778 2080 exstinctum
2830 2025 3106 2094 recipiant.
3176 2022 3350 2078 Macte
3415 2023 3648 2086 virtute,
3717 2032 3900 2074 macte

586 2119 714 2165 (etas
738 2109 1006 2178 laudetur,
1046 2122 1096 2167 et
1145 2129 1335 2168 nomen
1372 2122 1520 2167 tuum
1553 2112 1786 2168 redoleat
1827 2114 1883 2167 in
1927 2112 2181 2168 universis
2287 2117 2469 2188 gloria:
2514 2131 2716 2184 semper
2762 2115 3074 2181 habendus,
3129 2115 3220 2186 qui
3268 2131 3369 2168 non
3397 2112 3570 2168 solum
3595 2111 3806 2182 linguae
3843 2113 3898 2164 in

580 2199 773 2269 finibus
797 2210 970 2257 terrm.
1003 2201 1116 2258 Nec
1135 2204 1284 2274 vigor
1303 2203 1512 2258 divinus
1535 2205 1767 2258 humano
1803 2204 2074 2274 prwconio
2101 2204 2185 2257 in-

585 2291 727 2360 diget
758 2306 776 2342 :
805 2301 856 2346 et
879 2292 1019 2360 quod
1045 2309 1138 2363 per
1170 2310 1227 2348 se
1268 2302 1440 2348 exstat
1475 2292 1765 2359 laudabile,
1791 2293 1936 2347 haud
1965 2293 2185 2347 dubium

580 2379 707 2450 quin
729 2381 785 2434 in
811 2381 985 2452 prima
1008 2382 1301 2452 gloriosum
1327 2385 1396 2438 sit
1421 2382 1578 2451 facie.
1614 2380 1849 2437 Pulcher
1869 2384 2031 2450 enim,
2062 2398 2186 2437 mox

583 2481 641 2525 ut
669 2472 890 2539 videtur,
914 2474 1034 2528 licet
1069 2492 1102 2528 a
1150 2471 1301 2546 longe
1326 2474 1600 2541 videatur,
1629 2483 1880 2539 amatur;
1917 2485 1966 2529 et
1998 2485 2022 2514 α
2048 2474 2188 2545 igni-

583 2579 764 2618 comus
787 2565 953 2618 centri
1000 2565 1171 2620 viator
1203 2565 1480 2635 confestim
1512 2576 1569 2619 ut
1599 2567 1803 2630 oritur,
1842 2563 1957 2619 caeli
2001 2563 2185 2620 oculus

585 2656 956 2726 comprobatur
997 2673 1015 2712 :
1058 2673 1151 2710 nec
1208 2673 1424 2728 operoso
1463 2657 1661 2727 indiget
1686 2656 1797 2710 visu
1822 2695 1838 2721 ,
1865 2655 1955 2726 qui
1980 2671 2085 2709 non
2112 2655 2187 2710 vi-

585 2747 827 2804 dentibus
859 2750 1076 2805 oriendo
1098 2750 1294 2822 praebet
1323 2759 1609 2821 aspectum.

662 2838 817 2905 Quod
836 2857 958 2896 vero
991 2839 1279 2896 humilitati
1299 2841 1590 2907 serviendo,
1616 2857 1730 2896 meo
1752 2840 1934 2895 subdis
1953 2841 2183 2911 judicio.

586 2929 728 3000 quod
777 2930 955 2985 divino
1009 2931 1310 2986 instruxisti
1365 2929 1617 2996 oraculo;
1675 2930 1794 2985 licet
1832 2931 1895 2984 ob
1951 2940 2182 2985 nostram

589 3022 995 3091 aediﬁcationem
1018 3023 1046 3064 ἀ
1070 3036 1164 3078 tua
1190 3025 1336 3078 dicta
1371 3023 1602 3093 inﬁcias,
1633 3033 1680 3078 et
1719 3023 1885 3078 satius
1917 3025 2185 3078 veritatem

590 3130 623 3166 a
655 3129 752 3167 suo
780 3115 1010 3169 tramitis
1032 3131 1214 3186 gressu
1236 3115 1289 3170 in
1315 3113 1583 3185 obliquum
1612 3131 1818 3185 mergas
1840 3131 1860 3180 ;
1897 3123 2073 3169 tamen
2098 3131 2186 3168 ca-

587 3235 645 3282 et
669 3226 811 3299 dulci
840 3229 1074 3296 quadam
1123 3230 1487 3299 aequabilitate
1535 3229 1932 3284 redundantem
1965 3230 2185 3284 uberta-

2287 2195 2530 2261 laudibus
2557 2205 2915 2276 confessorum
2943 2207 3143 2262 solvisti
3187 2205 3433 2276 officium,
3479 2216 3505 2244 ο
3541 2205 3898 2258 verumetiant

2288 2300 2351 2354 ob
2383 2295 2745 2370 oris‘gratiam
2793 2299 2848 2352 in
2906 2299 3182 2370 praemium
3231 2296 3593 2366 confessorum
3629 2311 3696 2348 ex
3741 2305 3900 2362 parte

2287 2394 2447 2448 sentis
2475 2393 2834 2465 supplicium;
2880 2402 2928 2448 et
2975 2393 3115 2445 inter
3170 2406 3309 2444 swva
3358 2388 3592 2442 claustra
3641 2398 3692 2440 et
3743 2397 3898 2439 arcta

2289 2486 2544 2542 custodite
2566 2486 2778 2541 verbum
2801 2486 2950 2557 regni
2978 2500 3176 2549 serens,
3205 2482 3433 2553 feliciori
3454 2480 3622 2552 polles
3643 2482 3895 2535 victoria.

2289 2575 2690 2633 Preconandus
2737 2578 2948 2664 sarculis
2994 2578 3273 2642 universis,
3305 2577 3394 2648 qui
3436 2583 3487 2630 et
3515 2576 3571 2629 in
3617 2575 3896 2644 suppliciis

2284 2673 2488 2742 positus
2531 2671 2765 2742 linguam
2799 2688 2904 2726 non
2941 2671 3184 2735 cohibet,
3228 2678 3276 2723 et
3321 2685 3416 2740 pro
3458 2667 3704 2721 omnibus
3746 2667 3894 2720 solus

2289 2778 2392 2817 non
2423 2770 2580 2816 tacet.
2615 2760 2947 2833 Splendesce,
2969 2771 3016 2816 et
3047 2759 3292 2830 ampliori
3316 2759 3532 2822 lumine,
3561 2775 3672 2828 quo
3696 2757 3890 2828 fulges,

2289 2852 2558 2909 claresce:
2589 2855 2715 2925 quia
2743 2855 2967 2923 reposita
2997 2852 3089 2906 tibi
3117 2861 3236 2907 sunt
3261 2851 3480 2922 prcmia
3504 2891 3523 2917 ,
3553 2859 3603 2905 et
3633 2849 3893 2918 centupli-

2288 2952 2408 2997 cata
2437 2953 2488 2998 te
2512 2952 2685 2998 manet
2716 2961 2932 3008 corona,
2958 2960 3152 3015 nosque
3178 2950 3271 2996 tuo
3294 2942 3583 3012 suffragio,
3614 2958 3722 3012 quo
3750 2957 3892 2994 sell-

2289 3051 2381 3104 per
2407 3034 2601 3104 fovisti,
2627 3046 2791 3090 tuere.

2363 3242 2384 3270 °
2435 3230 2735 3302 Ignicomus
2783 3232 2946 3302 centri
2972 3231 3176 3302 viator.
3231 3229 3521 3302 Tragicum
3582 3227 3749 3302 plane
3809 3241 3890 3284 est

590 3307 720 3362 tem,
756 3297 984 3353 lacteam
1001 3297 1220 3424 lprimus
1253 3300 1452 3355 Fabius
1487 3299 1795 3370 appellavit.
1845 3299 1972 3355 lnde
2017 3299 2184 3355 Divus
2212 3302 2257 3366 C
2288 3297 2583 3372 epitheton,
2625 3301 3077 3372 quemadmodum
3129 3309 3186 3354 et
3231 3297 3504 3371 poeticum
3563 3297 3736 3354 etiam
3780 3311 3887 3367 est,

594 3366 956 3424 Hieronvmus
1022 3378 1174 3424 acteo
1203 3370 1351 3424 illum
1395 3370 1718 3424 eloauentiaa
1767 3369 1916 3424 fonte
1961 3385 2186 3424 manare
2289 3373 2457 3424 solem
2509 3373 2634 3424 caeli
2679 3371 2895 3424 oculum
2941 3371 3232 3424 annellare.
3285 3369 3468 3424 Mundi
3519 3370 3717 3424 oculus
3743 3373 3887 3424 apud

594 3366 956 3438 Hieronymus

598 3438 752 3493 dixit.
781 3440 994 3495 Momm.

667 3521 693 3548 ι
727 3507 1012 3582 chularis
1047 3511 1227 3582 lingua
1277 3511 1514 3567 Catonis.
1553 3511 1672 3566 Non
1703 3511 1860 3582 video
1886 3527 1986 3582 cur
2009 3527 2182 3567 saecu-

588 3584 760 3654 larem
803 3581 1047 3654 Catonis,
1073 3583 1310 3654 linguam
1363 3582 1747 3654 appellaverit.
1793 3581 1908 3654 Nisi
1936 3581 2092 3654 forte
2122 3585 2179 3637 in

590 3653 810 3705 nomine
859 3650 1082 3707 Catonis
1131 3650 1568 3719 mendum—insit,
1601 3662 1698 3707 aut
1736 3652 1790 3706 in
1820 3651 2094 3721 epitheto,
2122 3662 2184 3708 ut

593 3721 880 3774 sinaularis
909 3723 1194 3774 leuandum
1218 3724 1305 3774 sit.
1335 3723 1410 3774 In.

593 3723 880 3790 singularis
909 3723 1194 3793 legendum
1218 3724 1305 3778 sit.
1335 3723 1410 3778 In.

665 3791 694 3830 ι’
723 3791 796 3864 Et
845 3793 1046 3847 dudum
1095 3804 1446 3864 prd-conatus.
1487 3792 1640 3850 Hunc
1691 3801 1990 3859 auctorem,
2021 3809 2184 3864 quem

591 3862 828 3936 maxime
859 3862 1455 3936 omniuninomitatum
1481 3865 1752 3936 oportuit,
1796 3865 2016 3936 reliqu_it
2040 3862 2185 3919 'sine

591 3933 811 4007 nomine
843 3952 854 3986 :
883 3949 984 4007 nec
1018 3933 1261 4007 divinare
1287 3936 1450 3990 datur
1477 3933 1636 4007 quem
1685 3937 1894 4007 innuat.
1916 3933 1925 3934 7
1945 3934 2015 3989 Et
2055 3951 2184 3991 con-

585 4001 809 4076 junctio
843 4003 1063 4076 quidem
1112 4006 1297 4059 deerat
1325 4007 1378 4060 in
1408 4001 1724 4076 exemplari,
1775 4006 2059 4076 fueratque
2087 4023 2180 4062 su-

591 4073 873 4148 peraddita
897 4073 1076 4148 prisca
1103 4076 1412 4148 admodum,
1458 4086 1513 4132 et
1563 4073 1832 4148 Moziarabi
1863 4073 2133 4148 scriptura
2164 4118 2180 4143 ,

593 4142 756 4218 sicuti
787 4151 864 4218 et_
887 4142 1054 4198 multa
1083 4142 1488 4218 alia_s:epe.'Et
1513 4147 1859 4203 manifestum
1887 4142 2074 4218 utique
2103 4142 2187 4202 est

593 4212 1029 4282 conjunctionem
1060 4216 1128 4289 ab
1154 4212 1354 4289 Alvaro
1377 4219 1753 4289 interpositam
1781 4235 1795 4282 ;
1834 4212 2009 4287 neque
2038 4218 2184 4274 enim

592 4298 713 4352 qua:
735 4293 1037 4355 sequuntur
1063 4285 1397 4354 Quintiliano
1423 4285 1586 4346 tribui
1612 4297 1856 4360 possunt.
1888 4285 1965 4344 In.

1055 3378 1174 3427 cteo
1203 3370 1351 3426 illum
1395 3369 1718 3440 eloquentiae
1767 3369 1916 3425 fonte
1961 3385 2186 3426 manare

2289 3369 2457 3428 solem
2509 3369 2895 3428 caeli—oculum
2941 3369 3249 3442 appellaref
3285 3369 3468 3426 Mundi
3519 3370 3717 3425 oculus
3743 3373 3889 3441 apud

2288 3442 2446 3500 Ovid.
2473 3442 2527 3498 4.
2559 3441 2915 3508 Metamorph.
2946 3441 3022 3496 In.
3677 3491 3680 3494 .
3977 3503 3982 3508 ,

2355 3458 2446 3497 nu.
2473 3458 2527 3498 4.
2559 3458 2824 3498 metamor
2863 3458 2915 3496 n.
2946 3458 3022 3496 ID.
3677 3491 3680 3494 .

2355 3513 2384 3553 δ
2422 3512 2536 3568 Tua
2566 3513 2709 3568 dicta
2750 3458 2977 3582 in/Fcias.
3020 3511 3134 3568 Hoc
3179 3520 3266 3568 est
3301 3529 3316 3566 :
3354 3511 3462 3567 hoc
3495 3510 3715 3576 colone,
3745 3513 3888 3582 quod

2288 3584 2425 3641 dicis
2450 3625 2465 3647 ,
2518 3584 2789 3654 intingas,
2825 3584 3032 3654 ethoc
3072 3590 3341 3653 praetextu
3390 3582 3591 3654 utaris.
3621 3582 3695 3636 Et
3721 3585 3890 3636 satius

2286 3655 2600 3778 adlverbiun‘i
2631 3653 2757 3710 mox
2808 3653 3048 3708 additum
3087 3669 3187 3723 pro
3223 3654 3432 3708 cautius
3477 3653 3724 3723 positum
3771 3669 3886 3708 cre-

2327 3741 2537 3778 uenm.
2597 3741 2648 3778 ι).

2289 3726 2537 3780 diderim.
2570 3726 2648 3778 lo.

2365 3808 2388 3835 θ
2427 3793 2774 3850 Verumetiam
2797 3796 2859 3849 ob
2881 3796 2988 3849 oris
3013 3804 3258 3865 gratiam.
3306 3793 3515 3850 Subtile
3533 3802 3591 3848 et
3617 3795 3750 3850 inde
3795 3793 3890 3848 ob-

2288 3881 2530 3932 scurum,
2588 3867 3094 3936 praeterquamquod
3143 3865 3258 3935 ipsa
3317 3866 3476 3936 verba
3531 3865 3724 3936 nescio
3763 3867 3890 3936 quid

2287 3935 2604 4008 perplexum
2640 3936 2941 4008 involvunt.
2973 3935 3181 4008 Sensus
3201 3946 3286 3992 est
3314 3951 3329 3989 :
3362 3935 3476 4008 Non
3507 3935 3689 4008 solum
3713 3935 3892 3990 debito

2287 4006 2686 4079 blliciolinguac
2735 4006 3014 4079 iungeris,
3052 4007 3422 4079 confessoresu
3441 4007 3749 4079 laudando;
3799 4008 3889 4061 sed

2289 4077 2763 4149 praemium'etiam
2787 4077 3074 4133 laudabilis
3125 4078 3287 4149 hujus
3339 4077 3500 4132 cilicii
3517 4079 3884 4149 _assequeris,

2290 4146 2622 4220 confessoris
2637 4149 2750 4218 jam
2779 4149 3100 4203 sustinendo
3131 4146 3476 4220 supplicium.
3504 4146 3592 4203 0b
3613 4146 3888 4220 martyres

2291 4219 2538 4276 laudatos
2567 4235 2632 4274 eo
2655 4235 2878 4274 munere
2901 4236 2930 4273 ιι
2958 4220 3068 4275 Deo
3092 4217 3347 4283 afﬁceris,
3373 4226 3433 4273 ut
3447 4220 3723 4289 penejam
3739 4217 3883 4273 mar-

2291 4300 2378 4362 tyr
2404 4289 2675 4347 elliciaris.
2705 4289 2783 4345 In.

593 4554 819 4635 DIVI
898 4555 1320 4638 EULOGII
1396 4558 1506 4636 IN
1582 4557 1996 4672 PBIMUM
2074 4554 2475 4636 LIBRUM
2533 4557 3180 4637 MEMORIALIS
3257 4552 3884 4634 SANCTOBUM

1947 4685 2507 4766 PRIEFATIO.

663 4970 690 4998 ιι
723 4957 1001 5030 l.Ego(l)
1025 4958 1244 5030 quidem
1263 4935 1514 5018 volumen
1529 4960 1958 5018 hoc'Memoriale
1980 4969 2191 5015 sancto—
2214 4962 2270 5025 D
2294 4975 2440 5014 mam
2481 4966 2694 5030 petram
2741 4956 2982 5012 fundatis
3017 4956 3191 5012 dicavi
3219 4975 3232 5012 :
3257 4966 3316 5013 ut
3364 4965 3578 5012 tantum
3622 4957 3890 5015 haberent

592 5066 708 5104 rum
729 5049 1028 5121 appellans,
1056 5050 1162 5106 illis
1190 5054 1561 5109 tantummodo
1584 5053 1662 5125 (2)
1686 5052 1998 5124 ascysteriis
2037 5067 2182 5107 com-

2289 5049 2471 5104 cuncti
2509 5049 2575 5104 de
2602 5049 2880 5118 triumpho
2904 5061 3092 5102 eorum
3120 5064 3231 5103 suae
3253 5049 3648 5104 consolationis
3694 5061 3752 5106 et
3780 5051 3888 5122 glo-

594 5149 991 5207 mentaveram,
1021 5155 1052 5196 e
1081 5142 1277 5213 quibus
1305 5144 1456 5214 prior
1496 5143 1583 5199 ille
1633 5143 2023 5198 monachorum
2068 5143 2183 5212 glo—
2286 5141 2381 5195 ria:
2410 5139 2715 5213 exemplum
2751 5147 2806 5195 et
2834 5140 3107 5212 gaudium,
3133 5149 3393 5210 quantum
3413 5139 3514 5195 fuit
3543 5141 3666 5196 illos
3700 5157 3768 5197 ex
3811 5143 3886 5196 di-

591 5231 694 5285 bus
719 5232 788 5286 ad
814 5233 1174 5289 resistendum
1205 5234 1622 5290 mendacissimo
1648 5234 1759 5288 vati
1811 5242 2178 5304 processerat.

595 5324 706 5380 Sed
740 5335 1024 5396 postquam
1059 5343 1126 5384 ex
1170 5329 1416 5396 urbibus,
1476 5328 1687 5394 viculis,
1738 5325 2079 5399 oppidiculis,
2131 5336 2186 5381 et

588 5415 829 5472 castellis
862 5420 1108 5475 certatim
1148 5435 1408 5492 proruere
1457 5420 1526 5476 ad
1564 5420 1668 5476 hoc
1714 5428 1991 5476 certamen
2032 5418 2181 5474 viros

585 5523 651 5564 ac
686 5509 938 5568 mulieres
968 5515 1215 5585 cognovi,
1242 5528 1416 5584 neque
1445 5527 1773 5584 quemquam
1815 5511 1992 5567 vereri
2034 5525 2178 5579 prte-

586 5600 719 5657 sidis
742 5603 980 5658 tribunal
1005 5606 1265 5675 comperi,
1321 5606 1417 5660 sed
1442 5618 1634 5660 omnes
1680 5618 1781 5674 pro
1831 5609 2176 5665 testamento,

2291 5234 2462 5289 versis
2486 5233 2618 5288 locis
2642 5233 2880 5295 venisse,
2910 5243 2967 5286 et
2991 5232 3046 5287 in
3073 5232 3381 5303 exemplum
3413 5233 3585 5288 totius
3625 5234 3882 5289 Ecclesiae

2290 5325 2604 5381 discrimina
2627 5324 2943 5395 passionum
2971 5324 3225 5379 subiisse.

2357 5415 2410 5470 2.
2447 5415 2553 5470 Sed
2592 5431 2718 5470 reor
2745 5415 2889 5486 quod
2919 5415 3062 5470 inter
3088 5417 3234 5485 ipsos
3281 5416 3426 5470 haud
3475 5415 3640 5470 dubie
3687 5414 3880 5485 princi-

2287 5516 2470 5577 patum
2493 5507 2701 5562 obtinet
2725 5515 2946 5562 sanctus
2975 5506 3126 5562 lsaac
3155 5507 3476 5571 monachus,
3502 5505 3582 5576 (5)
3602 5505 3697 5575 qui
3738 5505 3879 5574 prior

2286 5600 2363 5674 (Δ)
2399 5615 2430 5655 e
2459 5599 2762 5655 Tabanensn
2815 5602 3064 5655 coenobio
3091 5601 3144 5655 in
3170 5599 3350 5656 forum
3403 5599 3766 5664 descendens,
3801 5596 3880 5665 ju-

585 5703 643 5752 et
666 5695 873 5768 legibus
922 5698 1015 5753 Dei
1047 5699 1217 5755 nostri
1247 5708 1478 5755 mortem
1516 5697 1898 5755 incunctanter
1950 5695 2180 5766 elegisse
2284 5693 2458 5748 dicem
2479 5690 2631 5756 adiit,
2666 5698 2826 5760 atque
2847 5691 2935 5746 his
2963 5690 3145 5746 verbis
3171 5706 3297 5745 eum
3319 5690 3655 5762 aggreditur.
3697 5709 3716 5739 Ι
3759 5686 3874 5741 νει-

586 5792 878 5862 conspexi;
909 5792 1180 5848 universis
1220 5792 1349 5849 illud
1393 5793 1650 5850 Ecclesiis
1702 5805 1866 5862 supra
1911 5788 2180 5845 solidissi-

2284 5783 2387 5838 lem
2431 5783 2650 5854 (inquit)
2690 5782 2877 5852 judex,
2929 5783 3108 5839 cultor
3165 5783 3289 5840 ﬁdei
3333 5792 3594 5840 strenuus
3641 5781 3780 5844 ﬁeri,
3830 5779 3869 5833 si

659 5910 689 5940 ι
715 5897 851 5956 Vide
875 5898 1092 5956 Scholia
1117 5900 1391 5958 Ambrosii
1420 5900 1640 5958 Mor-alis
1662 5901 1824 5969 intra,
1858 5903 1927 5958 ad
1967 5898 2172 5956 calcem
2207 5895 2446 5968 Operam
2474 5896 2535 5950 D.
2562 5892 2794 5966 Eulogii.
2823 5905 2828 5916 ‘
