4094 6346
189 418 290 474 757
1090 405 1520 472 MEMORIALIS
1557 409 2012 468 SANCTORUM.
2054 441 2126 452 —
2161 409 2555 468 PREFATIO.
3083 421 3085 423 ’
3364 414 3470 471 738

187 537 353 595 modo
384 543 444 591 tu
491 549 600 590 non
654 529 896 587 diﬂ‘erres
948 531 1196 586 ordinem
1240 531 1616 601 rationemque
1657 528 1776 598 ejus
1804 527 2138 593 Ainnotuit,
2166 528 2260 598 qui
2283 535 2446 583 tantae
2469 524 2837 584 accusationis
2879 533 3078 580 eventu
3126 528 3472 596 perterritus,

189 629 323 688 mihi
359 641 648 699 exponere.
678 645 699 678 ι
730 623 828 679 Cui
849 639 973 679 cum
999 623 1249 688 libenter,
1277 621 1430 693 quasi
1455 621 1566 692 jam
1593 629 1778 692 tyrun-
1881 614 2026 672 illico
2055 615 2416 674 ferocioribus
2442 616 2641 672 animis
2667 615 2819 672 ferox
2839 615 3043 686 promit
3077 615 3336 681 edictum,
3395 619 3473 674 di-

191 723 314 780 culo
336 721 461 777 fidei
487 735 598 776 sua:
640 717 915 774 creditura
935 715 1119 784 juveni
1163 713 1362 770 inflatis
1406 713 1611 778 buccis,
1665 719 1780 766 tur-
1880 720 2012 762 cens
2035 709 2197 764 morti
2226 723 2613 778 usquequaque
2651 706 2771 763 ﬁeri
2815 707 3014 762 debere
3051 707 3366 774 obnoxium,
3393 716 3476 764 ta—

190 814 338 886 genti
360 819 596 886 gutture,
619 807 942 880 crepitantia
978 805 1118 861 infra
1148 819 1278 860 cava
1299 804 1465 876 palati
1499 803 1662 859 verba
1699 801 1781 856 in-
1881 795 1990 851 lem
2045 799 2100 852 in
2155 806 2433 856 auctorem
2484 797 2610 854 fidei
2659 813 2772 854 sua:
2834 796 3100 854 ferentem
3142 799 3469 856 convicium.

192 903 492 964 stitutionis
516 902 698 973 lingua
720 899 879 953 fallax
902 897 1202 970 proferret;
1237 905 1399 952 sectae
1421 895 1580 965 hujus
1601 900 1780 949 aucto-
1882 886 2022 943 Hinc
2044 888 2142 944 Dei
2167 905 2360 946 servus
2385 892 2454 946 ad
2483 905 2675 946 necem
2701 889 2989 946 damnatus
3029 891 3233 946 vertice
3285 890 3476 962 plecti-

194 1013 310 1054 rem
334 997 549 1052 Mahom
579 994 695 1050 fore
718 993 987 1064 praedixit,
1014 992 1107 1061 qui
1133 989 1308 1060 angeli
1349 987 1618 1044 Gabrielis
1668 1002 1784 1041 ma-

195 1087 419 1160 gisterio
443 1085 765 1148 illustratus,
812 1081 1037 1136 verbum
1098 1078 1454 1150 prophetismi
1503 1078 1571 1133 ab
1621 1076 1785 1132 Altis-

196 1180 336 1236 simo
363 1176 672 1233 nationibus
699 1173 971 1229 relaturus
1021 1171 1249 1242 accepit,
1303 1171 1474 1241 legem
1525 1167 1782 1233 instituit,

193 1266 508 1339 paradisum
555 1264 832 1328 disseruit,
883 1277 1215 1334 regnumque
1261 1259 1518 1316 caelorum
1567 1259 1786 1330 plenum

199 1361 376 1434 epulis
416 1368 474 1416 et
520 1357 753 1413 fluxibus
804 1355 1130 1412 feminarum
1181 1353 1414 1410 edocuit.
1459 1351 1567 1408 Sed
1593 1363 1648 1406 et
1685 1351 1789 1406 alia

200 1453 381 1525 plura,
409 1465 530 1520 qua:
549 1448 638 1502 hic
663 1447 874 1517 disponi
901 1445 1216 1518 perlongum
1267 1452 1374 1510 est,
1423 1458 1493 1499 ex
1532 1443 1640 1497 ritu
1680 1457 1790 1512 pro

199 1559 342 1599 vano
363 1539 590 1596 arbitrio
615 1547 994 1610 prosequente,
1024 1536 1272 1607 protinus
1321 1533 1399 1606 (5)
1437 1533 1679 1604 ephebus
1703 1531 1792 1588 ille

199 1629 530 1687 venerabilis
559 1629 878 1694 monachus,
922 1638 983 1681 ut
1007 1634 1126 1682 erat
1170 1624 1413 1696 apprime
1443 1623 1640 1679 litteris
1671 1639 1792 1677 ara-

199 1722 339 1780 bicis
364 1721 624 1786 imbutus,
650 1720 881 1775 Arabico
904 1719 1039 1774 dans
1063 1717 1138 1772 illi
1161 1732 1482 1788 responsum
1515 1734 1527 1769 :
1555 1735 1574 1767 ‹
1598 1715 1790 1770 Menti-

204 1826 312 1881 tus,
349 1816 447 1882 ait,
480 1822 566 1870 est
583 1814 735 1870 vobis
763 1811 884 1885 ([6]
909 1812 987 1866 ita
1031 1809 1502 1865 maledictionibus
1559 1809 1796 1865 tabescat

1886 987 1976 1035 tur
2004 997 2018 1034 :
2045 981 2173 1036 hinc
2196 981 2254 1037 in
2279 982 2463 1053 stipite
2501 982 2746 1038 elevatus
2772 982 2951 1052 capite
2993 982 3248 1038 deorsum
3276 998 3476 1053 appen-

1885 1069 2052 1137 ditur,
2079 1077 2243 1140 atque
2272 1071 2414 1127 ultra
2447 1086 2662 1128 amnem
2687 1073 2742 1128 in
2791 1074 3160 1142 spectaculum
3205 1075 3359 1132 urbis
3403 1074 3478 1132 lo-

1887 1169 2044 1216 catur
2066 1161 2229 1216 tertio
2257 1160 2440 1218 Nonas
2466 1161 2676 1229 Junias,
2709 1161 2789 1235 (7)
2809 1162 2948 1220 feria
2975 1173 3193 1236 quarta,
3230 1183 3339 1223 tera
3385 1181 3502 1224 oc-'

1889 1250 2270 1324 tingentesima
2293 1255 2662 1326 octuagesima
2683 1270 2849 1311 nona.
2900 1254 3066 1325 Cujus
3113 1273 3312 1330 corpus
3355 1267 3481 1330 post

1891 1343 2096 1414 aliquot
2120 1345 2236 1401 dies
2260 1361 2388 1401 cum
2435 1347 2669 1414 caeteris,
2729 1348 2819 1419 qui
2869 1363 2993 1404 eum
3041 1351 3306 1406 imitando
3358 1367 3482 1423 per—

1892 1435 2060 1508 empti
2082 1443 2228 1501 sunt,
2257 1436 2380 1508 igne
2403 1447 2726 1504 crematum,
2775 1446 2832 1494 et
2869 1439 2925 1494 in
2978 1438 3219 1497 favillam
3258 1458 3484 1498 conver-

1894 1539 2034 1591 sum,
2055 1524 2308 1596 deinceps
2331 1527 2395 1582 in
2415 1543 2630 1584 amnem
2651 1526 2952 1599 projectum
2981 1539 3082 1587 est.
3435 1583 3438 1586 .

1967 1616 2022 1669 4.
2065 1615 2172 1671 Sed
2209 1632 2429 1674 necesse
2477 1628 2562 1675 est
2608 1635 2882 1690 exponere
2917 1622 3113 1692 quibus
3152 1623 3368 1681 indiciis
3396 1623 3485 1681 vel.

1897 1709 2160 1780 prodigiis
2201 1711 2289 1765 hic
2327 1712 2518 1767 beatus
2559 1711 2713 1768 Isaac
2753 1714 3025 1769 exstiterit
3048 1715 3104 1770 in
3134 1715 3361 1772 infantia
3389 1718 3485 1774 de-

1899 1811 2153 1869 notatus;
2193 1811 2256 1858 ut
2297 1817 2365 1858 ex
2401 1818 2468 1858 eo
2513 1789 2772 1860 divinitus
2823 1806 2894 1860 ad
2937 1820 3194 1862 coronam
3240 1809 3489 1880 martyrii

202 1906 468 1980 divinis),
511 1907 603 1976 qui
668 1914 818 1960 tanto
878 1904 1082 1960 scelere
1140 1902 1466 1973 implicatus,
1521 1911 1796 1957 tantorum
1823 1890 1872 1950 B
1901 1895 2055 1952 illum
2096 1895 2265 1951 fuisse
2313 1897 2602 1952 credamus
2645 1897 2898 1965 electum,
2937 1914 3006 1955 ex
3051 1915 3158 1970 quo
3197 1901 3253 1956 in
3297 1902 3492 1958 matris

204 1999 424 2070 agmina
446 1997 781 2068 perditorum
809 1996 1010 2050 invasit
1034 2009 1332 2064 secumque
1361 1993 1663 2050 inferorum
1705 1993 1802 2048 ba-

205 2090 398 2146 rathro
417 2088 763 2159 mancipavit.
819 2085 910 2142 Ille
930 2085 1131 2142 etenim
1155 2084 1425 2140 daemonio
1466 2085 1678 2157 plenus,
1708 2084 1804 2138 de-

205 2181 440 2237 monicis
483 2179 673 2234 favens
723 2177 1028 2249 praestigiis,
1069 2175 1270 2231 lethale
1315 2175 1575 2231 morbidis
1620 2175 1802 2247 propi-

207 2287 347 2326 nans
390 2271 667 2342 poculum,
702 2279 918 2325 aeternae
972 2267 1293 2340 perditionis
1341 2261 1453 2323 luet
1497 2267 1798 2322 interitum.

206 2363 388 2430 Quare
425 2377 522 2418 vos
569 2361 796 2417 scientia
841 2357 1051 2430 praediti
1078 2377 1110 2414 a
1147 2358 1343 2414 talibus
1371 2374 1481 2414 non
1539 2359 1804 2415 abdicatis

205 2453 496 2525 periculis?
557 2452 736 2520 Quare
792 2467 920 2518 non,
966 2451 1341 2505 renuntiantes
1368 2450 1523 2506 ulcus
1553 2449 1800 2522 pestiferi

207 2546 502 2618 dogmatis,
561 2559 854 2616 perennem
889 2543 1016 2599 fidei
1066 2541 1388 2599 Christiana:
1433 2543 1799 2614 evangelicam

207 2638 526 2708 sospitatem
548 2636 780 2707 optatis?
814 2655 833 2688 ι

280 2730 336 2784 5.
365 2729 493 2785 Haec
511 2736 566 2784 et
589 2729 674 2784 his
702 2727 897 2784 similia
929 2743 1026 2784 ore
1049 2727 1269 2798 pudico,
1301 2727 1528 2781 summis
1553 2740 1803 2782 reveren-

207 2823 300 2878 tiae
327 2820 548 2876 ausibus
575 2821 908 2891 viribusque,
935 2820 1115 2890 lingua
1173 2827 1432 2890 peracuta
1474 2819 1633 2873 beato
1690 2817 1801 2873 dis-

209 2921 432 2971 serente
473 2913 646 2978 lsaac,
711 2922 932 2984 stupore
991 2913 1158 2967 nimio
1197 2909 1365 2980 judex
1413 2911 1681 2976 turbatus,
1738 2925 1804 2966 ac

207 3007 380 3063 veluti
401 3022 588 3062 amens
615 3006 856 3072 effectus,
888 3005 1121 3062 ubertim
1169 3004 1502 3075 lacrymasse
1547 3002 1804 3073 perhibe-

209 3109 344 3154 tur:
375 3105 431 3152 et
464 3097 694 3168 quadam
737 3095 932 3152 mentis
975 3095 1307 3150 hebetudine
1349 3102 1666 3164 occupatus,
1714 3093 1804 3147 vix

208 3189 456 3261 potuisse
479 3187 651 3242 fertur
675 3186 1023 3258 exprobranti
1052 3202 1112 3240 se
1140 3185 1797 3254 monacho'respondere:

1903 1997 2060 2044 utero
2087 1989 2296 2059 positus
2327 1988 2626 2044 terribilem
2666 1989 2824 2046 valde
2865 1991 3183 2061 parentibus
3217 2002 3493 2065 stuporem

1905 2081 2164 2136 intulerit.
2185 2080 2382 2137 Tribus
2405 2097 2640 2151 namque
2662 2081 2870 2138 vicibus
2894 2099 3000 2138 una
3029 2083 3137 2150 die,
3159 2084 3319 2154 paulo
3341 2094 3495 2140 ante-

1905 2188 2070 2243 quam
2096 2181 2434 2238 nasceretur,
2468 2173 2616 2228 visus
2641 2182 2726 2228 est
2750 2174 2895 2244 loqui
2923 2192 2936 2229 :
2967 2174 3121 2244 cujus
3150 2175 3228 2231 rei
3254 2177 3494 2232 novitate

1903 2265 2195 2335 perterrita
2225 2265 2420 2320 mulier
2440 2280 2578 2335 pene
2606 2276 2820 2322 mortua
2845 2267 2952 2322 vim
2974 2269 3266 2325 verborum
3287 2285 3494 2342 nequa-

1905 2371 2068 2426 quam
2119 2355 2293 2425 potuit
2340 2356 2658 2428 intelligere.
2690 2358 2809 2412 Alio
2853 2358 3015 2413 etiam
3064 2367 3334 2430 tempore,
3370 2377 3494 2417 cum

1905 2447 2082 2504 adhuc
2127 2448 2404 2518 septennis
2463 2448 2752 2515 existeret,
2811 2450 2964 2522 virgo
3021 2451 3267 2521 quaedam
3301 2453 3330 2495 δ
3359 2452 3499 2508 vidit

1903 2554 2000 2610 per
2028 2539 2294 2596 visionem
2321 2539 2540 2608 globum
2573 2541 2795 2596 luminis
2827 2555 2860 2596 e
2894 2541 3034 2597 caelo
3061 2542 3412 2610 descendere,
3439 2551 3494 2599 et

1905 2631 2048 2686 inter
2075 2633 2316 2688 omnium
2340 2634 2767 2704 praestolantium
2794 2635 3009 2690 turbam
3031 2636 3178 2692 solus
3216 2637 3306 2692 hic
3339 2639 3496 2694 ulnas

1904 2729 2219 2794 extendens,
2263 2729 2512 2786 manibus
2557 2731 2739 2786 lumen
2782 2732 3016 2802 excepit,
3047 2739 3327 2804 totamque
3377 2732 3496 2802 ejus

1905 2820 2208 2876 claritatem
2240 2821 2321 2876 ori
2363 2836 2463 2877 suo
2503 2819 2760 2890 injectam
2789 2821 2959 2877 ebibit
2986 2841 2999 2876 :
3027 2821 3240 2878 felicem
3284 2830 3414 2876 tunc
3439 2828 3497 2874 et

1903 2926 2033 2967 vere
2071 2911 2291 2967 beatum
2325 2911 2577 2967 omnibus
2601 2912 2694 2966 tali
2729 2912 3055 2984 condignum
3095 2926 3320 2968 munere
3357 2926 3496 2966 nun-

1905 3005 2245 3075 cupantibus.
2268 3005 2396 3061 Haec
2416 3015 2544 3062 sunt
2564 3005 2805 3062 infantiae
2826 3005 2945 3077 ejus
2968 3006 3211 3079 prodigia
3237 3014 3294 3062 et
3316 3006 3492 3078 signa.

1905 3111 2025 3167 quae
2053 3095 2203 3152 illum
2238 3097 2462 3168 dignum
2505 3097 2770 3170 martyrio
2802 3098 2962 3171 longe
3003 3107 3163 3156 antea
3207 3099 3495 3170 portende-

1906 3199 2055 3244 runt.

209 3283 401 3353 sicque
435 3296 597 3336 manu
626 3288 848 3335 extensa
892 3279 1086 3334 faciem
1134 3277 1252 3348 ejus
1304 3278 1612 3335 verberanti
1667 3294 1799 3334 con-
1825 3263 1873 3329 C
1981 3280 2037 3336 5.
2076 3280 2214 3338 Nam
2255 3282 2475 3354 quidam
2511 3283 2767 3340 sacerdos
2794 3299 2860 3340 ex
2890 3285 3139 3340 coenobio
3170 3283 3497 3351 Tabanensi,

209 3373 395 3428 festim
428 3371 722 3427 monachus
756 3369 893 3425 dixit
925 3388 938 3422 :
975 3387 995 3422 ι
1026 3367 1378 3424 Consimilem
1427 3369 1650 3440 imagini
1700 3368 1798 3425 Dei

211 3464 422 3520 vultum
453 3464 621 3518 audes
643 3461 840 3517 ferire?
864 3460 994 3517 Vide
1019 3461 1236 3531 qualem
1271 3470 1493 3532 propter
1527 3461 1630 3517 hoc
1674 3461 1798 3517 red-

210 3558 428 3612 diturus
457 3555 534 3610 sis
571 3555 855 3610 rationem.
892 3574 912 3606 ι
955 3553 1162 3610 Idcirco
1185 3569 1218 3607 a
1241 3551 1658 3608 consedentibus
1711 3567 1798 3608 se-

211 3663 340 3703 cum
371 3645 705 3717 sapientibus
730 3645 1096 3717 deprehensus
1121 3645 1386 3717 arguitur,
1429 3645 1576 3715 quod
1619 3647 1800 3718 gravi-

213 3742 344 3798 tatis
373 3753 400 3782 α
431 3741 674 3797 censoris
701 3740 919 3806 oblitus,
948 3740 1138 3796 leviter
1187 3756 1284 3811 per
1331 3741 1680 3811 semetipsum
1729 3741 1798 3796 ad

212 3833 528 3890 caedendum
553 3840 848 3903 martyrem
873 3832 1042 3902 egerit
1073 3850 1086 3886 :
1120 3839 1175 3887 et
1195 3833 1498 3901 praesertim
1538 3833 1663 3902 quia
1707 3847 1795 3887 se-

209 3925 450 3983 cundum
475 3925 656 3996 legum
680 3939 898 3980 suarum
923 3923 1244 3979 sententiam
1264 3923 1313 3979 is
1331 3924 1420 3995 qui
1445 3939 1545 3993 pro
1570 3924 1799 3979 crimine

211 4017 414 4087 dignus
441 4026 525 4070 est
549 4015 708 4079 mor’i,
759 4013 956 4070 nullius
989 4028 1128 4084 pene
1152 4013 1411 4069 conviciis
1440 4013 1668 4070 lacerari
1711 4015 1800 4070 de-

211 4109 326 4163 bet.
354 4106 506 4162 'lunc
533 4106 698 4178 judex
722 4105 790 4160 ad
846 4113 1093 4160 sanctum
1134 4103 1282 4160 Isaac
1333 4119 1628 4160 conversus
1672 4106 1749 4160 ait
1781 4123 1794 4158 :

217 4219 240 4252 ι
271 4197 436 4254 Forte
463 4198 710 4254 madidus
728 4198 875 4263 vino,
905 4206 998 4253 aut
1019 4197 1273 4268 phrenesi
1325 4207 1516 4268 captus
1558 4198 1627 4253 ad
1671 4199 1793 4266 ista,

213 4306 337 4362 qua
359 4288 593 4361 profers,
628 4304 732 4344 non
760 4287 918 4345 facile
939 4296 1116 4360 potest
1141 4290 1444 4345 advertere.
1469 4289 1606 4346 Nam
1628 4291 1797 4362 ipsius

213 4383 356 4438 vatis
379 4383 574 4448 nostri,
595 4397 761 4452 quem
789 4389 847 4436 tu
873 4389 1079 4436 temere
1104 4381 1366 4438 conviciis
1397 4385 1634 4454 impetis,
1674 4400 1798 4441 sen-

214 4475 386 4532 tentia
416 4485 602 4531 manet
626 4473 1038 4546 irrefragabilis,
1081 4475 1438 4532 animadverti
1491 4477 1688 4534 debere
1740 4479 1794 4534 in

210 4582 308 4624 eos
333 4567 424 4639 qui
452 4567 579 4622 talia
618 4567 684 4622 de
734 4566 854 4637 ipso
899 4581 1007 4622 non
1054 4575 1309 4622 verentur
1348 4567 1610 4638 profiteri.
1647 4587 1666 4621 1
1715 4570 1797 4626 Ad

1909 3387 1976 3428 ex
2001 3388 2110 3443 quo
2138 3373 2281 3429 idem
2312 3372 2502 3429 beatus
2529 3375 2599 3430 ad
2618 3389 2847 3446 agonem
2874 3383 3238 3446 processerat,
3260 3377 3500 3446 peractis
3534 3414 3535 3417 η

1909 3465 2201 3521 missarum
2229 3465 2513 3524 Dominico
2547 3469 2635 3524 die
2679 3468 2980 3534 solemniis,
3015 3470 3244 3540 septimo
3289 3470 3500 3526 scilicet

1906 3554 2096 3611 Iduum
2140 3555 2450 3625 Iuniarum,
2479 3559 2571 3628 qui
2619 3569 2741 3630 post
2777 3560 3027 3631 quintum
3065 3571 3088 3600 ο
3121 3561 3367 3633 martyrii
3410 3561 3496 3618 sui

1907 3647 2052 3702 diem
2082 3658 2358 3716 evenerat,
2391 3649 2448 3704 in
2488 3651 2719 3720 quodam
2762 3651 2960 3708 lectulo
3003 3653 3234 3708 fratrum
3281 3668 3496 3709 recum-

1906 3741 2061 3806 bens,
2091 3739 2400 3796 obdormire
2446 3741 2666 3812 paulum
2712 3745 2906 3814 coepit;
2932 3752 2988 3798 et
3027 3759 3153 3800 ecce
3190 3745 3370 3801 subito
3398 3760 3497 3804 Der

1909 3831 2180 3887 somnium
2211 3833 2346 3888 vidit
2386 3848 2614 3903 puerum
2643 3834 2855 3892 decoris
2884 3835 3264 3906 pulcherrrimi
3302 3851 3334 3891 a
3365 3852 3495 3908 par-

1910 3923 2052 3980 tibus
2077 3923 2318 3980 Orientis
2345 3927 2552 3994 venire,
2591 3927 2954 3999 schedamque
2999 3929 3151 3984 mirae
3188 3929 3496 4001 pulchritu-

1907 4013 2049 4069 dinis
2076 4016 2329 4071 manibus
2354 4026 2658 4090 gestantem
2681 4020 2782 4076 sibi
2810 4021 3097 4078 adsistere.
3129 4020 3302 4090 Quam
3331 4020 3402 4077 ab
3430 4036 3497 4076 eo

1906 4107 2200 4178 accipiens,
2227 4110 2554 4180 scripturam
2597 4113 2715 4183 ejus
2750 4112 2928 4184 legere
2956 4115 3125 4186 erepit
3152 4133 3168 4169 :
3201 4122 3321 4170 erat
3349 4114 3494 4171 enim

1906 4198 1993 4254 his
2019 4209 2240 4256 exarata
2269 4202 2612 4259 sermonibus
2639 4221 2652 4258 :
2687 4222 2708 4256 ι
2746 4203 2901 4260 Sicut
2928 4215 3085 4275 pater
3109 4214 3296 4262 noster
3317 4205 3494 4263 Abra-

1906 4289 2034 4344 ham
2074 4289 2223 4346 lsaac
2264 4290 2436 4346 filium
2464 4291 2578 4349 Deo
2621 4293 2675 4348 in
2722 4293 3049 4350 sacriﬁcium
3094 4295 3310 4364 obtulit,
3339 4295 3413 4351 ita
3443 4306 3502 4352 et

1905 4396 2050 4436 nunc
2088 4391 2312 4438 sanctus
2363 4382 2516 4439 Isaac
2571 4383 2627 4439 in
2682 4394 2975 4455 conspectu
3027 4385 3242 4442 Domini
3291 4386 3500 4442 sacrifi-

1906 4473 2049 4527 cium
2100 4488 2202 4543 pro
2244 4473 2505 4531 fratribus
2556 4475 2880 4531 immolavit.
2919 4495 2938 4528 ι
2977 4477 3046 4533 Et
3087 4478 3344 4535 continuo
3374 4479 3496 4549 qui-

1910 4562 2036 4617 dam
2071 4578 2103 4619 e
2141 4563 2360 4620 civitate
2389 4566 2668 4622 venientes
2698 4566 2950 4623 dixerunt
2991 4567 3213 4624 beatum
3240 4567 3318 4642 (8)
3347 4566 3498 4624 Jere-

211 4677 378 4732 quem
407 4660 738 4716 venerabilis
761 4661 910 4716 Isaac
957 4661 1224 4732 intrepida
1276 4663 1628 4732 responsione
1679 4664 1758 4720 ait
1785 4683 1798 4719 :
1837 4641 1888 4700 D
1915 4655 2082 4708 miam
2119 4656 2382 4727 martyrio
2407 4672 2531 4712 cum
2566 4657 2688 4713 aliis
2717 4657 2884 4715 fuisse
2925 4668 3244 4716 coronatum
3271 4675 3371 4730 per
3393 4660 3498 4715 D0-

216 4772 237 4805 ι
277 4754 390 4825 Ego
418 4751 866 4824 quidem,judex,
898 4767 1000 4808 nec
1015 4753 1150 4809 .vino
1184 4753 1452 4818 madidus,
1510 4770 1610 4810 nec
1664 4771 1800 4826 quo-

211 4843 344 4898 libet
371 4845 562 4900 morbo
586 4845 802 4900 saucius
826 4846 984 4900 sum?
1037 4845 1132 4901 sed
1181 4845 1297 4901 zelo
1330 4845 1557 4915 justitize
1603 4847 1803 4904 conﬂa-

213 4950 400 5002 grans,
428 4950 535 5004 qua
555 4944 736 4991 vatem
758 4944 1023 5002 vestrum,
1053 4951 1255 5007 vosque
1288 4947 1542 5008 expertes
1564 4940 1801 4996 existere

213 5028 480 5100 comperi,
528 5029 812 5084 veritatem
858 5030 1012 5086 vobis
1060 5031 1283 5101 exposui
1313 5049 1327 5085 :
1354 5040 1574 5103 propter
1627 5049 1799 5104 quam

213 5119 260 5175 si
283 5135 435 5177 mors
465 5119 753 5176 furibunda
777 5122 1098 5189 occurrerit,
1129 5122 1304 5179 libens
1333 5125 1621 5194 excipiam,
1679 5126 1798 5198 pla-

213 5214 370 5270 cidus
399 5215 642 5281 subeam,
672 5231 772 5271 nec
805 5217 875 5272 ab
925 5215 1040 5286 ejus
1091 5217 1306 5272 casibus
1361 5217 1602 5274 cervices
1654 5234 1803 5275 meas
1836 5257 1851 5266 -

213 5316 481 5362 avertam.
531 5306 664 5362 Novi
713 5308 857 5362 enim
900 5308 1186 5364 Dominum
1237 5307 1483 5365 dixisse:
1517 5309 1668 5365 Beati
1711 5312 1802 5382 qui

213 5399 626 5471 persecutionem
653 5400 928 5472 patiuntur
965 5410 1174 5472 propter
1210 5401 1476 5471 justitiam
1506 5419 1524 5456 :
1549 5403 1798 5474 quoniam

211 5493 452 5562 ipsorum
479 5501 554 5547 est
585 5509 801 5562 regnum
818 5492 1064 5547 calorum
1107 5493 1320 5566 (Matth.
1347 5511 1398 5560 v,
1432 5494 1540 5567 10).
1572 5514 1593 5548 ι
1648 5495 1801 5551 Tunc

205 5584 378 5656 judex
407 5586 614 5642 carceri
641 5585 789 5641 illum
816 5587 1058 5662 tradens,
1081 5588 1331 5658 protinus
1354 5589 1467 5660 regi
1487 5603 1653 5646 causa
1685 5587 1806 5659 ejus

287 5726 315 5754 ι
350 5714 645 5793 censorem
688 5729 844 5793 vocat
869 5719 974 5774 hoc
997 5718 1335 5793 locotquem
1383 5728 1540 5776 antea
1563 5728 1618 5776 et
1645 5721 1805 5793 paulo

212 5794 336 5911 gost
381 5787 619 5870 iudicem
668 5789 898 5859 appellat
939 5799 1050 5871 z'et
1081 5787 1221 5872 infra
1272 5793 1362 5848 lib.
1396 5807 1502 5857 111.,
1549 5787 1666 5863 cap'.
1713 5794 1803 5847 16.

291 5857 571 5915 uor.—lb1
599 5874 698 5916 nos
721 5860 788 5915 ad
802 5860 1018 5916 Scholia
1040 5862 1254 5919 Moralts
1283 5865 1349 5919 de
1376 5864 1480 5919 hoc
1502 5863 1803 5919 loauemur.

291 5874 571 5915 ιιοτ.-ιι)ι
599 5874 698 5916 nos
721 5874 788 5915 ad
802 5874 1018 5916 δοιιωιίι
1040 5874 1254 5919 moralts
1283 5874 1349 5919 de
1377 5874 1480 5919 hoc
1503 5874 1804 5935 loquemur.

1905 4746 2112 4800 minum
2159 4755 2407 4802 nostrum
2451 4745 2638 4804 Iesum
2683 4747 2988 4817 Christum,
3040 4750 3196 4822 cujus
3245 4749 3494 4838 exemplo

1905 4838 2150 4894 nonnulli
2169 4838 2238 4894 ad
2253 4839 2526 4909 publicum
2547 4841 2646 4896 sub
2659 4841 2849 4897 eadem
2871 4839 3211 4913 professione
3227 4838 3496 4911 perempti

1853 4941 1858 4946 '
1903 4941 2046 4989 sunt.

1975 5036 2028 5090 6.
2073 5034 2182 5092 Sed
2209 5035 2412 5092 dudum
2443 5037 2690 5109 anticcps
2723 5037 2832 5094 illis
2857 5038 3030 5094 beatae
3067 5035 3341 5093 memoriae
3368 5035 3499 5097 Per-

1910 5127 2084 5185 fectus
2119 5129 2404 5200 presbyter
2423 5130 2656 5198 exstitit,
2685 5131 2777 5202 qui
2808 5132 2879 5187 ob
2905 5131 3166 5202 ejusmodi
3201 5116 3495 5200 professio—

1910 5237 2034 5276 nem
2063 5237 2170 5292 qua
2206 5229 2261 5275 et
2302 5222 2392 5276 isti
2422 5222 2697 5288 occubuit,
2725 5223 2822 5279 sed
2851 5237 2960 5278 non
2988 5237 3054 5276 eo
3081 5220 3241 5276 modo
3265 5236 3372 5291 quo
3395 5221 3496 5292 ipsi

1909 5311 2250 5368 deciderunt.
2283 5309 2582 5368 Przedictus
2622 5315 2854 5382 namque
2891 5311 3170 5382 presbyter
3206 5320 3394 5367 coacte
3428 5312 3498 5366 ad

1908 5405 2218 5476 passionem
2239 5413 2465 5470 tractus,
2490 5407 2726 5461 viriliter
2751 5404 3148 5460 consummavit
3175 5405 3347 5460 sancti
3371 5420 3498 5462 cer-

1910 5495 2132 5552 taminis
2166 5511 2405 5552 cursum.
2445 5496 2511 5552 Hi
2532 5511 2664 5552 vero
2684 5504 2875 5564 sponte
2896 5495 3324 5568 suayenientes,
3355 5496 3498 5554 acri-

1911 5599 1994 5647 ter
2023 5591 2169 5648 hosti
2200 5591 2483 5657 resistunt,
2511 5598 2565 5646 et
2603 5588 2839 5660 quadam
2877 5589 3131 5647 violentia
3156 5606 3255 5662 per
3281 5589 3498 5648 eﬂ'usio-

1981 5729 2008 5768 δ
2047 5729 2236 5784 Scnot.
2249 5769 2262 5792 ,
2295 5727 2478 5782 cernit.

1986 5810 2007 5838 ο
2051 5798 2336 5865 Inclurive,
2369 5799 2446 5852 uti
2475 5798 2642 5864 aiunt,
2667 5806 2950 5868 computat.
2977 5795 3188 5854 Mona.
