4094 6346
690 332 794 399 ras

1796 341 1858 403 S.
1898 343 2180 405 EULOGII
2214 342 2536 415 Διιωιιει).
2583 342 2830 407 TOLET.

2237 342 2536 415 taeniae.
2583 342 2830 407 TQLET.
3786 362 3854 421 ut

690 473 839 519 nem.
866 454 1077 516 cruoris
1130 470 1358 531 regnum
1404 455 1525 515 coeli
1577 465 1881 531 capessunt.
1932 458 2051 527 Quo
2100 468 2277 517 autem
2307 466 2357 527 Α
2382 458 2569 517 laudes
2594 460 3125 533 vituperationesque
3147 467 3458 521 sanctorum
3480 480 3560 520 me
3585 466 3853 545 discurrente,

689 552 883 610 ordine
910 552 1052 611 idem
1082 550 1406 611 venerabilis
1430 550 1710 609 Perfectus
1743 554 2029 627 presbyter
2063 555 2275 625 passio-
2383 549 2655 607 interdum
2697 549 2860 605 etiam
2907 550 3117 606 auctori
3154 550 3381 623 profano
3413 554 3611 613 obviam
3635 560 3854 620 venientem

690 640 778 711 nis
805 640 1052 699 bravinm
1077 640 1391 707 emeruerit,
1418 641 1744 715 principium
1772 642 1900 699 libri
1926 644 2151 705 secundi
2181 660 2277 705 ex-

689 745 890 817 ponet;
934 752 1001 795 ac
1043 737 1295 813 deinceps
1320 744 1644 797 caeterorum
1681 738 1925 806 nomina;
1951 747 2159 806 aetates,
2188 755 2279 797 or-

2381 640 2612 699 lectores
2658 640 2763 697 mei
2809 638 3023 697 facilius
3065 640 3441 715 intelligerent,
3482 646 3700 715 precibus
3729 655 3855 726 expia.

2382 741 2525 803 rent,
2555 734 2890 791 orationibus
2922 732 3237 806 adiuvarent
3261 754 3276 791 :
3300 747 3358 791 et
3396 745 3502 793 tam
3535 738 3596 795 de
3629 741 3854 817 illis,quam

689 835 805 899 ius,
830 836 1182 901 temporaque
1210 828 1515 887 aliisionum
1541 830 1742 889 edicet.
1773 830 2114 904 Quapropter
2136 831 2278 891 hanc
2381 825 2450 881 de
2482 840 2571 883 me
2599 826 2731 898 ipsis
2760 825 3003 894 favente,
3030 826 3296 898 judicium
3338 829 3600 900 proprium
3626 842 3672 889 et
3701 850 3854 897 nuncct

686 920 1060 994 praefationem
1118 921 1174 981 in
1222 921 1401 993 capite
1447 921 1737 983 voluminis
1786 925 1978 1001 posui,
2022 934 2082 981 ut
2133 925 2277 981 inter
2383 927 2508 975 ante
2537 916 2822 977 Dominum
2850 917 3074 976 ferrent.

715 1032 3853 1067 mm

1880 1141 2182 1220 LIBER
2274 1139 2662 1219 PRIMUS
2700 1135 2763 1217 ⁸.

754 1320 1273 1413 finitissimon
1286 1332 1911 1409 (i)virorumprovidum
1926 1352 2271 1413 semperesse
2373 1339 2717 1411 lmpetentes,
2754 1336 3077 1403 redivivam,
3112 1337 3160 1393 si
3194 1337 3456 1408 possibile
3480 1348 3577 1405 est,
3597 1342 3851 1412 quietus-s-

682 1409 845 1470 debet
884 1420 1212 1491 consultum,
1242 1426 1525 1483 commoda
1553 1427 1811 1488 Ecclesia:
1844 1409 2126 1493 catholicae
2159 1448 2267 1491 non

680 1508 1091 1581 parvipendere,
1122 1528 1224 1572 nec
1267 1516 1338 1573 ab
1374 1518 1610 1576 obventu
1656 1522 2005 1592 perfectionis
2028 1524 2145 1596 ejus
2178 1526 2269 1582 de-

678 1597 903 1669 sistere;
944 1604 1053 1671 vel,
1082 1606 1128 1662 si
1152 1618 1259 1678 qua
1280 1608 1414 1666 vitio
1457 1609 1721 1684 cujusque
1764 1614 2106 1672 hebetudinis
2150 1631 2269 1673 sese

676 1690 1012 1754 interserunt
1065 1712 1375 1759 commenta
1438 1706 1540 1775 piae
1602 1706 1943 1781 reiigiositati
1998 1700 2261 1780 adultera,

2373 1442 2584 1491 ctorum
2612 1428 2917 1501 implodunt
2946 1427 3274 1499 supplicium
3306 1446 3323 1482 :
3351 1443 3445 1485 seu
3473 1430 3633 1502 dignis
3652 1431 3851 1491 beatorum

2373 1522 2690 1582 satisfacere
2730 1522 3009 1578 memoriis
3051 1520 3335 1589 anhelans,
3363 1524 3457 1594 qui
3493 1524 3619 1579 coelo
3648 1537 3852 1595 regnantes

2369 1614 2702 1686 exemplaria
2737 1614 3089 1695 victoriarum
3120 1630 3342 1670 suarum
3384 1616 3672 1672 mortalibus
3695 1618 3851 1691 relique

2374 1717 2534 1773 runt;
2577 1705 2733 1762 libuit
2776 1705 2912 1762 mihi
2944 1720 3044 1777 pro
3070 1707 3288 1762 modulo
3316 1707 3491 1779 exigui
3527 1708 3696 1780 ingenii
3720 1710 3850 1766 talibtu

676 1783 987 1845 nullatenus
1036 1789 1286 1863 improbo
1338 1797 1582 1869 neglectu
1635 1800 1835 1858 silentii
1890 1802 1945 1858 in
2007 1803 2262 1874 majorem
2294 1839 2343 1901 Β
2373 1802 2539 1857 rebus
2569 1800 2841 1865 insistere,
2870 1807 3164 1870 nostroque
3186 1800 3609 1901 licet-rusticano.
3636 1804 3849 1901 seruiensl

676 1877 969 1901 nun—2-2....
1008 1881 1119 1901 _2_-
1146 1900 1151 1901 ,
1176 1884 1227 1901 ,Α
1330 1900 1333 1901 ,
1694 1890 1729 1901 Α
1778 1893 1791 1901 .
2508 1892 2520 1901 .
2652 1892 2666 1901 -
2708 1892 2723 1901 .
2834 1893 2848 1901 .
2896 1890 2919 1901 Α

672 1877 973 1945 perniciem
1006 1881 1290 1940 stuendum
1324 1900 1660 1947 accrescere.
1689 1890 1826 1960 Quia
1855 1902 2119 1964 quantum
2154 1910 2267 1952 me-

672 1968 798 2025 ritis
828 1973 1103 2041 praeturae
1130 1983 1591 2052 conversationis,
1631 2000 1726 2042 seu
1775 1996 1973 2044 sanctae
2006 1988 2267 2046 doctrinae

672 2061 956 2132 gradibus,
984 2076 1172 2125 sancta
1220 2070 1463 2130 Ecclesia
1516 2076 1570 2132 in
1620 2094 1855 2150 superna
1900 2083 2166 2151 evehitur,
2210 2084 2264 2139 in

672 2156 909 2215 sublime
932 2159 1196 2233 elevatur,
1225 2166 1423 2239 ubique
1450 2170 1789 2231 incremento
1819 2174 1941 2232 fidei
1971 2177 2261 2245 dilatatur;

672 2255 888 2307 tantum
926 2254 1112 2323 etiam,
1142 2268 1235 2314 aut
1270 2276 1336 2316 eo
1375 2264 1607 2334 amplius
1643 2264 1849 2325 incuria
1880 2270 2264 2343 negligentium

674 2342 948 2415 dejicitur,
992 2348 1312 2421 impulsibus
1354 2356 1545 2413 horum
1592 2360 1792 2417 misere
1836 2342 2165 2431 concutitur,
2204 2374 2265 2421 'et

668 2439 1032 2506 quorumdam
1081 2446 1331 2502 socordia
1377 2450 1444 2505 ad
1486 2450 1593 2506 ima
1630 2453 1931 2526 projicitur.
1968 2455 2109 2514 Hinc
2136 2473 2263 2529 pro-

672 2529 861 2598 venit,
903 2542 963 2588 ut
1024 2545 1199 2594 auctae
1246 2539 1392 2597 vires
1442 2556 1824 2613 perversorum
1875 2548 2260 2605 detrimentum

666 2630 889 2692 semper
946 2624 1197 2686 ﬁdciibus
1266 2631 1548 2704 ingeram,
1609 2637 2079 2712 dispendiumque'
2113 2644 2261 2716 gregi

664 2713 897 2783 pusillo,
950 2719 1038 2774 cui
1091 2723 1418 2795 complacuit
1464 2725 1614 2784 Patri
1664 2731 1796 2786 dare
1843 2748 2068 2805 regnum
2107 2713 2258 2805 (Luc.

668 2818 768 2871 xu,
811 2806 925 2881 52),
975 2824 1308 2885 exaggerent
1343 2834 1358 2872 :
1409 2818 1534 2875 dum
1578 2821 1871 2895 aliquando
1909 2825 2140 2895 torpenti
2189 2826 2264 2881 si—

662 2895 835 2955 lentio
874 2902 1132 2961 omnibus
1179 2908 1465 2976 contentis,
1502 2926 1597 2969 seu
1625 2901 1875 2985 proniori.
1895 2915 2051 2987 lapsu
2071 2916 2262 2972 ultimo

668 2988 926 3046 vitiomm
947 2993 1145 3065 abyssu
1180 2996 1477 3068 immersis,
1505 3002 1686 3060 nullus
1715 3005 1855 3061 adsit
1883 3007 1973 3077 qui
2008 3008 2258 3074 redimat,

666 3093 844 3150 neque
880 3083 972 3152 qui
1014 3084 1220 3141 salvum
1258 3088 1429 3146 faciat
1454 3090 1628 3163 (Psaf.
1657 3110 1756 3162 vn,
1787 3097 1867 3169 5),
1892 3098 2104 3155 dicente
2131 3099 2259 3155 Pro-

2368 1892 2788 1965 parvipeudulos
2830 1890 3148 1959 informare,
3173 1893 3385 1949 :emulis
3416 1894 3680 1959 contraire,
3700 1903 3742 1950 et
3760 1894 3849 1950 celo

2366 1991 2526 2040 tenus
2555 1994 2674 2040 acta
2708 1991 3019 2040 sanctorum
3049 1983 3311 2040 extollere

2440 2085 2493 2141 5.
2520 2085 2629 2141 Sed
2649 2085 2834 2141 nescio
2861 2100 2969 2156 quo
2992 2085 3212 2141 tendere
3235 2099 3330 2140 rea
3352 2099 3502 2141 mens
3519 2086 3689 2157 poterit
3707 2084 3778 2158 (2),
3794 2087 3847 2140 cui

2363 2172 2558 2248 legalis
2587 2176 2884 2231 auctoritas
2910 2190 2978 2232 ex
3006 2190 3139 2231 voce
3160 2175 3379 2232 Domini
3415 2176 3666 2241 occurrit,
3690 2174 3847 2230 dicens:

2373 2265 2643 2322 Peccatort‘
2670 2277 2847 2322 autem
2869 2266 3003 2321 dixit
3016 2266 3159 2321 Deus
3174 2281 3193 2318 :
3213 2266 3395 2333 Quare
3409 2277 3463 2321 tu
3482 2282 3674 2321 enarra:
3684 2264 3846 2336 iustitia

2371 2372 2517 2412 meas
2537 2397 2551 2422 ,
2607 2366 2655 2412 et
2683 2357 2910 2411 assumis
2940 2366 3309 2411 testamentum
3343 2373 3510 2412 meum
3544 2372 3629 2427 per
3658 2370 3704 2408 os
3723 2353 3850 2407 tm!

2371 2448 2546 2523 (Psal.
2580 2466 2709 2507 nix
2728 2493 2742 2517 ,
2778 2449 2892 2523 16.)
2924 2450 3061 2506 llinc
3100 2449 3263 2505 silere
3289 2452 3635 2515 decreveram,
3658 2449 3845 2503 hincue

2363 2539 2471 2597 lius
2511 2541 2581 2597 ab
2602 2540 2913 2610 huiusmodi
2942 2540 3243 2597 intentione
3273 2541 3536 2598 abducere
3559 2540 3844 2611 mejudicm-

2365 2647 2482 2686 ram
2501 2650 2513 2685 :
2530 2612 2784 2703 quoniam
2800 2630 2951 2687 nefas
2975 2646 3097 2687 esse
3120 2633 3378 2703 putabam
3409 2646 3469 2687 os
3491 2630 3621 2687 nulla
3632 2627 3845 2685 sanctitati

2364 2738 2466 2794 ope
2495 2723 2786 2779 subnixum
2811 2765 2826 2792 ,
2853 2731 3060 2779 temere
3088 2732 3211 2780 acta
3243 2725 3559 2781 eiucubrare
3590 2730 3843 2783 sanctum;

2363 2815 2478 2871 sive
2502 2816 2646 2886 quod
2678 2814 2953 2884 majestati
2978 2817 3057 2872 rei
3084 2825 3250 2888 gestce
3295 2827 3534 2874 nostrum
3560 2812 3773 2872 imbecille
3796 2813 3845 2866 in-

2362 2910 2583 2980 genium
2611 2908 2946 2964 considerari
2985 2923 3145 2980 posse
3173 2910 3526 2965 succumbere
3550 2918 3595 2962 ο.
3630 2904 3737 2973 Quia

2363 3000 2545 3056 divina
2592 3016 2683 3056 res
2724 3001 3023 3056 humanum
3076 3002 3487 3074 supergreditur
3528 3006 3765 3061 conatum;
3795 3000 3845 3048 sic

2362 3091 2545 3165 lingua
2578 3094 2808 3149 terrenis
2838 3093 3181 3160 incumbens,
3209 3095 3446 3150 aetherea
3476 3108 3575 3149 non
3598 3097 3742 3163 potest
3770 3100 3844 3156 my-

665 3171 827 3243 pheta
861 3192 874 3228 :
911 3175 1033 3233 Non
1061 3183 1369 3240 ascendistis
1398 3202 1463 3240 ea:
1492 3188 1731 3254 adverso,
1760 3209 1923 3264 neque
1946 3195 2257 3265 opposuistis

665 3279 870 3294 ..ραι-...-
894 3284 991 3294 ...κ-
1030 3271 1176 3294 1-..-..
1224 3271 1387 3294 lamas!
1450 3287 1496 3294 ,_
1571 3288 1582 3294 .
1685 3282 1718 3294 ,ο
1789 3283 1803 3294 ι
1987 3284 2020 3294 ..
2093 3287 2104 3294 .
2198 3287 2229 3294 ..

2227 3199 2257 3251 7s
2285 3227 2332 3294 Β
2368 3183 2539 3239 Steria
2564 3182 2733 3254 loqui.
2762 3180 2916 3240 Sicut
2939 3184 3239 3294 praedicare
3267 3184 3437 3294 libe‘re
3451 3181 3707 3294 nescihqui
3720 3177 3844 3294 ΡΗ

663 3279 873 3320 murum
894 3284 991 3339 pro
1025 3271 1180 3327 domo
1216 3271 1408 3341 Israel,
1438 3287 1496 3331 ut
1535 3282 1745 3334 staretis
1782 3283 1838 3337 in
1869 3284 2052 3354 pra-lio
2085 3287 2139 3339 in
2173 3287 2257 3342 die
2286 3271 2332 3294 υ
2360 3275 2599 3345 peccatis
2628 3274 2765 3330 liber
2795 3274 3008 3342 existit;
3036 3277 3115 3331 sic
3133 3276 3479 3333 abnuendum
3496 3271 3844 3340 crcditurdogm

663 3355 880 3415 Domini
915 3360 1130 3433 (Eucti.
1167 3366 1395 3436 xm,5).
1432 3368 1584 3427 Illius
1622 3373 1787 3428 etiam
1819 3388 1983 3444 quam
2019 3378 2256 3435 maxime

663 3447 980 3505 vaticinium
1016 3452 1300 3524 Prophetse
1330 3455 1648 3527 formidans,
1680 3476 1790 3533 quo
1824 3466 2129 3523 socordiam
2174 3469 2258 3524 in-

663 3538 873 3596 utilium
914 3551 1199 3614 pastorum
1238 3546 1502 3605 Dominus
1549 3561 1907 3623 contestatur,
1950 3557 2126 3626 Ecce,
2175 3561 2257 3616 in-

663 3630 876 3701 quiens,
901 3650 989 3690 vos
1017 3635 1101 3692 fac
1126 3639 1446 3708 comrdistis,
1468 3652 1517 3698 et
1541 3642 1679 3701 fanis
1705 3649 2111 3718 operiebamini;
2136 3671 2254 3711 oves

661 3728 838 3777 δαείη
878 3740 1024 3781 meas
1056 3726 1175 3800 ιιιρί
1216 3730 1520 3789 inuaserunt
1549 3734 1737 3808 (Ibid,
1760 3752 1947 3809 xxxrv,
1979 3743 2034 3809 5,
2072 3743 2127 3817 5)
2153 3765 2166 3800 :
2200 3754 2255 3802 et

662 3810 791 3867 dum
816 3828 923 3869 non
952 3820 1260 3888 procuratis
1296 3836 1495 3892 pascua
1522 3827 1780 3899 salubria,
1813 3831 1884 3888 ab
1913 3810 2149 3892 inimicis
2173 3837 2253 3894 eis

662 3915 792 3961 sunt
812 3908 1001 3965 herbae
1029 3913 1290 3970 morbida:
1320 3926 1642 3987 proelii-alae.

735 3994 790 4049 2.
830 3996 1173 4070 Quapropter
1204 4018 1278 4061 ne
1321 4009 1472 4065 canis
1506 4019 1716 4081 mutus,
1742 4024 1800 4070 et
1825 4030 1931 4072 non
1956 4018 2145 4076 valens
2172 4022 2252 4077 ia-

664 4093 814 4141 trare
842 4086 979 4159 (ha.
1011 4106 1155 4159 sui,
1186 4095 1279 4168 19)
1304 4100 1605 4170 appellarer
1641 4120 1670 4159 a
1714 4103 1981 4176 Domino,
2031 4110 2147 4169 sive
2192 4122 2254 4173 ut

665 4178 949 4235 evaderem
978 4182 1035 4237 in
1063 4183 1301 4244 futurum
1338 4193 1721 4266 negligentium
1745 4198 2040 4271 judicium,
2083 4221 2249 4261 cona-

662 4276 754 4323 tus
784 4284 904 4326 enim
934 4287 1007 4328 ea
1042 4282 1360 4350 pauperimo
1396 4294 1602 4341 nostrae
1642 4290 1881 4346 scientiae
1925 4294 2128 4349 scrinio
2157 4296 2250 4351 de-

662 4374 915 4432 promere
941 4367 1140 4439 aliqua,
1169 4380 1224 4426 et
1241 4389 1305 4430 ex
1332 4376 1542 4433 olerum
1574 4379 1813 4449 ferculis,
1845 4391 2025 4441 tamen
2057 4389 2247 4446 catho-

662 4453 772 4511 lico
812 4459 991 4515 studio
1034 4465 1343 4533 apparatis,
1391 4467 1629 4526 fidelium
1682 4482 1930 4534 saturare
1986 4480 2244 4539 esuriem.

2359 3364 2603 3437 ejusdem
2630 3406 2645 3433 ,
2689 3366 2844 3437 cujus
2864 3365 3013 3422 vitiis
3042 3366 3241 3423 infecta
3279 3376 3366 3424 est
3389 3368 3514 3422 vita.
3550 3363 3642 3422 Sed
3677 3354 3843 3429 nunquid

2357 3455 2664 3510 mercedem
2707 3470 2861 3510 suam
2888 3472 3074 3512 coram
3111 3456 3345 3513 Domino
3364 3457 3544 3530 perdet
3569 3449 3842 3511 meustslihm

2356 3544 2626 3602 oblectata
2672 3548 2907 3604 studiis?
2931 3558 3025 3605 aut
3054 3558 3386 3625 aeternorum
3418 3548 3701 3605 vacuabitur
3727 3540 3841 3613 εηιίι

2356 3640 2684 3695 munerum?
2714 3640 2818 3708 Qui
2840 3641 2940 3696 init
2964 3642 3111 3713 quod
3140 3641 3255 3698 Deo
3285 3652 3372 3699 est
3394 3641 3658 3715 placitum,
3678 3635 3755 3691 etsi
3773 3644 3841 3686 nol

2356 3730 2606 3788 eﬂ‘ectum
2635 3774 2652 3801 ,
2698 3743 2849 3790 certe
2891 3734 2976 3789 vel
3012 3735 3160 3806 pium
3187 3745 3345 3806 geret
3371 3734 3623 3790 affeCtum.
3662 3729 3745 3782 Aut
3772 3735 3841 3778 nol

2354 3825 2461 3880 erit
2489 3840 2674 3881 coram
2723 3826 2955 3881 Domino
2997 3828 3460 3899 compensandum
3484 3869 3498 3894 ,
3539 3823 3662 3896 quod
3698 3812 3841 3886 ltiti"

2355 3915 2471 3972 zelo
2500 3916 2595 3973 Dei
2618 3918 2811 3973 armati
2838 3927 3028 3975 contra
3048 3920 3260 3978 hostem
3288 3921 3554 3993 publicum
3578 3918 3841 3988 apertttutllue

2353 4009 2619 4081 gesserint
2646 4008 2869 4077 bellum,
2897 4011 2952 4067 in
2975 4028 3042 4068 eo
3072 4026 3173 4069 nos
3202 4013 3546 4070 ineﬂ‘abilium
3581 4007 3751 4065 attollat
3781 4000 3840 4056 ls-

2354 4099 2472 4155 titia
2487 4101 2805 4172 gaudiorum
2816 4103 2843 4157 ?
2857 4102 3010 4159 Sicut
3024 4105 3169 4160 enim
3190 4106 3437 4163 mihimet
3455 4104 3648 4161 nescius
3662 4113 3744 4155 non
3757 4106 3835 4149 sum

2349 4192 2591 4262 peccatis
2614 4194 2909 4250 obnoxium
2938 4195 3234 4254 sceleribus
3276 4198 3596 4270 implicatum
3623 4205 3694 4248 me
3718 4190 3838 4257 ipsum

2350 4297 2500 4349 esse;
2540 4285 2613 4340 ita
2637 4298 2855 4357 quoque
2876 4286 2941 4342 de
2971 4287 3258 4344 clementia
3284 4285 3640 4359 Redemptoris
3660 4278 3741 4336 mei
3759 4272 3839 4329 nul-

2349 4372 2561 4431 latenus
2601 4390 2721 4432 sum
2752 4375 2959 4433 diuisus
2983 4419 2999 4444 ,
3036 4378 3129 4449 qui
3171 4380 3468 4450 reprobans
3504 4382 3764 4450 peccatores
3794 4362 3837 4469 εξ

2348 4464 2526 4523 oﬂicio
2566 4470 2893 4542 praedicandi
2938 4472 3089 4543 (quia
3124 4486 3235 4528 non
3273 4472 3400 4530 licet
3423 4470 3719 4529 committere
3754 4464 3835 4514 cani

663 4547 863 4604 Eorum
894 4552 1120 4621 scilicet,
1149 4558 1243 4628 qui
1268 4558 1553 4618 veritatem
1586 4564 1708 4621 fidei
1735 4565 2077 4637 Cbristiame,
2106 4573 2248 4630 sicut
2273 4592 2325 4657 Β
2352 4574 2537 4620 sane“!
2565 4564 2777 4665 Ποξιξίηί
2804 4565 3022 4665 [Μιξηθιο
3052 4584 3149 4633 νυν
3176 4566 3301 4665 6]):
3346 4582 3460 4665 "l0"
3502 4564 3834 4665 mimi”?

660 4656 691 4693 ιι
722 4643 929 4698 sanctis
954 4642 1208 4703 Patribus
1237 4664 1587 4721 acceperunt,
1628 4671 1758 4713 sana
1799 4660 2119 4719 credulitate
2163 4681 2247 4721 re-
2273 4640 2321 4657 "
2353 4666 2529 4714 torum
2591 4656 2777 4713 utilem
2837 4658 3167 4715 voluntatem
3215 4640 3295 4715 vin
3344 4659 3397 4716 id
3452 4654 3581 4728 quod
3630 4649 3711 4707 δίδί
3759 4640 3835 4712 Ρ¹²’

661 4742 914 4791 tentant:
946 4752 1013 4794 ne
1042 4740 1340 4801 desistente
1368 4750 1767 4815 procurationis
1794 4763 1993 4810 nostrae
2021 4755 2244 4814 salutari

660 4824 858 4891 edulio,
888 4825 1197 4886 lethiferum
1227 4834 1295 4889 ab
1322 4834 1555 4894 inimicis
1581 4852 1857 4897 sumerent
1880 4844 2080 4900 cibum.
2102 4844 2252 4903 Ideo-

663 4928 787 4985 que,
817 4927 1042 4991 urgente
1065 4936 1152 4977 me
1173 4922 1368 4980 divinae
1388 4927 1672 4986 charitatis
1699 4932 1938 5000 stimulo,
1961 4943 2017 4990 et
2036 4936 2247 4993 consul-

660 5011 778 5060 tum
803 5023 1001 5079 galeas
1020 5012 1301 5070 catholicae
1323 5015 1513 5086 plebis,
1542 5034 1704 5089 quam
1736 5030 2012 5080 nutantem
2043 5027 2098 5081 in
2125 5044 2245 5084 cer-

662 5100 957 5161 taminibus
994 5104 1227 5163 militum
1262 5107 1463 5166 Christi
1504 5115 1754 5185 cognovi,
1792 5130 1885 5172 seu
1915 5118 2108 5175 obvius
2136 5119 2243 5178 illis

663 5193 887 5252 studens
926 5211 1252 5268 occurrere,
1289 5216 1422 5259 ense
1462 5205 1611 5262 verbi
1654 5206 1749 5265 Dei
1792 5211 2100 5279 accinctus,
2150 5216 2241 5285 qui

660 5296 770 5338 non
798 5285 978 5344 solum
1016 5304 1113 5347 eos
1142 5293 1385 5365 recipere
1423 5295 1565 5353 inter
1601 5308 1870 5373 martyres
1910 5303 2121 5371 uolunt,
2153 5320 2244 5361 ve-

659 5377 951 5435 miam
985 5396 1083 5438 ore
1114 5386 1378 5459 sacrilego
1414 5389 1670 5445 convnciis
1699 5401 1863 5462 atque
1892 5392 2246 5466 blasphemiis

660 5491 1053 5623 “2.355123:
1056 5512 1244 5623 blainuo
1298 5502 1422 5569 851,
1451 5512 1573 5573 post
1592 5504 1830 5561 medium
1858 5505 2025 5575 Junii,
2049 5519 2104 5565 et
2123 5518 2251 5569 ante

1144 5586 1189 5623 s.

742 5629 1180 5717 {Hispani-smus
1209 5657 1222 5694 :
1246 5653 1382 5717 quos
1410 5643 1567 5715 vulgo
1599 5662 1728 5716 paco
1756 5648 2159 5717 considerados,
2190 5661 2247 5708 et

666 5697 972 5786 burladoies
1001 5697 1467 5786 dicimus-Utitur
1486 5697 1655 5786 "sed;
1670 5697 2165 5786 ebdéiifverifdﬂi

662 5769 852 5852 eodem
879 5789 1039 5852 sensu
1062 5794 1199 5852 voce
1225 5769 1603 5852 parvipende
1626 5769 2238 5847 virili-fitti-

663 5838 759 5895 lib.
790 5858 849 5909 ιι,
881 5855 934 5901 et
963 5848 1014 5901 in
1041 5838 1264 5919 Apolog.
1294 5838 1439 5906 nuin.
1474 5838 1527 5907 ιιέ
1559 5838 1758 5914 Scito-1',

2352 4740 2460 4803 cet.
2507 4747 2749 4819 Denique
2792 4751 3126 4806 exsecranda
3188 4761 3315 4807 sunt
3355 4766 3512 4823 opera
3550 4741 3831 4834 reprobotuﬂb

2351 4854 2460 4895 non
2501 4841 2896 4896 contemnenda
2920 4850 3041 4897 vota
3073 4842 3373 4914 probabilia
3403 4826 3831 4924 peccatomm-Q'fi‘

2351 4931 2494 4988 sicut
2550 4946 2690 5002 opus
2728 4932 3008 4988 sinistrum
3050 4948 3434 5004 usquequaque
3460 4946 3550 4986 nos
3567 4922 3743 4995 dejieit,
3781 4920 3830 4966 ill

2351 5024 2499 5096 pium
2520 5022 2769 5078 ail'ectum
2815 5026 2867 5078 in
2908 5024 3065 5080 nobis
3112 5026 3369 5081 Dominus
3393 5038 3493 5080 non
3521 5016 3710 5090 spernit.
3730 5006 3830 5073 Ου’

2348 5125 2575 5186 propter
2600 5116 2747 5172 illico
2784 5132 2937 5173 mens
2982 5118 3187 5188 dejecta
3225 5118 3451 5191 erigitur
3474 5158 3488 5183 ,
3538 5109 3829 5169 Christumque

2351 5208 2727 5264 instituentem
2748 5224 2810 5265 ac
2838 5212 3239 5280 promittentem
3266 5212 3520 5275 recolens,
3547 5222 3628 5279 spe
3642 5196 3828 5272 quod“?

2352 5300 2512 5354 modo
2536 5300 2915 5370 possibilitatis
2943 5304 3237 5368 animatur,
3254 5305 3347 5375 qui
3374 5302 3475 5359 ait:
3491 5297 3632 5371 Aperi
3651 5296 3824 5383 orig-If,

2352 5399 2400 5444 α
2442 5406 2535 5462 ego
2580 5391 2876 5462 adimplebo
2924 5393 3060 5448 illud
3100 5374 3285 5467 (Ριαιζ
3314 5410 3473 5457 ιιχχ,
3518 5374 3826 5461 uisum:

2428 5510 2450 5540 ε
2482 5500 2641 5558 Hunc
2662 5502 2839 5559 locum
2862 5504 2934 5559 ita
2967 5506 3320 5571 restituimus,
3361 5521 3477 5561 cum
3511 5514 3559 5557 et
3602 5497 3645 5552 in

2353 5571 2625 5628 Ambrosii
2654 5573 2903 5640 Muralis,
2944 5584 3002 5631 et
3030 5578 3170 5640 apud
3192 5563 3455 5634 Andream
3482 5573 3725 5628 Senatum.
3742 5563 3824 5640 ei!

2352 5655 2667 5729 corruptum
2693 5633 2998 5727 credamus.
3021 5633 3142 5729 ἑ)ὺὶ
3168 5650 3432 5729 enimpost

2351 5704 2575 5786 Ρθῗίοάο
2614 5716 2967 5786 “ﬁnitimis;
3021 5717 3250 5775 Morales
3292 5719 3365 5775 sic
3388 5758 3402 5783 ,
3446 5711 3769 5772 Schotust'ero
3793 5704 3822 5743 κ

2350 5783 2516 5853 priori
2534 5826 2548 5851 ,
2574 5783 2854 5842 sic'antem
2884 5783 3121 5847 seCundo
3145 5791 3363 5863 aptavit.
