4094 6346
234 401 332 460 7M

1211 391 1638 454 MEMORIALIS
1677 389 2122 452 SANCTORUM.
2161 420 2234 434 —
2267 389 2396 448 LIB.
2437 381 2454 446 l

3398 397 3504 456 742

235 519 490 580 Dominus
519 515 664 572 dabit
701 517 910 574 verbum
937 513 1410 587 euangelizantibus
1443 517 1497 570 in
1539 513 1816 570 virtutibus
1841 513 1892 576 Α
1921 509 2068 566 Solet
2093 509 2235 564 enim
2267 515 2520 580 peccator
2561 505 2694 560 sorti
2735 505 2830 562 Dei
2867 501 3138 564 imntistus
3175 511 3415 582 quntidie
3447 513 3502 570 in

233 613 412 672 multis
427 609 545 686 (Ps.
569 627 740 680 vatt,
755 609 865 686 12).
887 609 1018 668 Inde
1033 612 1142 666 voti
1155 625 1374 682 compos
1395 605 1638 676 eﬂ'ectus,
1653 605 1816 664 credo

231 707 374 780 quod
399 703 542 762 idem
567 703 824 776 magister
851 717 1014 758 verus
1054 703 1364 776 dignabitur
1391 699 1544 757 nobis
1571 701 1818 758 conferre

229 797 592 870 przeconabile
611 796 836 852 verbum
877 795 946 850 ad
973 795 1386 852 instructionem
1425 789 1814 850 catholicorum

231 893 536 954 honestam,
571 889 638 942 ad
661 885 874 942 laudem
899 895 1210 942 sanctorum
1233 883 1608 958 dignissimam
1629 925 1644 952 ,
1670 891 1724 938 et
1749 881 1818 938 ad

227 987 682 1062 expugnationem
730 973 1166 1042 adversariorum
1201 979 1634 1038 efﬁcacissimam
1659 1019 1674 1045 ,
1723 975 1816 1048 qui

227 1079 484 1152 praestitit
529 1073 748 1136 animali
793 1075 1094 1134 irrationali
1143 1073 1324 1146 eloqui
1373 1072 1480 1128 ritu
1533 1069 1832 1128 hominum

229 1169 424 1242 (Num.
453 1185 594 1238 xxu,
624 1167 694 1226 28
717 1177 768 1224 et
785 1167 972 1240 seqq.).
997 1167 1066 1222 Et
1089 1167 1230 1222 sicut
1255 1181 1342 1222 me
1363 1163 1641 1236 indignum
1665 1169 1816 1216 tanto

227 1273 396 1328 opere
425 1257 601 1314 fateor
621 1299 636 1324 ,
676 1257 752 1314 ita
773 1271 990 1328 quoque
1019 1257 1102 1312 sui
1131 1253 1466 1328 perfectione
1499 1269 1606 1308 non
1641 1251 1814 1306 solum

227 1341 348 1410 erui
379 1352 552 1422 culpis
579 1349 828 1416 conﬁdo,
867 1349 1222 1406 verumetiam
1253 1349 1428 1420 pretiis
1467 1335 1772 1404 abstractus
1798 1387 1814 1412 ,

227 1445 660 1514 praestantiorem
687 1442 918 1512 gratiam
961 1441 1266 1496 interventu
1299 1437 1414 1508 ejus
1443 1439 1584 1510 apud
1627 1436 1814 1492 Domi-

229 1551 362 1592 num
393 1535 638 1592 invenire
677 1547 836 1612 spero
866 1551 880 1588 :
913 1541 970 1588 ut
997 1539 1080 1588 est
1109 1527 1690 1604 illud'philosophicum
1717 1547 1729 1582 :

409 1673 518 1726 ﬂos
533 1683 662 1738 opus
679 1675 776 1725 hoc
791 1675 906 1724 olttn
931 1673 1092 1724 forsan
1109 1685 1194 1724 me
1215 1671 1472 1724 subtrahet
1501 1673 1626 1734 igni.

299 1799 354 1854 4.
393 1797 562 1872 Igitur
591 1795 656 1854 de
679 1797 960 1866 memoriis
991 1807 1288 1872 martyrum
1317 1797 1592 1868 quidpiam
1623 1813 1708 1852 me
1735 1797 1814 1854 lo-

1919 615 2082 656 aures
2126 599 2310 672 populi
2337 599 2452 654 haec
2483 597 2704 654 dicere:
2733 597 2996 656 Dominus
3029 601 3123 668 ait,
3175 601 3502 663 Proclama:

1919 691 1986 746 de
2017 689 2544 762 transgressionibus
2585 699 2979 762 praeceptorum
3021 691 3118 746 Dei
3155 693 3370 764 plebem
3419 711 3506 750 ar-

1919 798 2020 856 gue
2049 803 2062 838 :
2095 783 2162 838 de
2191 783 2480 839 severitate
2503 781 2714 852 jndicii,
2743 799 2864 854 quae
2892 791 3236 854 peccatorum
3279 787 3506 844 debetur

1919 879 2266 946 excessibus,
2317 889 2620 936 contestare
2649 895 2666 934 :
2695 879 2760 934 de
2805 879 3016 936 redditu
3069 881 3254 948 veniae,
3301 891 3358 940 et
3409 901 3506 956 spe

1917 973 2286 1044 promerendae
2311 972 2610 1028 clementiae
2633 973 2892 1041 admone;
2925 989 3048 1030 cum
3071 983 3254 1034 tamen
3279 975 3368 1034 ille
3388 977 3506 1050 ipse

1917 1079 2020 1118 nec
2047 1063 2264 1118 modum
2304 1061 2520 1118 sibimet
2557 1063 2612 1116 in
2639 1063 2956 1120 criminibus
2997 1075 3186 1144 ponat,
3215 1081 3314 1122 nec
3341 1075 3508 1126 terro—

1917 1173 2032 1212 rem
2073 1155 2240 1212 futuri
2263 1155 2530 1212 examinis
2561 1163 2784 1224 metuat,
2809 1167 2862 1212 et
2893 1159 3038 1230 quod
3074 1159 3196 1218 aliis
3223 1163 3502 1236 praedicat,

1919 1249 2160 1306 moribus
2193 1249 2306 1320 ipse
2351 1249 2668 1322 impugnat:
2699 1249 2864 1306 verbo
2891 1259 3070 1308 autem
3111 1251 3228 1324 ejus
3261 1257 3504 1314 nonnulli

1919 1341 2128 1408 intenti,
2160 1341 2228 1396 ab
2253 1341 2454 1398 illicitis
2485 1339 2780 1408 abstinent,
2805 1351 2860 1398 et
2883 1343 3300 1414 perfectioribus
3326 1349 3508 1408 adhae-

1917 1443 2060 1491 rent.
2109 1433 2188 1492 De
2217 1435 2414 1506 quibus
2439 1435 2494 1489 in
2531 1433 2831 1520 .Evangclio
2871 1435 3106 1494 dicitur:
3137 1439 3328 1496 Omnia
3367 1459 3508 1514 qua»:-

1917 1547 2117 1602 cunque
2157 1529 2384 1584 dixerint
2429 1529 2570 1584 vobis
2605 1529 2872 1586 observate
2914 1541 2962 1585 et
2985 1533 3144 1602 facite
3171 1547 3188 1586 :
3220 1535 3508 1592 secundum

1924 1637 2074 1692 opera
2097 1637 2214 1676 vero
2241 1619 2453 1675 illorum
2485 1620 2642 1676 nolite
2673 1619 2876 1692 facere;
2909 1621 3091 1678 dicunt
3133 1623 3294 1692 enim,
3319 1637 3366 1680 et
3404 1645 3506 1682 non

1919 1711 2120 1784 faciunt
2145 1727 2164 1764 :
2192 1711 2412 1782 alligant
2447 1727 2608 1766 onera
2638 1713 2818 1782 gravia
2842 1723 2890 1766 et
2917 1713 3296 1782 importabilia,
3330 1728 3376 1770 et
3404 1717 3507 1772 im-

1915 1813 2115 1874 ponunt
2151 1821 2212 1858 ea
2261 1803 2490 1858 humeris
2536 1803 2827 1870 hominum,
2871 1803 3031 1874 digito
3068 1815 3242 1862 autem
3277 1825 3374 1864 suo
3415 1826 3510 1864 no-

225 1899 442 1957 cuturo,
471 1891 793 1962 principium
813 1891 1074 1946 orationis
1101 1899 1299 1946 nostrae
1322 1889 1390 1944 ad
1415 1905 1510 1946 vos
1533 1889 1814 1961 dirigatur,
1845 1889 1894 1952 Β
1921 1895 2034 1950 lunt
2083 1913 2144 1950 ea
2189 1911 2396 1950 movere
2419 1893 2638 1968 (Matth.
2671 1911 2828 1960 xxut,
2860 1897 2916 1962 '5,
2941 1895 3020 1966 4).
3063 1895 3218 1954 Unde
3257 1899 3510 1972 congruit

223 1997 260 2038 ο
285 1983 460 2040 sancti
491 1979 692 2038 fratres
722 1981 921 2048 nostri,
949 1991 1003 2039 et
1029 1999 1244 2038 sorores
1268 1984 1322 2038 in
1355 1981 1574 2038 Christo
1603 1983 1774 2040 beatae
1798 2027 1810 2050 ,

224 2087 292 2126 ex
325 2087 554 2144 quorum
587 2073 826 2146 collegiis
867 2075 1236 2129 sacratissimo
1263 2071 1374 2128 Deo
1401 2073 1566 2129 libata
1599 2085 1682 2130 est
1721 2077 1816 2130 ho-

223 2165 354 2232 stia,
383 2183 490 2220 non
519 2182 707 2224 verens
731 2167 988 2238 pudorem
1017 2167 1204 2224 inculti
1234 2169 1432 2238 eloquii
1461 2209 1476 2232 ,
1507 2183 1612 2222 non
1643 2183 1812 2222 venu-

223 2267 421 2314 statem
469 2257 815 2330 leporemque
861 2257 1122 2316 aﬂ‘ectans
1167 2259 1404 2314 liberalis
1445 2261 1638 2325 studii,
1671 2261 1815 2331 quod

221 2349 424 2405 nullius
453 2349 784 2406 instituentis
809 2353 1120 2424 magisterio
1149 2351 1402 2406 traditum
1431 2349 1596 2404 habui
1629 2365 1642 2402 :
1675 2365 1814 2420 prte-

221 2437 415 2493 sertim
445 2453 568 2494 cum
599 2449 654 2496 et
683 2441 734 2494 in
767 2439 1136 2510 hujuscemodi
1185 2441 1345 2496 rebus
1377 2441 1550 2510 magis
1573 2441 1814 2495 noverim

219 2529 524 2598 simplicem
545 2532 826 2587 veritatem
855 2547 973 2588 esse
997 2533 1410 2598 observandam,
1439 2547 1600 2606 quam
1625 2539 1814 2586 tonan-

221 2627 334 2673 tem
401 2629 674 2675 muSarnm
741 2621 1006 2694 turgidam
1061 2637 1330 2692 pompam.
1391 2619 1606 2692 Loquar
1651 2623 1812 2676 etiam

221 2709 347 2776 tibi,
401 2725 434 2766 o
477 2713 798 2768 universalis
839 2713 1094 2768 Ecclesim
1143 2723 1344 2769 sancta:
1391 2724 1708 2780 conventus,
1753 2723 1814 2768 ut

221 2801 454 2858 verbum
483 2805 748 2872 veritatis,
786 2805 928 2876 quod
958 2821 1054 2861 ore
1083 2815 1270 2860 nostro
1299 2805 1558 2870 edicitur,
1587 2805 1814 2875 placidis

222 2895 492 2950 mentium
523 2895 664 2950 ulnis
692 2895 1046 2966 amplectens,
1077 2895 1387 2952 nullatenus
1413 2895 1814 2966 praedicationis

225 2993 432 3039 nostr-:e
455 2987 744 3041 arcendam
769 2985 902 3041 velis
927 2987 1248 3050 doctrinam,
1267 2985 1715 3056 qute,apostolica
1741 2987 1816 3040 af-

223 3075 482 3130 ﬁrmante
527 3077 890 3144 auctoritate,
939 3077 1107 3132 libera
1153 3077 1216 3132 ad
1259 3079 1668 3133 instructionem
1699 3093 1814 3134 om-

225 3166 382 3222 nium
425 3169 692 3234 redditur;
735 3183 856 3224 cum
893 3169 1052 3224 unius
1077 3167 1198 3224 ﬁdei
1227 3167 1496 3224 auditores
1523 3169 1672 3224 vario
1699 3169 1811 3226 dis-

1915 1997 1993 2056 ut,
2041 2005 2164 2044 eum
2212 1987 2454 2044 Ecclesia
2499 1987 2742 2058 possidet
2793 1995 3058 2042 rectorem
3103 1989 3228 2046 vitae
3265 1989 3510 2050 moribus

1915 2081 2202 2154 dcjectum,
2253 2099 2360 2138 non
2405 2081 2858 2138 contemnendam
2902 2079 3018 2152 ejus
3061 2083 3506 2154 prtedicationem

1913 2173 2204 2238 existimet,
2228 2171 2476 2242 quamvis
2517 2173 2658 2226 hanc
2686 2171 2802 2240 ipse
2847 2173 3030 2242 pravis
3073 2171 3284 2228 actibus
3331 2173 3506 2246 impu-

1913 2273 2058 2335 gnet.
2087 2261 2334 2318 Ollicium
2355 2261 2538 2332 itaque
2567 2261 2712 2334 vulgi
2747 2269 2830 2318 est
2868 2263 3151 2318 intendere
3181 2265 3248 2320 ad
3287 2265 3504 2320 concio-

1913 2363 2154 2420 nantem,
2183 2363 2236 2409 ct
2267 2353 2458 2410 audire
2493 2353 2784 2422 dicentem,
2819 2365 2874 2410 et
2905 2355 3144 2412 doctoris
3163 2355 3507 2428 praedicatio-

1915 2463 2036 2502 nem
2067 2447 2342 2518 operando
2369 2448 2611 2516 exsequi,
2643 2459 2824 2502 etnon
2853 2447 3134 2520 praprium
3155 2445 3416 2520 judicium
3440 2447 3506 2506 de

1913 2541 2330 2610 praepositorum
2383 2541 2597 2598 meritis
2639 2541 2800 2606 ferre,
2835 2557 2970 2612 quos
3011 2559 3108 2598 suo
3135 2543 3396 2600 Dominus
3422 2543 3505 2600 di-

1915 2633 2260 2704 stringendos
2302 2633 2540 2688 examini
2601 2635 2920 2702 reservavit,
2973 2635 3200 2690 dicens:
3237 2631 3504 2708 Propheta

1917 2741 2138 2796 namque
2157 2735 2206 2778 et
2244 2725 2488 2779 sacerdos
2515 2723 2704 2794 polluti
2731 2729 2872 2790 sunt,
2897 2735 2948 2780 et
2987 2727 3042 2780 in
3067 2726 3222 2780 domo
3271 2743 3386 2780 mea
3423 2723 3506 2780 in-

1915 2817 2028 2874 veni
2053 2817 2252 2871 malum
2294 2835 2500 2884 eorum,
2538 2821 2612 2872 ait
2651 2818 2929 2873 Dominus.
2963 2817 3174 2872 Idcirco
3211 2819 3292 2874 via
3322 2837 3502 2876 eorum

1913 2909 2012 2964 erit
2029 2909 2182 2980 quasi
2207 2909 2472 2974 lubricum
2506 2909 2562 2963 in
2606 2909 2874 2966 tenebris:
2905 2909 3234 2982 impellantur
3267 2913 3426 2980 enim,
3458 2923 3504 2968 et

1915 3011 2160 3056 corruent
2183 3003 2238 3056 in
2263 3019 2346 3056 ea.
2375 3001 2610 3072 Alferam
2639 3003 2776 3057 enint
2798 3019 2953 3076 super
2985 3021 3072 3058 eos
3111 3005 3274 3072 mala,
3305 3023 3502 3060 annum

1915 3093 2229 3148 uisitationis
2270 3109 2452 3148 eorum
2475 3097 2608 3166 (θεν.
2661 3111 2818 3162 xxtn,
2871 3095 3102 3168 11,12).
3153 3095 3222 3152 Et
3265 3105 3500 3154 lterum:

1919 3185 2054 3240 Mihi
2109 3187 2416 3252 vindictam,
2455 3171 2516 3240 ‘et
2567 3203 2660 3258 ego
2708 3188 3031 3254 retribuam,
3081 3187 3206 3244 dicit
3245 3187 3504 3246 Dominus

221 3267 408 3316 cretos
457 3261 680 3328 talento,
711 3261 924 3316 diverso
965 3271 1362 3332 praeceptorum
1409 3261 1656 3316 accendit
1683 3277 1808 3317 ora-

1917 3277 2096 3352 (Deut.
2128 3295 2300 3347 xxxtt,
2331 3279 2446 3352 55).
2475 3279 2541 3334 Et
2573 3253 2700 3336 licet
2725 3279 2862 3344 haec,
2909 3281 3274 3352 quamdudum
3305 3283 3504 3356 digessi

223 3351 350 3406 culo
401 3371 414 3405 :
463 3359 520 3406 et
561 3351 638 3407 ibi
675 3351 940 3407 acriorem
985 3351 1180 3421 spiritu
1223 3349 1500 3420 patientia:
1557 3349 1810 3404 virtutem

225 3445 524 3514 demulcet,
553 3447 640 3502 ubi
681 3447 864 3502 mitem
919 3447 1096 3500 vivido
1133 3445 1376 3514 jubentis
1425 3445 1650 3516 imperio
1691 3459 1814 3516 per-

223 3539 460 3594 armavit
487 3559 502 3594 :
529 3543 620 3596 uni
655 3541 1080 3610 dicens:Argue,
1101 3539 1334 3604 obsecra,
1363 3541 1574 3610 increpa
1595 3539 1650 3593 in
1673 3539 1814 3594 omni

221 3637 482 3708 patientia
504 3647 550 3691 et
575 3637 814 3691 doctrina
839 3635 922 3706 (II
949 3635 1084 3690 Tim.
1113 3651 1188 3701 1v,
1209 3635 1311 3706 2);
1343 3633 1498 3688 alteri
1523 3649 1652 3690 vero
1679 3647 1814 3704 pne

223 3729 461 3798 cipiens:
481 3729 654 3800 Argue
678 3745 796 3782 cum
817 3729 958 3782 omni
983 3728 1222 3798 imperio.
1257 3725 1424 3780 Nemo
1447 3735 1500 3780 te
1519 3735 1814 3780 contemnat

221 3821 355 3892 (Tit.
381 3835 454 3887 ιι,
489 3821 598 3892 l5).
625 3821 778 3878 Unde
799 3821 970 3892 parati
995 3829 1170 3876 estote
1198 3819 1344 3874 omni
1367 3817 1814 3874 hominireddere

225 3915 526 3980 rationem,
577 3927 762 3986 petere
791 3929 820 3968 a
851 3913 1004 3970 vobis
1045 3913 1245 3968 volenti
1275 3913 1342 3967 de
1381 3911 1470 3966 illa
1497 3925 1616 3980 quae
1659 3911 1712 3964 in
1749 3925 1814 3964 eo
1863 3923 1868 3928 ‘

223 4015 414 4062 manet
457 4021 552 4078 spe
581 4005 628 4078 (1
655 4003 794 4060 Petr.
829 4021 918 4074 III,
955 4005 1086 4076 l5);
1111 4021 1179 4060 ne
1216 4003 1378 4074 (quod
1407 4003 1568 4074 absit)
1599 4003 1814 4073 stupido

227 4099 416 4154 auditu
453 4111 602 4154 same
655 4099 914 4154 doctrinae
965 4101 1214 4170 dogmata
1263 4105 1579 4168 respuentes
1609 4138 1624 4164 ,
1671 4095 1814 4152 illius

223 4189 498 4262 quondam
525 4189 832 4262 apostolica:
871 4189 1244 4262 imputationis
1275 4187 1556 4246 sententiae
1591 4187 1812 4244 obnoxii

213 4287 536 4360 judicemini
571 4327 586 4354 ,
649 4302 754 4356 qua
829 4287 1026 4342 dicitur
1079 4304 1090 4338 :
1163 4285 1280 4338 Erit
1351 4283 1488 4338 enim
1563 4291 1762 4352 tempus
1795 4323 1810 4349 ,

223 4393 344 4432 cum
413 4393 596 4431 sanam
647 4377 944 4431 doctrinam
997 4391 1102 4430 non
1155 4373 1530 4438 sustinebunt,
1587 4373 1678 4426 sed
1743 4371 1812 4426 ad

219 4485 320 4522 sua
375 4467 636 4521 desideria
683 4467 1062 4522 coacervabunt
1111 4465 1208 4522 sibi
1257 4465 1532 4536 magistros
1569 4463 1812 4535 prurien-

221 4571 296 4615 tes
335 4559 550 4614 auribus
575 4573 592 4611 :
619 4569 666 4614 et
689 4575 720 4613 a
769 4559 980 4614 veritate
1016 4559 1224 4630 quidem
1265 4557 1505 4610 auditum
1555 4565 1806 4623 averterit,

219 4651 290 4706 ad
345 4649 554 4719 fabulas
607 4659 782 4704 autem
821 4657 1184 4704 convertentur
1219 4647 1304 4716 (II
1345 4645 1478 4701 Tim.
1527 4661 1600 4712 Iv,
1633 4645 1688 4712 '5,
1729 4645 1806 4716 4).

223 4743 362 4810 Quia
387 4741 530 4798 sicut
557 4743 712 4799 nobis
739 4743 1003 4798 incumbit
1025 4739 1340 4820 olliciositas
1359 4739 1708 4810 praedicandi,
1735 4737 1810 4794 ita

219 4835 380 4890 vobis
427 4835 612 4890 subest
637 4833 942 4890 necessitas
980 4833 1254 4889 audiendi.
1289 4831 1398 4888 Nec
1441 4837 1666 4902 propter
1707 4831 1812 4886 hoc

219 4925 367 4996 quod
413 4939 512 4982 nos
559 4925 866 4982 inordinate
911 4925 1178 4998 degimus,
1227 4923 1478 4994 turpique
1523 4937 1811 4978 conversa-

219 5019 368 5074 tione
395 5019 712 5090 dejicemur,
735 5019 1100 5088 respuendum
1127 5017 1276 5074 verbi
1307 5017 1400 5074 Dei
1425 5017 1808 5072 documentum

219 5107 558 5164 arbitremini
601 5127 614 5162 :
653 5107 908 5180 quoniam
951 5109 1270 5180 plerumque
1311 5107 1366 5162 in
1411 5121 1606 5178 magna
1649 5105 1808 5162 domo

217 5199 630 5270 patrisfamiiias
675 5201 925 5257 novimus
951 5201 1144 5257 ehaud
1201 5199 1453 5272 ambigue
1497 5197 1810 5252 conversari

219 5291 460 5348 asseclas
489 5291 776 5362 deplorata:
797 5293 938 5360 vitaz,
969 5303 1196 5362 quorum
1238 5288 1540 5344 ministerio
1577 5287 1810 5342 familia-

215 5399 310 5440 res
342 5385 684 5440 dominorum
713 5385 986 5442 interdum
1027 5383 1386 5455 expediuntur
1433 5381 1804 5436 necessitates.

219 5473 358 5531 Nam
403 5485 458 5531 et
505 5477 924 5548 imperatoribus
967 5475 1152 5531 mundi
1203 5473 1470 5544 plumbeis
1521 5471 1808 5528 adducitur

219 5569 486 5624 cuniculis
511 5571 692 5636 unda;
723 5577 782 5624 et
807 5570 946 5624 inter
969 5583 1126 5624 sacra
1149 5565 1362 5622 Domini
1393 5579 1520 5620 vasa
1555 5577 1690 5618 auro
1717 5577 1808 5615 ar-

219 5671 454 5734 gentove
499 5664 748 5732 conﬂata,
787 5665 1148 5738 pretiosorum
1191 5663 1429 5734 lapidum
1471 5657 1806 5716 ornamentis

221 5759 750 5828 percompta,_etiam
779 5773 886 5814 non
915 5755 1212 5828 abjicienda
1245 5755 1510 5810 habentur
1543 5761 1802 5808 testacea.

301 5901 326 5930 ι
353 5889 516 5946 Haud
543 5891 716 5958 dubie,
747 5891 927 5962 procul
951 5891 1128 5946 dubio.
1167 5887 1366 5946 Scuo'r.

1917 3371 2232 3436 auctOritas,
2257 3369 2436 3425 meriti
2475 3371 2578 3426 mei
2609 3367 2978 3426 defensionem
3019 3371 3280 3442 inquirat,
3309 3381 3364 3428 et
3385 3373 3502 3444 qui-

1915 3461 2016 3517 bus
2075 3461 2250 3517 modis
2303 3463 2572 3532 iustorum
2617 3459 2795 3532 legem
2851 3463 3080 3519 evadere
3133 3479 3240 3518 non
3299 3463 3504 3536 possim

1915 3553 2168 3610 ostendat
2193 3571 2209 3622 ;
2237 3553 2359 3624 plus
2405 3565 2582 3610 tamen
2631 3553 2928 3626 simplicem
2971 3555 3348 3628 religiosorum
3381 3573 3507 3614 con-

1915 3657 2138 3706 ventum
2192 3651 2492 3706 accendere
2539 3649 2778 3716 anhelat,
2829 3665 2896 3704 ne
2936 3657 3502 3716 sancta'sanctorum,

1915 3743 2162 3814 quamvis
2187 3757 2282 3798 ore
2307 3739 2554 3812 improbo
2573 3741 2738 3807 edita,
2773 3749 3014 3810 respuat.

1989 3831 2042 3886 5.
2105 3829 2164 3886 In
2219 3833 2414 3886 horum
2465 3829 2633 3900 igitur
2686 3829 3077 3886 certaminibus
3135 3827 3502 3886 conlcssorunt

1917 3933 2066 3980 tanto
2097 3923 2455 3978 alacrioribus
2485 3921 2682 3976 animis
2701 3931 2786 3978 est
2809 3921 3204 3986 exsultandnm,
3249 3931 3503 3994 tantaque

1915 4015 2166 4070 libertate
2197 4015 2376 4070 cordis
2421 4023 2476 4068 et
2509 4013 2654 4068 vocis
2693 4013 2988 4086 gloriosum
3015 4023 3400 4070 consummata:
3431 4017 3504 4070 vi-

1917 4109 2104 4164 ctoria:
2131 4121 2350 4163 cursum
2380 4107 2696 4172 ferendum;
2726 4117 2932 4178 quanto
2963 4107 3050 4162 his
3071 4105 3252 4162 divina
3287 4123 3392 4162 vox
3421 4105 3502 4161 in-

1917 4199 2340 4272 dulgentissime:
2389 4199 2696 4270 sponsionis
2733 4213 2920 4254 verum
2961 4197 3148 4254 salutis
3179 4198 3390 4255 confert
3415 4215 3504 4256 so-

1915 4295 2126 4362 latium,
2173 4293 2360 4348 dicens
2393 4307 2406 4345 :
2441 4291 2544 4358 Qui
2587 4291 2986 4362 perseveraverit
3033 4307 3196 4362 usque
3227 4291 3282 4346 in
3319 4292 3498 4361 ﬁnem,

1913 4389 1998 4442 hic
2019 4387 2198 4443 salvus
2225 4387 2320 4442 erit
2353 4385 2570 4454 (Matth.
2605 4401 2662 4450 x,
2691 4385 2805 4458 22).
2831 4385 3098 4454 Quoniam
3127 4389 3392 4444 veraciter
3411 4405 3502 4444 co.

1914 4481 2198 4553 guovimus
2247 4495 2354 4534 non
2403 4477 2782 4534 inchoantibus
2825 4477 3010 4532 deberi
3049 4479 3356 4548 praemium,
3407 4483 3500 4536 sed

1836 4623 1890 4684 Β
1915 4571 2406 4646 perseverantibus.
2431 4571 2578 4626 Adeo
2605 4569 2688 4624 illa
2713 4569 3076 4640 primordialis
3101 4563 3500 4626 abrenuntiatio

1915 4681 2118 4734 rerum,
2170 4663 2460 4734 mundique
2515 4671 2854 4734 contemptus
2917 4664 3206 4734 prtecipuis
3263 4665 3400 4720 votis
3449 4675 3502 4720 et

1915 4757 2092 4814 studio
2113 4755 2411 4810 ardentiori
2439 4755 2506 4810 ab
2533 4756 2612 4810 eis
2635 4753 2966 4810 exercitatus
2993 4765 3095 4820 est,
3127 4767 3184 4810 ut
3209 4755 3496 4812 contuendi

1913 4849 2150 4904 velocius
2175 4847 2368 4912 Deum,
2399 4853 2452 4902 et
2493 4847 2774 4902 beatorum
2815 4845 3026 4902 fruendi
3065 4847 3338 4904 consortio
3363 4847 3498 4902 desi-

1915 4943 2124 4999 derium
2159 4942 2442 5006 haberent,
2491 4947 2548 4994 ut
2583 4941 2748 4996 etiam
2782 4939 3012 4996 labentis
3035 4941 3157 4996 vitae
3179 4939 3374 4996 obnixe
3401 4955 3495 4996 oc—

1915 5049 2100 5090 casum
2125 5037 2438 5104 appeterent
2464 5049 2476 5084 :
2504 5029 2696 5086 melius
2723 5037 2976 5102 putantes
3005 5031 3104 5086 sub
3133 5031 3290 5084 unius
3311 5029 3496 5100 puncti

1911 5128 2088 5204 spatio
2121 5125 2265 5182 ferre
2299 5123 2622 5180 sententiam
2657 5123 2956 5188 hominum,
2993 5137 3112 5192 quae
3159 5121 3318 5188 illico,
3352 5119 3496 5176 nulla

1911 5217 2280 5276 intercedente
2317 5217 2594 5282 dilatione,
2641 5229 2734 5270 eos
2781 5213 2947 5270 ferret
2991 5211 3058 5268 ad
3085 5213 3303 5280 coelum,
3333 5229 3494 5284 quam

1909 5327 2006 5384 per
2035 5311 2184 5366 varia
2210 5319 2266 5366 et
2295 5309 2448 5382 longa
2487 5307 2798 5364 discrimina
2837 5317 3136 5376 temporum
3180 5319 3300 5361 cum
3341 5307 3495 5378 gravi

1911 5403 2158 5458 molestia
2187 5402 2456 5457 sustinere
2487 5399 2750 5456 versutias
2784 5397 3108 5453 daemonum.
3145 5397 3212 5452 Et
3239 5397 3498 5454 Dominus

1911 5493 2130 5564 quidem
2173 5491 2242 5548 ad
2277 5491 2508 5548 ofﬁcium
2539 5487 2898 5560 prmdicandae
2937 5489 3179 5545 veritatis
3207 5489 3472 5562 discipulo

1909 5587 2180 5652 imbuens,
2209 5585 2478 5658 impavida
2499 5599 2592 5640 eos
2615 5581 2839 5636 audacia
2863 5579 3016 5652 jubet
3044 5595 3166 5636 esse
3189 5589 3492 5652 contentos,

1911 5681 2139 5738 dicens:
2169 5677 2368 5734 Euntes
2419 5693 2512 5748 per
2557 5677 2856 5730 universum
2911 5676 3162 5730 mundum
3215 5677 3498 5748 prmdicate

1911 5773 2258 5846 Evangelium
2281 5769 2422 5826 omni
2443 5779 2720 5834 creatum,
2753 5769 3076 5840 baptisantes
3099 5785 3190 5824 eos
3209 5771 3264 5824 in
3289 5771 3496 5826 nomine
