  <div class='ocr_page' id='page_1' title='image "/cluster/home/n/w/nwhite01/storage/ocr_20150623/115/hvd.32044015466873/375.png"; bbox 0 0 4094 6346; ppageno 0'>
   <div class='ocr_carea' id='block_1_1' title="bbox 521 339 624 394">
    <p class='ocr_par' dir='ltr' id='par_1_1' title="bbox 521 339 624 394">
     <span class='ocr_line' id='line_1_1' title="bbox 521 339 624 394; baseline 0 0"><span class='ocrx_word' id='word_1_1' title='bbox 521 339 624 394; x_wconf 66' lang='grc'><strong><em>’143</em></strong></span> 
     </span>
    </p>
   </div>
   <div class='ocr_carea' id='block_1_2' title="bbox 1621 323 2663 385">
    <p class='ocr_par' dir='ltr' id='par_1_2' title="bbox 1621 323 2663 385">
     <span class='ocr_line' id='line_1_2' title="bbox 1621 323 2663 385; baseline -0.007 0"><span class='ocrx_word' id='word_1_2' title='bbox 1621 327 1680 384; x_wconf 91' lang='lat' dir='ltr'><strong><em>S.</em></strong></span> <span class='ocrx_word' id='word_1_3' title='bbox 1722 325 2005 385; x_wconf 83' lang='lat' dir='ltr'><strong><em>EULOGll</em></strong></span> <span class='ocrx_word' id='word_1_4' title='bbox 2044 323 2372 382; x_wconf 79' lang='lat' dir='ltr'><strong><em>ARCHIEP.</em></strong></span> <span class='ocrx_word' id='word_1_5' title='bbox 2415 323 2663 384; x_wconf 85' lang='lat' dir='ltr'><strong><em>TOLET.</em></strong></span> 
     </span>
    </p>
   </div>
   <div class='ocr_carea' id='block_1_3' title="bbox 3716 318 3842 376">
    <p class='ocr_par' dir='ltr' id='par_1_3' title="bbox 3716 318 3842 376">
     <span class='ocr_line' id='line_1_3' title="bbox 3716 318 3842 376; baseline -0.008 0"><span class='ocrx_word' id='word_1_6' title='bbox 3716 318 3842 376; x_wconf 71' lang='lat' dir='ltr'><strong><em>7M</em></strong></span> 
     </span>
    </p>
   </div>
   <div class='ocr_carea' id='block_1_4' title="bbox 519 436 3842 516">
    <p class='ocr_par' dir='ltr' id='par_1_4' title="bbox 519 436 3842 516">
     <span class='ocr_line' id='line_1_4' title="bbox 519 436 3842 516; baseline -0.004 -10"><span class='ocrx_word' id='word_1_7' title='bbox 519 451 724 512; x_wconf 92' lang='lat' dir='ltr'><strong><em>Patris.</em></strong></span> <span class='ocrx_word' id='word_1_8' title='bbox 758 459 806 505; x_wconf 93' lang='lat' dir='ltr'><strong><em>et</em></strong></span> <span class='ocrx_word' id='word_1_9' title='bbox 831 447 986 509; x_wconf 84' lang='lat' dir='ltr'><strong><em>Filii.</em></strong></span> <span class='ocrx_word' id='word_1_10' title='bbox 1026 456 1075 503; x_wconf 80' lang='lat' dir='ltr'><strong><em>et</em></strong></span> <span class='ocrx_word' id='word_1_11' title='bbox 1104 446 1334 516; x_wconf 87' lang='lat' dir='ltr'><strong><em>Spiritus</em></strong></span> <span class='ocrx_word' id='word_1_12' title='bbox 1363 447 1552 501; x_wconf 89' lang='lat' dir='ltr'><strong><em>sancti.</em></strong></span> <span class='ocrx_word' id='word_1_13' title='bbox 1589 444 1693 511; x_wconf 86' lang='lat' dir='ltr'><strong><em>Qui</em></strong></span> <span class='ocrx_word' id='word_1_14' title='bbox 1721 443 2023 509; x_wconf 75' lang='lat' dir='ltr'><strong><em>crediderit,</em></strong></span> <span class='ocrx_word' id='word_1_15' title='bbox 2065 451 2113 497; x_wconf 92' lang='lat' dir='ltr'><strong><em>et</em></strong></span> <span class='ocrx_word' id='word_1_16' title='bbox 2139 441 2192 503; x_wconf 74' lang='grc' dir='ltr'><strong>Α</strong></span> <span class='ocrx_word' id='word_1_17' title='bbox 2211 440 2466 511; x_wconf 68' lang='grc' dir='ltr'><strong><em>Ῑυεῑίιίω,</em></strong></span> <span class='ocrx_word' id='word_1_18' title='bbox 2509 444 2564 498; x_wconf 89' lang='lat' dir='ltr'><strong><em>in</em></strong></span> <span class='ocrx_word' id='word_1_19' title='bbox 2609 441 2786 496; x_wconf 88' lang='lat' dir='ltr'><strong><em>forum</em></strong></span> <span class='ocrx_word' id='word_1_20' title='bbox 2814 437 3136 510; x_wconf 87' lang='lat' dir='ltr'><strong><em>prosiliunt,</em></strong></span> <span class='ocrx_word' id='word_1_21' title='bbox 3169 436 3530 508; x_wconf 54' lang='lat' dir='ltr'><strong><em>praedicantes</em></strong></span> <span class='ocrx_word' id='word_1_22' title='bbox 3559 438 3842 508; x_wconf 80' lang='lat' dir='ltr'><strong><em>Evange-</em></strong></span> 
     </span>
    </p>
   </div>
   <div class='ocr_carea' id='block_1_5' title="bbox 518 537 2110 616">
    <p class='ocr_par' dir='ltr' id='par_1_5' title="bbox 518 537 2110 616">
     <span class='ocr_line' id='line_1_5' title="bbox 518 537 2110 616; baseline -0.006 -17"><span class='ocrx_word' id='word_1_23' title='bbox 518 543 816 616; x_wconf 77' lang='lat' dir='ltr'><strong><em>baptisatus</em></strong></span> <span class='ocrx_word' id='word_1_24' title='bbox 837 543 1021 614; x_wconf 81' lang='lat' dir='ltr'><strong><em>fuerit,</em></strong></span> <span class='ocrx_word' id='word_1_25' title='bbox 1045 555 1221 596; x_wconf 83' lang='lat' dir='ltr'><strong><em>satvus</em></strong></span> <span class='ocrx_word' id='word_1_26' title='bbox 1245 548 1343 594; x_wconf 79' lang='lat' dir='ltr'><strong><em>erit</em></strong></span> <span class='ocrx_word' id='word_1_27' title='bbox 1361 553 1381 591; x_wconf 90' lang='lat'><strong><em>:</em></strong></span> <span class='ocrx_word' id='word_1_28' title='bbox 1407 539 1496 611; x_wconf 86' lang='lat' dir='ltr'><strong><em>qui</em></strong></span> <span class='ocrx_word' id='word_1_29' title='bbox 1525 554 1645 593; x_wconf 81' lang='lat' dir='ltr'><strong><em>vero</em></strong></span> <span class='ocrx_word' id='word_1_30' title='bbox 1675 554 1779 593; x_wconf 89' lang='lat' dir='ltr'><strong><em>non</em></strong></span> <span class='ocrx_word' id='word_1_31' title='bbox 1813 537 2110 602; x_wconf 75' lang='lat' dir='ltr'><strong><em>crediderit,</em></strong></span> 
     </span>
    </p>
   </div>
   <div class='ocr_carea' id='block_1_6' title="bbox 518 627 2115 706">
    <p class='ocr_par' dir='ltr' id='par_1_6' title="bbox 518 627 2115 706">
     <span class='ocr_line' id='line_1_6' title="bbox 518 627 2115 706; baseline -0.006 -14"><span class='ocrx_word' id='word_1_32' title='bbox 518 634 953 692; x_wconf 86' lang='lat' dir='ltr'><strong><em>condemnabitur</em></strong></span> <span class='ocrx_word' id='word_1_33' title='bbox 986 632 1214 706; x_wconf 81' lang='lat' dir='ltr'><strong><em>(Matth.</em></strong></span> <span class='ocrx_word' id='word_1_34' title='bbox 1247 646 1452 696; x_wconf 84' lang='lat' dir='ltr'><strong><em>xxvnt;</em></strong></span> <span class='ocrx_word' id='word_1_35' title='bbox 1489 628 1660 684; x_wconf 78' lang='lat' dir='ltr'><strong><em>Marc.</em></strong></span> <span class='ocrx_word' id='word_1_36' title='bbox 1716 628 1859 701; x_wconf 75' lang='lat' dir='ltr'><strong><em>xvi).</em></strong></span> <span class='ocrx_word' id='word_1_37' title='bbox 1901 628 1970 684; x_wconf 89' lang='lat' dir='ltr'><strong><em>Et</em></strong></span> <span class='ocrx_word' id='word_1_38' title='bbox 2014 627 2115 684; x_wconf 87' lang='lat' dir='ltr'><strong><em>ite-</em></strong></span> 
     </span>
    </p>
   </div>
   <div class='ocr_carea' id='block_1_7' title="bbox 518 719 2114 792">
    <p class='ocr_par' dir='ltr' id='par_1_7' title="bbox 518 719 2114 792">
     <span class='ocr_line' id='line_1_7' title="bbox 518 719 2114 792; baseline -0.006 -10"><span class='ocrx_word' id='word_1_39' title='bbox 518 743 640 782; x_wconf 92' lang='lat' dir='ltr'><strong><em>rum</em></strong></span> <span class='ocrx_word' id='word_1_40' title='bbox 668 744 681 780; x_wconf 87' lang='lat'>:</span> <span class='ocrx_word' id='word_1_41' title='bbox 713 724 890 780; x_wconf 80' lang='lat' dir='ltr'><strong><em>Nolite</em></strong></span> <span class='ocrx_word' id='word_1_42' title='bbox 915 725 1100 778; x_wconf 83' lang='lat' dir='ltr'><strong><em>timere</em></strong></span> <span class='ocrx_word' id='word_1_43' title='bbox 1125 739 1212 778; x_wconf 88' lang='lat' dir='ltr'><strong><em>eos</em></strong></span> <span class='ocrx_word' id='word_1_44' title='bbox 1232 722 1322 792; x_wconf 86' lang='lat' dir='ltr'><strong><em>qui</em></strong></span> <span class='ocrx_word' id='word_1_45' title='bbox 1365 721 1608 775; x_wconf 88' lang='lat' dir='ltr'><strong><em>occidunt</em></strong></span> <span class='ocrx_word' id='word_1_46' title='bbox 1635 735 1842 791; x_wconf 85' lang='lat' dir='ltr'><strong><em>corpus,</em></strong></span> <span class='ocrx_word' id='word_1_47' title='bbox 1862 719 1987 790; x_wconf 87' lang='lat' dir='ltr'><strong><em>quia</em></strong></span> <span class='ocrx_word' id='word_1_48' title='bbox 2009 735 2114 772; x_wconf 88' lang='lat' dir='ltr'><strong><em>non</em></strong></span> 
     </span>
    </p>
   </div>
   <div class='ocr_carea' id='block_1_8' title="bbox 518 812 2110 887">
    <p class='ocr_par' dir='ltr' id='par_1_8' title="bbox 518 812 2110 887">
     <span class='ocr_line' id='line_1_8' title="bbox 518 812 2110 887; baseline -0.004 -14"><span class='ocrx_word' id='word_1_49' title='bbox 518 818 708 872; x_wconf 83' lang='lat' dir='ltr'><strong><em>habent</em></strong></span> <span class='ocrx_word' id='word_1_50' title='bbox 748 815 876 887; x_wconf 86' lang='lat' dir='ltr'><strong><em>quid</em></strong></span> <span class='ocrx_word' id='word_1_51' title='bbox 909 813 1134 886; x_wconf 79' lang='lat' dir='ltr'><strong><em>amplius</em></strong></span> <span class='ocrx_word' id='word_1_52' title='bbox 1164 813 1395 884; x_wconf 79' lang='lat' dir='ltr'><strong><em>faciant;</em></strong></span> <span class='ocrx_word' id='word_1_53' title='bbox 1423 813 1514 868; x_wconf 88' lang='lat' dir='ltr'><strong><em>sed</em></strong></span> <span class='ocrx_word' id='word_1_54' title='bbox 1553 812 1727 883; x_wconf 90' lang='lat' dir='ltr'><strong><em>potius</em></strong></span> <span class='ocrx_word' id='word_1_55' title='bbox 1757 829 1876 866; x_wconf 87' lang='lat' dir='ltr'><strong><em>eum</em></strong></span> <span class='ocrx_word' id='word_1_56' title='bbox 1917 812 2110 877; x_wconf 85' lang='lat' dir='ltr'><strong><em>timete,</em></strong></span> 
     </span>
    </p>
   </div>
   <div class='ocr_carea' id='block_1_9' title="bbox 516 906 2110 982">
    <p class='ocr_par' dir='ltr' id='par_1_9' title="bbox 516 906 2110 982">
     <span class='ocr_line' id='line_1_9' title="bbox 516 906 2110 982; baseline -0.003 -17"><span class='ocrx_word' id='word_1_57' title='bbox 516 910 607 982; x_wconf 90' lang='lat' dir='ltr'><strong><em>qui</em></strong></span> <span class='ocrx_word' id='word_1_58' title='bbox 631 920 796 982; x_wconf 82' lang='lat' dir='ltr'><strong><em>potest</em></strong></span> <span class='ocrx_word' id='word_1_59' title='bbox 823 924 1009 978; x_wconf 87' lang='lat' dir='ltr'><strong><em>corpus</em></strong></span> <span class='ocrx_word' id='word_1_60' title='bbox 1035 917 1082 960; x_wconf 91' lang='lat' dir='ltr'><strong><em>et</em></strong></span> <span class='ocrx_word' id='word_1_61' title='bbox 1105 907 1337 960; x_wconf 80' lang='lat' dir='ltr'><strong><em>animant</em></strong></span> <span class='ocrx_word' id='word_1_62' title='bbox 1369 906 1604 977; x_wconf 84' lang='lat' dir='ltr'><strong><em>perdere,</em></strong></span> <span class='ocrx_word' id='word_1_63' title='bbox 1640 917 1689 961; x_wconf 90' lang='lat' dir='ltr'><strong><em>et</em></strong></span> <span class='ocrx_word' id='word_1_64' title='bbox 1714 907 1916 961; x_wconf 85' lang='lat' dir='ltr'><strong><em>mittere</em></strong></span> <span class='ocrx_word' id='word_1_65' title='bbox 1945 907 2000 960; x_wconf 88' lang='lat' dir='ltr'><strong><em>in</em></strong></span> <span class='ocrx_word' id='word_1_66' title='bbox 2021 923 2110 977; x_wconf 84' lang='lat' dir='ltr'><strong><em>ge-</em></strong></span> 
     </span>
    </p>
   </div>
   <div class='ocr_carea' id='block_1_10' title="bbox 517 994 2113 1070">
    <p class='ocr_par' dir='ltr' id='par_1_10' title="bbox 517 994 2113 1070">
     <span class='ocr_line' id='line_1_10' title="bbox 517 994 2113 1070; baseline -0.001 -16"><span class='ocrx_word' id='word_1_67' title='bbox 517 1001 744 1056; x_wconf 87' lang='lat' dir='ltr'><strong><em>hennam</em></strong></span> <span class='ocrx_word' id='word_1_68' title='bbox 771 997 986 1070; x_wconf 81' lang='lat' dir='ltr'><strong><em>(Matth.</em></strong></span> <span class='ocrx_word' id='word_1_69' title='bbox 1015 1013 1073 1061; x_wconf 83' lang='lat' dir='ltr'><strong><em>x,</em></strong></span> <span class='ocrx_word' id='word_1_70' title='bbox 1104 995 1215 1067; x_wconf 89' lang='lat'><strong><em>28).</em></strong></span> <span class='ocrx_word' id='word_1_71' title='bbox 1257 994 1362 1060; x_wconf 81' lang='lat' dir='ltr'><strong><em>Yos</em></strong></span> <span class='ocrx_word' id='word_1_72' title='bbox 1389 997 1512 1051; x_wconf 86' lang='lat' dir='ltr'><strong><em>estis</em></strong></span> <span class='ocrx_word' id='word_1_73' title='bbox 1535 995 1630 1052; x_wconf 76' lang='lat' dir='ltr'><strong><em>tua:</em></strong></span> <span class='ocrx_word' id='word_1_74' title='bbox 1650 997 1852 1052; x_wconf 88' lang='lat' dir='ltr'><strong><em>mundi.</em></strong></span> <span class='ocrx_word' id='word_1_75' title='bbox 1878 995 2002 1052; x_wconf 88' lang='lat' dir='ltr'><strong><em>Non</em></strong></span> <span class='ocrx_word' id='word_1_76' title='bbox 2021 1014 2113 1068; x_wconf 86' lang='lat' dir='ltr'><strong><em>po-</em></strong></span> 
     </span>
    </p>
   </div>
   <div class='ocr_carea' id='block_1_11' title="bbox 517 1089 2114 1163">
    <p class='ocr_par' dir='ltr' id='par_1_11' title="bbox 517 1089 2114 1163">
     <span class='ocr_line' id='line_1_11' title="bbox 517 1089 2114 1163; baseline -0.001 -16"><span class='ocrx_word' id='word_1_77' title='bbox 517 1103 614 1148; x_wconf 85' lang='lat' dir='ltr'><strong><em>test</em></strong></span> <span class='ocrx_word' id='word_1_78' title='bbox 645 1093 826 1148; x_wconf 86' lang='lat' dir='ltr'><strong><em>civitas</em></strong></span> <span class='ocrx_word' id='word_1_79' title='bbox 858 1089 1106 1144; x_wconf 84' lang='lat' dir='ltr'><strong><em>abscondi</em></strong></span> <span class='ocrx_word' id='word_1_80' title='bbox 1144 1106 1300 1160; x_wconf 86' lang='lat' dir='ltr'><strong><em>super</em></strong></span> <span class='ocrx_word' id='word_1_81' title='bbox 1337 1099 1567 1145; x_wconf 88' lang='lat' dir='ltr'><strong><em>montem</em></strong></span> <span class='ocrx_word' id='word_1_82' title='bbox 1595 1091 1804 1161; x_wconf 88' lang='lat' dir='ltr'><strong><em>posita:</em></strong></span> <span class='ocrx_word' id='word_1_83' title='bbox 1839 1109 2002 1163; x_wconf 87' lang='lat' dir='ltr'><strong><em>neque</em></strong></span> <span class='ocrx_word' id='word_1_84' title='bbox 2025 1109 2114 1146; x_wconf 89' lang='lat' dir='ltr'><strong><em>ac-</em></strong></span> 
     </span>
    </p>
   </div>
   <div class='ocr_carea' id='block_1_12' title="bbox 517 1181 2109 1254">
    <p class='ocr_par' dir='ltr' id='par_1_12' title="bbox 517 1181 2109 1254">
     <span class='ocr_line' id='line_1_12' title="bbox 517 1181 2109 1254; baseline 0.002 -18"><span class='ocrx_word' id='word_1_85' title='bbox 517 1181 746 1236; x_wconf 88' lang='lat' dir='ltr'><strong><em>cendunt</em></strong></span> <span class='ocrx_word' id='word_1_86' title='bbox 773 1181 1062 1246; x_wconf 82' lang='lat' dir='ltr'><strong><em>lucernam,</em></strong></span> <span class='ocrx_word' id='word_1_87' title='bbox 1107 1190 1155 1234; x_wconf 91' lang='lat' dir='ltr'><strong><em>et</em></strong></span> <span class='ocrx_word' id='word_1_88' title='bbox 1177 1190 1378 1251; x_wconf 88' lang='lat' dir='ltr'><strong><em>ponunt</em></strong></span> <span class='ocrx_word' id='word_1_89' title='bbox 1411 1197 1528 1236; x_wconf 87' lang='lat' dir='ltr'><strong><em>eam</em></strong></span> <span class='ocrx_word' id='word_1_90' title='bbox 1565 1182 1660 1236; x_wconf 89' lang='lat' dir='ltr'><strong><em>sub</em></strong></span> <span class='ocrx_word' id='word_1_91' title='bbox 1685 1183 1862 1238; x_wconf 91' lang='lat' dir='ltr'><strong><em>modio</em></strong></span> <span class='ocrx_word' id='word_1_92' title='bbox 1893 1181 2109 1254; x_wconf 78' lang='lat' dir='ltr'><strong><em>(Matth.</em></strong></span> 
     </span>
    </p>
   </div>
   <div class='ocr_carea' id='block_1_13' title="bbox 517 1269 2114 1340">
    <p class='ocr_par' dir='ltr' id='par_1_13' title="bbox 517 1269 2114 1340">
     <span class='ocr_line' id='line_1_13' title="bbox 517 1269 2114 1340; baseline 0.001 -14"><span class='ocrx_word' id='word_1_93' title='bbox 517 1287 572 1337; x_wconf 89' lang='lat' dir='ltr'><strong><em>v,</em></strong></span> <span class='ocrx_word' id='word_1_94' title='bbox 603 1271 688 1334; x_wconf 77' lang='lat' dir='ltr'><strong><em>M,</em></strong></span> <span class='ocrx_word' id='word_1_95' title='bbox 721 1270 831 1340; x_wconf 78' lang='grc'><strong>15).</strong></span> <span class='ocrx_word' id='word_1_96' title='bbox 863 1269 1018 1336; x_wconf 84' lang='lat' dir='ltr'><strong><em>Quod</em></strong></span> <span class='ocrx_word' id='word_1_97' title='bbox 1056 1270 1174 1325; x_wconf 87' lang='lat' dir='ltr'><strong><em>dico</em></strong></span> <span class='ocrx_word' id='word_1_98' title='bbox 1220 1271 1364 1325; x_wconf 73' lang='lat' dir='ltr'><strong><em>vobis</em></strong></span> <span class='ocrx_word' id='word_1_99' title='bbox 1385 1272 1442 1326; x_wconf 88' lang='lat' dir='ltr'><strong><em>in</em></strong></span> <span class='ocrx_word' id='word_1_100' title='bbox 1480 1273 1725 1339; x_wconf 88' lang='lat' dir='ltr'><strong><em>tenebris,</em></strong></span> <span class='ocrx_word' id='word_1_101' title='bbox 1761 1273 1918 1328; x_wconf 74' lang='lat' dir='ltr'><strong><em>dicite</em></strong></span> <span class='ocrx_word' id='word_1_102' title='bbox 1943 1275 2001 1328; x_wconf 89' lang='lat' dir='ltr'><strong><em>in</em></strong></span> <span class='ocrx_word' id='word_1_103' title='bbox 2031 1273 2114 1328; x_wconf 89' lang='lat' dir='ltr'><strong><em>lu-</em></strong></span> 
     </span>
    </p>
   </div>
   <div class='ocr_carea' id='block_1_14' title="bbox 518 1361 2114 1435">
    <p class='ocr_par' dir='ltr' id='par_1_14' title="bbox 518 1361 2114 1435">
     <span class='ocr_line' id='line_1_14' title="bbox 518 1361 2114 1435; baseline 0.002 -19"><span class='ocrx_word' id='word_1_104' title='bbox 518 1363 660 1417; x_wconf 86' lang='lat' dir='ltr'><strong><em>mine</em></strong></span> <span class='ocrx_word' id='word_1_105' title='bbox 683 1399 698 1413; x_wconf 92' lang='lat'><strong><em>.</em></strong></span> <span class='ocrx_word' id='word_1_106' title='bbox 729 1371 779 1416; x_wconf 90' lang='lat' dir='ltr'><strong><em>et</em></strong></span> <span class='ocrx_word' id='word_1_107' title='bbox 803 1378 922 1433; x_wconf 68' lang='lat' dir='ltr'><strong><em>quae</em></strong></span> <span class='ocrx_word' id='word_1_108' title='bbox 953 1361 1008 1415; x_wconf 92' lang='lat' dir='ltr'><strong><em>in</em></strong></span> <span class='ocrx_word' id='word_1_109' title='bbox 1049 1378 1179 1416; x_wconf 90' lang='lat' dir='ltr'><strong><em>aure</em></strong></span> <span class='ocrx_word' id='word_1_110' title='bbox 1214 1362 1458 1428; x_wconf 84' lang='lat' dir='ltr'><strong><em>audistis,</em></strong></span> <span class='ocrx_word' id='word_1_111' title='bbox 1489 1363 1776 1434; x_wconf 75' lang='lat' dir='ltr'><strong><em>prwdicate</em></strong></span> <span class='ocrx_word' id='word_1_112' title='bbox 1800 1381 1956 1435; x_wconf 86' lang='lat' dir='ltr'><strong><em>super</em></strong></span> <span class='ocrx_word' id='word_1_113' title='bbox 1979 1374 2114 1420; x_wconf 89' lang='lat' dir='ltr'><strong><em>tecta</em></strong></span> 
     </span>
    </p>
   </div>
   <div class='ocr_carea' id='block_1_15' title="bbox 519 1453 2113 1528">
    <p class='ocr_par' dir='ltr' id='par_1_15' title="bbox 519 1453 2113 1528">
     <span class='ocr_line' id='line_1_15' title="bbox 519 1453 2113 1528; baseline 0 -18"><span class='ocrx_word' id='word_1_114' title='bbox 519 1455 744 1528; x_wconf 75' lang='lat' dir='ltr'><strong><em>(Matth.</em></strong></span> <span class='ocrx_word' id='word_1_115' title='bbox 773 1471 827 1519; x_wconf 84' lang='lat' dir='ltr'><strong><em>x,</em></strong></span> <span class='ocrx_word' id='word_1_116' title='bbox 851 1455 964 1527; x_wconf 91' lang='lat'><strong><em>27).</em></strong></span> <span class='ocrx_word' id='word_1_117' title='bbox 995 1453 1148 1522; x_wconf 85' lang='lat' dir='ltr'><strong><em>Quod</em></strong></span> <span class='ocrx_word' id='word_1_118' title='bbox 1181 1455 1234 1509; x_wconf 94' lang='lat' dir='ltr'><strong><em>in</em></strong></span> <span class='ocrx_word' id='word_1_119' title='bbox 1277 1455 1536 1527; x_wconf 87' lang='lat' dir='ltr'><strong><em>mysterio</em></strong></span> <span class='ocrx_word' id='word_1_120' title='bbox 1577 1457 1930 1527; x_wconf 86' lang='lat' dir='ltr'><strong><em>cognovistis,</em></strong></span> <span class='ocrx_word' id='word_1_121' title='bbox 1958 1473 2113 1527; x_wconf 88' lang='lat' dir='ltr'><strong><em>aper-</em></strong></span> 
     </span>
    </p>
   </div>
   <div class='ocr_carea' id='block_1_16' title="bbox 519 1549 2114 1635">
    <p class='ocr_par' dir='ltr' id='par_1_16' title="bbox 519 1549 2114 1635">
     <span class='ocr_line' id='line_1_16' title="bbox 519 1549 2114 1635; baseline 0.003 -29"><span class='ocrx_word' id='word_1_122' title='bbox 519 1549 630 1607; x_wconf 89' lang='lat' dir='ltr'><strong><em>tius</em></strong></span> <span class='ocrx_word' id='word_1_123' title='bbox 667 1559 963 1616; x_wconf 85' lang='lat' dir='ltr'><strong><em>enarrate;</em></strong></span> <span class='ocrx_word' id='word_1_124' title='bbox 1009 1551 1152 1621; x_wconf 90' lang='lat' dir='ltr'><strong><em>quod</em></strong></span> <span class='ocrx_word' id='word_1_125' title='bbox 1200 1549 1464 1607; x_wconf 84' lang='lat' dir='ltr'><strong><em>didicistis</em></strong></span> <span class='ocrx_word' id='word_1_126' title='bbox 1506 1552 1843 1614; x_wconf 85' lang='lat' dir='ltr'><strong><em>abscondite,</em></strong></span> <span class='ocrx_word' id='word_1_127' title='bbox 1900 1553 2114 1635; x_wconf 77' lang='lat' dir='ltr'><strong><em>publice</em></strong></span> 
     </span>
    </p>
   </div>
   <div class='ocr_carea' id='block_1_17' title="bbox 517 1643 2112 1715">
    <p class='ocr_par' dir='ltr' id='par_1_17' title="bbox 517 1643 2112 1715">
     <span class='ocr_line' id='line_1_17' title="bbox 517 1643 2112 1715; baseline 0.001 -17"><span class='ocrx_word' id='word_1_128' title='bbox 517 1643 803 1715; x_wconf 88' lang='lat' dir='ltr'><strong><em>loquimini</em></strong></span> <span class='ocrx_word' id='word_1_129' title='bbox 829 1661 846 1711; x_wconf 90' lang='lat'>;</span> <span class='ocrx_word' id='word_1_130' title='bbox 875 1643 1018 1713; x_wconf 92' lang='lat' dir='ltr'><strong><em>quod</em></strong></span> <span class='ocrx_word' id='word_1_131' title='bbox 1047 1658 1145 1699; x_wconf 90' lang='lat' dir='ltr'><strong><em>vos</em></strong></span> <span class='ocrx_word' id='word_1_132' title='bbox 1163 1645 1371 1699; x_wconf 85' lang='lat' dir='ltr'><strong><em>erudivi</em></strong></span> <span class='ocrx_word' id='word_1_133' title='bbox 1401 1644 1455 1699; x_wconf 91' lang='lat' dir='ltr'><strong><em>in</em></strong></span> <span class='ocrx_word' id='word_1_134' title='bbox 1481 1660 1650 1715; x_wconf 88' lang='lat' dir='ltr'><strong><em>parvo</em></strong></span> <span class='ocrx_word' id='word_1_135' title='bbox 1677 1643 1863 1701; x_wconf 84' lang='lat' dir='ltr'><strong><em>Judeae</em></strong></span> <span class='ocrx_word' id='word_1_136' title='bbox 1889 1645 2032 1712; x_wconf 88' lang='lat' dir='ltr'><strong><em>loco,</em></strong></span> <span class='ocrx_word' id='word_1_137' title='bbox 2056 1647 2112 1700; x_wconf 92' lang='lat' dir='ltr'><strong><em>in</em></strong></span> 
     </span>
    </p>
   </div>
   <div class='ocr_carea' id='block_1_18' title="bbox 516 1737 2107 1801">
    <p class='ocr_par' dir='ltr' id='par_1_18' title="bbox 516 1737 2107 1801">
     <span class='ocr_line' id='line_1_18' title="bbox 516 1737 2107 1801; baseline -0.001 -7"><span class='ocrx_word' id='word_1_138' title='bbox 516 1738 790 1794; x_wconf 85' lang='lat' dir='ltr'><strong><em>universis</em></strong></span> <span class='ocrx_word' id='word_1_139' title='bbox 815 1737 1065 1801; x_wconf 84' lang='lat' dir='ltr'><strong><em>urbibus,</em></strong></span> <span class='ocrx_word' id='word_1_140' title='bbox 1091 1745 1147 1792; x_wconf 86' lang='lat' dir='ltr'><strong><em>et</em></strong></span> <span class='ocrx_word' id='word_1_141' title='bbox 1183 1737 1238 1791; x_wconf 92' lang='lat' dir='ltr'><strong><em>in</em></strong></span> <span class='ocrx_word' id='word_1_142' title='bbox 1263 1746 1379 1793; x_wconf 89' lang='lat' dir='ltr'><strong><em>toto</em></strong></span> <span class='ocrx_word' id='word_1_143' title='bbox 1405 1738 1610 1793; x_wconf 85' lang='lat' dir='ltr'><strong><em>munde</em></strong></span> <span class='ocrx_word' id='word_1_144' title='bbox 1635 1739 1894 1795; x_wconf 83' lang='lat' dir='ltr'><strong><em>audacter</em></strong></span> <span class='ocrx_word' id='word_1_145' title='bbox 1923 1739 2107 1796; x_wconf 88' lang='lat' dir='ltr'><strong><em>dicite.</em></strong></span> 
     </span>
    </p>
   </div>
   <div class='ocr_carea' id='block_1_19' title="bbox 2213 530 3842 607">
    <p class='ocr_par' dir='ltr' id='par_1_19' title="bbox 2213 530 3842 607">
     <span class='ocr_line' id='line_1_19' title="bbox 2213 530 3842 607; baseline -0.002 -16"><span class='ocrx_word' id='word_1_146' title='bbox 2213 537 2344 593; x_wconf 90' lang='lat' dir='ltr'><strong><em>lium</em></strong></span> <span class='ocrx_word' id='word_1_147' title='bbox 2392 535 2491 592; x_wconf 85' lang='lat' dir='ltr'><strong><em>Dei</em></strong></span> <span class='ocrx_word' id='word_1_148' title='bbox 2532 533 2871 607; x_wconf 88' lang='lat' dir='ltr'><strong><em>principibus</em></strong></span> <span class='ocrx_word' id='word_1_149' title='bbox 2915 541 2972 588; x_wconf 91' lang='lat' dir='ltr'><strong><em>et</em></strong></span> <span class='ocrx_word' id='word_1_150' title='bbox 3017 530 3326 588; x_wconf 84' lang='lat' dir='ltr'><strong><em>nationibus</em></strong></span> <span class='ocrx_word' id='word_1_151' title='bbox 3374 531 3577 587; x_wconf 89' lang='lat' dir='ltr'><strong><em>mundi.</em></strong></span> <span class='ocrx_word' id='word_1_152' title='bbox 3628 532 3842 603; x_wconf 84' lang='lat' dir='ltr'><strong><em>Super</em></strong></span> 
     </span>
    </p>
   </div>
   <div class='ocr_carea' id='block_1_20' title="bbox 2213 623 3836 694">
    <p class='ocr_par' dir='ltr' id='par_1_20' title="bbox 2213 623 3836 694">
     <span class='ocr_line' id='line_1_20' title="bbox 2213 623 3836 694; baseline -0.004 -9"><span class='ocrx_word' id='word_1_153' title='bbox 2213 628 2491 686; x_wconf 89' lang='lat' dir='ltr'><strong><em>Christum</em></strong></span> <span class='ocrx_word' id='word_1_154' title='bbox 2529 637 2769 683; x_wconf 88' lang='lat' dir='ltr'><strong><em>montem</em></strong></span> <span class='ocrx_word' id='word_1_155' title='bbox 2817 625 3095 692; x_wconf 88' lang='lat' dir='ltr'><strong><em>excelsum</em></strong></span> <span class='ocrx_word' id='word_1_156' title='bbox 3139 623 3593 694; x_wconf 82' lang='lat' dir='ltr'><strong><em>contemplatione</em></strong></span> <span class='ocrx_word' id='word_1_157' title='bbox 3645 641 3836 681; x_wconf 83' lang='lat' dir='ltr'><strong><em>men-</em></strong></span> 
     </span>
    </p>
   </div>
   <div class='ocr_carea' id='block_1_21' title="bbox 2219 704 3833 786">
    <p class='ocr_par' dir='ltr' id='par_1_21' title="bbox 2219 704 3833 786">
     <span class='ocr_line' id='line_1_21' title="bbox 2219 704 3833 786; baseline -0.002 -11"><span class='ocrx_word' id='word_1_158' title='bbox 2219 721 2354 776; x_wconf 90' lang='lat' dir='ltr'><strong><em>tium</em></strong></span> <span class='ocrx_word' id='word_1_159' title='bbox 2385 704 2618 786; x_wconf 74' lang='lat' dir='ltr'><strong><em>elevati,</em></strong></span> <span class='ocrx_word' id='word_1_160' title='bbox 2652 718 2960 774; x_wconf 89' lang='lat' dir='ltr'><strong><em>didicerunt</em></strong></span> <span class='ocrx_word' id='word_1_161' title='bbox 2990 715 3334 773; x_wconf 89' lang='lat' dir='ltr'><strong><em>confessores</em></strong></span> <span class='ocrx_word' id='word_1_162' title='bbox 3379 715 3520 771; x_wconf 82' lang='lat' dir='ltr'><strong><em>beati</em></strong></span> <span class='ocrx_word' id='word_1_163' title='bbox 3553 730 3618 771; x_wconf 83' lang='lat' dir='ltr'><strong><em>ex</em></strong></span> <span class='ocrx_word' id='word_1_164' title='bbox 3647 716 3833 772; x_wconf 83' lang='lat' dir='ltr'><strong><em>Psal-</em></strong></span> 
     </span>
    </p>
   </div>
   <div class='ocr_carea' id='block_1_22' title="bbox 2214 807 3833 880">
    <p class='ocr_par' dir='ltr' id='par_1_22' title="bbox 2214 807 3833 880">
     <span class='ocr_line' id='line_1_22' title="bbox 2214 807 3833 880; baseline -0.002 -13"><span class='ocrx_word' id='word_1_165' title='bbox 2214 813 2390 868; x_wconf 79' lang='lat' dir='ltr'><strong><em>mistae</em></strong></span> <span class='ocrx_word' id='word_1_166' title='bbox 2417 811 2654 868; x_wconf 89' lang='lat' dir='ltr'><strong><em>oraculis</em></strong></span> <span class='ocrx_word' id='word_1_167' title='bbox 2674 809 2941 879; x_wconf 84' lang='lat' dir='ltr'><strong><em>justitiam</em></strong></span> <span class='ocrx_word' id='word_1_168' title='bbox 2973 808 3188 864; x_wconf 90' lang='lat' dir='ltr'><strong><em>Domini</em></strong></span> <span class='ocrx_word' id='word_1_169' title='bbox 3228 808 3284 863; x_wconf 91' lang='lat' dir='ltr'><strong><em>in</em></strong></span> <span class='ocrx_word' id='word_1_170' title='bbox 3324 807 3562 864; x_wconf 83' lang='lat' dir='ltr'><strong><em>Ecclesia</em></strong></span> <span class='ocrx_word' id='word_1_171' title='bbox 3607 825 3833 880; x_wconf 83' lang='lat' dir='ltr'><strong><em>magna</em></strong></span> 
     </span>
    </p>
   </div>
   <div class='ocr_carea' id='block_1_23' title="bbox 2214 900 3833 976">
    <p class='ocr_par' dir='ltr' id='par_1_23' title="bbox 2214 900 3833 976">
     <span class='ocr_line' id='line_1_23' title="bbox 2214 900 3833 976; baseline 0 -18"><span class='ocrx_word' id='word_1_172' title='bbox 2214 903 2333 961; x_wconf 85' lang='lat' dir='ltr'><strong><em>fore</em></strong></span> <span class='ocrx_word' id='word_1_173' title='bbox 2363 903 2791 960; x_wconf 90' lang='lat' dir='ltr'><strong><em>annuntiandam</em></strong></span> <span class='ocrx_word' id='word_1_174' title='bbox 2831 900 3007 976; x_wconf 88' lang='lat' dir='ltr'><strong><em>(Psal.</em></strong></span> <span class='ocrx_word' id='word_1_175' title='bbox 3045 917 3211 957; x_wconf 76' lang='lat' dir='ltr'><strong><em>xxxix</em></strong></span> <span class='ocrx_word' id='word_1_176' title='bbox 3233 942 3248 968; x_wconf 95' lang='lat'><strong><em>,</em></strong></span> <span class='ocrx_word' id='word_1_177' title='bbox 3278 901 3369 975; x_wconf 72' lang='lat'><strong><em>{0)</em></strong></span> <span class='ocrx_word' id='word_1_178' title='bbox 3401 917 3418 956; x_wconf 89' lang='lat'><strong>:</strong></span> <span class='ocrx_word' id='word_1_179' title='bbox 3453 911 3508 958; x_wconf 89' lang='lat' dir='ltr'><strong><em>et</em></strong></span> <span class='ocrx_word' id='word_1_180' title='bbox 3527 903 3651 959; x_wconf 88' lang='lat' dir='ltr'><strong><em>ideo</em></strong></span> <span class='ocrx_word' id='word_1_181' title='bbox 3679 919 3833 974; x_wconf 84' lang='lat' dir='ltr'><strong><em>per-</em></strong></span> 
     </span>
    </p>
   </div>
   <div class='ocr_carea' id='block_1_24' title="bbox 2212 993 3838 1067">
    <p class='ocr_par' dir='ltr' id='par_1_24' title="bbox 2212 993 3838 1067">
     <span class='ocr_line' id='line_1_24' title="bbox 2212 993 3838 1067; baseline -0.002 -13"><span class='ocrx_word' id='word_1_182' title='bbox 2212 997 2357 1054; x_wconf 91' lang='lat' dir='ltr'><strong><em>fecto</em></strong></span> <span class='ocrx_word' id='word_1_183' title='bbox 2399 997 2524 1053; x_wconf 91' lang='lat' dir='ltr'><strong><em>odio</em></strong></span> <span class='ocrx_word' id='word_1_184' title='bbox 2553 1005 2745 1052; x_wconf 88' lang='lat' dir='ltr'><strong><em>contra</em></strong></span> <span class='ocrx_word' id='word_1_185' title='bbox 2791 995 3138 1051; x_wconf 83' lang='lat' dir='ltr'><strong><em>adversarios</em></strong></span> <span class='ocrx_word' id='word_1_186' title='bbox 3176 993 3439 1050; x_wconf 62' lang='lat' dir='ltr'><strong><em>Ecclesiae</em></strong></span> <span class='ocrx_word' id='word_1_187' title='bbox 3465 994 3838 1067; x_wconf 82' lang='lat' dir='ltr'><strong><em>insurgentes</em></strong></span> 
     </span>
    </p>
   </div>
   <div class='ocr_carea' id='block_1_25' title="bbox 2215 1085 3831 1162">
    <p class='ocr_par' dir='ltr' id='par_1_25' title="bbox 2215 1085 3831 1162">
     <span class='ocr_line' id='line_1_25' title="bbox 2215 1085 3831 1162; baseline -0.002 -18"><span class='ocrx_word' id='word_1_188' title='bbox 2215 1097 2449 1162; x_wconf 87' lang='lat' dir='ltr'><strong><em>arguunt</em></strong></span> <span class='ocrx_word' id='word_1_189' title='bbox 2492 1088 2688 1160; x_wconf 90' lang='lat' dir='ltr'><strong><em>impios</em></strong></span> <span class='ocrx_word' id='word_1_190' title='bbox 2730 1089 2798 1144; x_wconf 90' lang='lat' dir='ltr'><strong><em>de</em></strong></span> <span class='ocrx_word' id='word_1_191' title='bbox 2840 1085 3261 1146; x_wconf 81' lang='lat' dir='ltr'><strong><em>falsidicavatis</em></strong></span> <span class='ocrx_word' id='word_1_192' title='bbox 3303 1085 3474 1155; x_wconf 88' lang='lat' dir='ltr'><strong><em>iniqui</em></strong></span> <span class='ocrx_word' id='word_1_193' title='bbox 3521 1087 3831 1150; x_wconf 79' lang='lat' dir='ltr'><strong><em>doctrina,</em></strong></span> 
     </span>
    </p>
   </div>
   <div class='ocr_carea' id='block_1_26' title="bbox 2214 1175 3834 1250">
    <p class='ocr_par' dir='ltr' id='par_1_26' title="bbox 2214 1175 3834 1250">
     <span class='ocr_line' id='line_1_26' title="bbox 2214 1175 3834 1250; baseline -0.001 -18"><span class='ocrx_word' id='word_1_194' title='bbox 2214 1178 2537 1250; x_wconf 61' lang='lat' dir='ltr'><strong><em>prastigiis;</em></strong></span> <span class='ocrx_word' id='word_1_195' title='bbox 2567 1176 2892 1250; x_wconf 87' lang='lat' dir='ltr'><strong><em>sacrilegiis,</em></strong></span> <span class='ocrx_word' id='word_1_196' title='bbox 2937 1185 2994 1232; x_wconf 91' lang='lat' dir='ltr'><strong><em>et</em></strong></span> <span class='ocrx_word' id='word_1_197' title='bbox 3036 1175 3372 1232; x_wconf 82' lang='lat' dir='ltr'><strong><em>vanitatibus</em></strong></span> <span class='ocrx_word' id='word_1_198' title='bbox 3399 1176 3578 1231; x_wconf 71' lang='lat' dir='ltr'><strong><em>saeculi</em></strong></span> <span class='ocrx_word' id='word_1_199' title='bbox 3605 1176 3785 1246; x_wconf 84' lang='lat' dir='ltr'><strong><em>plena</em></strong></span> <span class='ocrx_word' id='word_1_200' title='bbox 3817 1194 3834 1230; x_wconf 90' lang='lat'><strong>:</strong></span> 
     </span>
    </p>
   </div>
   <div class='ocr_carea' id='block_1_27' title="bbox 2215 1265 3840 1338">
    <p class='ocr_par' dir='ltr' id='par_1_27' title="bbox 2215 1265 3840 1338">
     <span class='ocr_line' id='line_1_27' title="bbox 2215 1265 3840 1338; baseline -0.002 -13"><span class='ocrx_word' id='word_1_201' title='bbox 2215 1269 2558 1325; x_wconf 85' lang='lat' dir='ltr'><strong><em>detestantur</em></strong></span> <span class='ocrx_word' id='word_1_202' title='bbox 2597 1282 2850 1338; x_wconf 89' lang='lat' dir='ltr'><strong><em>quoque,</em></strong></span> <span class='ocrx_word' id='word_1_203' title='bbox 2898 1275 2956 1322; x_wconf 90' lang='lat' dir='ltr'><strong><em>et</em></strong></span> <span class='ocrx_word' id='word_1_204' title='bbox 3001 1265 3473 1322; x_wconf 89' lang='lat' dir='ltr'><strong><em>maledictionibus</em></strong></span> <span class='ocrx_word' id='word_1_205' title='bbox 3531 1276 3840 1322; x_wconf 81' lang='lat' dir='ltr'><strong><em>auctorem</em></strong></span> 
     </span>
    </p>
   </div>
   <div class='ocr_carea' id='block_1_28' title="bbox 2215 1357 3840 1434">
    <p class='ocr_par' dir='ltr' id='par_1_28' title="bbox 2215 1357 3840 1434">
     <span class='ocr_line' id='line_1_28' title="bbox 2215 1357 3840 1434; baseline -0.002 -18"><span class='ocrx_word' id='word_1_206' title='bbox 2215 1369 2381 1416; x_wconf 71' lang='lat' dir='ltr'><strong><em>tanta:</em></strong></span> <span class='ocrx_word' id='word_1_207' title='bbox 2408 1359 2781 1432; x_wconf 89' lang='lat' dir='ltr'><strong><em>perversitatis</em></strong></span> <span class='ocrx_word' id='word_1_208' title='bbox 2813 1359 3165 1430; x_wconf 87' lang='lat' dir='ltr'><strong><em>impugnant,</em></strong></span> <span class='ocrx_word' id='word_1_209' title='bbox 3199 1357 3559 1434; x_wconf 89' lang='lat' dir='ltr'><strong><em>eumdemque</em></strong></span> <span class='ocrx_word' id='word_1_210' title='bbox 3607 1366 3840 1414; x_wconf 65' lang='lat' dir='ltr'><strong><em>cetum</em></strong></span> 
     </span>
    </p>
   </div>
   <div class='ocr_carea' id='block_1_29' title="bbox 2215 1451 3844 1523">
    <p class='ocr_par' dir='ltr' id='par_1_29' title="bbox 2215 1451 3844 1523">
     <span class='ocr_line' id='line_1_29' title="bbox 2215 1451 3844 1523; baseline -0.002 -13"><span class='ocrx_word' id='word_1_211' title='bbox 2215 1455 2415 1510; x_wconf 87' lang='lat' dir='ltr'><strong><em>talibus</em></strong></span> <span class='ocrx_word' id='word_1_212' title='bbox 2461 1453 2845 1509; x_wconf 81' lang='lat' dir='ltr'><strong><em>inservientem</em></strong></span> <span class='ocrx_word' id='word_1_213' title='bbox 2897 1451 3128 1507; x_wconf 86' lang='lat' dir='ltr'><strong><em>culturis</em></strong></span> <span class='ocrx_word' id='word_1_214' title='bbox 3181 1451 3410 1523; x_wconf 88' lang='lat' dir='ltr'><strong><em>perenni</em></strong></span> <span class='ocrx_word' id='word_1_215' title='bbox 3464 1451 3844 1508; x_wconf 75' lang='lat' dir='ltr'><strong><em>anathemate</em></strong></span> 
     </span>
    </p>
   </div>
   <div class='ocr_carea' id='block_1_30' title="bbox 2215 1541 3837 1612">
    <p class='ocr_par' dir='ltr' id='par_1_30' title="bbox 2215 1541 3837 1612">
     <span class='ocr_line' id='line_1_30' title="bbox 2215 1541 3837 1612; baseline -0.004 -10"><span class='ocrx_word' id='word_1_216' title='bbox 2215 1547 2518 1602; x_wconf 88' lang='lat' dir='ltr'><strong><em>damnant:</em></strong></span> <span class='ocrx_word' id='word_1_217' title='bbox 2550 1555 2607 1602; x_wconf 90' lang='lat' dir='ltr'><strong><em>et</em></strong></span> <span class='ocrx_word' id='word_1_218' title='bbox 2649 1545 2726 1600; x_wconf 92' lang='lat' dir='ltr'><strong><em>ita</em></strong></span> <span class='ocrx_word' id='word_1_219' title='bbox 2772 1544 3008 1600; x_wconf 83' lang='lat' dir='ltr'><strong><em>interriti</em></strong></span> <span class='ocrx_word' id='word_1_220' title='bbox 3054 1550 3246 1599; x_wconf 89' lang='lat' dir='ltr'><strong><em>contra</em></strong></span> <span class='ocrx_word' id='word_1_221' title='bbox 3294 1541 3506 1599; x_wconf 84' lang='lat' dir='ltr'><strong><em>hostem</em></strong></span> <span class='ocrx_word' id='word_1_222' title='bbox 3532 1542 3837 1612; x_wconf 86' lang='lat' dir='ltr'><strong><em>publicum</em></strong></span> 
     </span>
    </p>
   </div>
   <div class='ocr_carea' id='block_1_31' title="bbox 2215 1632 3842 1711">
    <p class='ocr_par' dir='ltr' id='par_1_31' title="bbox 2215 1632 3842 1711">
     <span class='ocr_line' id='line_1_31' title="bbox 2215 1632 3842 1711; baseline -0.004 -17"><span class='ocrx_word' id='word_1_223' title='bbox 2215 1648 2464 1711; x_wconf 90' lang='lat' dir='ltr'><strong><em>apertum</em></strong></span> <span class='ocrx_word' id='word_1_224' title='bbox 2513 1637 2759 1693; x_wconf 86' lang='lat' dir='ltr'><strong><em>veritatis</em></strong></span> <span class='ocrx_word' id='word_1_225' title='bbox 2801 1637 3074 1708; x_wconf 74' lang='lat' dir='ltr'><strong><em>erigentes</em></strong></span> <span class='ocrx_word' id='word_1_226' title='bbox 3116 1632 3412 1700; x_wconf 81' lang='lat' dir='ltr'><strong><em>vexillum,</em></strong></span> <span class='ocrx_word' id='word_1_227' title='bbox 3455 1643 3645 1704; x_wconf 82' lang='lat' dir='ltr'><strong><em>utpote</em></strong></span> <span class='ocrx_word' id='word_1_228' title='bbox 3691 1643 3842 1688; x_wconf 86' lang='lat' dir='ltr'><strong><em>ante</em></strong></span> 
     </span>
    </p>
   </div>
   <div class='ocr_carea' id='block_1_32' title="bbox 2216 1727 3844 1803">
    <p class='ocr_par' dir='ltr' id='par_1_32' title="bbox 2216 1727 3844 1803">
     <span class='ocr_line' id='line_1_32' title="bbox 2216 1727 3844 1803; baseline -0.003 -16"><span class='ocrx_word' id='word_1_229' title='bbox 2216 1732 2363 1790; x_wconf 87' lang='lat' dir='ltr'><strong><em>fores</em></strong></span> <span class='ocrx_word' id='word_1_230' title='bbox 2390 1732 2668 1803; x_wconf 67' lang='lat' dir='ltr'><strong><em>praetorii,</em></strong></span> <span class='ocrx_word' id='word_1_231' title='bbox 2694 1739 2751 1787; x_wconf 90' lang='lat' dir='ltr'><strong><em>et</em></strong></span> <span class='ocrx_word' id='word_1_232' title='bbox 2770 1731 2823 1786; x_wconf 93' lang='lat' dir='ltr'><strong><em>in</em></strong></span> <span class='ocrx_word' id='word_1_233' title='bbox 2853 1731 2971 1802; x_wconf 87' lang='lat' dir='ltr'><strong><em>ipso</em></strong></span> <span class='ocrx_word' id='word_1_234' title='bbox 2999 1744 3223 1785; x_wconf 90' lang='lat' dir='ltr'><strong><em>accessu</em></strong></span> <span class='ocrx_word' id='word_1_235' title='bbox 3264 1727 3452 1800; x_wconf 88' lang='lat' dir='ltr'><strong><em>palatii</em></strong></span> <span class='ocrx_word' id='word_1_236' title='bbox 3475 1727 3844 1798; x_wconf 84' lang='lat' dir='ltr'><strong><em>proferentes</em></strong></span> 
     </span>
    </p>
   </div>
   <div class='ocr_carea' id='block_1_33' title="bbox 519 1819 3838 1900">
    <p class='ocr_par' dir='ltr' id='par_1_33' title="bbox 519 1819 3838 1900">
     <span class='ocr_line' id='line_1_33' title="bbox 519 1819 3838 1900; baseline -0.003 -13"><span class='ocrx_word' id='word_1_237' title='bbox 519 1829 687 1886; x_wconf 87' lang='lat' dir='ltr'><strong><em>Docet</em></strong></span> <span class='ocrx_word' id='word_1_238' title='bbox 716 1829 969 1884; x_wconf 83' lang='lat' dir='ltr'><strong><em>ﬁduciam</em></strong></span> <span class='ocrx_word' id='word_1_239' title='bbox 989 1828 1338 1898; x_wconf 60' lang='lat' dir='ltr'><strong><em>praedicandi,</em></strong></span> <span class='ocrx_word' id='word_1_240' title='bbox 1362 1845 1431 1884; x_wconf 91' lang='lat' dir='ltr'><strong><em>ne</em></strong></span> <span class='ocrx_word' id='word_1_241' title='bbox 1455 1829 1680 1900; x_wconf 86' lang='lat' dir='ltr'><strong><em>apostoli</em></strong></span> <span class='ocrx_word' id='word_1_242' title='bbox 1707 1831 2110 1887; x_wconf 87' lang='lat' dir='ltr'><strong><em>abscondantur</em></strong></span> <span class='ocrx_word' id='word_1_243' title='bbox 2137 1820 2186 1880; x_wconf 90' lang='lat' dir='ltr'><strong>B</strong></span> <span class='ocrx_word' id='word_1_244' title='bbox 2213 1827 2583 1883; x_wconf 85' lang='lat' dir='ltr'><strong><em>testimonium</em></strong></span> <span class='ocrx_word' id='word_1_245' title='bbox 2629 1826 2684 1880; x_wconf 93' lang='lat' dir='ltr'><strong><em>in</em></strong></span> <span class='ocrx_word' id='word_1_246' title='bbox 2731 1825 2922 1880; x_wconf 88' lang='lat' dir='ltr'><strong><em>ducem</em></strong></span> <span class='ocrx_word' id='word_1_247' title='bbox 2969 1822 3321 1894; x_wconf 89' lang='lat' dir='ltr'><strong><em>perditionis,</em></strong></span> <span class='ocrx_word' id='word_1_248' title='bbox 3368 1819 3712 1876; x_wconf 83' lang='lat' dir='ltr'><strong><em>confusionis</em></strong></span> <span class='ocrx_word' id='word_1_249' title='bbox 3773 1831 3838 1876; x_wconf 90' lang='lat' dir='ltr'><strong><em>et</em></strong></span> 
     </span>
    </p>
   </div>
   <div class='ocr_carea' id='block_1_34' title="bbox 519 1919 2117 1994">
    <p class='ocr_par' dir='ltr' id='par_1_34' title="bbox 519 1919 2117 1994">
     <span class='ocr_line' id='line_1_34' title="bbox 519 1919 2117 1994; baseline 0.001 -16"><span class='ocrx_word' id='word_1_250' title='bbox 519 1921 592 1978; x_wconf 91' lang='lat' dir='ltr'><strong><em>ob</em></strong></span> <span class='ocrx_word' id='word_1_251' title='bbox 620 1931 849 1986; x_wconf 89' lang='lat' dir='ltr'><strong><em>metum,</em></strong></span> <span class='ocrx_word' id='word_1_252' title='bbox 879 1928 935 1976; x_wconf 89' lang='lat' dir='ltr'><strong><em>et</em></strong></span> <span class='ocrx_word' id='word_1_253' title='bbox 959 1920 1070 1975; x_wconf 91' lang='lat' dir='ltr'><strong><em>sint</em></strong></span> <span class='ocrx_word' id='word_1_254' title='bbox 1096 1919 1302 1976; x_wconf 89' lang='lat' dir='ltr'><strong><em>similes</em></strong></span> <span class='ocrx_word' id='word_1_255' title='bbox 1329 1920 1565 1976; x_wconf 61' lang='lat' dir='ltr'><strong><em>lucerna</em></strong></span> <span class='ocrx_word' id='word_1_256' title='bbox 1600 1922 1702 1977; x_wconf 92' lang='lat' dir='ltr'><strong><em>sub</em></strong></span> <span class='ocrx_word' id='word_1_257' title='bbox 1730 1923 1913 1978; x_wconf 91' lang='lat' dir='ltr'><strong><em>modio</em></strong></span> <span class='ocrx_word' id='word_1_258' title='bbox 1940 1939 1954 1989; x_wconf 93' lang='lat'><strong>;</strong></span> <span class='ocrx_word' id='word_1_259' title='bbox 1980 1938 2117 1994; x_wconf 90' lang='lat' dir='ltr'><strong><em>quo—</em></strong></span> 
     </span>
    </p>
   </div>
   <div class='ocr_carea' id='block_1_35' title="bbox 520 2012 2116 2088">
    <p class='ocr_par' dir='ltr' id='par_1_35' title="bbox 520 2012 2116 2088">
     <span class='ocr_line' id='line_1_35' title="bbox 520 2012 2116 2088; baseline 0.003 -20"><span class='ocrx_word' id='word_1_260' title='bbox 520 2014 669 2068; x_wconf 89' lang='lat' dir='ltr'><strong><em>niam</em></strong></span> <span class='ocrx_word' id='word_1_261' title='bbox 695 2013 752 2069; x_wconf 89' lang='lat' dir='ltr'><strong><em>bi</em></strong></span> <span class='ocrx_word' id='word_1_262' title='bbox 795 2012 888 2084; x_wconf 88' lang='lat' dir='ltr'><strong><em>qui</em></strong></span> <span class='ocrx_word' id='word_1_263' title='bbox 933 2013 1242 2085; x_wconf 58' lang='lat' dir='ltr'><strong><em>libertatem</em></strong></span> <span class='ocrx_word' id='word_1_264' title='bbox 1284 2013 1518 2071; x_wconf 81' lang='lat' dir='ltr'><strong><em>faciendi</em></strong></span> <span class='ocrx_word' id='word_1_265' title='bbox 1556 2014 1784 2072; x_wconf 84' lang='lat' dir='ltr'><strong><em>verbum</em></strong></span> <span class='ocrx_word' id='word_1_266' title='bbox 1812 2015 1867 2071; x_wconf 92' lang='lat' dir='ltr'><strong><em>in</em></strong></span> <span class='ocrx_word' id='word_1_267' title='bbox 1904 2017 2116 2088; x_wconf 89' lang='lat' dir='ltr'><strong><em>populis</em></strong></span> 
     </span>
    </p>
   </div>
   <div class='ocr_carea' id='block_1_36' title="bbox 519 2105 2118 2182">
    <p class='ocr_par' dir='ltr' id='par_1_36' title="bbox 519 2105 2118 2182">
     <span class='ocr_line' id='line_1_36' title="bbox 519 2105 2118 2182; baseline 0.003 -20"><span class='ocrx_word' id='word_1_268' title='bbox 519 2105 780 2162; x_wconf 90' lang='lat' dir='ltr'><strong><em>divinitus</em></strong></span> <span class='ocrx_word' id='word_1_269' title='bbox 827 2115 1172 2176; x_wconf 89' lang='lat' dir='ltr'><strong><em>acceperunt,</em></strong></span> <span class='ocrx_word' id='word_1_270' title='bbox 1211 2123 1554 2178; x_wconf 90' lang='lat' dir='ltr'><strong><em>nequaquam</em></strong></span> <span class='ocrx_word' id='word_1_271' title='bbox 1607 2109 1872 2165; x_wconf 88' lang='lat' dir='ltr'><strong><em>resilirea</em></strong></span> <span class='ocrx_word' id='word_1_272' title='bbox 1919 2111 2118 2182; x_wconf 72' lang='lat' dir='ltr'><strong><em>praedi-</em></strong></span> 
     </span>
    </p>
   </div>
   <div class='ocr_carea' id='block_1_37' title="bbox 519 2198 2117 2271">
    <p class='ocr_par' dir='ltr' id='par_1_37' title="bbox 519 2198 2117 2271">
     <span class='ocr_line' id='line_1_37' title="bbox 519 2198 2117 2271; baseline 0.004 -17"><span class='ocrx_word' id='word_1_273' title='bbox 519 2199 738 2254; x_wconf 88' lang='lat' dir='ltr'><strong><em>catione</em></strong></span> <span class='ocrx_word' id='word_1_274' title='bbox 760 2198 1028 2265; x_wconf 85' lang='lat' dir='ltr'><strong><em>veritatis,</em></strong></span> <span class='ocrx_word' id='word_1_275' title='bbox 1071 2200 1236 2256; x_wconf 91' lang='lat' dir='ltr'><strong><em>etiam</em></strong></span> <span class='ocrx_word' id='word_1_276' title='bbox 1262 2201 1520 2271; x_wconf 89' lang='lat' dir='ltr'><strong><em>periculis</em></strong></span> <span class='ocrx_word' id='word_1_277' title='bbox 1560 2202 1994 2260; x_wconf 89' lang='lat' dir='ltr'><strong><em>imminentibus.</em></strong></span> <span class='ocrx_word' id='word_1_278' title='bbox 2023 2204 2117 2260; x_wconf 90' lang='lat' dir='ltr'><strong><em>de-</em></strong></span> 
     </span>
    </p>
   </div>
   <div class='ocr_carea' id='block_1_38' title="bbox 520 2288 2118 2364">
    <p class='ocr_par' dir='ltr' id='par_1_38' title="bbox 520 2288 2118 2364">
     <span class='ocr_line' id='line_1_38' title="bbox 520 2288 2118 2364; baseline 0.003 -19"><span class='ocrx_word' id='word_1_279' title='bbox 520 2288 674 2355; x_wconf 89' lang='lat' dir='ltr'><strong><em>bent,</em></strong></span> <span class='ocrx_word' id='word_1_280' title='bbox 702 2296 764 2342; x_wconf 89' lang='lat' dir='ltr'><strong><em>ut</em></strong></span> <span class='ocrx_word' id='word_1_281' title='bbox 800 2304 908 2350; x_wconf 86' lang='lat' dir='ltr'><strong><em>non</em></strong></span> <span class='ocrx_word' id='word_1_282' title='bbox 933 2289 1174 2345; x_wconf 92' lang='lat' dir='ltr'><strong><em>lucernis</em></strong></span> <span class='ocrx_word' id='word_1_283' title='bbox 1218 2291 1321 2346; x_wconf 90' lang='lat' dir='ltr'><strong><em>sub</em></strong></span> <span class='ocrx_word' id='word_1_284' title='bbox 1356 2292 1564 2358; x_wconf 91' lang='lat' dir='ltr'><strong><em>modio,</em></strong></span> <span class='ocrx_word' id='word_1_285' title='bbox 1595 2292 1691 2348; x_wconf 90' lang='lat' dir='ltr'><strong><em>sed</em></strong></span> <span class='ocrx_word' id='word_1_286' title='bbox 1723 2308 1884 2364; x_wconf 86' lang='lat' dir='ltr'><strong><em>supra</em></strong></span> <span class='ocrx_word' id='word_1_287' title='bbox 1915 2295 2118 2350; x_wconf 90' lang='lat' dir='ltr'><strong><em>cande-</em></strong></span> 
     </span>
    </p>
   </div>
   <div class='ocr_carea' id='block_1_39' title="bbox 521 2378 1382 2450">
    <p class='ocr_par' dir='ltr' id='par_1_39' title="bbox 521 2378 1382 2450">
     <span class='ocr_line' id='line_1_39' title="bbox 521 2378 1382 2450; baseline 0.001 -16"><span class='ocrx_word' id='word_1_288' title='bbox 521 2378 736 2434; x_wconf 89' lang='lat' dir='ltr'><strong><em>labrum</em></strong></span> <span class='ocrx_word' id='word_1_289' title='bbox 756 2379 950 2449; x_wconf 89' lang='lat' dir='ltr'><strong><em>positis</em></strong></span> <span class='ocrx_word' id='word_1_290' title='bbox 975 2388 1382 2450; x_wconf 89' lang='lat' dir='ltr'><strong><em>comparentur.</em></strong></span> 
     </span>
    </p>
   </div>
   <div class='ocr_carea' id='block_1_40' title="bbox 595 2471 2122 2532">
    <p class='ocr_par' dir='ltr' id='par_1_40' title="bbox 595 2471 2122 2532">
     <span class='ocr_line' id='line_1_40' title="bbox 595 2471 2122 2532; baseline 0.004 -6"><span class='ocrx_word' id='word_1_291' title='bbox 595 2471 650 2526; x_wconf 89' lang='lat'><strong><em>6.</em></strong></span> <span class='ocrx_word' id='word_1_292' title='bbox 693 2471 760 2526; x_wconf 89' lang='lat' dir='ltr'><strong><em>Et</em></strong></span> <span class='ocrx_word' id='word_1_293' title='bbox 789 2471 915 2528; x_wconf 90' lang='lat' dir='ltr'><strong><em>licet</em></strong></span> <span class='ocrx_word' id='word_1_294' title='bbox 944 2471 1311 2528; x_wconf 89' lang='lat' dir='ltr'><strong><em>formidolosis</em></strong></span> <span class='ocrx_word' id='word_1_295' title='bbox 1345 2472 1576 2530; x_wconf 80' lang='lat' dir='ltr'><strong><em>facultas</em></strong></span> <span class='ocrx_word' id='word_1_296' title='bbox 1618 2474 1818 2531; x_wconf 87' lang='lat' dir='ltr'><strong><em>collata</em></strong></span> <span class='ocrx_word' id='word_1_297' title='bbox 1859 2476 1934 2532; x_wconf 86' lang='lat' dir='ltr'><strong><em>sit</em></strong></span> <span class='ocrx_word' id='word_1_298' title='bbox 1958 2476 2122 2532; x_wconf 90' lang='lat' dir='ltr'><strong><em>decli-</em></strong></span> 
     </span>
    </p>
   </div>
   <div class='ocr_carea' id='block_1_41' title="bbox 521 2565 2122 2639">
    <p class='ocr_par' dir='ltr' id='par_1_41' title="bbox 521 2565 2122 2639">
     <span class='ocr_line' id='line_1_41' title="bbox 521 2565 2122 2639; baseline 0.002 -18"><span class='ocrx_word' id='word_1_299' title='bbox 521 2565 686 2621; x_wconf 89' lang='lat' dir='ltr'><strong><em>nandi</em></strong></span> <span class='ocrx_word' id='word_1_300' title='bbox 717 2565 923 2621; x_wconf 87' lang='lat' dir='ltr'><strong><em>rabiem</em></strong></span> <span class='ocrx_word' id='word_1_301' title='bbox 950 2566 1368 2634; x_wconf 88' lang='lat' dir='ltr'><strong><em>persecutionis,</em></strong></span> <span class='ocrx_word' id='word_1_302' title='bbox 1413 2582 1521 2622; x_wconf 92' lang='lat' dir='ltr'><strong><em>non</em></strong></span> <span class='ocrx_word' id='word_1_303' title='bbox 1560 2577 1737 2624; x_wconf 89' lang='lat' dir='ltr'><strong><em>tamen</em></strong></span> <span class='ocrx_word' id='word_1_304' title='bbox 1767 2571 1972 2639; x_wconf 90' lang='lat' dir='ltr'><strong><em>passim</em></strong></span> <span class='ocrx_word' id='word_1_305' title='bbox 2017 2570 2122 2626; x_wconf 90' lang='lat' dir='ltr'><strong><em>hoc</em></strong></span> 
     </span>
    </p>
   </div>
   <div class='ocr_carea' id='block_1_42' title="bbox 520 2656 2120 2730">
    <p class='ocr_par' dir='ltr' id='par_1_42' title="bbox 520 2656 2120 2730">
     <span class='ocr_line' id='line_1_42' title="bbox 520 2656 2120 2730; baseline 0.003 -17"><span class='ocrx_word' id='word_1_306' title='bbox 520 2656 918 2713; x_wconf 88' lang='lat' dir='ltr'><strong><em>observandum</em></strong></span> <span class='ocrx_word' id='word_1_307' title='bbox 956 2664 1040 2712; x_wconf 91' lang='lat' dir='ltr'><strong><em>est</em></strong></span> <span class='ocrx_word' id='word_1_308' title='bbox 1069 2673 1100 2711; x_wconf 90' lang='lat' dir='ltr'><strong><em>a</em></strong></span> <span class='ocrx_word' id='word_1_309' title='bbox 1133 2669 1160 2698; x_wconf 79' lang='grc' dir='ltr'>ιι</span> <span class='ocrx_word' id='word_1_310' title='bbox 1183 2657 1461 2729; x_wconf 84' lang='lat' dir='ltr'><strong><em>perfectis,</em></strong></span> <span class='ocrx_word' id='word_1_311' title='bbox 1492 2659 1584 2730; x_wconf 90' lang='lat' dir='ltr'><strong><em>qui</em></strong></span> <span class='ocrx_word' id='word_1_312' title='bbox 1604 2659 1719 2730; x_wconf 91' lang='lat' dir='ltr'><strong><em>jam</em></strong></span> <span class='ocrx_word' id='word_1_313' title='bbox 1753 2662 1978 2730; x_wconf 61' lang='lat' dir='ltr'><strong><em>praescia</em></strong></span> <span class='ocrx_word' id='word_1_314' title='bbox 2010 2661 2120 2718; x_wconf 84' lang='lat' dir='ltr'><strong><em>Be-</em></strong></span> 
     </span>
    </p>
   </div>
   <div class='ocr_carea' id='block_1_43' title="bbox 522 2751 2120 2826">
    <p class='ocr_par' dir='ltr' id='par_1_43' title="bbox 522 2751 2120 2826">
     <span class='ocr_line' id='line_1_43' title="bbox 522 2751 2120 2826; baseline 0.002 -18"><span class='ocrx_word' id='word_1_315' title='bbox 522 2751 825 2823; x_wconf 88' lang='lat' dir='ltr'><strong><em>demptoris</em></strong></span> <span class='ocrx_word' id='word_1_316' title='bbox 853 2752 1095 2823; x_wconf 87' lang='lat' dir='ltr'><strong><em>potentia</em></strong></span> <span class='ocrx_word' id='word_1_317' title='bbox 1120 2752 1362 2808; x_wconf 89' lang='lat' dir='ltr'><strong><em>denotati</em></strong></span> <span class='ocrx_word' id='word_1_318' title='bbox 1388 2761 1444 2808; x_wconf 91' lang='lat' dir='ltr'><strong><em>et</em></strong></span> <span class='ocrx_word' id='word_1_319' title='bbox 1471 2755 1789 2825; x_wconf 88' lang='lat' dir='ltr'><strong><em>conscripti,</em></strong></span> <span class='ocrx_word' id='word_1_320' title='bbox 1821 2760 1975 2826; x_wconf 86' lang='lat' dir='ltr'><strong><em>quasi</em></strong></span> <span class='ocrx_word' id='word_1_321' title='bbox 2005 2756 2072 2811; x_wconf 90' lang='lat' dir='ltr'><strong><em>ab</em></strong></span> <span class='ocrx_word' id='word_1_322' title='bbox 2092 2756 2120 2795; x_wconf 70' lang='grc' dir='ltr'><strong>ι)</strong></span> 
     </span>
    </p>
   </div>
   <div class='ocr_carea' id='block_1_44' title="bbox 522 2845 2121 2921">
    <p class='ocr_par' dir='ltr' id='par_1_44' title="bbox 522 2845 2121 2921">
     <span class='ocr_line' id='line_1_44' title="bbox 522 2845 2121 2921; baseline 0.004 -19"><span class='ocrx_word' id='word_1_323' title='bbox 522 2845 805 2904; x_wconf 88' lang='lat' dir='ltr'><strong><em>immensis</em></strong></span> <span class='ocrx_word' id='word_1_324' title='bbox 847 2847 1149 2920; x_wconf 79' lang='lat' dir='ltr'><strong><em>legionibus</em></strong></span> <span class='ocrx_word' id='word_1_325' title='bbox 1198 2851 1267 2906; x_wconf 89' lang='lat' dir='ltr'><strong><em>ad</em></strong></span> <span class='ocrx_word' id='word_1_326' title='bbox 1307 2850 1628 2906; x_wconf 84' lang='lat' dir='ltr'><strong><em>exercitium</em></strong></span> <span class='ocrx_word' id='word_1_327' title='bbox 1673 2851 1985 2921; x_wconf 84' lang='lat' dir='ltr'><strong><em>praeliorum</em></strong></span> <span class='ocrx_word' id='word_1_328' title='bbox 2023 2850 2121 2908; x_wconf 89' lang='lat' dir='ltr'><strong><em>Dei</em></strong></span> 
     </span>
    </p>
   </div>
   <div class='ocr_carea' id='block_1_45' title="bbox 521 2939 2122 3012">
    <p class='ocr_par' dir='ltr' id='par_1_45' title="bbox 521 2939 2122 3012">
     <span class='ocr_line' id='line_1_45' title="bbox 521 2939 2122 3012; baseline 0.002 -16"><span class='ocrx_word' id='word_1_329' title='bbox 521 2939 682 2996; x_wconf 87' lang='lat' dir='ltr'><strong><em>electi</em></strong></span> <span class='ocrx_word' id='word_1_330' title='bbox 711 2947 858 2996; x_wconf 90' lang='lat' dir='ltr'><strong><em>sunt.</em></strong></span> <span class='ocrx_word' id='word_1_331' title='bbox 887 2939 960 2997; x_wconf 89' lang='lat' dir='ltr'><strong><em>Ut</em></strong></span> <span class='ocrx_word' id='word_1_332' title='bbox 983 2941 1029 2996; x_wconf 89' lang='lat' dir='ltr'><strong><em>si</em></strong></span> <span class='ocrx_word' id='word_1_333' title='bbox 1057 2950 1282 3012; x_wconf 84' lang='lat' dir='ltr'><strong><em>prOpter</em></strong></span> <span class='ocrx_word' id='word_1_334' title='bbox 1308 2943 1592 2998; x_wconf 88' lang='lat' dir='ltr'><strong><em>veritatem</em></strong></span> <span class='ocrx_word' id='word_1_335' title='bbox 1616 2959 1765 2999; x_wconf 90' lang='lat' dir='ltr'><strong><em>mors</em></strong></span> <span class='ocrx_word' id='word_1_336' title='bbox 1793 2952 2016 3000; x_wconf 86' lang='lat' dir='ltr'><strong><em>cruenta</em></strong></span> <span class='ocrx_word' id='word_1_337' title='bbox 2042 2945 2122 3000; x_wconf 91' lang='lat' dir='ltr'><strong><em>eis</em></strong></span> 
     </span>
    </p>
   </div>
   <div class='ocr_carea' id='block_1_46' title="bbox 521 3030 2124 3103">
    <p class='ocr_par' dir='ltr' id='par_1_46' title="bbox 521 3030 2124 3103">
     <span class='ocr_line' id='line_1_46' title="bbox 521 3030 2124 3103; baseline 0.002 -16"><span class='ocrx_word' id='word_1_338' title='bbox 521 3030 807 3096; x_wconf 85' lang='lat' dir='ltr'><strong><em>occurrat&#39;,</em></strong></span> <span class='ocrx_word' id='word_1_339' title='bbox 859 3047 967 3088; x_wconf 92' lang='lat' dir='ltr'><strong><em>non</em></strong></span> <span class='ocrx_word' id='word_1_340' title='bbox 1013 3032 1310 3088; x_wconf 90' lang='lat' dir='ltr'><strong><em>curandum</em></strong></span> <span class='ocrx_word' id='word_1_341' title='bbox 1357 3043 1441 3090; x_wconf 89' lang='lat' dir='ltr'><strong><em>est</em></strong></span> <span class='ocrx_word' id='word_1_342' title='bbox 1485 3033 1552 3090; x_wconf 90' lang='lat' dir='ltr'><strong><em>de</em></strong></span> <span class='ocrx_word' id='word_1_343' title='bbox 1586 3032 1803 3103; x_wconf 88' lang='lat' dir='ltr'><strong><em>jactura</em></strong></span> <span class='ocrx_word' id='word_1_344' title='bbox 1850 3036 2124 3091; x_wconf 90' lang='lat' dir='ltr'><strong><em>membro-</em></strong></span> 
     </span>
    </p>
   </div>
   <div class='ocr_carea' id='block_1_47' title="bbox 524 3121 2122 3198">
    <p class='ocr_par' dir='ltr' id='par_1_47' title="bbox 524 3121 2122 3198">
     <span class='ocr_line' id='line_1_47' title="bbox 524 3121 2122 3198; baseline 0.004 -23"><span class='ocrx_word' id='word_1_345' title='bbox 524 3136 667 3188; x_wconf 85' lang='lat' dir='ltr'><strong><em>rum,</em></strong></span> <span class='ocrx_word' id='word_1_346' title='bbox 723 3121 816 3176; x_wconf 89' lang='lat' dir='ltr'><strong><em>ubi</em></strong></span> <span class='ocrx_word' id='word_1_347' title='bbox 854 3121 973 3177; x_wconf 89' lang='lat' dir='ltr'><strong><em>sine</em></strong></span> <span class='ocrx_word' id='word_1_348' title='bbox 1026 3121 1190 3178; x_wconf 91' lang='lat' dir='ltr'><strong><em>dubio</em></strong></span> <span class='ocrx_word' id='word_1_349' title='bbox 1242 3123 1494 3180; x_wconf 85' lang='lat' dir='ltr'><strong><em>solatium</em></strong></span> <span class='ocrx_word' id='word_1_350' title='bbox 1544 3126 1679 3181; x_wconf 59' lang='lat' dir='ltr'><strong><em>vitae</em></strong></span> <span class='ocrx_word' id='word_1_351' title='bbox 1725 3127 1980 3198; x_wconf 90' lang='lat' dir='ltr'><strong><em>perennis</em></strong></span> <span class='ocrx_word' id='word_1_352' title='bbox 2031 3143 2122 3182; x_wconf 89' lang='lat' dir='ltr'><strong><em>ac-</em></strong></span> 
     </span>
    </p>
   </div>
   <div class='ocr_carea' id='block_1_48' title="bbox 523 3212 2119 3290">
    <p class='ocr_par' dir='ltr' id='par_1_48' title="bbox 523 3212 2119 3290">
     <span class='ocr_line' id='line_1_48' title="bbox 523 3212 2119 3290; baseline 0.006 -25"><span class='ocrx_word' id='word_1_353' title='bbox 523 3212 760 3282; x_wconf 88' lang='lat' dir='ltr'><strong><em>quiritur</em></strong></span> <span class='ocrx_word' id='word_1_354' title='bbox 785 3212 1120 3279; x_wconf 89' lang='lat' dir='ltr'><strong><em>animarum,</em></strong></span> <span class='ocrx_word' id='word_1_355' title='bbox 1169 3215 1384 3271; x_wconf 89' lang='lat' dir='ltr'><strong><em>dicente</em></strong></span> <span class='ocrx_word' id='word_1_356' title='bbox 1423 3217 1653 3273; x_wconf 90' lang='lat' dir='ltr'><strong><em>Domino</em></strong></span> <span class='ocrx_word' id='word_1_357' title='bbox 1698 3235 1711 3272; x_wconf 91' lang='lat'><strong>:</strong></span> <span class='ocrx_word' id='word_1_358' title='bbox 1757 3216 1817 3273; x_wconf 90' lang='lat' dir='ltr'><strong><em>Si</em></strong></span> <span class='ocrx_word' id='word_1_359' title='bbox 1856 3236 1974 3290; x_wconf 76' lang='lat' dir='ltr'><strong><em>quis</em></strong></span> <span class='ocrx_word' id='word_1_360' title='bbox 2008 3219 2119 3274; x_wconf 83' lang='lat' dir='ltr'><strong><em>vult</em></strong></span> 
     </span>
    </p>
   </div>
   <div class='ocr_carea' id='block_1_49' title="bbox 525 3303 2122 3378">
    <p class='ocr_par' dir='ltr' id='par_1_49' title="bbox 525 3303 2122 3378">
     <span class='ocr_line' id='line_1_49' title="bbox 525 3303 2122 3378; baseline 0.005 -22"><span class='ocrx_word' id='word_1_361' title='bbox 525 3310 642 3373; x_wconf 88' lang='lat' dir='ltr'><strong><em>post</em></strong></span> <span class='ocrx_word' id='word_1_362' title='bbox 665 3319 747 3357; x_wconf 88' lang='lat' dir='ltr'><strong><em>me</em></strong></span> <span class='ocrx_word' id='word_1_363' title='bbox 768 3303 971 3370; x_wconf 80' lang='lat' dir='ltr'><strong><em>venire,</em></strong></span> <span class='ocrx_word' id='word_1_364' title='bbox 1013 3305 1229 3375; x_wconf 77' lang='lat' dir='ltr'><strong><em>abneget</em></strong></span> <span class='ocrx_word' id='word_1_365' title='bbox 1255 3308 1625 3378; x_wconf 84' lang='lat' dir='ltr'><strong><em>semetipsum,</em></strong></span> <span class='ocrx_word' id='word_1_366' title='bbox 1655 3317 1706 3362; x_wconf 91' lang='lat' dir='ltr'><strong><em>et</em></strong></span> <span class='ocrx_word' id='word_1_367' title='bbox 1732 3307 1884 3362; x_wconf 92' lang='lat' dir='ltr'><strong><em>tollat</em></strong></span> <span class='ocrx_word' id='word_1_368' title='bbox 1913 3326 2122 3365; x_wconf 88' lang='lat' dir='ltr'><strong><em>crucem</em></strong></span> 
     </span>
    </p>
   </div>
   <div class='ocr_carea' id='block_1_50' title="bbox 523 3397 2123 3468">
    <p class='ocr_par' dir='ltr' id='par_1_50' title="bbox 523 3397 2123 3468">
     <span class='ocr_line' id='line_1_50' title="bbox 523 3397 2123 3468; baseline 0.005 -20"><span class='ocrx_word' id='word_1_369' title='bbox 523 3409 710 3460; x_wconf 88' lang='lat' dir='ltr'><strong><em>suam,</em></strong></span> <span class='ocrx_word' id='word_1_370' title='bbox 735 3403 785 3449; x_wconf 84' lang='lat' dir='ltr'><strong><em>et</em></strong></span> <span class='ocrx_word' id='word_1_371' title='bbox 817 3405 1072 3466; x_wconf 87' lang='lat' dir='ltr'><strong><em>sequatur</em></strong></span> <span class='ocrx_word' id='word_1_372' title='bbox 1107 3414 1210 3452; x_wconf 88' lang='lat' dir='ltr'><strong><em>me.</em></strong></span> <span class='ocrx_word' id='word_1_373' title='bbox 1253 3397 1359 3464; x_wconf 88' lang='lat' dir='ltr'><strong><em>Qui</em></strong></span> <span class='ocrx_word' id='word_1_374' title='bbox 1387 3399 1528 3452; x_wconf 89' lang='lat' dir='ltr'><strong><em>enim</em></strong></span> <span class='ocrx_word' id='word_1_375' title='bbox 1565 3398 1851 3468; x_wconf 85' lang='lat' dir='ltr'><strong><em>perdiderit</em></strong></span> <span class='ocrx_word' id='word_1_376' title='bbox 1889 3401 2123 3456; x_wconf 86' lang='lat' dir='ltr'><strong><em>animam</em></strong></span> 
     </span>
    </p>
   </div>
   <div class='ocr_carea' id='block_1_51' title="bbox 524 3490 2124 3561">
    <p class='ocr_par' dir='ltr' id='par_1_51' title="bbox 524 3490 2124 3561">
     <span class='ocr_line' id='line_1_51' title="bbox 524 3490 2124 3561; baseline 0.003 -19"><span class='ocrx_word' id='word_1_377' title='bbox 524 3504 680 3543; x_wconf 87' lang='lat' dir='ltr'><strong><em>suam</em></strong></span> <span class='ocrx_word' id='word_1_378' title='bbox 723 3498 934 3561; x_wconf 85' lang='lat' dir='ltr'><strong><em>propter</em></strong></span> <span class='ocrx_word' id='word_1_379' title='bbox 973 3506 1092 3556; x_wconf 91' lang='lat' dir='ltr'><strong><em>me,</em></strong></span> <span class='ocrx_word' id='word_1_380' title='bbox 1138 3491 1193 3545; x_wconf 86' lang='lat' dir='ltr'><strong><em>in</em></strong></span> <span class='ocrx_word' id='word_1_381' title='bbox 1243 3490 1402 3544; x_wconf 83' lang='lat' dir='ltr'><strong><em>vitam</em></strong></span> <span class='ocrx_word' id='word_1_382' title='bbox 1457 3501 1708 3546; x_wconf 74' lang='lat' dir='ltr'><strong><em>(sternam</em></strong></span> <span class='ocrx_word' id='word_1_383' title='bbox 1736 3492 1959 3547; x_wconf 87' lang='lat' dir='ltr'><strong><em>inveniet</em></strong></span> <span class='ocrx_word' id='word_1_384' title='bbox 2007 3509 2124 3547; x_wconf 88' lang='lat' dir='ltr'><strong><em>eam</em></strong></span> 
     </span>
    </p>
   </div>
   <div class='ocr_carea' id='block_1_52' title="bbox 526 3577 2122 3655">
    <p class='ocr_par' dir='ltr' id='par_1_52' title="bbox 526 3577 2122 3655">
     <span class='ocr_line' id='line_1_52' title="bbox 526 3577 2122 3655; baseline 0.006 -23"><span class='ocrx_word' id='word_1_385' title='bbox 526 3577 746 3651; x_wconf 81' lang='lat' dir='ltr'><strong><em>(Matth.</em></strong></span> <span class='ocrx_word' id='word_1_386' title='bbox 776 3597 867 3636; x_wconf 75' lang='lat' dir='ltr'><strong><em>xvr</em></strong></span> <span class='ocrx_word' id='word_1_387' title='bbox 891 3621 906 3647; x_wconf 96' lang='lat'><strong><em>,</em></strong></span> <span class='ocrx_word' id='word_1_388' title='bbox 937 3581 1043 3650; x_wconf 70' lang='lat'><strong><em>24,</em></strong></span> <span class='ocrx_word' id='word_1_389' title='bbox 1071 3582 1187 3655; x_wconf 82' lang='lat'><strong><em>25).</em></strong></span> <span class='ocrx_word' id='word_1_390' title='bbox 1222 3583 1351 3638; x_wconf 86' lang='lat' dir='ltr'><strong><em>Inde</em></strong></span> <span class='ocrx_word' id='word_1_391' title='bbox 1378 3584 1552 3638; x_wconf 85' lang='lat' dir='ltr'><strong><em>sancti</em></strong></span> <span class='ocrx_word' id='word_1_392' title='bbox 1575 3583 1680 3638; x_wconf 91' lang='lat' dir='ltr'><strong><em>viri</em></strong></span> <span class='ocrx_word' id='word_1_393' title='bbox 1707 3584 1938 3654; x_wconf 89' lang='lat' dir='ltr'><strong><em>placidis</em></strong></span> <span class='ocrx_word' id='word_1_394' title='bbox 1966 3587 2122 3642; x_wconf 89' lang='lat' dir='ltr'><strong><em>audi-</em></strong></span> 
     </span>
    </p>
   </div>
   <div class='ocr_carea' id='block_1_53' title="bbox 527 3670 2126 3744">
    <p class='ocr_par' dir='ltr' id='par_1_53' title="bbox 527 3670 2126 3744">
     <span class='ocr_line' id='line_1_53' title="bbox 527 3670 2126 3744; baseline 0.004 -19"><span class='ocrx_word' id='word_1_395' title='bbox 527 3670 676 3726; x_wconf 90' lang='lat' dir='ltr'><strong><em>tibus</em></strong></span> <span class='ocrx_word' id='word_1_396' title='bbox 709 3671 993 3728; x_wconf 90' lang='lat' dir='ltr'><strong><em>veritatem</em></strong></span> <span class='ocrx_word' id='word_1_397' title='bbox 1025 3672 1390 3744; x_wconf 78' lang='lat' dir='ltr'><strong><em>evangelicam</em></strong></span> <span class='ocrx_word' id='word_1_398' title='bbox 1416 3673 1712 3744; x_wconf 87' lang='lat' dir='ltr'><strong><em>capientes,</em></strong></span> <span class='ocrx_word' id='word_1_399' title='bbox 1737 3689 1858 3729; x_wconf 86' lang='lat' dir='ltr'><strong><em>eam</em></strong></span> <span class='ocrx_word' id='word_1_400' title='bbox 1889 3676 2016 3730; x_wconf 87' lang='lat' dir='ltr'><strong><em>totis</em></strong></span> <span class='ocrx_word' id='word_1_401' title='bbox 2043 3677 2126 3732; x_wconf 84' lang='lat' dir='ltr'><strong><em>ni-</em></strong></span> 
     </span>
    </p>
   </div>
   <div class='ocr_carea' id='block_1_54' title="bbox 527 3761 2126 3834">
    <p class='ocr_par' dir='ltr' id='par_1_54' title="bbox 527 3761 2126 3834">
     <span class='ocr_line' id='line_1_54' title="bbox 527 3761 2126 3834; baseline 0.006 -17"><span class='ocrx_word' id='word_1_402' title='bbox 527 3761 680 3817; x_wconf 86' lang='lat' dir='ltr'><strong><em>sibus</em></strong></span> <span class='ocrx_word' id='word_1_403' title='bbox 725 3761 1022 3834; x_wconf 89' lang='lat' dir='ltr'><strong><em>adimplere</em></strong></span> <span class='ocrx_word' id='word_1_404' title='bbox 1065 3765 1443 3821; x_wconf 89' lang='lat' dir='ltr'><strong><em>contendunt:</em></strong></span> <span class='ocrx_word' id='word_1_405' title='bbox 1485 3765 1694 3823; x_wconf 90' lang='lat' dir='ltr'><strong><em>scilicet</em></strong></span> <span class='ocrx_word' id='word_1_406' title='bbox 1731 3767 1877 3822; x_wconf 90' lang='lat' dir='ltr'><strong><em>viam</em></strong></span> <span class='ocrx_word' id='word_1_407' title='bbox 1922 3779 2126 3826; x_wconf 71' lang='lat' dir='ltr'><strong><em>sanctae</em></strong></span> 
     </span>
    </p>
   </div>
   <div class='ocr_carea' id='block_1_55' title="bbox 528 3850 2127 3927">
    <p class='ocr_par' dir='ltr' id='par_1_55' title="bbox 528 3850 2127 3927">
     <span class='ocr_line' id='line_1_55' title="bbox 528 3850 2127 3927; baseline 0.006 -19"><span class='ocrx_word' id='word_1_408' title='bbox 528 3850 892 3910; x_wconf 81' lang='lat' dir='ltr'><strong><em>confessionis</em></strong></span> <span class='ocrx_word' id='word_1_409' title='bbox 911 3854 1167 3910; x_wconf 90' lang='lat' dir='ltr'><strong><em>virtutem</em></strong></span> <span class='ocrx_word' id='word_1_410' title='bbox 1193 3855 1354 3927; x_wconf 88' lang='lat' dir='ltr'><strong><em>hujus</em></strong></span> <span class='ocrx_word' id='word_1_411' title='bbox 1373 3858 1630 3927; x_wconf 69' lang='lat' dir='ltr'><strong><em>praeconii</em></strong></span> <span class='ocrx_word' id='word_1_412' title='bbox 1647 3874 1768 3914; x_wconf 90' lang='lat' dir='ltr'><strong><em>esse</em></strong></span> <span class='ocrx_word' id='word_1_413' title='bbox 1785 3859 2127 3918; x_wconf 88' lang='lat' dir='ltr'><strong><em>solummodo</em></strong></span> 
     </span>
    </p>
   </div>
   <div class='ocr_carea' id='block_1_56' title="bbox 532 3944 2128 4024">
    <p class='ocr_par' dir='ltr' id='par_1_56' title="bbox 532 3944 2128 4024">
     <span class='ocr_line' id='line_1_56' title="bbox 532 3944 2128 4024; baseline 0.006 -24"><span class='ocrx_word' id='word_1_414' title='bbox 532 3944 884 4002; x_wconf 88' lang='lat' dir='ltr'><strong><em>arbitrantes.</em></strong></span> <span class='ocrx_word' id='word_1_415' title='bbox 927 3946 1031 4015; x_wconf 89' lang='lat' dir='ltr'><strong><em>Qui</em></strong></span> <span class='ocrx_word' id='word_1_416' title='bbox 1070 3947 1214 4004; x_wconf 89' lang='lat' dir='ltr'><strong><em>illico</em></strong></span> <span class='ocrx_word' id='word_1_417' title='bbox 1253 3949 1456 4006; x_wconf 89' lang='lat' dir='ltr'><strong><em>relictis</em></strong></span> <span class='ocrx_word' id='word_1_418' title='bbox 1485 3951 1744 4017; x_wconf 89' lang='lat' dir='ltr'><strong><em>urbibus,</em></strong></span> <span class='ocrx_word' id='word_1_419' title='bbox 1788 3961 1845 4008; x_wconf 91' lang='lat' dir='ltr'><strong><em>et</em></strong></span> <span class='ocrx_word' id='word_1_420' title='bbox 1877 3953 1965 4009; x_wconf 89' lang='lat' dir='ltr'><strong><em>his</em></strong></span> <span class='ocrx_word' id='word_1_421' title='bbox 2006 3969 2128 4024; x_wconf 68' lang='lat' dir='ltr'><strong><em>quae</em></strong></span> 
     </span>
    </p>
   </div>
   <div class='ocr_carea' id='block_1_57' title="bbox 534 4035 2127 4116">
    <p class='ocr_par' dir='ltr' id='par_1_57' title="bbox 534 4035 2127 4116">
     <span class='ocr_line' id='line_1_57' title="bbox 534 4035 2127 4116; baseline 0.008 -29"><span class='ocrx_word' id='word_1_422' title='bbox 534 4035 822 4090; x_wconf 86' lang='lat' dir='ltr'><strong><em>mundanis</em></strong></span> <span class='ocrx_word' id='word_1_423' title='bbox 852 4035 1064 4090; x_wconf 63' lang='lat' dir='ltr'><strong><em>haerent</em></strong></span> <span class='ocrx_word' id='word_1_424' title='bbox 1088 4035 1402 4106; x_wconf 81' lang='lat' dir='ltr'><strong><em>affectibus,</em></strong></span> <span class='ocrx_word' id='word_1_425' title='bbox 1433 4039 1592 4095; x_wconf 89' lang='lat' dir='ltr'><strong><em>avida</em></strong></span> <span class='ocrx_word' id='word_1_426' title='bbox 1621 4041 1866 4112; x_wconf 88' lang='lat' dir='ltr'><strong><em>rapiendi</em></strong></span> <span class='ocrx_word' id='word_1_427' title='bbox 1897 4059 2127 4116; x_wconf 81' lang='lat' dir='ltr'><strong><em>regnum</em></strong></span> 
     </span>
    </p>
   </div>
   <div class='ocr_carea' id='block_1_58' title="bbox 531 4122 2123 4203">
    <p class='ocr_par' dir='ltr' id='par_1_58' title="bbox 531 4122 2123 4203">
     <span class='ocr_line' id='line_1_58' title="bbox 531 4122 2123 4203; baseline 0.008 -23"><span class='ocrx_word' id='word_1_428' title='bbox 531 4122 632 4180; x_wconf 89' lang='lat' dir='ltr'><strong><em>Dei</em></strong></span> <span class='ocrx_word' id='word_1_429' title='bbox 661 4126 914 4196; x_wconf 88' lang='lat' dir='ltr'><strong><em>cupidine</em></strong></span> <span class='ocrx_word' id='word_1_430' title='bbox 941 4126 1338 4200; x_wconf 85' lang='lat' dir='ltr'><strong><em>conﬂagrantes</em></strong></span> <span class='ocrx_word' id='word_1_431' title='bbox 1360 4171 1376 4197; x_wconf 94' lang='lat'><strong><em>,</em></strong></span> <span class='ocrx_word' id='word_1_432' title='bbox 1404 4131 1739 4188; x_wconf 90' lang='lat' dir='ltr'><strong><em>circuierunt</em></strong></span> <span class='ocrx_word' id='word_1_433' title='bbox 1766 4133 1822 4189; x_wconf 91' lang='lat' dir='ltr'><strong><em>in</em></strong></span> <span class='ocrx_word' id='word_1_434' title='bbox 1851 4133 2123 4203; x_wconf 90' lang='lat' dir='ltr'><strong><em>mellotis,</em></strong></span> 
     </span>
    </p>
   </div>
   <div class='ocr_carea' id='block_1_59' title="bbox 531 4217 2127 4300">
    <p class='ocr_par' dir='ltr' id='par_1_59' title="bbox 531 4217 2127 4300">
     <span class='ocr_line' id='line_1_59' title="bbox 531 4217 2127 4300; baseline 0.008 -27"><span class='ocrx_word' id='word_1_435' title='bbox 531 4225 590 4273; x_wconf 89' lang='lat' dir='ltr'><strong><em>et</em></strong></span> <span class='ocrx_word' id='word_1_436' title='bbox 630 4217 687 4274; x_wconf 91' lang='lat' dir='ltr'><strong><em>in</em></strong></span> <span class='ocrx_word' id='word_1_437' title='bbox 731 4219 961 4290; x_wconf 87' lang='lat' dir='ltr'><strong><em>pellibus</em></strong></span> <span class='ocrx_word' id='word_1_438' title='bbox 1001 4222 1279 4292; x_wconf 89' lang='lat' dir='ltr'><strong><em>caprinis:</em></strong></span> <span class='ocrx_word' id='word_1_439' title='bbox 1313 4235 1566 4296; x_wconf 77' lang='lat' dir='ltr'><strong><em>egentes,</em></strong></span> <span class='ocrx_word' id='word_1_440' title='bbox 1607 4227 1874 4300; x_wconf 89' lang='lat' dir='ltr'><strong><em>angustiis</em></strong></span> <span class='ocrx_word' id='word_1_441' title='bbox 1911 4227 2127 4294; x_wconf 81' lang='lat' dir='ltr'><strong><em>afflicti,</em></strong></span> 
     </span>
    </p>
   </div>
   <div class='ocr_carea' id='block_1_60' title="bbox 534 4311 2130 4385">
    <p class='ocr_par' dir='ltr' id='par_1_60' title="bbox 534 4311 2130 4385">
     <span class='ocr_line' id='line_1_60' title="bbox 534 4311 2130 4385; baseline 0.008 -20"><span class='ocrx_word' id='word_1_442' title='bbox 534 4311 735 4382; x_wconf 86' lang='lat' dir='ltr'><strong><em>quibus</em></strong></span> <span class='ocrx_word' id='word_1_443' title='bbox 773 4312 970 4385; x_wconf 85' lang='lat' dir='ltr'><strong><em>dignus</em></strong></span> <span class='ocrx_word' id='word_1_444' title='bbox 1001 4329 1111 4370; x_wconf 92' lang='lat' dir='ltr'><strong><em>non</em></strong></span> <span class='ocrx_word' id='word_1_445' title='bbox 1153 4327 1275 4371; x_wconf 89' lang='lat' dir='ltr'><strong><em>erat</em></strong></span> <span class='ocrx_word' id='word_1_446' title='bbox 1318 4319 1553 4374; x_wconf 92' lang='lat' dir='ltr'><strong><em>mundus</em></strong></span> <span class='ocrx_word' id='word_1_447' title='bbox 1596 4337 1610 4373; x_wconf 90' lang='lat'>:</span> <span class='ocrx_word' id='word_1_448' title='bbox 1650 4320 1704 4374; x_wconf 92' lang='lat' dir='ltr'><strong><em>in</em></strong></span> <span class='ocrx_word' id='word_1_449' title='bbox 1746 4320 2130 4378; x_wconf 89' lang='lat' dir='ltr'><strong><em>solitudinibus</em></strong></span> 
     </span>
    </p>
   </div>
   <div class='ocr_carea' id='block_1_61' title="bbox 535 4405 2130 4480">
    <p class='ocr_par' dir='ltr' id='par_1_61' title="bbox 535 4405 2130 4480">
     <span class='ocr_line' id='line_1_61' title="bbox 535 4405 2130 4480; baseline 0.004 -17"><span class='ocrx_word' id='word_1_450' title='bbox 535 4413 818 4470; x_wconf 88' lang='lat' dir='ltr'><strong><em>errantes,</em></strong></span> <span class='ocrx_word' id='word_1_451' title='bbox 851 4405 906 4460; x_wconf 90' lang='lat' dir='ltr'><strong><em>in</em></strong></span> <span class='ocrx_word' id='word_1_452' title='bbox 930 4407 1207 4463; x_wconf 88' lang='lat' dir='ltr'><strong><em>montibus</em></strong></span> <span class='ocrx_word' id='word_1_453' title='bbox 1227 4449 1241 4470; x_wconf 93' lang='lat'><strong><em>,</em></strong></span> <span class='ocrx_word' id='word_1_454' title='bbox 1270 4418 1325 4464; x_wconf 89' lang='lat' dir='ltr'><strong><em>et</em></strong></span> <span class='ocrx_word' id='word_1_455' title='bbox 1348 4409 1404 4463; x_wconf 90' lang='lat' dir='ltr'><strong><em>in</em></strong></span> <span class='ocrx_word' id='word_1_456' title='bbox 1431 4410 1742 4480; x_wconf 88' lang='lat' dir='ltr'><strong><em>speluncis,</em></strong></span> <span class='ocrx_word' id='word_1_457' title='bbox 1779 4421 1833 4467; x_wconf 91' lang='lat' dir='ltr'><strong><em>et</em></strong></span> <span class='ocrx_word' id='word_1_458' title='bbox 1863 4411 1918 4467; x_wconf 89' lang='lat' dir='ltr'><strong><em>in</em></strong></span> <span class='ocrx_word' id='word_1_459' title='bbox 1940 4428 2130 4469; x_wconf 86' lang='lat' dir='ltr'><strong><em>caver-</em></strong></span> 
     </span>
    </p>
   </div>
   <div class='ocr_carea' id='block_1_62' title="bbox 535 4494 2127 4572">
    <p class='ocr_par' dir='ltr' id='par_1_62' title="bbox 535 4494 2127 4572">
     <span class='ocr_line' id='line_1_62' title="bbox 535 4494 2127 4572; baseline 0.004 -18"><span class='ocrx_word' id='word_1_460' title='bbox 535 4497 623 4554; x_wconf 86' lang='lat' dir='ltr'><strong><em>nis</em></strong></span> <span class='ocrx_word' id='word_1_461' title='bbox 666 4505 828 4552; x_wconf 68' lang='lat' dir='ltr'><strong><em>terraa</em></strong></span> <span class='ocrx_word' id='word_1_462' title='bbox 857 4494 1045 4568; x_wconf 86' lang='lat' dir='ltr'><strong><em>(Hebr.</em></strong></span> <span class='ocrx_word' id='word_1_463' title='bbox 1091 4513 1183 4564; x_wconf 80' lang='lat' dir='ltr'><strong><em>x1,</em></strong></span> <span class='ocrx_word' id='word_1_464' title='bbox 1213 4498 1305 4565; x_wconf 77' lang='lat'><strong><em>37,</em></strong></span> <span class='ocrx_word' id='word_1_465' title='bbox 1342 4499 1432 4572; x_wconf 83' lang='lat'><strong><em>&#39;58)</em></strong></span> <span class='ocrx_word' id='word_1_466' title='bbox 1468 4518 1480 4554; x_wconf 94' lang='lat'>:</span> <span class='ocrx_word' id='word_1_467' title='bbox 1513 4509 1898 4570; x_wconf 81' lang='lat' dir='ltr'><strong><em>exspectantes</em></strong></span> <span class='ocrx_word' id='word_1_468' title='bbox 1939 4503 2127 4560; x_wconf 88' lang='lat' dir='ltr'><strong><em>Domi-</em></strong></span> 
     </span>
    </p>
   </div>
   <div class='ocr_carea' id='block_1_63' title="bbox 537 4587 2128 4664">
    <p class='ocr_par' dir='ltr' id='par_1_63' title="bbox 537 4587 2128 4664">
     <span class='ocr_line' id='line_1_63' title="bbox 537 4587 2128 4664; baseline 0.005 -20"><span class='ocrx_word' id='word_1_469' title='bbox 537 4605 698 4655; x_wconf 91' lang='lat' dir='ltr'><strong><em>num,</em></strong></span> <span class='ocrx_word' id='word_1_470' title='bbox 730 4587 822 4659; x_wconf 89' lang='lat' dir='ltr'><strong><em>qui</em></strong></span> <span class='ocrx_word' id='word_1_471' title='bbox 861 4587 1097 4644; x_wconf 91' lang='lat' dir='ltr'><strong><em>salvaret</em></strong></span> <span class='ocrx_word' id='word_1_472' title='bbox 1142 4605 1237 4646; x_wconf 92' lang='lat' dir='ltr'><strong><em>eos</em></strong></span> <span class='ocrx_word' id='word_1_473' title='bbox 1283 4607 1314 4646; x_wconf 88' lang='lat' dir='ltr'><strong><em>a</em></strong></span> <span class='ocrx_word' id='word_1_474' title='bbox 1352 4591 1796 4662; x_wconf 89' lang='lat' dir='ltr'><strong><em>pusillanimitate</em></strong></span> <span class='ocrx_word' id='word_1_475' title='bbox 1833 4597 2036 4664; x_wconf 91' lang='lat' dir='ltr'><strong><em>animi,</em></strong></span> <span class='ocrx_word' id='word_1_476' title='bbox 2071 4607 2128 4654; x_wconf 91' lang='lat' dir='ltr'><strong><em>et</em></strong></span> 
     </span>
    </p>
   </div>
   <div class='ocr_carea' id='block_1_64' title="bbox 538 4676 2132 4756">
    <p class='ocr_par' dir='ltr' id='par_1_64' title="bbox 538 4676 2132 4756">
     <span class='ocr_line' id='line_1_64' title="bbox 538 4676 2132 4756; baseline 0.006 -21"><span class='ocrx_word' id='word_1_477' title='bbox 538 4685 858 4750; x_wconf 85' lang='lat' dir='ltr'><strong><em>tempestate</em></strong></span> <span class='ocrx_word' id='word_1_478' title='bbox 881 4676 1056 4750; x_wconf 89' lang='lat' dir='ltr'><strong><em>(Psal.</em></strong></span> <span class='ocrx_word' id='word_1_479' title='bbox 1087 4695 1205 4747; x_wconf 81' lang='lat' dir='ltr'><strong><em>LIV,</em></strong></span> <span class='ocrx_word' id='word_1_480' title='bbox 1233 4679 1312 4753; x_wconf 89' lang='lat'><strong><em>9).</em></strong></span> <span class='ocrx_word' id='word_1_481' title='bbox 1347 4680 1460 4738; x_wconf 89' lang='lat' dir='ltr'><strong><em>Sed</em></strong></span> <span class='ocrx_word' id='word_1_482' title='bbox 1505 4683 1609 4740; x_wconf 89' lang='lat' dir='ltr'><strong><em>ista</em></strong></span> <span class='ocrx_word' id='word_1_483' title='bbox 1637 4701 1736 4756; x_wconf 91' lang='lat' dir='ltr'><strong><em>pro</em></strong></span> <span class='ocrx_word' id='word_1_484' title='bbox 1774 4687 1947 4744; x_wconf 89' lang='lat' dir='ltr'><strong><em>nihilo</em></strong></span> <span class='ocrx_word' id='word_1_485' title='bbox 1981 4703 2132 4744; x_wconf 92' lang='lat' dir='ltr'><strong><em>com-</em></strong></span> 
     </span>
    </p>
   </div>
   <div class='ocr_carea' id='block_1_65' title="bbox 535 4775 2130 4850">
    <p class='ocr_par' dir='ltr' id='par_1_65' title="bbox 535 4775 2130 4850">
     <span class='ocr_line' id='line_1_65' title="bbox 535 4775 2130 4850; baseline 0.006 -21"><span class='ocrx_word' id='word_1_486' title='bbox 535 4783 791 4846; x_wconf 88' lang='lat' dir='ltr'><strong><em>putantes</em></strong></span> <span class='ocrx_word' id='word_1_487' title='bbox 809 4815 824 4840; x_wconf 95' lang='lat'><strong><em>,</em></strong></span> <span class='ocrx_word' id='word_1_488' title='bbox 850 4775 958 4830; x_wconf 92' lang='lat' dir='ltr'><strong><em>imo</em></strong></span> <span class='ocrx_word' id='word_1_489' title='bbox 982 4791 1110 4831; x_wconf 87' lang='lat' dir='ltr'><strong><em>vero</em></strong></span> <span class='ocrx_word' id='word_1_490' title='bbox 1130 4784 1319 4832; x_wconf 88' lang='lat' dir='ltr'><strong><em>contra</em></strong></span> <span class='ocrx_word' id='word_1_491' title='bbox 1346 4777 1607 4848; x_wconf 86' lang='lat' dir='ltr'><strong><em>spiritalis</em></strong></span> <span class='ocrx_word' id='word_1_492' title='bbox 1634 4781 1890 4850; x_wconf 85' lang='lat' dir='ltr'><strong><em>nequitiae</em></strong></span> <span class='ocrx_word' id='word_1_493' title='bbox 1919 4782 2130 4839; x_wconf 87' lang='lat' dir='ltr'><strong><em>hostem</em></strong></span> 
     </span>
    </p>
   </div>
   <div class='ocr_carea' id='block_1_66' title="bbox 537 4867 2133 4942">
    <p class='ocr_par' dir='ltr' id='par_1_66' title="bbox 537 4867 2133 4942">
     <span class='ocr_line' id='line_1_66' title="bbox 537 4867 2133 4942; baseline 0.004 -19"><span class='ocrx_word' id='word_1_494' title='bbox 537 4867 761 4924; x_wconf 89' lang='lat' dir='ltr'><strong><em>dubium</em></strong></span> <span class='ocrx_word' id='word_1_495' title='bbox 798 4867 1040 4937; x_wconf 84' lang='lat' dir='ltr'><strong><em>quotidie</em></strong></span> <span class='ocrx_word' id='word_1_496' title='bbox 1068 4883 1294 4940; x_wconf 88' lang='lat' dir='ltr'><strong><em>agonem</em></strong></span> <span class='ocrx_word' id='word_1_497' title='bbox 1325 4880 1609 4942; x_wconf 81' lang='lat' dir='ltr'><strong><em>gerentes,</em></strong></span> <span class='ocrx_word' id='word_1_498' title='bbox 1643 4882 1775 4928; x_wconf 94' lang='lat' dir='ltr'><strong><em>nutu</em></strong></span> <span class='ocrx_word' id='word_1_499' title='bbox 1817 4873 1914 4930; x_wconf 87' lang='lat' dir='ltr'><strong><em>Dei</em></strong></span> <span class='ocrx_word' id='word_1_500' title='bbox 1944 4876 2133 4932; x_wconf 90' lang='lat' dir='ltr'><strong><em>morti-</em></strong></span> 
     </span>
    </p>
   </div>
   <div class='ocr_carea' id='block_1_67' title="bbox 539 4959 2130 5032">
    <p class='ocr_par' dir='ltr' id='par_1_67' title="bbox 539 4959 2130 5032">
     <span class='ocr_line' id='line_1_67' title="bbox 539 4959 2130 5032; baseline 0.006 -18"><span class='ocrx_word' id='word_1_501' title='bbox 539 4960 792 5015; x_wconf 81' lang='lat' dir='ltr'><strong><em>ﬁcatione</em></strong></span> <span class='ocrx_word' id='word_1_502' title='bbox 817 4959 996 5015; x_wconf 91' lang='lat' dir='ltr'><strong><em>subita</em></strong></span> <span class='ocrx_word' id='word_1_503' title='bbox 1034 4961 1350 5032; x_wconf 88' lang='lat' dir='ltr'><strong><em>temporalis</em></strong></span> <span class='ocrx_word' id='word_1_504' title='bbox 1378 4965 1504 5018; x_wconf 83' lang='lat' dir='ltr'><strong><em>vitae</em></strong></span> <span class='ocrx_word' id='word_1_505' title='bbox 1531 4964 1927 5032; x_wconf 90' lang='lat' dir='ltr'><strong><em>accenduntur,</em></strong></span> <span class='ocrx_word' id='word_1_506' title='bbox 1960 4975 2017 5022; x_wconf 90' lang='lat' dir='ltr'><strong><em>et</em></strong></span> <span class='ocrx_word' id='word_1_507' title='bbox 2039 4982 2130 5023; x_wconf 91' lang='lat' dir='ltr'><strong><em>se-</em></strong></span> 
     </span>
    </p>
   </div>
   <div class='ocr_carea' id='block_1_68' title="bbox 538 5052 2136 5128">
    <p class='ocr_par' dir='ltr' id='par_1_68' title="bbox 538 5052 2136 5128">
     <span class='ocr_line' id='line_1_68' title="bbox 538 5052 2136 5128; baseline 0.006 -21"><span class='ocrx_word' id='word_1_508' title='bbox 538 5053 777 5108; x_wconf 90' lang='lat' dir='ltr'><strong><em>cundum</em></strong></span> <span class='ocrx_word' id='word_1_509' title='bbox 821 5052 1139 5123; x_wconf 83' lang='lat' dir='ltr'><strong><em>Apostolum</em></strong></span> <span class='ocrx_word' id='word_1_510' title='bbox 1187 5054 1404 5111; x_wconf 84' lang='lat' dir='ltr'><strong><em>dissolvi</em></strong></span> <span class='ocrx_word' id='word_1_511' title='bbox 1455 5056 1710 5128; x_wconf 89' lang='lat' dir='ltr'><strong><em>cupiunt,</em></strong></span> <span class='ocrx_word' id='word_1_512' title='bbox 1751 5065 1808 5112; x_wconf 87' lang='lat' dir='ltr'><strong><em>et</em></strong></span> <span class='ocrx_word' id='word_1_513' title='bbox 1845 5073 1966 5115; x_wconf 90' lang='lat' dir='ltr'><strong><em>esse</em></strong></span> <span class='ocrx_word' id='word_1_514' title='bbox 2011 5075 2136 5116; x_wconf 91' lang='lat' dir='ltr'><strong><em>cum</em></strong></span> 
     </span>
    </p>
   </div>
   <div class='ocr_carea' id='block_1_69' title="bbox 540 5139 2136 5222">
    <p class='ocr_par' dir='ltr' id='par_1_69' title="bbox 540 5139 2136 5222">
     <span class='ocr_line' id='line_1_69' title="bbox 540 5139 2136 5222; baseline 0.006 -26"><span class='ocrx_word' id='word_1_515' title='bbox 540 5139 759 5198; x_wconf 87' lang='lat' dir='ltr'><strong><em>Christo</em></strong></span> <span class='ocrx_word' id='word_1_516' title='bbox 809 5140 1069 5214; x_wconf 84' lang='lat' dir='ltr'><strong><em>(Philipp.</em></strong></span> <span class='ocrx_word' id='word_1_517' title='bbox 1121 5158 1177 5211; x_wconf 83' lang='grc' dir='ltr'><strong><em>ι,</em></strong></span> <span class='ocrx_word' id='word_1_518' title='bbox 1210 5143 1372 5218; x_wconf 77' lang='lat'><strong><em>25):</em></strong></span> <span class='ocrx_word' id='word_1_519' title='bbox 1418 5146 1559 5202; x_wconf 88' lang='lat' dir='ltr'><strong><em>viam</em></strong></span> <span class='ocrx_word' id='word_1_520' title='bbox 1604 5150 1911 5219; x_wconf 91' lang='lat' dir='ltr'><strong><em>compendii</em></strong></span> <span class='ocrx_word' id='word_1_521' title='bbox 1949 5151 2136 5222; x_wconf 89' lang='lat' dir='ltr'><strong><em>requi-</em></strong></span> 
     </span>
    </p>
   </div>
   <div class='ocr_carea' id='block_1_70' title="bbox 542 5233 2134 5312">
    <p class='ocr_par' dir='ltr' id='par_1_70' title="bbox 542 5233 2134 5312">
     <span class='ocr_line' id='line_1_70' title="bbox 542 5233 2134 5312; baseline 0.008 -27"><span class='ocrx_word' id='word_1_522' title='bbox 542 5239 758 5299; x_wconf 87' lang='lat' dir='ltr'><strong><em>rentes,</em></strong></span> <span class='ocrx_word' id='word_1_523' title='bbox 786 5246 893 5302; x_wconf 90' lang='lat' dir='ltr'><strong><em>qua</em></strong></span> <span class='ocrx_word' id='word_1_524' title='bbox 917 5233 986 5288; x_wconf 88' lang='lat' dir='ltr'><strong><em>de</em></strong></span> <span class='ocrx_word' id='word_1_525' title='bbox 1010 5249 1238 5306; x_wconf 90' lang='lat' dir='ltr'><strong><em>corpore</em></strong></span> <span class='ocrx_word' id='word_1_526' title='bbox 1261 5236 1454 5292; x_wconf 90' lang='lat' dir='ltr'><strong><em>mortis</em></strong></span> <span class='ocrx_word' id='word_1_527' title='bbox 1499 5236 1658 5307; x_wconf 88' lang='lat' dir='ltr'><strong><em>hujus</em></strong></span> <span class='ocrx_word' id='word_1_528' title='bbox 1699 5241 1842 5294; x_wconf 89' lang='lat' dir='ltr'><strong><em>eruti</em></strong></span> <span class='ocrx_word' id='word_1_529' title='bbox 1860 5282 1874 5306; x_wconf 93' lang='lat'><strong><em>,</em></strong></span> <span class='ocrx_word' id='word_1_530' title='bbox 1903 5257 2134 5312; x_wconf 88' lang='lat' dir='ltr'><strong><em>propere</em></strong></span> 
     </span>
    </p>
   </div>
   <div class='ocr_carea' id='block_1_71' title="bbox 545 5324 2134 5402">
    <p class='ocr_par' dir='ltr' id='par_1_71' title="bbox 545 5324 2134 5402">
     <span class='ocr_line' id='line_1_71' title="bbox 545 5324 2134 5402; baseline 0.007 -25"><span class='ocrx_word' id='word_1_531' title='bbox 545 5324 614 5377; x_wconf 91' lang='lat' dir='ltr'><strong><em>ad</em></strong></span> <span class='ocrx_word' id='word_1_532' title='bbox 638 5324 914 5380; x_wconf 66' lang='lat' dir='ltr'><strong><em>caelestem</em></strong></span> <span class='ocrx_word' id='word_1_533' title='bbox 944 5327 1175 5398; x_wconf 90' lang='lat' dir='ltr'><strong><em>patriam</em></strong></span> <span class='ocrx_word' id='word_1_534' title='bbox 1206 5328 1587 5398; x_wconf 89' lang='lat' dir='ltr'><strong><em>pervenirent,</em></strong></span> <span class='ocrx_word' id='word_1_535' title='bbox 1638 5341 1694 5385; x_wconf 90' lang='lat' dir='ltr'><strong><em>et</em></strong></span> <span class='ocrx_word' id='word_1_536' title='bbox 1735 5332 1825 5402; x_wconf 92' lang='lat' dir='ltr'><strong><em>pia</em></strong></span> <span class='ocrx_word' id='word_1_537' title='bbox 1874 5333 2134 5390; x_wconf 91' lang='lat' dir='ltr'><strong><em>violentia</em></strong></span> 
     </span>
    </p>
   </div>
   <div class='ocr_carea' id='block_1_72' title="bbox 546 5418 2132 5492">
    <p class='ocr_par' dir='ltr' id='par_1_72' title="bbox 546 5418 2132 5492">
     <span class='ocr_line' id='line_1_72' title="bbox 546 5418 2132 5492; baseline 0.005 -20"><span class='ocrx_word' id='word_1_538' title='bbox 546 5431 771 5489; x_wconf 91' lang='lat' dir='ltr'><strong><em>regnum</em></strong></span> <span class='ocrx_word' id='word_1_539' title='bbox 821 5418 915 5473; x_wconf 89' lang='lat' dir='ltr'><strong><em>Dei</em></strong></span> <span class='ocrx_word' id='word_1_540' title='bbox 961 5419 1282 5490; x_wconf 88' lang='lat' dir='ltr'><strong><em>arriperent.</em></strong></span> <span class='ocrx_word' id='word_1_541' title='bbox 1337 5419 1428 5477; x_wconf 88' lang='lat' dir='ltr'><strong><em>Sic</em></strong></span> <span class='ocrx_word' id='word_1_542' title='bbox 1465 5437 1679 5492; x_wconf 85' lang='lat' dir='ltr'><strong><em>quoque</em></strong></span> <span class='ocrx_word' id='word_1_543' title='bbox 1724 5425 1920 5479; x_wconf 90' lang='lat' dir='ltr'><strong><em>armati</em></strong></span> <span class='ocrx_word' id='word_1_544' title='bbox 1962 5424 2132 5481; x_wconf 89' lang='lat' dir='ltr'><strong><em>lorica</em></strong></span> 
     </span>
    </p>
   </div>
   <div class='ocr_carea' id='block_1_73' title="bbox 617 5527 2134 5606">
    <p class='ocr_par' dir='ltr' id='par_1_73' title="bbox 617 5527 2134 5606">
     <span class='ocr_line' id='line_1_73' title="bbox 617 5527 2134 5606; baseline 0.006 -24"><span class='ocrx_word' id='word_1_545' title='bbox 617 5540 646 5571; x_wconf 78' lang='grc' dir='ltr'>ι</span> <span class='ocrx_word' id='word_1_546' title='bbox 670 5529 749 5606; x_wconf 78' lang='lat' dir='ltr'><strong><em>Ita</em></strong></span> <span class='ocrx_word' id='word_1_547' title='bbox 775 5527 890 5606; x_wconf 78' lang='lat' dir='ltr'><strong><em>fere</em></strong></span> <span class='ocrx_word' id='word_1_548' title='bbox 911 5538 1104 5606; x_wconf 81' lang='lat' dir='ltr'><strong><em>auctor</em></strong></span> <span class='ocrx_word' id='word_1_549' title='bbox 1132 5531 1354 5606; x_wconf 78' lang='lat' dir='ltr'><strong><em>lndjculi</em></strong></span> <span class='ocrx_word' id='word_1_550' title='bbox 1381 5531 1663 5606; x_wconf 90' lang='lat' dir='ltr'><strong><em>Luminosi</em></strong></span> <span class='ocrx_word' id='word_1_551' title='bbox 1687 5551 1701 5606; x_wconf 71' lang='grc' dir='ltr'>ξ</span> <span class='ocrx_word' id='word_1_552' title='bbox 1731 5532 1967 5606; x_wconf 79' lang='lat' dir='ltr'><strong><em>Fugiunt</em></strong></span> <span class='ocrx_word' id='word_1_553' title='bbox 1988 5536 2134 5591; x_wconf 81' lang='lat' dir='ltr'><strong><em>debi-</em></strong></span> 
     </span>
    </p>
   </div>
   <div class='ocr_carea' id='block_1_74' title="bbox 547 5599 2130 5676">
    <p class='ocr_par' dir='ltr' id='par_1_74' title="bbox 547 5599 2130 5676">
     <span class='ocr_line' id='line_1_74' title="bbox 547 5599 2130 5676; baseline 0.004 -23"><span class='ocrx_word' id='word_1_554' title='bbox 547 5599 620 5676; x_wconf 78' lang='lat' dir='ltr'><strong><em>les</em></strong></span> <span class='ocrx_word' id='word_1_555' title='bbox 650 5611 704 5676; x_wconf 92' lang='lat' dir='ltr'><strong><em>et_</em></strong></span> <span class='ocrx_word' id='word_1_556' title='bbox 726 5599 1178 5676; x_wconf 71' lang='lat' dir='ltr'><strong><em>it_t[irmi,__c_ertt_tnt</em></strong></span> <span class='ocrx_word' id='word_1_557' title='bbox 1207 5602 1369 5676; x_wconf 67' lang='lat' dir='ltr'><strong><em>fortes</em></strong></span> <span class='ocrx_word' id='word_1_558' title='bbox 1401 5613 1450 5658; x_wconf 86' lang='lat' dir='ltr'><strong><em>et</em></strong></span> <span class='ocrx_word' id='word_1_559' title='bbox 1482 5605 1646 5658; x_wconf 82' lang='lat' dir='ltr'><strong><em>animi</em></strong></span> <span class='ocrx_word' id='word_1_560' title='bbox 1666 5599 1951 5676; x_wconf 15' lang='lat' dir='ltr'><strong><em>ilionesftate</em></strong></span> <span class='ocrx_word' id='word_1_561' title='bbox 1989 5623 2130 5676; x_wconf 77' lang='lat' dir='ltr'><strong><em>prce-</em></strong></span> 
     </span>
    </p>
   </div>
   <div class='ocr_carea' id='block_1_75' title="bbox 549 5670 2126 5800">
    <p class='ocr_par' dir='ltr' id='par_1_75' title="bbox 549 5670 2126 5800">
     <span class='ocr_line' id='line_1_75' title="bbox 549 5670 2126 5800; baseline 0.005 -77"><span class='ocrx_word' id='word_1_562' title='bbox 549 5670 726 5754; x_wconf 77' lang='lat' dir='ltr'><strong><em>cincti.</em></strong></span> <span class='ocrx_word' id='word_1_563' title='bbox 756 5670 912 5753; x_wconf 71' lang='lat' dir='ltr'><strong><em>Tom.</em></strong></span> <span class='ocrx_word' id='word_1_564' title='bbox 953 5670 1221 5756; x_wconf 45' lang='lat' dir='ltr'><strong><em>XI..Hispl</em></strong></span> <span class='ocrx_word' id='word_1_565' title='bbox 1257 5673 1415 5730; x_wconf 89' lang='lat' dir='ltr'><strong><em>Sacr.</em></strong></span> <span class='ocrx_word' id='word_1_566' title='bbox 1453 5691 1578 5758; x_wconf 79' lang='lat' dir='ltr'><strong><em>pag.</em></strong></span> <span class='ocrx_word' id='word_1_567' title='bbox 1617 5675 1746 5731; x_wconf 77' lang='lat'><strong><em>223.</em></strong></span> <span class='ocrx_word' id='word_1_568' title='bbox 1777 5675 1838 5758; x_wconf 65' lang='lat' dir='ltr'><strong><em>Si</em></strong></span> <span class='ocrx_word' id='word_1_569' title='bbox 1863 5670 2126 5800; x_wconf 38' lang='lat' dir='ltr'><strong><em>inﬁrmus,-</em></strong></span> 
     </span>
     <span class='ocr_line' id='line_1_76' title="bbox 549 5740 2126 5800; baseline 0.004 -6"><span class='ocrx_word' id='word_1_570' title='bbox 549 5740 755 5800; x_wconf 84' lang='lat' dir='ltr'><strong><em>debtlts,</em></strong></span> <span class='ocrx_word' id='word_1_571' title='bbox 785 5750 980 5800; x_wconf 75' lang='lat' dir='ltr'><strong><em>inanis.</em></strong></span> <span class='ocrx_word' id='word_1_572' title='bbox 1023 5745 1239 5798; x_wconf 76' lang='lat' dir='ltr'><strong><em>timidus</em></strong></span> <span class='ocrx_word' id='word_1_573' title='bbox 1277 5761 1401 5800; x_wconf 90' lang='lat' dir='ltr'><strong><em>es...</em></strong></span> <span class='ocrx_word' id='word_1_574' title='bbox 1443 5763 1741 5800; x_wconf 81' lang='lat' dir='ltr'><strong><em>autesce....</em></strong></span> <span class='ocrx_word' id='word_1_575' title='bbox 1771 5763 1819 5800; x_wconf 84' lang='lat' dir='ltr'><strong><em>st</em></strong></span> <span class='ocrx_word' id='word_1_576' title='bbox 1842 5747 1912 5800; x_wconf 90' lang='lat' dir='ltr'><strong><em>ha</em></strong></span> <span class='ocrx_word' id='word_1_577' title='bbox 1947 5747 2053 5800; x_wconf 85' lang='lat' dir='ltr'><strong><em>tlts.</em></strong></span> <span class='ocrx_word' id='word_1_578' title='bbox 2083 5763 2126 5800; x_wconf 81' lang='lat' dir='ltr'><strong><em>st</em></strong></span> 
     </span>
    </p>
   </div>
   <div class='ocr_carea' id='block_1_76' title="bbox 545 5740 2130 5816">
    <p class='ocr_par' dir='ltr' id='par_1_76' title="bbox 545 5740 2130 5816">
     <span class='ocr_line' id='line_1_77' title="bbox 545 5740 2130 5816; baseline 0.004 -21"><span class='ocrx_word' id='word_1_579' title='bbox 545 5740 755 5816; x_wconf 76' lang='lat' dir='ltr'><strong><em>debilis,</em></strong></span> <span class='ocrx_word' id='word_1_580' title='bbox 781 5742 980 5816; x_wconf 73' lang='lat' dir='ltr'><strong><em>inanis,</em></strong></span> <span class='ocrx_word' id='word_1_581' title='bbox 1023 5740 1239 5816; x_wconf 79' lang='lat' dir='ltr'><strong><em>timidus</em></strong></span> <span class='ocrx_word' id='word_1_582' title='bbox 1277 5761 1401 5800; x_wconf 91' lang='lat' dir='ltr'><strong><em>es...</em></strong></span> <span class='ocrx_word' id='word_1_583' title='bbox 1443 5740 1741 5816; x_wconf 51' lang='lat' dir='ltr'><strong><em>quiesce...</em></strong></span> <span class='ocrx_word' id='word_1_584' title='bbox 1771 5747 1819 5802; x_wconf 89' lang='lat' dir='ltr'><strong><em>si</em></strong></span> <span class='ocrx_word' id='word_1_585' title='bbox 1842 5740 2053 5812; x_wconf 88' lang='lat' dir='ltr'><strong><em>habilis,</em></strong></span> <span class='ocrx_word' id='word_1_586' title='bbox 2083 5749 2130 5802; x_wconf 88' lang='lat' dir='ltr'><strong><em>si</em></strong></span> 
     </span>
    </p>
   </div>
   <div class='ocr_carea' id='block_1_77' title="bbox 547 5811 2133 5882">
    <p class='ocr_par' dir='ltr' id='par_1_77' title="bbox 547 5811 2133 5882">
     <span class='ocr_line' id='line_1_78' title="bbox 547 5811 2133 5882; baseline 0.006 -17"><span class='ocrx_word' id='word_1_587' title='bbox 547 5811 724 5882; x_wconf 78' lang='lat' dir='ltr'><strong><em>fortis,</em></strong></span> <span class='ocrx_word' id='word_1_588' title='bbox 746 5814 792 5867; x_wconf 93' lang='lat' dir='ltr'><strong><em>si</em></strong></span> <span class='ocrx_word' id='word_1_589' title='bbox 827 5829 1029 5881; x_wconf 75' lang='lat' dir='ltr'><strong><em>audax,</em></strong></span> <span class='ocrx_word' id='word_1_590' title='bbox 1062 5815 1109 5870; x_wconf 92' lang='lat' dir='ltr'><strong><em>si</em></strong></span> <span class='ocrx_word' id='word_1_591' title='bbox 1139 5811 1470 5872; x_wconf 61' lang='lat' dir='ltr'><strong><em>constans...L</em></strong></span> <span class='ocrx_word' id='word_1_592' title='bbox 1495 5826 1680 5874; x_wconf 89' lang='lat' dir='ltr'><strong><em>contra</em></strong></span> <span class='ocrx_word' id='word_1_593' title='bbox 1706 5818 1876 5874; x_wconf 80' lang='lat' dir='ltr'><strong><em>hostes</em></strong></span> <span class='ocrx_word' id='word_1_594' title='bbox 1921 5828 1976 5873; x_wconf 93' lang='lat' dir='ltr'><strong><em>ut</em></strong></span> <span class='ocrx_word' id='word_1_595' title='bbox 2005 5811 2133 5874; x_wconf 80' lang='lat' dir='ltr'><strong><em>stre-</em></strong></span> 
     </span>
    </p>
   </div>
   <div class='ocr_carea' id='block_1_78' title="bbox 2219 1913 3844 1992">
    <p class='ocr_par' dir='ltr' id='par_1_78' title="bbox 2219 1913 3844 1992">
     <span class='ocr_line' id='line_1_79' title="bbox 2219 1913 3844 1992; baseline -0.004 -16"><span class='ocrx_word' id='word_1_596' title='bbox 2219 1920 2527 1992; x_wconf 70' lang='lat' dir='ltr'><strong><em>ignominia:</em></strong></span> <span class='ocrx_word' id='word_1_597' title='bbox 2565 1936 2579 1973; x_wconf 90' lang='lat'><strong>:</strong></span> <span class='ocrx_word' id='word_1_598' title='bbox 2627 1933 2735 1973; x_wconf 93' lang='lat' dir='ltr'><strong><em>non</em></strong></span> <span class='ocrx_word' id='word_1_599' title='bbox 2778 1925 3066 1982; x_wconf 86' lang='lat' dir='ltr'><strong><em>verentes,</em></strong></span> <span class='ocrx_word' id='word_1_600' title='bbox 3109 1915 3254 1987; x_wconf 91' lang='lat' dir='ltr'><strong><em>quod</em></strong></span> <span class='ocrx_word' id='word_1_601' title='bbox 3285 1913 3673 1985; x_wconf 87' lang='lat' dir='ltr'><strong><em>suppliciorum</em></strong></span> <span class='ocrx_word' id='word_1_602' title='bbox 3727 1931 3844 1986; x_wconf 86' lang='lat' dir='ltr'><strong><em>pro</em></strong></span> 
     </span>
    </p>
   </div>
   <div class='ocr_carea' id='block_1_79' title="bbox 2219 2006 3846 2088">
    <p class='ocr_par' dir='ltr' id='par_1_79' title="bbox 2219 2006 3846 2088">
     <span class='ocr_line' id='line_1_80' title="bbox 2219 2006 3846 2088; baseline -0.005 -17"><span class='ocrx_word' id='word_1_603' title='bbox 2219 2015 2410 2072; x_wconf 90' lang='lat' dir='ltr'><strong><em>eadem</em></strong></span> <span class='ocrx_word' id='word_1_604' title='bbox 2459 2013 2690 2069; x_wconf 87' lang='lat' dir='ltr'><strong><em>veritate</em></strong></span> <span class='ocrx_word' id='word_1_605' title='bbox 2727 2011 2974 2068; x_wconf 90' lang='lat' dir='ltr'><strong><em>subirent</em></strong></span> <span class='ocrx_word' id='word_1_606' title='bbox 3017 2018 3386 2088; x_wconf 84' lang='lat' dir='ltr'><strong><em>tormentum,</em></strong></span> <span class='ocrx_word' id='word_1_607' title='bbox 3432 2015 3525 2063; x_wconf 88' lang='lat' dir='ltr'><strong><em>aut</em></strong></span> <span class='ocrx_word' id='word_1_608' title='bbox 3566 2006 3846 2077; x_wconf 85' lang='lat' dir='ltr'><strong><em>qualibus</em></strong></span> 
     </span>
    </p>
   </div>
   <div class='ocr_carea' id='block_1_80' title="bbox 2219 2099 3844 2178">
    <p class='ocr_par' dir='ltr' id='par_1_80' title="bbox 2219 2099 3844 2178">
     <span class='ocr_line' id='line_1_81' title="bbox 2219 2099 3844 2178; baseline -0.005 -15"><span class='ocrx_word' id='word_1_609' title='bbox 2219 2105 2480 2178; x_wconf 90' lang='lat' dir='ltr'><strong><em>periculis</em></strong></span> <span class='ocrx_word' id='word_1_610' title='bbox 2502 2105 2628 2160; x_wconf 70' lang='lat' dir='ltr'><strong><em>vita:</em></strong></span> <span class='ocrx_word' id='word_1_611' title='bbox 2655 2102 2816 2174; x_wconf 89' lang='lat' dir='ltr'><strong><em>hujus</em></strong></span> <span class='ocrx_word' id='word_1_612' title='bbox 2843 2103 3107 2158; x_wconf 88' lang='lat' dir='ltr'><strong><em>haberent</em></strong></span> <span class='ocrx_word' id='word_1_613' title='bbox 3128 2116 3404 2157; x_wconf 91' lang='lat' dir='ltr'><strong><em>occasum.</em></strong></span> <span class='ocrx_word' id='word_1_614' title='bbox 3444 2099 3658 2170; x_wconf 84' lang='lat' dir='ltr'><strong><em>Quippe</em></strong></span> <span class='ocrx_word' id='word_1_615' title='bbox 3683 2115 3844 2169; x_wconf 86' lang='lat' dir='ltr'><strong><em>quos</em></strong></span> 
     </span>
    </p>
   </div>
   <div class='ocr_carea' id='block_1_81' title="bbox 2221 2188 3842 2267">
    <p class='ocr_par' dir='ltr' id='par_1_81' title="bbox 2221 2188 3842 2267">
     <span class='ocr_line' id='line_1_82' title="bbox 2221 2188 3842 2267; baseline -0.005 -13"><span class='ocrx_word' id='word_1_616' title='bbox 2221 2201 2519 2255; x_wconf 91' lang='lat' dir='ltr'><strong><em>immensus</em></strong></span> <span class='ocrx_word' id='word_1_617' title='bbox 2547 2195 2774 2267; x_wconf 78' lang='lat' dir='ltr'><strong><em>urgebat</em></strong></span> <span class='ocrx_word' id='word_1_618' title='bbox 2797 2195 2962 2251; x_wconf 88' lang='lat' dir='ltr'><strong><em>ardor</em></strong></span> <span class='ocrx_word' id='word_1_619' title='bbox 2989 2193 3258 2267; x_wconf 90' lang='lat' dir='ltr'><strong><em>migrandi</em></strong></span> <span class='ocrx_word' id='word_1_620' title='bbox 3295 2192 3361 2246; x_wconf 91' lang='lat' dir='ltr'><strong><em>ad</em></strong></span> <span class='ocrx_word' id='word_1_621' title='bbox 3402 2191 3632 2256; x_wconf 67' lang='lat' dir='ltr'><strong><em>caelum,</em></strong></span> <span class='ocrx_word' id='word_1_622' title='bbox 3664 2188 3842 2247; x_wconf 48' lang='lat' dir='ltr'><strong><em>festi;</em></strong></span> 
     </span>
    </p>
   </div>
   <div class='ocr_carea' id='block_1_82' title="bbox 2221 2283 3838 2359">
    <p class='ocr_par' dir='ltr' id='par_1_82' title="bbox 2221 2283 3838 2359">
     <span class='ocr_line' id='line_1_83' title="bbox 2221 2283 3838 2359; baseline -0.006 -9"><span class='ocrx_word' id='word_1_623' title='bbox 2221 2303 2416 2350; x_wconf 89' lang='lat' dir='ltr'><strong><em>nantes</em></strong></span> <span class='ocrx_word' id='word_1_624' title='bbox 2445 2291 2636 2347; x_wconf 88' lang='lat' dir='ltr'><strong><em>videre</em></strong></span> <span class='ocrx_word' id='word_1_625' title='bbox 2663 2288 2862 2346; x_wconf 83' lang='lat' dir='ltr'><strong><em>faciem</em></strong></span> <span class='ocrx_word' id='word_1_626' title='bbox 2887 2287 3038 2359; x_wconf 87' lang='lat' dir='ltr'><strong><em>ejus,</em></strong></span> <span class='ocrx_word' id='word_1_627' title='bbox 3073 2287 3162 2343; x_wconf 89' lang='lat' dir='ltr'><strong><em>cui</em></strong></span> <span class='ocrx_word' id='word_1_628' title='bbox 3201 2286 3526 2343; x_wconf 88' lang='lat' dir='ltr'><strong><em>servierunt.</em></strong></span> <span class='ocrx_word' id='word_1_629' title='bbox 3554 2283 3838 2341; x_wconf 85' lang='lat' dir='ltr'><strong><em>Stimula-</em></strong></span> 
     </span>
    </p>
   </div>
   <div class='ocr_carea' id='block_1_83' title="bbox 2131 2379 3841 2454">
    <p class='ocr_par' dir='ltr' id='par_1_83' title="bbox 2131 2379 3841 2454">
     <span class='ocr_line' id='line_1_84' title="bbox 2131 2379 3841 2454; baseline -0.004 -11"><span class='ocrx_word' id='word_1_630' title='bbox 2131 2385 2140 2396; x_wconf 85' lang='lat'><strong><em>&#39;</em></strong></span> <span class='ocrx_word' id='word_1_631' title='bbox 2222 2396 2311 2443; x_wconf 92' lang='lat' dir='ltr'><strong><em>tur</em></strong></span> <span class='ocrx_word' id='word_1_632' title='bbox 2338 2385 2456 2441; x_wconf 88' lang='lat' dir='ltr'><strong><em>zelo</em></strong></span> <span class='ocrx_word' id='word_1_633' title='bbox 2481 2384 2704 2440; x_wconf 89' lang='lat' dir='ltr'><strong><em>ultionis</em></strong></span> <span class='ocrx_word' id='word_1_634' title='bbox 2730 2383 2928 2439; x_wconf 88' lang='lat' dir='ltr'><strong><em>cohors</em></strong></span> <span class='ocrx_word' id='word_1_635' title='bbox 2958 2382 3145 2454; x_wconf 90' lang='lat' dir='ltr'><strong><em>iniqua</em></strong></span> <span class='ocrx_word' id='word_1_636' title='bbox 3172 2380 3452 2452; x_wconf 89' lang='lat' dir='ltr'><strong><em>gentilium</em></strong></span> <span class='ocrx_word' id='word_1_637' title='bbox 3471 2421 3488 2446; x_wconf 93' lang='lat'><strong><em>,</em></strong></span> <span class='ocrx_word' id='word_1_638' title='bbox 3513 2379 3841 2451; x_wconf 80' lang='lat' dir='ltr'><strong><em>celerisque</em></strong></span> 
     </span>
    </p>
   </div>
   <div class='ocr_carea' id='block_1_84' title="bbox 2222 2475 3840 2547">
    <p class='ocr_par' dir='ltr' id='par_1_84' title="bbox 2222 2475 3840 2547">
     <span class='ocr_line' id='line_1_85' title="bbox 2222 2475 3840 2547; baseline -0.002 -13"><span class='ocrx_word' id='word_1_639' title='bbox 2222 2477 2711 2535; x_wconf 88' lang='lat' dir='ltr'><strong><em>animadversionis</em></strong></span> <span class='ocrx_word' id='word_1_640' title='bbox 2756 2476 2991 2547; x_wconf 86' lang='lat' dir='ltr'><strong><em>emergit</em></strong></span> <span class='ocrx_word' id='word_1_641' title='bbox 3017 2476 3313 2532; x_wconf 76' lang='lat' dir='ltr'><strong><em>Vindicium</em></strong></span> <span class='ocrx_word' id='word_1_642' title='bbox 3338 2475 3392 2530; x_wconf 93' lang='lat' dir='ltr'><strong><em>in</em></strong></span> <span class='ocrx_word' id='word_1_643' title='bbox 3421 2477 3840 2532; x_wconf 82' lang='lat' dir='ltr'><strong><em>obtrectatores</em></strong></span> 
     </span>
    </p>
   </div>
   <div class='ocr_carea' id='block_1_85' title="bbox 2222 2568 3838 2641">
    <p class='ocr_par' dir='ltr' id='par_1_85' title="bbox 2222 2568 3838 2641">
     <span class='ocr_line' id='line_1_86' title="bbox 2222 2568 3838 2641; baseline -0.004 -11"><span class='ocrx_word' id='word_1_644' title='bbox 2222 2583 2384 2631; x_wconf 83' lang='lat' dir='ltr'><strong><em>sectae</em></strong></span> <span class='ocrx_word' id='word_1_645' title='bbox 2407 2587 2536 2628; x_wconf 83' lang='lat' dir='ltr'><strong><em>suae.</em></strong></span> <span class='ocrx_word' id='word_1_646' title='bbox 2567 2569 2884 2626; x_wconf 82' lang='lat' dir='ltr'><strong><em>Nescientes</em></strong></span> <span class='ocrx_word' id='word_1_647' title='bbox 2919 2570 3048 2641; x_wconf 90' lang='lat' dir='ltr'><strong><em>quia</em></strong></span> <span class='ocrx_word' id='word_1_648' title='bbox 3075 2568 3187 2635; x_wconf 92' lang='lat' dir='ltr'><strong><em>illi,</em></strong></span> <span class='ocrx_word' id='word_1_649' title='bbox 3209 2577 3270 2623; x_wconf 91' lang='lat' dir='ltr'><strong><em>ut</em></strong></span> <span class='ocrx_word' id='word_1_650' title='bbox 3299 2570 3485 2626; x_wconf 77' lang='lat' dir='ltr'><strong><em>huncc</em></strong></span> <span class='ocrx_word' id='word_1_651' title='bbox 3516 2584 3838 2641; x_wconf 61' lang='lat' dir='ltr'><strong><em>pracocem</em></strong></span> 
     </span>
    </p>
   </div>
   <div class='ocr_carea' id='block_1_86' title="bbox 2223 2660 3842 2734">
    <p class='ocr_par' dir='ltr' id='par_1_86' title="bbox 2223 2660 3842 2734">
     <span class='ocr_line' id='line_1_87' title="bbox 2223 2660 3842 2734; baseline -0.001 -15"><span class='ocrx_word' id='word_1_652' title='bbox 2223 2664 2433 2720; x_wconf 89' lang='lat' dir='ltr'><strong><em>obitum</em></strong></span> <span class='ocrx_word' id='word_1_653' title='bbox 2459 2663 2806 2734; x_wconf 86' lang='lat' dir='ltr'><strong><em>exciperent,</em></strong></span> <span class='ocrx_word' id='word_1_654' title='bbox 2851 2661 3040 2718; x_wconf 89' lang='lat' dir='ltr'><strong><em>liberis</em></strong></span> <span class='ocrx_word' id='word_1_655' title='bbox 3085 2661 3313 2718; x_wconf 90' lang='lat' dir='ltr'><strong><em>vocibus</em></strong></span> <span class='ocrx_word' id='word_1_656' title='bbox 3349 2661 3570 2719; x_wconf 90' lang='lat' dir='ltr'><strong><em>inimico</em></strong></span> <span class='ocrx_word' id='word_1_657' title='bbox 3593 2660 3842 2730; x_wconf 72' lang='lat' dir='ltr'><strong><em>iustitia:</em></strong></span> 
     </span>
    </p>
   </div>
   <div class='ocr_carea' id='block_1_87' title="bbox 2223 2752 3842 2826">
    <p class='ocr_par' dir='ltr' id='par_1_87' title="bbox 2223 2752 3842 2826">
     <span class='ocr_line' id='line_1_88' title="bbox 2223 2752 3842 2826; baseline -0.002 -14"><span class='ocrx_word' id='word_1_658' title='bbox 2223 2765 2280 2812; x_wconf 91' lang='lat' dir='ltr'><strong><em>et</em></strong></span> <span class='ocrx_word' id='word_1_659' title='bbox 2307 2755 2620 2811; x_wconf 88' lang='lat' dir='ltr'><strong><em>adversario</em></strong></span> <span class='ocrx_word' id='word_1_660' title='bbox 2644 2754 2906 2811; x_wconf 82' lang='lat' dir='ltr'><strong><em>Ecclesiae</em></strong></span> <span class='ocrx_word' id='word_1_661' title='bbox 2929 2754 3028 2809; x_wconf 90' lang='lat' dir='ltr'><strong><em>Dei</em></strong></span> <span class='ocrx_word' id='word_1_662' title='bbox 3054 2768 3346 2826; x_wconf 87' lang='lat' dir='ltr'><strong><em>progressu</em></strong></span> <span class='ocrx_word' id='word_1_663' title='bbox 3384 2752 3638 2809; x_wconf 89' lang='lat' dir='ltr'><strong><em>ultroneo</em></strong></span> <span class='ocrx_word' id='word_1_664' title='bbox 3667 2754 3842 2809; x_wconf 85' lang='lat' dir='ltr'><strong><em>resti-</em></strong></span> 
     </span>
    </p>
   </div>
   <div class='ocr_carea' id='block_1_88' title="bbox 2225 2844 3844 2918">
    <p class='ocr_par' dir='ltr' id='par_1_88' title="bbox 2225 2844 3844 2918">
     <span class='ocr_line' id='line_1_89' title="bbox 2225 2844 3844 2918; baseline -0.002 -14"><span class='ocrx_word' id='word_1_665' title='bbox 2225 2855 2460 2904; x_wconf 88' lang='lat' dir='ltr'><strong><em>terunt:</em></strong></span> <span class='ocrx_word' id='word_1_666' title='bbox 2507 2847 2791 2918; x_wconf 86' lang='lat' dir='ltr'><strong><em>loquentes</em></strong></span> <span class='ocrx_word' id='word_1_667' title='bbox 2836 2846 2904 2901; x_wconf 91' lang='lat' dir='ltr'><strong><em>de</em></strong></span> <span class='ocrx_word' id='word_1_668' title='bbox 2949 2845 3275 2901; x_wconf 89' lang='lat' dir='ltr'><strong><em>testimoniis</em></strong></span> <span class='ocrx_word' id='word_1_669' title='bbox 3323 2844 3541 2900; x_wconf 89' lang='lat' dir='ltr'><strong><em>Domini</em></strong></span> <span class='ocrx_word' id='word_1_670' title='bbox 3591 2844 3651 2900; x_wconf 88' lang='lat' dir='ltr'><strong><em>in</em></strong></span> <span class='ocrx_word' id='word_1_671' title='bbox 3696 2860 3844 2900; x_wconf 83' lang='lat' dir='ltr'><strong><em>oon-</em></strong></span> 
     </span>
    </p>
   </div>
   <div class='ocr_carea' id='block_1_89' title="bbox 2226 2937 3920 3011">
    <p class='ocr_par' dir='ltr' id='par_1_89' title="bbox 2226 2937 3920 3011">
     <span class='ocr_line' id='line_1_90' title="bbox 2226 2937 3920 3011; baseline -0.002 -14"><span class='ocrx_word' id='word_1_672' title='bbox 2226 2947 2415 3010; x_wconf 90' lang='lat' dir='ltr'><strong><em>spectu</em></strong></span> <span class='ocrx_word' id='word_1_673' title='bbox 2464 2953 2654 3011; x_wconf 87' lang='lat' dir='ltr'><strong><em>regum</em></strong></span> <span class='ocrx_word' id='word_1_674' title='bbox 2689 2937 2864 3006; x_wconf 89' lang='lat' dir='ltr'><strong><em>(Psal.</em></strong></span> <span class='ocrx_word' id='word_1_675' title='bbox 2906 2953 3104 3003; x_wconf 81' lang='lat' dir='ltr'><strong><em>cxvtn,</em></strong></span> <span class='ocrx_word' id='word_1_676' title='bbox 3128 2937 3220 3008; x_wconf 73' lang='grc'><strong><em>46)</em></strong></span> <span class='ocrx_word' id='word_1_677' title='bbox 3241 2979 3257 3004; x_wconf 91' lang='grc'><strong><em>,</em></strong></span> <span class='ocrx_word' id='word_1_678' title='bbox 3281 2945 3338 2993; x_wconf 90' lang='lat' dir='ltr'><strong><em>et</em></strong></span> <span class='ocrx_word' id='word_1_679' title='bbox 3363 2937 3499 2993; x_wconf 90' lang='lat' dir='ltr'><strong><em>nihil</em></strong></span> <span class='ocrx_word' id='word_1_680' title='bbox 3528 2946 3796 2995; x_wconf 82' lang='lat' dir='ltr'><strong><em>verentes</em></strong></span> <span class='ocrx_word' id='word_1_681' title='bbox 3822 2980 3838 2992; x_wconf 95' lang='lat'><strong><em>.</em></strong></span> <span class='ocrx_word' id='word_1_682' title='bbox 3910 2955 3920 2963; x_wconf 62' lang='grc' dir='ltr'><strong>ε</strong></span> 
     </span>
    </p>
   </div>
   <div class='ocr_carea' id='block_1_90' title="bbox 2225 3028 3841 3104">
    <p class='ocr_par' dir='ltr' id='par_1_90' title="bbox 2225 3028 3841 3104">
     <span class='ocr_line' id='line_1_91' title="bbox 2225 3028 3841 3104; baseline -0.001 -16"><span class='ocrx_word' id='word_1_683' title='bbox 2225 3033 2354 3104; x_wconf 91' lang='lat' dir='ltr'><strong><em>quia</em></strong></span> <span class='ocrx_word' id='word_1_684' title='bbox 2392 3031 2526 3086; x_wconf 88' lang='lat' dir='ltr'><strong><em>nihil</em></strong></span> <span class='ocrx_word' id='word_1_685' title='bbox 2563 3030 2712 3086; x_wconf 92' lang='lat' dir='ltr'><strong><em>aliud</em></strong></span> <span class='ocrx_word' id='word_1_686' title='bbox 2740 3037 2973 3086; x_wconf 90' lang='lat' dir='ltr'><strong><em>mortem</em></strong></span> <span class='ocrx_word' id='word_1_687' title='bbox 3012 3045 3202 3096; x_wconf 88' lang='lat' dir='ltr'><strong><em>suam,</em></strong></span> <span class='ocrx_word' id='word_1_688' title='bbox 3234 3045 3394 3099; x_wconf 87' lang='lat' dir='ltr'><strong><em>quam</em></strong></span> <span class='ocrx_word' id='word_1_689' title='bbox 3423 3028 3592 3084; x_wconf 88' lang='lat' dir='ltr'><strong><em>vitam</em></strong></span> <span class='ocrx_word' id='word_1_690' title='bbox 3627 3044 3841 3100; x_wconf 84' lang='lat' dir='ltr'><strong><em>perpe-</em></strong></span> 
     </span>
    </p>
   </div>
   <div class='ocr_carea' id='block_1_91' title="bbox 2231 3121 3838 3193">
    <p class='ocr_par' dir='ltr' id='par_1_91' title="bbox 2231 3121 3838 3193">
     <span class='ocr_line' id='line_1_92' title="bbox 2231 3121 3838 3193; baseline -0.001 -13"><span class='ocrx_word' id='word_1_691' title='bbox 2231 3134 2379 3182; x_wconf 89' lang='lat' dir='ltr'><strong><em>tuam</em></strong></span> <span class='ocrx_word' id='word_1_692' title='bbox 2447 3123 2853 3188; x_wconf 82' lang='lat' dir='ltr'><strong><em>existimantes,</em></strong></span> <span class='ocrx_word' id='word_1_693' title='bbox 2929 3130 3123 3193; x_wconf 89' lang='lat' dir='ltr'><strong><em>sponte</em></strong></span> <span class='ocrx_word' id='word_1_694' title='bbox 3173 3121 3451 3178; x_wconf 87' lang='lat' dir='ltr'><strong><em>interitum</em></strong></span> <span class='ocrx_word' id='word_1_695' title='bbox 3493 3122 3683 3178; x_wconf 91' lang='lat' dir='ltr'><strong><em>carnis</em></strong></span> <span class='ocrx_word' id='word_1_696' title='bbox 3726 3138 3838 3178; x_wconf 81' lang='lat' dir='ltr'><strong><em>ex-</em></strong></span> 
     </span>
    </p>
   </div>
   <div class='ocr_carea' id='block_1_92' title="bbox 2223 3213 3838 3285">
    <p class='ocr_par' dir='ltr' id='par_1_92' title="bbox 2223 3213 3838 3285">
     <span class='ocr_line' id='line_1_93' title="bbox 2223 3213 3838 3285; baseline -0.001 -13"><span class='ocrx_word' id='word_1_697' title='bbox 2223 3223 2432 3285; x_wconf 90' lang='lat' dir='ltr'><strong><em>optant,</em></strong></span> <span class='ocrx_word' id='word_1_698' title='bbox 2447 3213 2811 3270; x_wconf 88' lang='lat' dir='ltr'><strong><em>voluntarium</em></strong></span> <span class='ocrx_word' id='word_1_699' title='bbox 2825 3213 2936 3269; x_wconf 90' lang='lat' dir='ltr'><strong><em>Deo</em></strong></span> <span class='ocrx_word' id='word_1_700' title='bbox 2948 3214 3250 3270; x_wconf 87' lang='lat' dir='ltr'><strong><em>animarum</em></strong></span> <span class='ocrx_word' id='word_1_701' title='bbox 3263 3229 3481 3270; x_wconf 88' lang='lat' dir='ltr'><strong><em>suarum</em></strong></span> <span class='ocrx_word' id='word_1_702' title='bbox 3492 3214 3838 3272; x_wconf 82' lang='lat' dir='ltr'><strong><em>sacriﬁcium</em></strong></span> 
     </span>
    </p>
   </div>
   <div class='ocr_carea' id='block_1_93' title="bbox 2224 3305 3836 3378">
    <p class='ocr_par' dir='ltr' id='par_1_93' title="bbox 2224 3305 3836 3378">
     <span class='ocr_line' id='line_1_94' title="bbox 2224 3305 3836 3378; baseline -0.002 -14"><span class='ocrx_word' id='word_1_703' title='bbox 2224 3308 2532 3364; x_wconf 71' lang='lat' dir='ltr'><strong><em>offerentes.</em></strong></span> <span class='ocrx_word' id='word_1_704' title='bbox 2565 3305 2775 3375; x_wconf 84' lang='lat' dir='ltr'><strong><em>Quibus</em></strong></span> <span class='ocrx_word' id='word_1_705' title='bbox 2812 3315 2964 3362; x_wconf 89' lang='lat' dir='ltr'><strong><em>recte</em></strong></span> <span class='ocrx_word' id='word_1_706' title='bbox 3002 3307 3318 3378; x_wconf 87' lang='lat' dir='ltr'><strong><em>prophetica</em></strong></span> <span class='ocrx_word' id='word_1_707' title='bbox 3359 3321 3493 3363; x_wconf 90' lang='lat' dir='ltr'><strong><em>voce</em></strong></span> <span class='ocrx_word' id='word_1_708' title='bbox 3516 3315 3792 3364; x_wconf 69' lang='lat' dir='ltr'><strong><em>cantatur</em></strong></span> <span class='ocrx_word' id='word_1_709' title='bbox 3819 3326 3836 3361; x_wconf 88' lang='lat'><strong>:</strong></span> 
     </span>
    </p>
   </div>
   <div class='ocr_carea' id='block_1_94' title="bbox 2228 3397 3840 3471">
    <p class='ocr_par' dir='ltr' id='par_1_94' title="bbox 2228 3397 3840 3471">
     <span class='ocr_line' id='line_1_95' title="bbox 2228 3397 3840 3471; baseline 0 -17"><span class='ocrx_word' id='word_1_710' title='bbox 2228 3398 2333 3466; x_wconf 84' lang='lat' dir='ltr'><strong><em>Qui</em></strong></span> <span class='ocrx_word' id='word_1_711' title='bbox 2361 3409 2541 3470; x_wconf 87' lang='lat' dir='ltr'><strong><em>sponte</em></strong></span> <span class='ocrx_word' id='word_1_712' title='bbox 2561 3399 2824 3454; x_wconf 87' lang='lat' dir='ltr'><strong><em>obtulistis</em></strong></span> <span class='ocrx_word' id='word_1_713' title='bbox 2849 3399 2914 3454; x_wconf 89' lang='lat' dir='ltr'><strong><em>de</em></strong></span> <span class='ocrx_word' id='word_1_714' title='bbox 2936 3397 3107 3454; x_wconf 87' lang='lat' dir='ltr'><strong><em>Israel</em></strong></span> <span class='ocrx_word' id='word_1_715' title='bbox 3129 3400 3336 3454; x_wconf 83' lang='lat' dir='ltr'><strong><em>animas</em></strong></span> <span class='ocrx_word' id='word_1_716' title='bbox 3363 3408 3560 3454; x_wconf 81' lang='lat' dir='ltr'><strong><em>vestras</em></strong></span> <span class='ocrx_word' id='word_1_717' title='bbox 3591 3400 3666 3454; x_wconf 79' lang='lat' dir='ltr'><strong><em>ad</em></strong></span> <span class='ocrx_word' id='word_1_718' title='bbox 3685 3403 3840 3471; x_wconf 76' lang='lat' dir='ltr'><strong><em>peri-</em></strong></span> 
     </span>
    </p>
   </div>
   <div class='ocr_carea' id='block_1_95' title="bbox 2226 3489 3838 3564">
    <p class='ocr_par' dir='ltr' id='par_1_95' title="bbox 2226 3489 3838 3564">
     <span class='ocr_line' id='line_1_96' title="bbox 2226 3489 3838 3564; baseline 0.002 -20"><span class='ocrx_word' id='word_1_719' title='bbox 2226 3490 2434 3556; x_wconf 88' lang='lat' dir='ltr'><strong><em>culum,</em></strong></span> <span class='ocrx_word' id='word_1_720' title='bbox 2479 3491 2764 3545; x_wconf 88' lang='lat' dir='ltr'><strong><em>benedicite</em></strong></span> <span class='ocrx_word' id='word_1_721' title='bbox 2807 3489 3100 3564; x_wconf 21' lang='lat' dir='ltr'><strong><em>Dominum,</em></strong></span> <span class='ocrx_word' id='word_1_722' title='bbox 3133 3489 3338 3562; x_wconf 80' lang='lat' dir='ltr'><strong><em>(ludio.</em></strong></span> <span class='ocrx_word' id='word_1_723' title='bbox 3369 3507 3426 3556; x_wconf 87' lang='lat' dir='ltr'><strong><em>v,</em></strong></span> <span class='ocrx_word' id='word_1_724' title='bbox 3474 3491 3556 3564; x_wconf 87' lang='lat'><strong><em>2).</em></strong></span> <span class='ocrx_word' id='word_1_725' title='bbox 3594 3493 3683 3548; x_wconf 79' lang='lat' dir='ltr'><strong><em>Ac</em></strong></span> <span class='ocrx_word' id='word_1_726' title='bbox 3727 3508 3838 3564; x_wconf 80' lang='lat' dir='ltr'><strong><em>per</em></strong></span> 
     </span>
    </p>
   </div>
   <div class='ocr_carea' id='block_1_96' title="bbox 2225 3581 3833 3652">
    <p class='ocr_par' dir='ltr' id='par_1_96' title="bbox 2225 3581 3833 3652">
     <span class='ocr_line' id='line_1_97' title="bbox 2225 3581 3833 3652; baseline 0 -14"><span class='ocrx_word' id='word_1_727' title='bbox 2225 3583 2328 3638; x_wconf 91' lang='lat' dir='ltr'><strong><em>hoc</em></strong></span> <span class='ocrx_word' id='word_1_728' title='bbox 2359 3582 2472 3638; x_wconf 91' lang='lat' dir='ltr'><strong><em>veri</em></strong></span> <span class='ocrx_word' id='word_1_729' title='bbox 2500 3581 2804 3639; x_wconf 90' lang='lat' dir='ltr'><strong><em>imitatores</em></strong></span> <span class='ocrx_word' id='word_1_730' title='bbox 2827 3581 2980 3638; x_wconf 86' lang='lat' dir='ltr'><strong><em>Pauli</em></strong></span> <span class='ocrx_word' id='word_1_731' title='bbox 3010 3583 3240 3652; x_wconf 89' lang='lat' dir='ltr'><strong><em>apostoli</em></strong></span> <span class='ocrx_word' id='word_1_732' title='bbox 3285 3583 3418 3638; x_wconf 89' lang='lat' dir='ltr'><strong><em>mihi</em></strong></span> <span class='ocrx_word' id='word_1_733' title='bbox 3461 3598 3586 3639; x_wconf 91' lang='lat' dir='ltr'><strong><em>esse</em></strong></span> <span class='ocrx_word' id='word_1_734' title='bbox 3631 3583 3833 3639; x_wconf 83' lang='lat' dir='ltr'><strong><em>viden-</em></strong></span> 
     </span>
    </p>
   </div>
   <div class='ocr_carea' id='block_1_97' title="bbox 2231 3671 3836 3745">
    <p class='ocr_par' dir='ltr' id='par_1_97' title="bbox 2231 3671 3836 3745">
     <span class='ocr_line' id='line_1_98' title="bbox 2231 3671 3836 3745; baseline -0.001 -16"><span class='ocrx_word' id='word_1_735' title='bbox 2231 3683 2337 3739; x_wconf 91' lang='lat' dir='ltr'><strong><em>tur,</em></strong></span> <span class='ocrx_word' id='word_1_736' title='bbox 2363 3673 2455 3742; x_wconf 88' lang='lat' dir='ltr'><strong><em>qui</em></strong></span> <span class='ocrx_word' id='word_1_737' title='bbox 2485 3673 2562 3728; x_wconf 89' lang='lat' dir='ltr'><strong><em>ait</em></strong></span> <span class='ocrx_word' id='word_1_738' title='bbox 2587 3690 2602 3728; x_wconf 88' lang='lat'><strong>:</strong></span> <span class='ocrx_word' id='word_1_739' title='bbox 2630 3671 2691 3728; x_wconf 89' lang='lat' dir='ltr'><strong><em>Si</em></strong></span> <span class='ocrx_word' id='word_1_740' title='bbox 2710 3673 2827 3744; x_wconf 91' lang='lat' dir='ltr'><strong><em>quis</em></strong></span> <span class='ocrx_word' id='word_1_741' title='bbox 2849 3672 2991 3728; x_wconf 81' lang='lat' dir='ltr'><strong><em>vobis</em></strong></span> <span class='ocrx_word' id='word_1_742' title='bbox 3019 3672 3456 3744; x_wconf 77' lang='lat' dir='ltr'><strong><em>euangelizaverit</em></strong></span> <span class='ocrx_word' id='word_1_743' title='bbox 3473 3683 3670 3743; x_wconf 64' lang='lat' dir='ltr'><strong><em>praeter</em></strong></span> <span class='ocrx_word' id='word_1_744' title='bbox 3689 3675 3836 3745; x_wconf 69' lang='lat' dir='ltr'><strong><em>quod</em></strong></span> 
     </span>
    </p>
   </div>
   <div class='ocr_carea' id='block_1_98' title="bbox 2227 3762 3836 3835">
    <p class='ocr_par' dir='ltr' id='par_1_98' title="bbox 2227 3762 3836 3835">
     <span class='ocr_line' id='line_1_99' title="bbox 2227 3762 3836 3835; baseline 0.001 -16"><span class='ocrx_word' id='word_1_745' title='bbox 2227 3765 2499 3835; x_wconf 87' lang='lat' dir='ltr'><strong><em>accepistis</em></strong></span> <span class='ocrx_word' id='word_1_746' title='bbox 2519 3805 2534 3831; x_wconf 93' lang='lat'><strong><em>,</em></strong></span> <span class='ocrx_word' id='word_1_747' title='bbox 2565 3764 2847 3820; x_wconf 86' lang='lat' dir='ltr'><strong><em>anathema</em></strong></span> <span class='ocrx_word' id='word_1_748' title='bbox 2868 3765 2938 3820; x_wconf 89' lang='lat' dir='ltr'><strong><em>sit</em></strong></span> <span class='ocrx_word' id='word_1_749' title='bbox 2973 3762 3118 3832; x_wconf 84' lang='lat' dir='ltr'><strong><em>(Gal.</em></strong></span> <span class='ocrx_word' id='word_1_750' title='bbox 3147 3781 3200 3830; x_wconf 85' lang='grc' dir='ltr'><strong><em>ι,</em></strong></span> <span class='ocrx_word' id='word_1_751' title='bbox 3229 3764 3305 3834; x_wconf 87' lang='grc'><strong>9).</strong></span> <span class='ocrx_word' id='word_1_752' title='bbox 3329 3763 3499 3834; x_wconf 85' lang='lat' dir='ltr'><strong><em>Cujus</em></strong></span> <span class='ocrx_word' id='word_1_753' title='bbox 3523 3765 3836 3820; x_wconf 88' lang='lat' dir='ltr'><strong><em>testimonii</em></strong></span> 
     </span>
    </p>
   </div>
   <div class='ocr_carea' id='block_1_99' title="bbox 2229 3854 3840 3928">
    <p class='ocr_par' dir='ltr' id='par_1_99' title="bbox 2229 3854 3840 3928">
     <span class='ocr_line' id='line_1_100' title="bbox 2229 3854 3840 3928; baseline 0.001 -16"><span class='ocrx_word' id='word_1_754' title='bbox 2229 3854 2504 3912; x_wconf 90' lang='lat' dir='ltr'><strong><em>informati</em></strong></span> <span class='ocrx_word' id='word_1_755' title='bbox 2538 3855 2810 3921; x_wconf 86' lang='lat' dir='ltr'><strong><em>oraculis,</em></strong></span> <span class='ocrx_word' id='word_1_756' title='bbox 2846 3855 3136 3925; x_wconf 89' lang='lat' dir='ltr'><strong><em>prosiliunt</em></strong></span> <span class='ocrx_word' id='word_1_757' title='bbox 3181 3863 3374 3914; x_wconf 90' lang='lat' dir='ltr'><strong><em>contra</em></strong></span> <span class='ocrx_word' id='word_1_758' title='bbox 3425 3857 3686 3928; x_wconf 85' lang='lat' dir='ltr'><strong><em>angelum</em></strong></span> <span class='ocrx_word' id='word_1_759' title='bbox 3735 3857 3840 3913; x_wconf 68' lang='lat' dir='ltr'><strong><em>Sa~</em></strong></span> 
     </span>
    </p>
   </div>
   <div class='ocr_carea' id='block_1_100' title="bbox 2229 3945 3836 4018">
    <p class='ocr_par' dir='ltr' id='par_1_100' title="bbox 2229 3945 3836 4018">
     <span class='ocr_line' id='line_1_101' title="bbox 2229 3945 3836 4018; baseline 0.002 -17"><span class='ocrx_word' id='word_1_760' title='bbox 2229 3955 2370 4001; x_wconf 69' lang='lat' dir='ltr'><strong><em>tanta:</em></strong></span> <span class='ocrx_word' id='word_1_761' title='bbox 2395 3953 2450 4000; x_wconf 92' lang='lat' dir='ltr'><strong><em>et</em></strong></span> <span class='ocrx_word' id='word_1_762' title='bbox 2471 3945 2732 4016; x_wconf 68' lang='lat' dir='ltr'><strong><em>praevium</em></strong></span> <span class='ocrx_word' id='word_1_763' title='bbox 2760 3945 3118 4012; x_wconf 83' lang='lat' dir='ltr'><strong><em>Antichristi,</em></strong></span> <span class='ocrx_word' id='word_1_764' title='bbox 3147 3947 3331 4017; x_wconf 89' lang='lat' dir='ltr'><strong><em>patule</em></strong></span> <span class='ocrx_word' id='word_1_765' title='bbox 3358 3961 3425 4003; x_wconf 88' lang='lat' dir='ltr'><strong><em>ea</em></strong></span> <span class='ocrx_word' id='word_1_766' title='bbox 3467 3963 3592 4018; x_wconf 71' lang='lat' dir='ltr'><strong><em>qua:</em></strong></span> <span class='ocrx_word' id='word_1_767' title='bbox 3643 3960 3836 4005; x_wconf 82' lang='lat' dir='ltr'><strong><em>sancta</em></strong></span> 
     </span>
    </p>
   </div>
   <div class='ocr_carea' id='block_1_101' title="bbox 2229 4039 3836 4115">
    <p class='ocr_par' dir='ltr' id='par_1_101' title="bbox 2229 4039 3836 4115">
     <span class='ocr_line' id='line_1_102' title="bbox 2229 4039 3836 4115; baseline 0.002 -21"><span class='ocrx_word' id='word_1_768' title='bbox 2229 4048 2355 4094; x_wconf 89' lang='lat' dir='ltr'><strong><em>sunt</em></strong></span> <span class='ocrx_word' id='word_1_769' title='bbox 2379 4039 2730 4106; x_wconf 86' lang='lat' dir='ltr'><strong><em>conﬁtentes,</em></strong></span> <span class='ocrx_word' id='word_1_770' title='bbox 2760 4055 2881 4110; x_wconf 74' lang='lat' dir='ltr'><strong><em>quae</em></strong></span> <span class='ocrx_word' id='word_1_771' title='bbox 2908 4055 3054 4096; x_wconf 91' lang='lat' dir='ltr'><strong><em>nunc</em></strong></span> <span class='ocrx_word' id='word_1_772' title='bbox 3090 4041 3255 4096; x_wconf 89' lang='lat' dir='ltr'><strong><em>etiam</em></strong></span> <span class='ocrx_word' id='word_1_773' title='bbox 3281 4041 3462 4098; x_wconf 90' lang='lat' dir='ltr'><strong><em>omnis</em></strong></span> <span class='ocrx_word' id='word_1_774' title='bbox 3481 4041 3562 4115; x_wconf 74' lang='lat'><strong><em>(5)</em></strong></span> <span class='ocrx_word' id='word_1_775' title='bbox 3587 4041 3836 4098; x_wconf 83' lang='lat' dir='ltr'><strong><em>Ecclesia</em></strong></span> 
     </span>
    </p>
   </div>
   <div class='ocr_carea' id='block_1_102' title="bbox 2229 4131 3834 4208">
    <p class='ocr_par' dir='ltr' id='par_1_102' title="bbox 2229 4131 3834 4208">
     <span class='ocr_line' id='line_1_103' title="bbox 2229 4131 3834 4208; baseline 0.002 -20"><span class='ocrx_word' id='word_1_776' title='bbox 2229 4131 2540 4203; x_wconf 56' lang='lat' dir='ltr'><strong><em>Hispaniae,</em></strong></span> <span class='ocrx_word' id='word_1_777' title='bbox 2610 4148 2922 4204; x_wconf 88' lang='lat' dir='ltr'><strong><em>quanquam</em></strong></span> <span class='ocrx_word' id='word_1_778' title='bbox 2981 4133 3373 4202; x_wconf 87' lang='lat' dir='ltr'><strong><em>clandestinis,</em></strong></span> <span class='ocrx_word' id='word_1_779' title='bbox 3421 4141 3488 4190; x_wconf 87' lang='lat' dir='ltr'><strong><em>ut</em></strong></span> <span class='ocrx_word' id='word_1_780' title='bbox 3534 4150 3834 4208; x_wconf 79' lang='lat' dir='ltr'><strong><em>oppressa,</em></strong></span> 
     </span>
    </p>
   </div>
   <div class='ocr_carea' id='block_1_103' title="bbox 2227 4223 2761 4296">
    <p class='ocr_par' dir='ltr' id='par_1_103' title="bbox 2227 4223 2761 4296">
     <span class='ocr_line' id='line_1_104' title="bbox 2227 4223 2761 4296; baseline -0.004 -17"><span class='ocrx_word' id='word_1_781' title='bbox 2227 4224 2490 4296; x_wconf 76' lang='lat' dir='ltr'><strong><em>praedicat</em></strong></span> <span class='ocrx_word' id='word_1_782' title='bbox 2515 4223 2761 4280; x_wconf 89' lang='lat' dir='ltr'><strong><em>vocibus.</em></strong></span> 
     </span>
    </p>
   </div>
   <div class='ocr_carea' id='block_1_104' title="bbox 2302 4314 3840 4390">
    <p class='ocr_par' dir='ltr' id='par_1_104' title="bbox 2302 4314 3840 4390">
     <span class='ocr_line' id='line_1_105' title="bbox 2302 4314 3840 4390; baseline 0.003 -20"><span class='ocrx_word' id='word_1_783' title='bbox 2302 4315 2355 4370; x_wconf 84' lang='lat'><strong><em>7.</em></strong></span> <span class='ocrx_word' id='word_1_784' title='bbox 2389 4314 2526 4371; x_wconf 85' lang='lat' dir='ltr'><strong><em>Nam</em></strong></span> <span class='ocrx_word' id='word_1_785' title='bbox 2554 4315 2698 4372; x_wconf 91' lang='lat' dir='ltr'><strong><em>idem</em></strong></span> <span class='ocrx_word' id='word_1_786' title='bbox 2726 4317 2972 4387; x_wconf 87' lang='lat' dir='ltr'><strong><em>perversi</em></strong></span> <span class='ocrx_word' id='word_1_787' title='bbox 3003 4315 3276 4390; x_wconf 87' lang='lat' dir='ltr'><strong><em>dogmatis</em></strong></span> <span class='ocrx_word' id='word_1_788' title='bbox 3311 4325 3526 4384; x_wconf 91' lang='lat' dir='ltr'><strong><em>auctor,</em></strong></span> <span class='ocrx_word' id='word_1_789' title='bbox 3554 4325 3612 4375; x_wconf 89' lang='lat' dir='ltr'><strong><em>et</em></strong></span> <span class='ocrx_word' id='word_1_790' title='bbox 3636 4317 3840 4374; x_wconf 82' lang='lat' dir='ltr'><strong><em>multa-</em></strong></span> 
     </span>
    </p>
   </div>
   <div class='ocr_carea' id='block_1_105' title="bbox 2230 4407 3838 4477">
    <p class='ocr_par' dir='ltr' id='par_1_105' title="bbox 2230 4407 3838 4477">
     <span class='ocr_line' id='line_1_106' title="bbox 2230 4407 3838 4477; baseline 0.002 -15"><span class='ocrx_word' id='word_1_791' title='bbox 2230 4423 2351 4462; x_wconf 89' lang='lat' dir='ltr'><strong><em>rum</em></strong></span> <span class='ocrx_word' id='word_1_792' title='bbox 2391 4407 2696 4462; x_wconf 87' lang='lat' dir='ltr'><strong><em>animarum</em></strong></span> <span class='ocrx_word' id='word_1_793' title='bbox 2739 4407 3078 4477; x_wconf 90' lang='lat' dir='ltr'><strong><em>perniciosus</em></strong></span> <span class='ocrx_word' id='word_1_794' title='bbox 3127 4423 3370 4476; x_wconf 89' lang='lat' dir='ltr'><strong><em>eversor,</em></strong></span> <span class='ocrx_word' id='word_1_795' title='bbox 3413 4409 3561 4464; x_wconf 80' lang='lat' dir='ltr'><strong><em>inter</em></strong></span> <span class='ocrx_word' id='word_1_796' title='bbox 3603 4418 3838 4466; x_wconf 51' lang='lat' dir='ltr'><strong><em>exteros</em></strong></span> 
     </span>
    </p>
   </div>
   <div class='ocr_carea' id='block_1_106' title="bbox 2231 4499 3840 4570">
    <p class='ocr_par' dir='ltr' id='par_1_106' title="bbox 2231 4499 3840 4570">
     <span class='ocr_line' id='line_1_107' title="bbox 2231 4499 3840 4570; baseline 0.002 -16"><span class='ocrx_word' id='word_1_797' title='bbox 2231 4507 2356 4570; x_wconf 89' lang='lat' dir='ltr'><strong><em>post</em></strong></span> <span class='ocrx_word' id='word_1_798' title='bbox 2374 4499 2761 4555; x_wconf 78' lang='lat' dir='ltr'><strong><em>Ascensiouem</em></strong></span> <span class='ocrx_word' id='word_1_799' title='bbox 2786 4499 3002 4555; x_wconf 88' lang='lat' dir='ltr'><strong><em>Domini</em></strong></span> <span class='ocrx_word' id='word_1_800' title='bbox 3031 4500 3301 4556; x_wconf 72' lang='lat' dir='ltr'><strong><em>haeresum</em></strong></span> <span class='ocrx_word' id='word_1_801' title='bbox 3321 4500 3668 4557; x_wconf 87' lang='lat' dir='ltr'><strong><em>institutores</em></strong></span> <span class='ocrx_word' id='word_1_802' title='bbox 3689 4501 3840 4557; x_wconf 82' lang='lat' dir='ltr'><strong><em>solus</em></strong></span> 
     </span>
    </p>
   </div>
   <div class='ocr_carea' id='block_1_107' title="bbox 2236 4594 3836 4664">
    <p class='ocr_par' dir='ltr' id='par_1_107' title="bbox 2236 4594 3836 4664">
     <span class='ocr_line' id='line_1_108' title="bbox 2236 4594 3836 4664; baseline 0.006 -16"><span class='ocrx_word' id='word_1_803' title='bbox 2236 4610 2390 4650; x_wconf 71' lang='lat' dir='ltr'><strong><em>novae</em></strong></span> <span class='ocrx_word' id='word_1_804' title='bbox 2409 4594 2808 4664; x_wconf 88' lang='lat' dir='ltr'><strong><em>superstitionis</em></strong></span> <span class='ocrx_word' id='word_1_805' title='bbox 2827 4603 3033 4650; x_wconf 86' lang='lat' dir='ltr'><strong><em>sectam</em></strong></span> <span class='ocrx_word' id='word_1_806' title='bbox 3059 4595 3319 4652; x_wconf 87' lang='lat' dir='ltr'><strong><em>instinctu</em></strong></span> <span class='ocrx_word' id='word_1_807' title='bbox 3339 4594 3542 4652; x_wconf 84' lang='lat' dir='ltr'><strong><em>diaboli</em></strong></span> <span class='ocrx_word' id='word_1_808' title='bbox 3567 4597 3836 4658; x_wconf 80' lang='lat' dir='ltr'><strong><em>condens.</em></strong></span> 
     </span>
    </p>
   </div>
   <div class='ocr_carea' id='block_1_108' title="bbox 2234 4687 3842 4760">
    <p class='ocr_par' dir='ltr' id='par_1_108' title="bbox 2234 4687 3842 4760">
     <span class='ocr_line' id='line_1_109' title="bbox 2234 4687 3842 4760; baseline 0.001 -17"><span class='ocrx_word' id='word_1_809' title='bbox 2234 4687 2424 4760; x_wconf 89' lang='lat' dir='ltr'><strong><em>procul</em></strong></span> <span class='ocrx_word' id='word_1_810' title='bbox 2451 4689 2520 4743; x_wconf 91' lang='lat' dir='ltr'><strong><em>ab</em></strong></span> <span class='ocrx_word' id='word_1_811' title='bbox 2545 4687 2747 4744; x_wconf 91' lang='lat' dir='ltr'><strong><em>unione</em></strong></span> <span class='ocrx_word' id='word_1_812' title='bbox 2769 4687 3051 4744; x_wconf 67' lang='lat' dir='ltr'><strong><em>catholicae</em></strong></span> <span class='ocrx_word' id='word_1_813' title='bbox 3079 4688 3336 4744; x_wconf 77' lang='lat' dir='ltr'><strong><em>Ecclesia:</em></strong></span> <span class='ocrx_word' id='word_1_814' title='bbox 3362 4700 3676 4759; x_wconf 86' lang='lat' dir='ltr'><strong><em>separatur.</em></strong></span> <span class='ocrx_word' id='word_1_815' title='bbox 3711 4689 3842 4745; x_wconf 80' lang='lat' dir='ltr'><strong><em>Pro-</em></strong></span> 
     </span>
    </p>
   </div>
   <div class='ocr_carea' id='block_1_109' title="bbox 2233 4780 3841 4852">
    <p class='ocr_par' dir='ltr' id='par_1_109' title="bbox 2233 4780 3841 4852">
     <span class='ocr_line' id='line_1_110' title="bbox 2233 4780 3841 4852; baseline 0.001 -16"><span class='ocrx_word' id='word_1_816' title='bbox 2233 4780 2518 4852; x_wconf 89' lang='lat' dir='ltr'><strong><em>phetarum</em></strong></span> <span class='ocrx_word' id='word_1_817' title='bbox 2564 4780 2823 4836; x_wconf 88' lang='lat' dir='ltr'><strong><em>vaticinia</em></strong></span> <span class='ocrx_word' id='word_1_818' title='bbox 2867 4794 3162 4852; x_wconf 80' lang='lat' dir='ltr'><strong><em>respuens,</em></strong></span> <span class='ocrx_word' id='word_1_819' title='bbox 3201 4789 3259 4837; x_wconf 89' lang='lat' dir='ltr'><strong><em>et</em></strong></span> <span class='ocrx_word' id='word_1_820' title='bbox 3311 4781 3690 4852; x_wconf 84' lang='lat' dir='ltr'><strong><em>apostolorum</em></strong></span> <span class='ocrx_word' id='word_1_821' title='bbox 3743 4783 3841 4837; x_wconf 85' lang='lat' dir='ltr'><strong><em>do—</em></strong></span> 
     </span>
    </p>
   </div>
   <div class='ocr_carea' id='block_1_110' title="bbox 2235 4865 3840 4940">
    <p class='ocr_par' dir='ltr' id='par_1_110' title="bbox 2235 4865 3840 4940">
     <span class='ocr_line' id='line_1_111' title="bbox 2235 4865 3840 4940; baseline 0.001 -17"><span class='ocrx_word' id='word_1_822' title='bbox 2235 4868 2468 4924; x_wconf 90' lang='lat' dir='ltr'><strong><em>ctrinam</em></strong></span> <span class='ocrx_word' id='word_1_823' title='bbox 2491 4865 2784 4934; x_wconf 85' lang='lat' dir='ltr'><strong><em>inlamans,</em></strong></span> <span class='ocrx_word' id='word_1_824' title='bbox 2800 4868 2976 4924; x_wconf 85' lang='lat' dir='ltr'><strong><em>sancti</em></strong></span> <span class='ocrx_word' id='word_1_825' title='bbox 2996 4883 3212 4940; x_wconf 89' lang='lat' dir='ltr'><strong><em>quoque</em></strong></span> <span class='ocrx_word' id='word_1_826' title='bbox 3235 4867 3516 4939; x_wconf 86' lang='lat' dir='ltr'><strong><em>Evangelii</em></strong></span> <span class='ocrx_word' id='word_1_827' title='bbox 3543 4869 3840 4925; x_wconf 86' lang='lat' dir='ltr'><strong><em>veritatem</em></strong></span> 
     </span>
    </p>
   </div>
   <div class='ocr_carea' id='block_1_111' title="bbox 2235 4960 3833 5034">
    <p class='ocr_par' dir='ltr' id='par_1_111' title="bbox 2235 4960 3833 5034">
     <span class='ocr_line' id='line_1_112' title="bbox 2235 4960 3833 5034; baseline -0.001 -15"><span class='ocrx_word' id='word_1_828' title='bbox 2235 4961 2921 5032; x_wconf 89' lang='lat' dir='ltr'><strong><em>conculcans,piorumque</em></strong></span> <span class='ocrx_word' id='word_1_829' title='bbox 2939 4960 3226 5018; x_wconf 89' lang='lat' dir='ltr'><strong><em>doctorum</em></strong></span> <span class='ocrx_word' id='word_1_830' title='bbox 3248 4960 3440 5032; x_wconf 90' lang='lat' dir='ltr'><strong><em>dogma</em></strong></span> <span class='ocrx_word' id='word_1_831' title='bbox 3450 4970 3504 5016; x_wconf 88' lang='lat' dir='ltr'><strong><em>ta</em></strong></span> <span class='ocrx_word' id='word_1_832' title='bbox 3527 4962 3833 5034; x_wconf 85' lang='lat' dir='ltr'><strong><em>abnegans,</em></strong></span> 
     </span>
    </p>
   </div>
   <div class='ocr_carea' id='block_1_112' title="bbox 2238 5053 3838 5124">
    <p class='ocr_par' dir='ltr' id='par_1_112' title="bbox 2238 5053 3838 5124">
     <span class='ocr_line' id='line_1_113' title="bbox 2238 5053 3838 5124; baseline -0.001 -12"><span class='ocrx_word' id='word_1_833' title='bbox 2238 5064 2296 5112; x_wconf 87' lang='lat' dir='ltr'><strong><em>et</em></strong></span> <span class='ocrx_word' id='word_1_834' title='bbox 2328 5054 2619 5110; x_wconf 91' lang='lat' dir='ltr'><strong><em>ridiculum</em></strong></span> <span class='ocrx_word' id='word_1_835' title='bbox 2647 5054 2826 5124; x_wconf 89' lang='lat' dir='ltr'><strong><em>potius</em></strong></span> <span class='ocrx_word' id='word_1_836' title='bbox 2852 5053 3109 5123; x_wconf 87' lang='lat' dir='ltr'><strong><em>quiddam</em></strong></span> <span class='ocrx_word' id='word_1_837' title='bbox 3127 5094 3142 5119; x_wconf 92' lang='lat'><strong><em>,</em></strong></span> <span class='ocrx_word' id='word_1_838' title='bbox 3171 5067 3336 5124; x_wconf 89' lang='lat' dir='ltr'><strong><em>quam</em></strong></span> <span class='ocrx_word' id='word_1_839' title='bbox 3365 5068 3550 5108; x_wconf 90' lang='lat' dir='ltr'><strong><em>rerum</em></strong></span> <span class='ocrx_word' id='word_1_840' title='bbox 3581 5069 3838 5110; x_wconf 80' lang='lat' dir='ltr'><strong><em>necessa-</em></strong></span> 
     </span>
    </p>
   </div>
   <div class='ocr_carea' id='block_1_113' title="bbox 2237 5146 3834 5217">
    <p class='ocr_par' dir='ltr' id='par_1_113' title="bbox 2237 5146 3834 5217">
     <span class='ocr_line' id='line_1_114' title="bbox 2237 5146 3834 5217; baseline 0 -14"><span class='ocrx_word' id='word_1_841' title='bbox 2237 5148 2444 5204; x_wconf 87' lang='lat' dir='ltr'><strong><em>riarum</em></strong></span> <span class='ocrx_word' id='word_1_842' title='bbox 2472 5161 2665 5203; x_wconf 89' lang='lat' dir='ltr'><strong><em>causas</em></strong></span> <span class='ocrx_word' id='word_1_843' title='bbox 2689 5162 2786 5217; x_wconf 89' lang='lat' dir='ltr'><strong><em>per</em></strong></span> <span class='ocrx_word' id='word_1_844' title='bbox 2811 5146 3056 5202; x_wconf 89' lang='lat' dir='ltr'><strong><em>eamdem</em></strong></span> <span class='ocrx_word' id='word_1_845' title='bbox 3098 5154 3300 5202; x_wconf 90' lang='lat' dir='ltr'><strong><em>sectam</em></strong></span> <span class='ocrx_word' id='word_1_846' title='bbox 3328 5161 3485 5201; x_wconf 89' lang='lat' dir='ltr'><strong><em>suam</em></strong></span> <span class='ocrx_word' id='word_1_847' title='bbox 3514 5146 3834 5214; x_wconf 83' lang='lat' dir='ltr'><strong><em>insinuans;</em></strong></span> 
     </span>
    </p>
   </div>
   <div class='ocr_carea' id='block_1_114' title="bbox 2239 5239 3836 5312">
    <p class='ocr_par' dir='ltr' id='par_1_114' title="bbox 2239 5239 3836 5312">
     <span class='ocr_line' id='line_1_115' title="bbox 2239 5239 3836 5312; baseline -0.001 -13"><span class='ocrx_word' id='word_1_848' title='bbox 2239 5243 2424 5299; x_wconf 89' lang='lat' dir='ltr'><strong><em>docuit</em></strong></span> <span class='ocrx_word' id='word_1_849' title='bbox 2450 5241 2725 5297; x_wconf 90' lang='lat' dir='ltr'><strong><em>Christum</em></strong></span> <span class='ocrx_word' id='word_1_850' title='bbox 2770 5241 2863 5296; x_wconf 85' lang='lat' dir='ltr'><strong><em>Dei</em></strong></span> <span class='ocrx_word' id='word_1_851' title='bbox 2915 5239 3154 5297; x_wconf 84' lang='lat' dir='ltr'><strong><em>Verbum</em></strong></span> <span class='ocrx_word' id='word_1_852' title='bbox 3199 5254 3354 5306; x_wconf 89' lang='lat' dir='ltr'><strong><em>esse,</em></strong></span> <span class='ocrx_word' id='word_1_853' title='bbox 3409 5248 3467 5296; x_wconf 89' lang='lat' dir='ltr'><strong><em>et</em></strong></span> <span class='ocrx_word' id='word_1_854' title='bbox 3507 5242 3836 5312; x_wconf 85' lang='lat' dir='ltr'><strong><em>prophetam</em></strong></span> 
     </span>
    </p>
   </div>
   <div class='ocr_carea' id='block_1_115' title="bbox 2237 5331 3838 5406">
    <p class='ocr_par' dir='ltr' id='par_1_115' title="bbox 2237 5331 3838 5406">
     <span class='ocr_line' id='line_1_116' title="bbox 2237 5331 3838 5406; baseline -0.001 -16"><span class='ocrx_word' id='word_1_855' title='bbox 2237 5334 2455 5406; x_wconf 90' lang='lat' dir='ltr'><strong><em>quidem</em></strong></span> <span class='ocrx_word' id='word_1_856' title='bbox 2501 5348 2792 5406; x_wconf 90' lang='lat' dir='ltr'><strong><em>magnum,</em></strong></span> <span class='ocrx_word' id='word_1_857' title='bbox 2823 5331 2969 5387; x_wconf 90' lang='lat' dir='ltr'><strong><em>nulla</em></strong></span> <span class='ocrx_word' id='word_1_858' title='bbox 3018 5341 3202 5388; x_wconf 87' lang='lat' dir='ltr'><strong><em>tamen</em></strong></span> <span class='ocrx_word' id='word_1_859' title='bbox 3245 5332 3489 5404; x_wconf 88' lang='lat' dir='ltr'><strong><em>potentia</em></strong></span> <span class='ocrx_word' id='word_1_860' title='bbox 3531 5333 3838 5389; x_wconf 78' lang='lat' dir='ltr'><strong><em>divinitatis</em></strong></span> 
     </span>
    </p>
   </div>
   <div class='ocr_carea' id='block_1_116' title="bbox 2241 5425 3834 5494">
    <p class='ocr_par' dir='ltr' id='par_1_116' title="bbox 2241 5425 3834 5494">
     <span class='ocr_line' id='line_1_117' title="bbox 2241 5425 3834 5494; baseline 0 -12"><span class='ocrx_word' id='word_1_861' title='bbox 2241 5427 2562 5490; x_wconf 82' lang='lat' dir='ltr'><strong><em>subnixum,</em></strong></span> <span class='ocrx_word' id='word_1_862' title='bbox 2616 5426 2832 5482; x_wconf 71' lang='lat' dir='ltr'><strong><em>caeteris</em></strong></span> <span class='ocrx_word' id='word_1_863' title='bbox 2883 5425 3195 5482; x_wconf 89' lang='lat' dir='ltr'><strong><em>hominibus</em></strong></span> <span class='ocrx_word' id='word_1_864' title='bbox 3243 5425 3510 5494; x_wconf 89' lang='lat' dir='ltr'><strong><em>similem,</em></strong></span> <span class='ocrx_word' id='word_1_865' title='bbox 3567 5428 3666 5483; x_wconf 88' lang='lat' dir='ltr'><strong><em>sed</em></strong></span> <span class='ocrx_word' id='word_1_866' title='bbox 3729 5445 3834 5484; x_wconf 88' lang='lat' dir='ltr'><strong><em>non</em></strong></span> 
     </span>
    </p>
   </div>
   <div class='ocr_carea' id='block_1_117' title="bbox 2239 5535 3829 5663">
    <p class='ocr_par' dir='ltr' id='par_1_117' title="bbox 2239 5535 3829 5663">
     <span class='ocr_line' id='line_1_118' title="bbox 2239 5535 3829 5663; baseline 0.001 -72"><span class='ocrx_word' id='word_1_867' title='bbox 2239 5546 2510 5663; x_wconf 53' lang='lat' dir='ltr'><strong><em>guns,</em></strong></span> <span class='ocrx_word' id='word_1_868' title='bbox 2527 5553 2632 5592; x_wconf 90' lang='lat' dir='ltr'><strong><em>non</em></strong></span> <span class='ocrx_word' id='word_1_869' title='bbox 2674 5546 2731 5591; x_wconf 87' lang='lat' dir='ltr'><strong><em>ut</em></strong></span> <span class='ocrx_word' id='word_1_870' title='bbox 2767 5537 2990 5609; x_wconf 83' lang='lat' dir='ltr'><strong><em>ignavus</em></strong></span> <span class='ocrx_word' id='word_1_871' title='bbox 3038 5545 3224 5591; x_wconf 83' lang='lat' dir='ltr'><strong><em>contra</em></strong></span> <span class='ocrx_word' id='word_1_872' title='bbox 3257 5544 3376 5592; x_wconf 83' lang='lat' dir='ltr'><strong><em>tuos</em></strong></span> <span class='ocrx_word' id='word_1_873' title='bbox 3403 5535 3600 5607; x_wconf 81' lang='lat' dir='ltr'><strong><em>jacula</em></strong></span> <span class='ocrx_word' id='word_1_874' title='bbox 3627 5546 3829 5610; x_wconf 66' lang='lat' dir='ltr'><strong><em>torque.</em></strong></span> 
     </span>
     <span class='ocr_line' id='line_1_119' title="bbox 2284 5624 2529 5663; baseline 0 0"><span class='ocrx_word' id='word_1_875' title='bbox 2284 5624 2370 5663; x_wconf 74' lang='lat' dir='ltr'><strong><em>an.</em></strong></span> <span class='ocrx_word' id='word_1_876' title='bbox 2516 5650 2529 5663; x_wconf 94' lang='lat'><strong><em>.</em></strong></span> 
     </span>
    </p>
   </div>
   <div class='ocr_carea' id='block_1_118' title="bbox 2284 5609 3038 5736">
    <p class='ocr_par' dir='ltr' id='par_1_118' title="bbox 2284 5609 3038 5736">
     <span class='ocr_line' id='line_1_120' title="bbox 2284 5609 3038 5736; baseline 0.003 -5"><span class='ocrx_word' id='word_1_877' title='bbox 2284 5609 2806 5735; x_wconf 45' lang='lat' dir='ltr'><strong><em>a1!}.P‘fggnunterosis.</em></strong></span> <span class='ocrx_word' id='word_1_878' title='bbox 2835 5679 3038 5736; x_wconf 78' lang='lat' dir='ltr'><strong><em>Scuor.</em></strong></span> 
     </span>
    </p>
   </div>
   <div class='ocr_carea' id='block_1_119' title="bbox 2315 5749 3770 5823">
    <p class='ocr_par' dir='ltr' id='par_1_119' title="bbox 2315 5749 3770 5823">
     <span class='ocr_line' id='line_1_121' title="bbox 2315 5749 3770 5823; baseline -0.002 -17"><span class='ocrx_word' id='word_1_879' title='bbox 2315 5762 2336 5790; x_wconf 74' lang='grc' dir='ltr'><em>ε</em></span> <span class='ocrx_word' id='word_1_880' title='bbox 2357 5749 2524 5818; x_wconf 90' lang='lat' dir='ltr'><strong><em>Quasi</em></strong></span> <span class='ocrx_word' id='word_1_881' title='bbox 2550 5759 2676 5807; x_wconf 87' lang='lat' dir='ltr'><strong><em>ante</em></strong></span> <span class='ocrx_word' id='word_1_882' title='bbox 2705 5753 3092 5823; x_wconf 86' lang='lat' dir='ltr'><strong><em>temporarium</em></strong></span> <span class='ocrx_word' id='word_1_883' title='bbox 3121 5759 3526 5823; x_wconf 63' lang='lat' dir='ltr'><strong><em>praematurum.</em></strong></span> <span class='ocrx_word' id='word_1_884' title='bbox 3566 5751 3770 5808; x_wconf 80' lang='lat' dir='ltr'><strong><em>Scuor.</em></strong></span> 
     </span>
    </p>
   </div>
  </div>
