4094 6346
251 398 350 455 745

1204 395 1629 454 MEMORIALIS
1670 393 2121 454 SANCTORUM.
2165 423 2236 434 —
2275 391 2403 448 ΗΒ.
2442 391 2480 446 Ι.

3404 399 3510 452 Ἠϋ

249 511 358 568 Deo
399 508 550 565 Patri
593 507 853 579 aequalem
900 507 1000 580 (4).
1037 507 1471 564 Comessationes
1508 524 1721 580 quoque
1765 509 1819 562 in
1847 504 2163 570 Avestivit,
2211 503 2468 571 salvoque
2503 501 2708 572 pudore
2755 503 2928 572 ipsum
2982 502 3216 558 Verbum
3260 506 3327 560 ad
3377 510 3515 574 redi-

246 605 530 676 paradiso,
580 611 636 657 et
680 600 861 656 carnis
914 601 1197 671 proposuit
1259 599 1580 671 voluptates.
1623 599 1822 666 ‘Quam

248 693 594 764 qumstionem
621 691 706 744 vir
734 690 1155 754 disertissimus,
1185 705 1444 760 magnum
1493 689 1823 760 temporibus

247 783 447 838 nostris
491 780 748 836 Ecclesia:
801 780 1050 848 lumena,
1083 779 1417 850 Speraindeo
1455 781 1668 847 Abbas,
1699 795 1822 835 cum

245 883 433 930 contra
484 889 655 946 nugas
701 872 861 942 hujus
898 872 1116 928 nefandi
1159 873 1355 945 stylum
1393 874 1737 938 admoveret,
1769 880 1825 928 et

245 981 351 1020 uno
377 965 640 1036 opusculo
671 979 736 1020 ex
784 965 900 1036 ejus
936 965 1306 1020 deliramentis
1337 964 1593 1020 nonnulla
1625 965 1824 1019 nitere-

244 1067 330 1112 tur
353 1072 615 1128 arguere,
645 1057 699 1112 in
730 1065 886 1112 sexto
933 1057 1102 1127 ipsius
1139 1056 1308 1113 libelli
1348 1057 1616 1128 capitulo,
1665 1055 1823 1127 quasi

241 1163 309 1203 ex
353 1162 487 1202 voce
527 1147 792 1204 cultorum
837 1146 951 1216 ejus
995 1148 1354 1219 objectionem
1412 1147 1704 1212 inducens,
1757 1162 1822 1203 ac

244 1238 493 1308 deinceps
521 1253 674 1293 suam
702 1253 1013 1310 proponens
1039 1238 1364 1294 sententiam
1387 1278 1402 1303 ,
1431 1237 1506 1292 ita
1531 1237 1818 1303 disseruit,

243 1331 468 1386 dicens:
501 1350 519 1382 ‹
555 1329 792 1396 Futurm,
827 1331 1010 1396 aiunt,
1059 1331 1113 1386 in
1157 1330 1354 1387 saeculo
1377 1331 1552 1386 cuncti
1595 1338 1820 1387 ovantes

241 1421 640 1492 asportabimur
661 1420 718 1476 in
738 1421 1048 1492 paradisum
1076 1438 1089 1475 :
1115 1421 1191 1476 ibi
1215 1437 1452 1492 namque
1474 1421 1630 1476 nobis
1651 1436 1681 1475 a
1709 1421 1820 1476 Deo

241 1519 398 1566 erunt
423 1511 677 1568 mulieres
697 1527 968 1567 concessae
988 1511 1246 1582 pulchrae,
1269 1520 1323 1566 et
1344 1523 1506 1582 supra
1540 1511 1818 1567 hominum

238 1609 487 1656 naturam
517 1602 962 1672 speciosissimze,
1009 1609 1171 1672 atque
1220 1600 1374 1656 nobis
1402 1601 1456 1655 in
1486 1599 1818 1670 voluptatem

236 1700 568 1762 praeparatae.
603 1693 668 1748 R.
699 1692 1054 1764 Nequaquam
1085 1707 1215 1763 ergo
1263 1692 1428 1747 vestri
1468 1690 1522 1746 in
1562 1690 1818 1762 paradiso

235 1781 586 1838 beatitudinis
612 1783 933 1854 obtinebunt
976 1789 1215 1848 statum,
1263 1779 1309 1837 si
1351 1796 1541 1836 eorum
1587 1790 1816 1852 uterque

1930 596 2178 650 mendam
2209 595 2265 650 in
2292 601 2467 648 morte
2487 601 2789 647 creaturam
2813 593 3142 661 praecipitem
3169 595 3356 650 edidit.
3381 596 3512 662 Quae

1930 688 2107 742 omnis
2139 695 2314 741 tactus
2345 691 2698 754 aspectusque
2725 698 2914 752 expers
2937 683 3106 737 virilis
3131 686 3346 752 expavit
3371 687 3514 740 salu-

1928 781 2184 851 tationem
2225 779 2554 849 angelicam;
2597 784 2653 830 et
2680 777 2804 831 licet
2830 775 2946 830 sine
2983 776 3100 830 viro
3126 777 3326 833 nullam
3353 779 3512 835 fetari

1927 882 2086 938 posse
2130 874 2511 935 cognosceret,
2543 873 2722 920 tamen
2770 879 3004 934 superno
3033 865 3250 921 credula
3280 867 3508 935 numini,

1926 973 1987 1015 se
2008 958 2075 1013 ad
2101 957 2406 1028 hujusmodi
2446 956 2764 1012 inusitatum
2790 966 3112 1026 conceptum
3143 958 3368 1014 electam
3401 959 3512 1016 Deo

1925 1049 2200 1105 revelante
2247 1049 2448 1115 sciens,
2494 1048 2782 1112 consentit,
2837 1055 2892 1103 et
2931 1047 3262 1104 dicit:Ecce
3313 1051 3511 1106 ancilla

1924 1137 2159 1204 Domini,
2195 1138 2291 1208 ﬁat
2339 1139 2465 1192 mihi
2509 1138 2792 1192 secundum
2841 1137 3047 1191 verbum
3094 1148 3238 1191 tuum
3281 1139 3432 1211 (Luc.
3465 1156 3510 1207 ι,
3584 1194 3586 1196 ,

1925 1231 2038 1302 58).
2069 1231 2145 1286 De
2170 1231 2323 1302 cujus
2342 1231 2574 1303 gloriosa
2597 1229 2953 1300 parturitione
2983 1231 3112 1286 olim
3134 1230 3392 1287 Dominus
3413 1247 3511 1302 per

1924 1326 2260 1382 Ezechielem
2310 1325 2605 1396 praedicare
2653 1325 2900 1395 dignatus
2941 1334 3054 1389 est,
3107 1325 3334 1381 dicens:
3373 1325 3512 1381 Con-

1924 1423 2052 1477 verti
2073 1438 2155 1475 me
2178 1422 2248 1475 ad
2272 1423 2410 1475 viam
2433 1429 2598 1490 porta:
2626 1420 2937 1484 sanctuarii,
2964 1437 3082 1490 qua:
3109 1421 3410 1490 respiciebat
3437 1421 3508 1476 ad

1925 1513 2210 1577 Orientem,
2237 1522 2284 1567 et
2316 1521 2425 1566 erat
2471 1511 2671 1565 clausa.
2708 1508 2778 1562 Et
2823 1511 2953 1564 dixit
2991 1510 3244 1566 Dominus
3271 1513 3339 1566 ad
3383 1529 3464 1568 me
3487 1531 3506 1568 .'

1921 1600 2088 1657 Porta
2127 1605 2270 1668 hcce,
2319 1619 2476 1672 quam
2528 1603 2667 1656 vides
2707 1602 2978 1668 clausam,
3026 1620 3130 1657 non
3170 1605 3421 1674 aperitur,
3457 1613 3506 1659 et

1920 1693 1999 1746 vir
2043 1710 2146 1748 non
2203 1695 2389 1747 transit
2438 1709 2530 1762 per
2582 1710 2718 1758 eam,
2764 1695 3012 1762 quoniam
3059 1693 3315 1747 Dominus
3364 1694 3504 1748 Deus

1920 1780 2091 1836 Israel
2119 1782 2414 1855 egredietur
2437 1797 2530 1851 per
2555 1798 2690 1846 eam,
2715 1790 2763 1835 et
2783 1783 2880 1836 erit
2912 1781 3092 1836 clausa
3113 1781 3332 1853 (Ezeclt.
3353 1799 3501 1850 κων,

235 1887 395 1929 sexus
439 1874 714 1930 vacaverit
751 1871 1014 1930 exercitio
1061 1872 1216 1928 fluxae
1256 1873 1516 1928 libidinis.
1550 1871 1664 1927 Hoc
1708 1887 1815 1927 non
1841 1879 1891 1939 Β
1919 1873 1971 1940 1,
2002 1873 2077 1946 2).
2131 1892 2154 1928 ι

234 1964 337 2020 erit
360 1966 645 2034 paradisus
660 2005 677 2033 ,
700 1966 796 2022 sed
825 1965 1071 2036 lupanar,
1095 1974 1152 2022 et
1173 1966 1323 2022 locus
1345 1965 1769 2022 obscenissimus
1795 1982 1810 2020 :

235 2068 356 2109 eum
404 2054 701 2122 Dominus,
744 2055 1153 2113 sciscitantibus
1201 2056 1490 2112 Pharisaais
1541 2055 1693 2124 cujus
1757 2056 1813 2110 in

231 2147 635 2205 resurrectione
681 2147 770 2204 illa
819 2147 1017 2204 mulier
1078 2150 1276 2220 conjux
1337 2150 1630 2215 existeret,
1693 2163 1814 2219 utne

237 2244 444 2308 septern
469 2237 688 2306 fratres,
710 2240 1002 2295 secundum
1026 2239 1195 2312 legem
1219 2239 1409 2311 Moysi,
1438 2248 1722 2310 acceperat
1744 2240 1814 2296 ad

232 2329 602 2384 suscitandum
621 2329 852 2401 proximi
865 2345 1072 2398 semen,
1095 2331 1435 2400 responderit
1459 2349 1472 2385 :
1496 2330 1705 2384 Erratis
1726 2346 1814 2385 ne-

236 2419 453 2474 scientes
477 2417 798 2490 Scripturas,
813 2438 906 2477 nec
925 2422 1165 2477 virtutem
1187 2422 1283 2477 Dei
1311 2422 1525 2492 (Matth.
1542 2439 1678 2488 xxn,
1695 2422 1810 2495 ΞΘ).

237 2511 370 2566 Filii
399 2513 558 2584 hujus
577 2514 760 2570 swculi
786 2515 1009 2581 nubunt,
1039 2525 1086 2569 et
1123 2515 1405 2569 traduntur
1435 2515 1504 2570 ad
1555 2516 1764 2585 nuptias
1790 2531 1812 2572 :

228 2603 292 2655 in
318 2605 692 2658 resurrectione
719 2614 892 2660 autem
919 2620 1012 2660 nec
1045 2605 1251 2670 nubent,
1287 2621 1378 2658 nec
1407 2605 1698 2672 tradentur,
1720 2605 1812 2660 sed

228 2702 380 2748 erunt
419 2693 555 2748 sicut
585 2693 756 2764 angeli
779 2693 880 2748 Dei
905 2694 960 2750 in
987 2693 1112 2748 coelo
1139 2693 1291 2766 (Luc.
1323 2710 1418 2760 xx,
1449 2692 1538 2760 54,
1569 2693 1683 2765 55).
1711 2692 1812 2747 Ta-

229 2799 384 2840 ceam
421 2785 763 2857 sacrilegium
786 2785 935 2852 illud,
958 2793 1014 2841 et
1040 2785 1170 2841 totis
1198 2785 1591 2842 catholicorum
1619 2783 1812 2840 auditi-

227 2875 332 2932 bus
359 2877 593 2933 immane
613 2877 824 2932 facinus
845 2877 1230 2949 respuendum,
1245 2877 1388 2948 quod
1412 2877 1479 2932 de
1499 2877 1810 2932 beatissima

228 2967 474 3040 Virgine,
515 2968 702 3048 mundi
738 2969 942 3040 regina,
974 2977 1163 3024 sancta
1185 2977 1242 3024 et
1275 2968 1568 3025 venerabili
1599 2968 1809 3023 Domini

225 3067 288 3113 et
325 3056 620 3114 Salvatoris
664 3059 836 3114 nostri
869 3059 1132 3130 genitriee
1167 3059 1334 3114 Maria
1373 3060 1522 3114 canis
1569 3061 1811 3129 impurus

225 3147 411 3230 dicere
438 3161 602 3204 ausus
628 3154 731 3204 est.
762 3145 1102 3204 Protestatus
1146 3149 1292 3204 enim
1322 3159 1404 3205 est
1425 3149 1593 3217 (salva
1620 3148 1811 3217 loquor

1986 1963 2037 2018 8.
2083 1963 2245 2018 Multa
2283 1964 2516 2034 denique
2555 1965 2660 2019 alia
2691 1964 2931 2020 inaudita
2962 1965 3215 2020 vanitatis
3247 1965 3502 2037 figmenta

1915 2055 2216 2111 scelerosus
2260 2057 2400 2112 idem
2453 2057 2713 2113 instinctu
2763 2058 2982 2128 maligni
3036 2059 3290 2128 spiritus,
3319 2075 3349 2113 a
3395 2077 3503 2129 quo

1915 2146 2287 2213 obsidebatur,
2331 2148 2766 2218 transﬁgurando
2796 2165 2853 2204 se
2888 2149 2961 2203 illi
2993 2149 3044 2203 in
3085 2150 3330 2220 angelum
3367 2150 3503 2204 lucis

1915 2235 2222 2293 Gabrielem
2249 2253 2596 2308 componens,
2639 2239 2859 2295 delubra
2887 2241 2940 2294 in
2980 2241 3175 2309 quibus
3204 2241 3497 2314 pessimmn

1915 2329 2109 2402 dogma
2139 2332 2429 2398 coleretur,
2455 2333 2744 2389 exstruxit.
2774 2332 2940 2402 Cujus
2961 2333 3174 2404 quidem
3198 2335 3402 2390 erroris
3422 2337 3503 2389 in-

1913 2423 2148 2491 saniam,
2191 2425 2590 2494 prmdieationis
2629 2424 3004 2492 deliramenta,
3031 2434 3086 2481 et
3137 2426 3310 2495 impiae
3349 2428 3501 2480 novi-

1913 2517 2040 2570 tatis
2065 2526 2333 2588 praecepta
2358 2518 2434 2590 (5)
2457 2518 2698 2574 nonnulli
2723 2526 3028 2573 nostrorum
3058 2519 3495 2589 philosophorum

1913 2607 2030 2662 zelo
2061 2608 2154 2663 Dei
2195 2610 2410 2674 armati,
2441 2609 2844 2664 commentariis
2874 2619 2927 2663 et
2955 2609 3312 2665 voluminibus
3337 2625 3500 2680 expo-

1914 2706 2129 2764 nentes,
2153 2697 2379 2766 justitiae
2404 2700 2664 2754 arietibus
2706 2700 2994 2754 illiserunt.
3036 2700 3105 2753 At
3133 2716 3262 2754 vero
3289 2701 3499 2755 confes-

1913 2803 2066 2844 sores
2117 2789 2260 2844 beati
2313 2807 2420 2846 non
2465 2791 2659 2846 leviter
2699 2791 3015 2861 spurcitiam
3062 2793 3178 2862 ejus
3243 2792 3497 2856 ferentes,

1911 2883 2256 2952 praestantius
2283 2883 2433 2938 illum
2457 2884 2678 2954 ejusque
2693 2895 2894 2940 sectam
2920 2887 3114 2956 patulis
3139 2889 3496 2942 assertionum

1913 2973 2293 3044 congressibus
2334 2983 2729 3046 expugnarunt.
2767 2976 2903 3043 Quia
2938 2977 3192 3032 nimirum
3241 2987 3502 3032 noverant

1913 3064 2054 3132 quod
2083 3073 2306 3134 propter
2329 3065 2575 3121 eamdem
2605 3068 2909 3132 veritatem,
2943 3084 3104 3137 quam
3136 3071 3202 3124 de
3248 3071 3363 3140 ipso
3390 3087 3480 3126 cae-

1913 3168 2102 3208 corum
2130 3155 2264 3211 duce
2291 3155 2618 3226 proferrent,
2635 3157 2814 3231 gladio
2837 3159 3048 3215 vindice
3075 3162 3319 3230 protinus
3343 3172 3502 3217 erant

225 3243 534 3297 reverentia
564 3249 728 3297 tanta:
757 3240 1016 3312 Virginis)
1047 3242 1192 3312 quod
1219 3240 1338 3310 ejus
1361 3240 1502 3296 foret
1529 3241 1585 3296 in
1615 3240 1810 3296 seculo
1836 3237 1883 3302 C
1913 3251 2130 3306 mium,

222 3344 457 3392 venturo
481 3337 550 3392 ab
603 3351 664 3391 se
701 3335 952 3408 violanda
981 3335 1284 3404 virginitas.
1314 3333 1364 3392 0.
1396 3349 1624 3390 vacuum
1653 3348 1808 3388 eere-
1878 3399 1884 3405 _

222 3424 330 3479 bro
357 3433 536 3495 caput,
578 3434 633 3480 et
653 3424 682 3465 δ
715 3423 999 3495 privilegio
1045 3423 1258 3478 Satanae
1284 3432 1544 3494 occupata
1577 3437 1810 3493 praecor-

223 3516 348 3575 dia!
381 3517 427 3574 0
449 3533 545 3573 vas
567 3517 856 3588 perditum,
885 3524 942 3570 et
987 3515 1355 3571 habitaculum
1394 3515 1682 3584 spirituum
1711 3515 1811 3568 iut-

223 3609 585 3665 mundorum!
615 3606 661 3662 0
702 3607 974 3663 frustatim
1019 3606 1484 3678 praascindendam
1523 3621 1654 3662 ense
1677 3605 1812 3662 bici-

221 3699 326 3770 piti
356 3698 623 3769 linguam!
657 3697 701 3754 0
725 3713 988 3768 organum
1013 3697 1421 3764 daamoniorum,
1473 3707 1528 3752 et
1559 3699 1812 3770 sympho-

220 3793 378 3848 niam
415 3791 620 3848 zabuli!
656 3790 787 3857 Quis
821 3791 996 3856 furor,
1043 3804 1229 3858 quaeve
1269 3789 1536 3844 dementia
1565 3789 1729 3844 tantis
1759 3797 1813 3844 te

220 3883 580 3953 blasphemiis
605 3883 875 3953 inquinari
920 3881 1325 3952 compulerunt?
1352 3880 1483 3948 Quis
1514 3890 1586 3946 te,
1617 3896 1651 3937 o
1695 3896 1812 3936 sor-

221 3975 380 4032 dium
419 3975 622 4042 cloaca,
665 3974 889 4046 laqueus
918 3973 1298 4044 perditionum,
1327 3988 1521 4042 gurges
1560 3971 1814 4041 iniquita-

223 4077 368 4131 tum,
391 4075 446 4122 et
462 4066 702 4122 omnium
741 4065 998 4120 vitiorum
1035 4063 1266 4130 sentina,
1305 4062 1554 4118 sensibus
1580 4063 1816 4132 privavit

220 4158 507 4222 humanis,
538 4166 598 4211 ut
637 4171 744 4212 non
783 4156 942 4211 modo
973 4154 1070 4210 tibi
1099 4162 1183 4209 sat
1209 4152 1375 4209 fuerit
1400 4163 1478 4208 tot
1504 4153 1816 4208 nationibus

219 4248 434 4304 inferre
460 4247 756 4313 interitum,
781 4246 975 4316 quibus
1008 4243 1401 4315 praestigiosum
1432 4245 1814 4300 documentum

219 4341 475 4408 suasisti,
496 4347 552 4396 et
569 4339 695 4396 totis
720 4340 930 4395 nisibus
958 4353 1105 4393 nunc
1122 4345 1178 4392 et
1193 4338 1247 4392 in
1268 4335 1450 4392 futuro
1476 4336 1814 4392 luxuriatum

223 4432 659 4490 obscenitatibus
691 4430 980 4496 inservire;
1012 4429 1106 4484 sed
1134 4427 1298 4483 etiam
1335 4427 1389 4482 in
1415 4427 1671 4482 Creatore
1703 4440 1818 4481 sce-

222 4529 314 4583 lus
345 4526 559 4597 operari
586 4539 873 4598 aggressus
893 4539 982 4590 es,
1006 4522 1201 4592 impius
1225 4529 1539 4586 temerator,
1567 4534 1816 4576 asserens

1982 3342 2037 3397 9.
2078 3342 2148 3397 Et
2219 3341 2344 3398 licet
2393 3348 2571 3414 primo
2618 3353 2839 3403 sanctus
2889 3345 3166 3402 Perfectus
3219 3334 3501 3420 presbyter

1911 3433 2188 3504 exemplar
2215 3436 2515 3490 detestandi
2544 3436 2667 3492 fidei
2693 3439 2900 3494 hostem
2923 3439 3174 3496 omnibus
3193 3441 3503 3495 exhibuerit

1913 3533 2226 3596 metumque
2267 3528 2533 3583 moriendi
2561 3545 2660 3599 pro
2692 3530 2918 3585 veritate
2954 3531 3119 3585 robur
3145 3532 3502 3587 confessionis

1912 3614 2032 3686 ejus
2053 3631 2085 3670 a
2109 3617 2293 3672 multis
2330 3619 2626 3674 excluserit
2650 3619 2739 3691 (de
2760 3637 2866 3691 quo
2896 3622 2948 3675 in
2979 3621 3118 3676 libro
3139 3622 3375 3677 secundo
3400 3638 3501 3678 nos

1911 3711 2123 3784 plenius
2168 3712 2462 3778 locuturos,
2514 3713 2745 3783 propitio
2784 3715 2928 3782 Deo,
2965 3714 3347 3786 s‘pondemns),
3393 3731 3500 3770 non

1916 3813 2096 3861 tamen
2119 3806 2560 3876 parvipendenda
2592 3818 2674 3862 est
2701 3807 2777 3879 (6)
2801 3809 3140 3864 invictissimi
3168 3808 3311 3864 illius
3340 3808 3504 3865 Joan-

1913 3897 2003 3952 nis
2039 3897 2340 3951 constantia
2370 3896 2768 3966 praeconabilis,
2812 3900 2901 3967 qui
2941 3898 3082 3952 inter
3107 3915 3244 3953 saeva
3289 3915 3351 3954 ac
3383 3899 3502 3954 dira

1912 3986 2121 4059 ﬂagella
2159 3986 2284 4042 forti
2313 3989 2494 4042 animo
2515 3988 2739 4054 durans,
2771 3989 3030 4058 plurimos
3058 3991 3378 4044 documento
3399 4003 3500 4044 suo

1915 4078 1982 4133 ad
2023 4079 2344 4150 martyrium
2379 4079 2704 4134 incitaverit.
2758 4079 2932 4149 Super
2967 4096 3126 4151 quem
3155 4082 3357 4136 inimici
3403 4080 3502 4137 Dei

1915 4171 2149 4227 viventis
2181 4171 2374 4226 falsum
2404 4187 2586 4226 coram
2610 4169 2793 4240 judice
2833 4155 3198 4226 testimonium
3227 4173 3504 4242 proferens

1914 4273 2038 4331 tes,
2093 4263 2462 4333 hujuscemodi
2523 4272 2713 4320 contra
2761 4280 2884 4319 eum
2942 4265 3146 4318 crimen
3205 4265 3502 4336 deponunt.

1921 4375 1940 4408 ι
1979 4353 2235 4410 Novimus
2259 4355 2422 4420 hunc,
2446 4370 2478 4409 ο
2503 4353 2690 4422 judex,
2721 4355 2774 4408 in
2811 4355 3292 4410 subsannationem
3319 4357 3504 4412 (ιορω-

1916 4445 1992 4501 ris
2016 4445 2187 4500 nostri
2219 4461 2432 4515 semper
2462 4444 2737 4507 insistere,
2759 4459 2989 4514 eumque
3014 4445 3290 4500 maledicis
3322 4446 3503 4500 verbis

1917 4539 2277 4595 irreverenter
2322 4541 2604 4610 impetere.
2645 4539 2722 4594 Ita
2770 4547 2827 4594 ut
2877 4556 2998 4594 eum
3037 4540 3178 4594 forte
3227 4541 3504 4613 negotium

221 4620 454 4676 caeleste
491 4617 784 4690 hospitium
830 4623 887 4671 et
935 4612 1334 4685 receptaculum
1370 4611 1603 4682 Spiritus
1645 4613 1816 4668 sancti

1922 4632 2259 4688 mercimonii
2288 4633 2369 4688 sui
2402 4633 2455 4686 in
2484 4632 2739 4687 nundinis
2768 4617 2914 4686 vellit
2939 4645 3215 4697 exercere,
3244 4648 3348 4687 non
3373 4633 3506 4687 alias

222 4712 739 4776 incontaminatum,
768 4707 1249 4778 incoinquinatum,
1291 4721 1510 4776 purum,
1543 4712 1814 4771 sanetum,

222 4814 285 4861 et
330 4803 610 4870 mundum,
641 4799 938 4872 sacrilegiis
984 4796 1337 4875 immunditia:
1373 4804 1480 4852 tua:
1529 4796 1582 4851 in
1635 4795 1815 4850 futuro

222 4895 434 4957 seculo
469 4892 983 4952 eontaminandum?
1009 4890 1139 4958 Quae
1159 4899 1291 4944 nutu
1315 4903 1551 4959 superno
1577 4888 1816 4944 Verbum

223 5000 466 5058 Deitatis
508 5006 666 5054 utero
704 5011 804 5054 suo
849 4995 1144 5065 excipiens,
1177 5008 1340 5050 carne
1367 5010 1463 5050 sua
1503 4993 1817 5050 Creatorem

304 5140 333 5168 ο
359 5125 516 5181 Hunc
546 5123 722 5180 virum
750 5137 911 5194 quem
938 5121 1177 5194 Alvarus
1201 5119 1356 5194 initio
1377 5119 1532 5194 -Vitae
1559 5118 1619 5173 D.
1655 5118 1816 5173 Eulo-

223 5199 307 5272 gii
338 5188 844 5272 comm_emora_t_,'ct
871 5193 1126 5272 Eulogius
1163 5189 1333 5272 ἣξει-ει
1377 5188 1572 5272 invita
1603 5200 1814 5244 sancta-

225 5261 364 5325 Fum
385 5265 856 5339 virginumFlorae
867 5272 937 5339 _e_t
959 5261 1139 5339 Mariae
1155 5302 1170 5326 ,
1206 5261 1373 5339 fuisse
1398 5261 1680 5339 utriusque
1703 5275 1816 5314 ma-

223 5331 602 5412 gistrumfipsi
630 5337 833 5412 dicunt.
866 5333 995 5412 Ejus
1019 5331 1279 5412 Opusculi
1313 5341 1500 5412 contra
1542 5331 1815 5412 Mahome-

229 5401 359 5467 't'um
385 5401 770 5477 nihil-amplius
792 5401 1053 5477 habemus
1073 5401 1250 5477 quam
1265 5404 1432 5458 hocce
1453 5401 1812 5473 fragmentum

223 5485 303 5538 ab
327 5480 554 5548 Eulogio
578 5475 918 5548 translatum.
934 5475 1162 5548 Scripsit
1181 5475 1344 5548 etiam
1370 5482 1490 5527 acta
1515 5481 1812 5548 martyrum

223 5543 495 5620 Adulpij'
538 5557 594 5620 et
658 5546 882 5620 Joannis
902 5545 1372 5620 “Hispalensiurn,
1440 5558 1559 5620 qum
1634 5543 1816 5620 laudat

223 5616 401 5679 idern'
413 5619 666 5690 Eulogius
690 5619 743 5673 in
769 5616 1026 5690 praedicta
1045 5616 1197 5679 Vita;
1225 5616 1318 5670 sed
1339 5617 1558 5690 omnino
1581 5616 1811 5690 periere.

219 5693 402 5750 Aliud
423 5687 937 5774 opusliogrnaiicum
964 5687 1504 5774 adversusquosdain
1529 5687 1813 5774 ngeretic‘os

222 5756 514 5835 mysteria
555 5756 839 5835 Trinitatis
880 5766 939 5814 et
979 5757 1368 5835 lncarnationis
1427 5756 1813 5835 labefactantes

223 5827 545 5908 componit
564 5871 580 5899 ,
609 5832 753 5902 quod
783 5831 1060 5898 hucusque
1088 5829 1407 5886 delitescens
1425 5869 1440 5896 ,
1485 5827 1542 5882 in
1578 5827 1752 5884 lucem
1779 5844 1812 5885 a

565 5923 818 5985 Parnm.
886 5919 1079 5984 CXV.

1923 4723 2128 4779 illicere
2165 4730 2343 4793 potest
2378 4733 2641 4789 ementes,
2671 4723 2772 4778 nisi
2812 4739 2933 4778 cum
2975 4733 3370 4778 sacramentum
3410 4740 3505 4778 no-

1923 4822 2096 4870 strum
2127 4814 2285 4869 dictis
2314 4814 2716 4884 parvipendulis
2751 4813 3139 4869 subtilissimus
3165 4814 3357 4869 irrisor
3375 4829 3502 4883 pro-

1920 4907 2182 4980 posuerit.
2215 4905 2379 4975 Cujus
2428 4906 2506 4960 rei
2556 4921 2652 4960 nos
2684 4913 2850 4961 testes
2876 4921 3082 4970 sumus,
3111 4913 3163 4959 et
3196 4905 3247 4958 in
3276 4904 3505 4958 veritate

1922 4999 2144 5068 dignum
2165 4998 2309 5052 hunc
2331 5005 2504 5052 morte
2527 4997 2864 5051 confitemur.
2894 5015 2912 5048 ι
2949 4995 3147 5051 Verum
3180 4993 3304 5063 quia
3329 4993 3507 5047 minus
3535 5059 3550 5069 .

1921 5122 2074 5176 nobis
2102 5119 2408 5188 proferetur
2446 5119 2498 5173 in
2529 5119 2930 5190 Appendicibus
2957 5118 3099 5173 hanc
3138 5114 3309 5170 sancti
3342 5114 3505 5168 Eulo—

1919 5193 1988 5263 gii
2021 5191 2309 5263 editionem
2339 5190 2724 5263 subsecuturis.

1993 5264 2019 5303 b
2057 5260 2404 5330 Privilegium
2453 5261 2540 5314 hic
2565 5275 2664 5329 pro
2703 5258 2929 5327 imperio
2956 5253 3500 5330 ustirpat_Schottus;

1920 5335 2012 5387 sed
2046 5347 2142 5386 nos
2183 5326 2588 5386 considerantes
2641 5326 2992 5383 hanc’vocem
3025 5326 3326 5394 Eulogium,
3367 5327 3501 5394 Spe-

1921 5404 2220 5466 raindeum,
2265 5411 2321 5456 et
2355 5412 2580 5457 cancros
2612 5399 2774 5454 medii
2803 5399 2903 5454 aevi
2936 5398 3228 5466 scriptores
3268 5415 3371 5450 non
3403 5414 3503 5466 pro

1924 5488 2244 5544 quocunque
2267 5473 2517 5552 imperio,
2549 5473 2643 5526 sed
2670 5485 2767 5552 pro
2800 5469 3081 5552 tyrannica
3105 5468 3402 5552 accepisse,
3448 5480 3506 5522 ut

1924 5538 2108 5600 videre
2131 5538 2234 5608 est,
2267 5538 2360 5598 lib:
2408 5559 2444 5596 ιι
2471 5538 2791 5603 Memorial.,
2821 5538 2919 5608 cap
2970 5540 3021 5604 l,
3052 5547 3102 5590 et
3156 5546 3286 5591 tom.
3341 5538 3358 5590 Ι
3409 5555 3505 5591 no-

1924 5625 2048 5672 stra:
2085 5614 2422 5677 Collection.,
2461 5629 2582 5684 pag.
2619 5613 2680 5684 All
2705 5650 2719 5672 ,
2751 5610 2972 5684 minime
3021 5609 3328 5684 dubitamus
3373 5610 3504 5677 quin

1923 5689 2026 5742 hoc
2073 5687 2189 5742 loco
2227 5679 2564 5756 privilegium
2612 5682 2830 5736 Satanae
2860 5681 2976 5752 ejus
3019 5679 3285 5752 significet
3323 5690 3504 5750 tyrth

1923 5759 2122 5815 nidem.
2964 5764 2967 5766 ’

3028 5911 3105 5992 2ῐι
