4094 6346
1645 373 1701 428 s.
1738 363 2017 428 EULOGII
2055 359 2378 420 ARCHIEP.
2417 353 2664 436 roum.

2239 669 2415 718 nuunt
2445 658 2548 716 coli
2582 653 2798 712 debere.

2312 752 2401 807 Η.
2432 737 2698 806 (Ζωίετιῆη
2729 743 3042 801 eorumdem
3085 748 3402 806 sanctorum
3450 749 3714 808 corpora,
3761 731 3862 801 qui

2237 845 2415 918 primo
2445 839 2694 898 conflictu
2729 837 2896 893 occisi
2943 842 3091 900 sunt,
3119 829 3363 901 equuleis
3388 827 3559 882 versis
3592 817 3868 896 vestigiis

2240 915 2518 1006 adigentes
2578 929 2843 1002 gentiles,
2903 934 3024 996 post
3089 932 3302 979 sextum
3371 919 3510 974 diem
3571 915 3866 971 allisionis

2239 1045 2451 1094 eorum,
2485 1026 2536 1082 id
2564 1034 2648 1082 est
2693 1023 2866 1096 pridie
2902 1021 3023 1076 idus
3063 1018 3276 1090 junias,
3309 1014 3582 1084 inopinato
3630 1009 3868 1066 scelere

2238 1107 2581 1176 crudelitatis
2627 1097 2823 1169 euneta
2863 1109 2975 1180 jam
3021 1106 3307 1180 putredine
3359 1101 3592 1160 resoluta
3644 1099 3872 1155 atroci-

2240 1213 2344 1268 bus
2379 1208 2644 1284 incendiis
2672 1209 2948 1277 deputant.
2975 1200 3286 1282 Quinetiam
3305 1212 3374 1254 ne
3395 1197 3649 1252 virtutum
3694 1207 3864 1248 emo-

2241 1287 2481 1362 lumenta
2523 1281 2846 1376 praestarent
2884 1279 3255 1362 Christicolis,
3285 1279 3570 1370 .deformes
3604 1292 3868 1352 cineres,

2244 1411 2382 1468 quos
2408 1396 2589 1466 legere
2609 1409 2639 1448 e
2666 1391 2880 1448 camino
2906 1391 3210 1460 quiverant,
3237 1385 3470 1443 minacis
3489 1383 3628 1439 alvei
3649 1381 3871 1437 ultimo

2249 1490 2560 1546 conduntur
2608 1487 2822 1556 abysso.

2333 1575 2687 1632 12.1nstabat
2734 1589 2948 1644 quoque
2992 1571 3319 1648 universitas
3365 1569 3718 1626 ethnicorum
3771 1583 3862 1623 re-

547 717 687 764 rum,
722 699 1011 756 damnatur
1037 696 1129 752 Dei
1161 705 1348 749 servus
1377 684 1676 742 acrioribus
1704 681 1907 752 ﬂagris,
1933 686 1988 734 et
2009 693 2134 732 ern-

547 794 654 851 deli
679 794 905 849 verbere
945 789 1212 844 laceratus
1257 781 1549 851 cogebatur
1590 775 1866 832 Christum
1915 783 2132 842 negare.

547 887 645 945 Ille
683 901 813 941 vero
849 897 956 938 non
995 896 1053 935 se
1105 876 1298 933 talibus
1329 870 1622 926 obnoxium
1670 862 2140 922 criminationibus

551 975 890 1033 solummodo
918 971 1296 1030 conﬁtebatur,
1327 965 1437 1020 sed
1464 962 1627 1018 etiam
1671 972 1845 1028 neque
1874 969 2045 1025 usque
2069 955 2136 1009 ad

549 1079 780 1125 mortem
813 1065 1124 1133 religionem
1157 1057 1412 1114 Cruciﬁxi
1456 1055 1798 1110 deserturum
1845 1047 2134 1105 clamabat.

553 1158 717 1228 Cujus
763 1153 1126 1210 obstinatione
1145 1149 1307 1221 judex
1351 1143 1660 1200 vehementi
1693 1141 1875 1195 furore
1902 1150 2142 1194 commo-

551 1262 658 1314 tus,
711 1245 1018 1318 quingentis
1069 1252 1124 1298 et
1172 1257 1238 1296 eo
1283 1238 1515 1308 amplius
1557 1239 1702 1292 hunc
1756 1231 2136 1289 macerandum

551 1341 773 1395 tradens
810 1335 1052 1408 flagellis,
1089 1332 1273 1387 tandiu
1318 1329 1634 1386 verberibus
1665 1325 1825 1394 jussit
1865 1323 2136 1385 insistere,

550 1445 831 1504 quousque
860 1426 1284 1485 exanimisinter
1316 1422 1635 1484 caedentium
1666 1433 1856 1474 manus
1884 1417 1937 1470 in
1965 1415 2139 1470 solum

551 1530 855 1595 prorueret.
886 1519 1084 1588 Sicque
1134 1513 1453 1570 semivivum
1496 1511 1584 1565 vix
1632 1509 2006 1579 palpitantem,
2055 1519 2142 1559 re-

552 1625 764 1668 trorsus
810 1609 974 1664 asello
1007 1606 1342 1677 impositum,
1373 1611 1540 1658 totam
1580 1599 1811 1655 circuire
1857 1595 2048 1649 urbem
2078 1608 2141 1648 ac

551 1705 784 1778 plateam
831 1700 978 1763 fecit,
1010 1663 1348 1768 praecedente
1395 1691 1656 1760 sacrilega
1695 1685 1962 1758 prmconis
1988 1697 2140 1746 voce,
2246 1670 2519 1760 ευιωιιάρ,
2543 1668 2759 1740 pietatis
2787 1666 3092 1738 expr0bans
3117 1664 3342 1730 cullum.
3365 1663 3509 1735 quod
3538 1664 3592 1718 in
3619 1678 3870 1719 suorum

551 1753 781 1853 dicentis
810 1811 823 1848 :
858 1792 983 1862 Haec
1011 1753 1319 1844 lmerebitur
1367 1753 1728 1855 exprobrator
1762 1780 1902 1836 vatis
1943 1775 2139 1840 nostri,
2173 1845 2220 1862 ﬁ
2248 1765 2453 1820 ultione
2485 1753 2694 1818 nullum
2723 1760 3052 1832 adversariis
3089 1759 3246 1814 daret
3270 1758 3642 1829 opprobrium.
3675 1757 3871 1812 Laia-

559 1889 844 1956 cnltusque
870 1859 1060 1938 irrisor
1087 1879 1349 1952 perferre.
1381 1845 1677 1946 Postquam
1709 1888 1838 1929 vero
1871 1871 1937 1930 ad
1963 1869 2144 1924 vindi-
2173 1845 2222 1906 Β
2248 1857 2410 1913 ballll‘
2435 1869 2693 1924 namque.
2724 1853 2870 1923 (ιιιοά
2915 1852 2970 1906 in
3015 1850 3314 1916 Vindicat!!!
3353 1850 3444 1918 sui
3487 1849 3738 1908 doctoris
3787 1856 3874 1903 ιοι

551 1992 694 2037 ctam
749 1980 830 2033 sui
872 1975 1108 2032 doctoris
1159 1973 1286 2028 talia
1338 1977 1718 2030 exercuerunt,
1768 1966 1835 2020 ad
1890 1963 2142 2020 ultimum
2246 1955 2938 2037 COlll-empwl‘um_00"llora
2983 1939 3562 2026 ρνοειτξιῆὶεεθιι.ιιυ¹ι²
3606 1939 3874 1994 ηονίῐθιε

553 2073 872 2146 gravissimo
903 2068 1030 2125 ferri
1061 2080 1226 2123 onere
1256 2071 1592 2120 coarctatum
1618 2056 2144 2131 ergastulodeputa-

2259 2035 2615 2108 prodigiorum
2647 2033 2920 2096 obstante,
2949 2046 3070 2102 quae
3095 2031 3376 2100 horrorem
3398 2037 3585 2100 posset
3613 2028 3876 2084 scelero.

2276 2131 2287 2142 ο
2374 2130 2386 2142 ο
2445 2137 2614 2146 ,_,.__--
2693 2125 3018 2146 ηε--ι.-ι..--Α
3054 2137 3068 2146 .
3115 2141 3132 2146 -
3180 2121 3236 2146 ει
3273 2137 3402 2146 -.Α-,ι
3447 2123 3589 2146 ΠΛ..-
3644 2129 3736 2146 Α...
3813 2121 3871 2146 2..

555 2121 700 2218 :unt.
736 2161 905 2228 Quem
938 2173 1036 2212 nos
1063 2156 1263 2211 ibidem
1313 2153 1617 2224 religatum,
1643 2121 1820 2204 adhuc
1851 2121 2010 2203 dorso
2025 2146 2144 2217 ejus
2242 2131 2322 2210 Sis
2373 2130 2639 2228 ίιιουῐεΐξέο
2693 2125 3022 2196 Dicebatque
3053 2137 3070 2177 ε
3177 2121 3245 2225 εξ
3273 2137 3403 2177 "ere
3447 2123 3593 2177 Deus
3641 2129 3778 2184 est.
3813 2121 3872 2174 in

553 2253 860 2326 vigentibus
889 2252 1062 2324 plagis
1105 2247 1430 2313 invenimus,
1463 2254 1757 2314 nostroque
1787 2239 2146 2297 contubernio
2247 2223 2402 2294 cuius
2451 2220 2672 2276 nomine
2721 2224 2887 2272 tam“:
2916 2231 3012 2272 "05
3055 2214 3353 2270 calamitati
3385 2213 3715 2268 summulas
3737 2253 3756 2278 ν
3817 2219 3879 2268 θδ

2458 2311 2471 2326 .
2510 2325 2553 2326 π
2740 2306 3040 2326 μ,μ.---ε--μ
3075 2305 3289 2326 “Am-
3349 2305 3430 2326 ,Α
3461 2305 3503 2326 -z
3533 2304 3671 2326 η..-
3718 2305 3846 2326 _-_:

553 2304 654 2418 per;
699 2347 839 2402 idem
885 2304 1116 2414 ἴρηξ)υῇ
1169 2353 1278 2411 quo
1308 2337 1512 2394 detrusi
1563 2304 1771 2399 ευηςυε,
1824 2331 2142 2392 accivimus,
2246 2327 2434 2368 verum
2457 2311 2561 2366 hoe
2583 2324 2705 2366 esse
2727 2306 3045 2378 martyrium
3069 2305 3312 2374 creditis,
3349 2305 3433 2362 vel
3459 2305 3506 2360 si
3533 2304 3676 2358 nulla
3718 2305 3876 2360 veri-

2314 2415 2320 2418 .
2528 2406 2542 2418 .
2604 2405 2635 2418 -.
2727 2404 2777 2418 ..
3084 2409 3231 2418 _-._
3598 2407 3672 2418 μ.
3721 2397 3850 2418 ιτ..

558 2397 690 2498 liam
733 2397 1080 2495 beatissimus
1111 2425 1396 2490 Perfectus
1426 2429 1728 2501 presbyter,
1754 2428 1819 2482 de
1849 2439 1958 2496 quo
1983 2437 2144 2493 supra

2259 2415 2362 2464 Late
2393 2405 2688 2478 prophetiae
2725 2404 2814 2458 hic
2857 2409 3044 2458 noster
3083 2409 3234 2466 vates
3257 2399 3566 2456 succinctus
3591 2407 3675 2453 est
3715 2397 3875 2470 ([7],

561 2533 905 2590 meminimus
927 2531 1011 2586 cui
1051 2527 1288 2583 Joannes
1315 2526 1382 2580 ad
1413 2523 1625 2579 vincula
1653 2531 1708 2575 et
1736 2519 1908 2576 caades
1932 2531 2148 2572 succes-

2259 2501 2364 2572 qui,
2395 2507 2453 2554 ut
2480 2498 2622 2553 idem
2649 2495 2855 2559 docuit,
2888 2492 3080 2562 angelo
3106 2492 3425 2558 instituente
3448 2490 3710 2548 Gabriole
3727 2504 3874 2561 gen—

557 2626 650 2688 sit,
682 2623 946 2678 violenter
971 2621 1038 2675 ad
1063 2619 1370 2691 passionem
1395 2624 1622 2681 tractus,
1646 2623 1999 2684 posteaquam
2028 2625 2148 2665 car-

2259 2594 2417 2656 tibus,
2461 2591 2669 2659 totique
2712 2588 2830 2643 orbi
2869 2586 3095 2640 verbum
3138 2583 3232 2640 Dei
3277 2583 3576 2653 praedicare
3623 2583 3876 2654 permis-

557 2731 732 2771 cerem
789 2714 951 2778 adiit,
1007 2675 1265 2767 divinitus
1311 2675 1741 2770 inusti-aius'fad
1791 2675 2148 2775 prieliandum

2259 2701 2350 2742 sus
2377 2693 2481 2746 est,
2519 2683 2606 2743 lex
2641 2697 2806 2752 quam
2841 2678 3085 2734 .cultores
3115 2675 3239 2746 eius
3286 2677 3648 2742 meditarent,
3687 2675 3878 2732 (loco.

559 2816 800 2864 armatus
827 2815 928 2862 est.
960 2807 1035 2861 lta
1068 2813 1127 2859 ut
1152 2802 1533 2858 necessitatem
1575 2800 1628 2854 in
1664 2798 1994 2853 voluntatem
2023 2810 2150 2850 eon-

2259 2785 2434 2832 rnento
2485 2774 2656 2844 ipsius
2701 2770 2878 2842 angeli
2931 2769 3270 2840 promulgata
3317 2777 3422 2826 est.
3471 2766 3643 2837 Cujus
3694 2783 3876 2823 voca-

561 2909 797 2964 vertens,
845 2899 953 2952 vim
997 2897 1143 2952 illam
1194 2893 1402 2950 ccelesti
1452 2892 1682 2964 quodam
1733 2898 1980 2960 respectu
2031 2901 2151 2942 esse

2259 2868 2437 2926 bulum
2476 2865 2624 2921 rudis
2662 2861 3052 2934 protoplastus,
3093 2875 3218 2916 cum
3251 2859 3426 2914 adhuc
3463 2859 3597 2914 olim
3633 2860 3874 2929 paradi-

557 2991 930 3053 considerans,
979 3004 1088 3058 quo
1117 2985 1378 3057 martyrio
1422 2953 1618 3055 dignus
1660 2953 1968 3039 haberetur,
2005 2986 2150 3032 totus

2259 2974 2374 3016 sum
2403 2957 2688 3022 incoleret,
2713 2955 3030 3010 adnotatum
3055 2953 3110 3008 in
3135 2953 3387 3022 supernis
3405 2993 3422 3018 ,
3439 2953 3723 3024 globoque
3757 2955 3872 3010 mi-

562 3097 615 3138 !n
651 3096 881 3152 superna
929 3049 1189 3149 eri-gitur;
1225 3049 1506 3132 alienatur
1538 3071 1914 3145 przesentibus,
1941 3069 2153 3123 futuro-
2256 3057 2432 3112 canlis
2475 3052 2743 3109 Clariialis
2794 3051 3092 3106 ἱωῐηίειιιω
3122 3049 3520 3118 contemplans.
3548 3063 3674 3120 quae
3715 3060 3875 3105 esset

565 3187 681 3228 rum
708 3169 988 3226 commoda
1013 3167 1374 3238 praestolatur,
1411 3173 1466 3221 et
1487 3143 1654 3220 totius
1679 3162 1936 3217 mundani
1957 3173 2152 3229 expers
2193 3231 2224 3238 _
2255 3151 2346 3206 illa
2373 3149 2464 3203 lux
2497 3147 2712 3202 ueteris
2756 3143 3103 3215 praestantior
3143 3143 3199 3197 in
3227 3149 3419 3198 centro
3465 3143 3698 3210 micans,
3739 3159 3873 3214 qua

564 3262 811 3319 aﬁ'ectus.
831 3260 898 3313 ad
923 3274 984 3312 ea
1009 3231 1127 3328 qum
1144 3256 1492 3328 diligentibus
1517 3255 1688 3309 Deum
1715 3252 1979 3324 promissa
2001 3258 2146 3315 sunt,
2181 3231 2226 3296 C
2257 3240 2556 3312 fulgoribus
2581 3237 2866 3294 Dominum
2889 3234 3160 3306 expiaret,
3186 3232 3363 3289 fertur
3381 3233 3703 3291 Creatorem
3727 3235 3874 3291 Ad;

567 3353 782 3406 futurus
834 3326 1042 3420 martyr
1089 3326 1326 3417 aptatur.
1388 3344 1520 3400 llinc
1561 3344 1758 3400 sieculo
1805 3352 2068 3405 mortuus,
2099 3350 2154 3394 et
2257 3334 2646 3402 interrogasse,
2686 3327 2946 3396 illumque
2975 3327 3321 3396 respondisse
3356 3345 3368 3381 :
3404 3326 3505 3382 Hic
3531 3343 3702 3384 verus
3723 3344 3870 3400 pro-

2253 3423 2418 3495 pheta
2468 3429 2554 3478 est
2605 3419 2823 3474 futurus
2868 3417 2925 3472 in
2971 3417 3207 3481 mundo,
3249 3417 3344 3486 qui
3385 3430 3452 3471 ex
3503 3417 3718 3472 semine
3771 3427 3872 3472 tuo

2255 3517 2462 3581 oriens,
2484 3513 2602 3584 ipso
2617 3525 2778 3582 quem
2813 3508 3026 3565 radiare
3049 3509 3270 3563 nomine
3287 3507 3657 3579 obstupescis,
3677 3507 3870 3565 Πεδο-

2256 3595 2391 3662 mad
2419 3603 2797 3676 appellabitur,
2836 3598 2991 3669 cujus
3031 3613 3250 3671 quoque
3289 3599 3502 3654 meritis
3535 3607 3596 3654 tu
3637 3609 3873 3656 creatus

2258 3699 2554 3756 subsistere
2579 3692 2886 3763 meruisti);
2923 3705 3092 3762 quare
3117 3705 3226 3747 non
3259 3689 3541 3748 satellibus
3567 3691 3870 3761 qualecun-

2258 3800 2364 3862 que
2393 3789 2765 3860 prodigiorum
2807 3787 3023 3843 infertis
3071 3795 3358 3852 terrorem,
3387 3785 3474 3840 vel
3521 3784 3870 3856 quibuslibet

2260 3882 2460 3938 astanti
2496 3881 2658 3952 vulgo
2693 3878 2987 3952 ‘siguaculis
3033 3877 3373 3934 coruscatis?
3407 3877 3536 3948 quia
3583 3877 3718 3932 dum
3763 3891 3872 3934 vos

2260 3975 2571 4046 improvisae
2611 3973 2772 4029 morti
2815 3972 2886 4028 ob
2914 3971 3208 4042 quamdam
3257 3969 3619 4025 assertionem
3667 3983 3870 4039 super-

2259 4067 2422 4124 ﬂuam
2465 4066 2781 4132 destinatis,
2821 4079 3000 4137 neque
3037 4064 3148 4120 ulla
3184 4063 3392 4119 virtute
3435 4063 3866 4130 miraculorum,

2257 4173 2382 4230 quae
2407 4158 2732 4214 sententiam
2756 4161 3000 4213 nostram
3019 4153 3079 4212 in
3105 4163 3346 4211 vestrum
3383 4154 3550 4208 latam
3582 4155 3864 4210 excidium

2261 4250 2556 4322 infringere
2592 4250 2786 4321 possit,
2815 4248 3157 4319 pmcellitis;
3203 4259 3328 4302 cum
3371 4243 3585 4316 partem
3614 4253 3862 4308 vestram

2263 4341 2486 4396 minime
2513 4340 2802 4412 adiuvetis,
2836 4338 3042 4394 nullum
3079 4338 3246 4393 etiam
3277 4335 3443 4393 cmtul
3471 4341 3666 4392 nostro
3691 4338 3864 4395 infer-

567 3443 680 3498 Deo
710 3441 926 3505 vivens,
959 3440 1100 3508 quod
1129 3436 1306 3508 primo
1333 3449 1390 3490 se
1437 3434 1638 3488 dixisse
1663 3441 1977 3503 negaverat,
2006 3438 2155 3499 post-

566 3533 783 3589 modum
831 3530 1110 3585 ultroneus
1161 3526 1475 3591 confessor,
1506 3531 1560 3579 et
1599 3521 1799 3578 athleta
1829 3521 2156 3578 fortissimus

564 3639 748 3682 coram
774 3621 956 3692 judice
1004 3618 1301 3675 asserebat.
1335 3614 1506 3684 Magis
1536 3612 1745 3684 eligens
1765 3611 1904 3667 mori
1933 3626 2033 3682 pro
2065 3625 2156 3665 ve-

563 3719 758 3782 ritate,
791 3714 1078 3770 occasione
1126 3711 1249 3766 inde
1296 3716 1512 3778 sumpta
1549 3706 1859 3778 proferendi
1882 3705 2153 3774 justitiam

564 3809 659 3866 Dei
715 3807 999 3880 gentibus,
1074 3819 1135 3860 ac
1197 3800 1496 3858 detestandi
1553 3798 1922 3854 adversarium
1999 3797 2151 3862 ﬁdei,

564 3917 726 3974 quam
769 3899 1015 3971 negando
1053 3897 1340 3953 veritatem
1389 3901 1542 3949 tanto
1583 3907 1640 3948 se
1681 3891 1904 3964 praemio
1946 3891 2156 3948 abstra-

568 3994 719 4049 here.

643 4075 731 4128 10.
756 4071 960 4128 Horum
985 4071 1147 4141 igitur
1168 4069 1399 4123 duorum
1439 4073 1495 4122 et
1522 4073 1857 4136 spontaneus
1877 4074 1934 4120 et
1957 4065 2160 4120 violen—

570 4175 656 4220 tus
677 4163 744 4218 ad
773 4162 1079 4233 passionem
1103 4173 1295 4214 cursus
1325 4165 1550 4212 caeteros
1593 4157 1649 4211 in
1677 4171 1842 4210 unum
1880 4155 2157 4210 eumdem-

570 4275 676 4332 que
703 4271 1023 4314 consensum
1066 4253 1361 4310 dimicandi
1406 4252 1550 4307 ultro
1578 4251 1764 4306 venire
1792 4249 1986 4321 coegit.
2020 4248 2158 4318 Quia

571 4367 678 4406 non
705 4358 861 4405 erant
883 4349 946 4402 de
969 4360 1167 4401 corona
1203 4343 1459 4414 ambigui,
1492 4341 1584 4412 qui
1615 4348 1877 4395 noverant
1914 4339 2078 4394 etiam
2105 4337 2159 4392 vi

573 4447 877 4512 protr-actos
921 4438 1069 4508 regni
1097 4435 1341 4516 perpetui
1368 4447 1624 4489 coronam
1655 4433 1981 4502 percepisse.
2013 4432 2159 4500 Qua-
2263 4432 2334 4488 tis
2359 4431 2720 4502 dispendium.
2761 4451 2780 4484 ι

569 4541 792 4604 propter
819 4530 1040 4594 ordine,
1069 4545 1175 4600 quo
1207 4529 1259 4582 in
1310 4526 1630 4597 prrefatione
1665 4526 1955 4582 voluminis
1999 4526 2159 4595 hujus
2190 4600 2220 4604 _
2335 4523 2425 4579 15.
2452 4523 2522 4578 Et
2545 4525 2614 4579 ob
2643 4523 2746 4578 hoc
2787 4522 2963 4594 ipsum
2991 4522 3268 4594 plerisque
3304 4531 3622 4581 nostrorum
3671 4525 3861 4595 parvi-

570 4627 840 4698 digestum
886 4630 992 4684 est,
1020 4621 1197 4676 omnis
1226 4621 1384 4674 turba
1408 4628 1717 4675 sanctorum
1753 4620 1819 4674 ad
1849 4619 2158 4690 palaestram
2187 4600 2238 4663 Ῑ)
2263 4616 2512 4686 pendulis
2540 4627 2726 4671 verum
2751 4631 2859 4671 non
2879 4629 3002 4672 esse
3023 4616 3310 4672 videbatur
3329 4617 3677 4688 martyrium,
3712 4619 3861 4688 quod

570 4717 885 4776 certaminis
913 4729 1156 4777 currens,
1195 4712 1287 4768 dat
1313 4712 1597 4784 repudium
1617 4713 1930 4768 adversario
1959 4711 2076 4776 Dei,
2104 4722 2160 4770 et
2263 4725 2370 4766 non
2394 4709 2459 4763 ad
2495 4709 2872 4765 confusionem
2891 4709 3315 4777 incredulorum,
3334 4711 3421 4766 vel
3448 4712 3860 4767 r‘oborationem

569 4808 794 4863 inimico
822 4805 1064 4878 justitize.
1095 4802 1294 4861 Omnes
1336 4819 1550 4860 summo
1592 4819 1688 4860 ore
1721 4803 1994 4861 Christum
2043 4805 2160 4861 lau-

572 4899 785 4962 dantes,
815 4895 968 4966 cujus
995 4903 1142 4950 tanta
1171 4894 1372 4950 virtute
1395 4893 1610 4950 subnixi
1637 4895 1692 4948 in
1721 4897 2020 4952 certamine
2049 4896 2159 4952 cla-

573 4997 817 5054 ruerunt,
851 4995 912 5042 ut
955 4988 1008 5041 in
1045 4986 1192 5050 nullo
1235 4986 1451 5055 penitus
1498 4994 1774 5041 terrenum
1804 4984 2161 5044 formidarent

572 5080 917 5151 supplicium,
943 5078 1035 5148 qui
1061 5075 1257 5133 summi
1287 5076 1662 5146 Redemptoris
1684 5077 1855 5148 gratia
1886 5077 2159 5148 illustrati,

573 5172 693 5243 plus
739 5177 1004 5226 noverant
1042 5179 1304 5225 :clernum
1345 5177 1584 5223 metuere
1625 5175 1972 5224 tormentum.
2006 5169 2159 5237 Quod

574 5266 701 5322 ideo
747 5265 800 5320 in
829 5263 1095 5336 principio
1130 5262 1254 5317 libri
1284 5262 1529 5332 exposui,
1581 5271 1640 5316 ut
1669 5277 1776 5317 non
1807 5264 2021 5319 deesset
2064 5278 2158 5318 co-

576 5356 908 5429 gnitionibus
935 5361 1298 5425 posterorum,
1326 5365 1446 5420 qua:
1486 5365 1574 5406 res
1619 5350 2021 5407 confessoribus
2065 5367 2162 5408 no-

579 5445 710 5503 stris
737 5443 991 5500 obtulerit
1014 5444 1220 5499 obitum
1255 5460 1268 5497 :
1302 5449 1358 5498 et
1385 5439 1538 5510 cujus
1566 5440 1643 5497 rei
1671 5442 1796 5498 odio
1817 5442 1870 5498 in
1895 5443 2161 5498 molestis-

582 5537 774 5594 siinam
817 5537 1151 5592 iracundiam
1189 5537 1424 5592 excitata
1449 5535 1739 5608 gentilitas,
1777 5544 1946 5592 totum
1973 5537 2166 5593 imma-

583 5625 770 5680 nitatls
799 5624 1040 5681 furorem
1071 5626 1138 5680 ad
1179 5626 1474 5696 perniciem
1508 5626 1632 5681 talia
1679 5625 2045 5697 proﬁtentium
2076 5629 2166 5683 ad-

583 5716 834 5772 moverit.
879 5717 1009 5773 Inde
1057 5718 1218 5771 etiam
1269 5717 1672 5787 prudentissimi
1722 5719 1953 5773 lectores
2005 5717 2164 5775 facile

585 5815 834 5873 poterunt
862 5808 1165 5874 advertere,
1196 5824 1355 5879 quam
1387 5809 1581 5864 merito
1609 5810 1710 5866 hoc
1755 5811 2074 5880 opusculum
2109 5812 2161 5867 in

2265 4801 2501 4856 fidelium
2547 4800 2765 4870 aliquod
2813 4811 3113 4858 ostentaret
3139 4803 3484 4859 miraculum.
3535 4803 3860 4861 Nescientes

2265 4895 2391 4964 quia
2425 4893 2476 4947 in
2505 4892 2612 4948 ﬁne
2643 4893 2848 4960 saeculi,
2869 4901 2931 4947 ut
2951 4904 3172 4950 sanctus
3197 4895 3498 4966 Gregorius
3523 4898 3699 4951 νάει-ι
3721 4897 3862 4952 libro

2265 4985 2547 5042 Moralium
2576 4983 2743 5056 (Mor.
2768 4985 2862 5041 lib.
2895 5002 3082 5051 ηυγ,
3108 5003 3162 5056 n.
3196 4986 3250 5057 7)
3270 5029 3284 5048 ,
3313 4988 3549 5043 abenmt
3575 4988 3644 5043 de
3671 4987 3860 5044 Eccle-

2271 5077 2349 5132 sia
2379 5076 2531 5146 signa
2568 5076 2850 5158 virtutum.
2883 5094 2907 5164 ¹ι
2945 5076 3200 5132 Terribili
3246 5078 3466 5164 quippe,
3515 5078 3618 5164 ait,
3665 5079 3857 5134 ordine
3906 5077 3910 5080 ’

2268 5167 2634 5240 dispositionis
2683 5151 2928 5236 oecullaa,
2983 5169 3300 5240 priusquam
3333 5151 3640 5226 Leviatltan
3670 5171 3730 5226 in
3769 5169 3856 5226 illo

2265 5261 2524 5316 damnato
2553 5260 2772 5315 homine
2795 5273 2955 5330 quem
2999 5269 3259 5326 assumet,
3289 5261 3569 5331 appareat,
3595 5275 3628 5318 ι
3669 5270 3854 5317 sancta

2267 5351 2507 5407 Ecclesia
2533 5351 2799 5405 virtutum
2829 5350 2980 5420 signa
3007 5349 3415 5406 subtrahentur.
3441 5349 3584 5428 Nam
3613 5352 3852 5422 prophe-

2268 5445 2342 5501 tia
2373 5443 2745 5507 absconditur,
2791 5442 3133 5498 eurationum
3185 5443 3358 5515 gratia
3408 5439 3694 5508 aufertur,
3725 5458 3849 5514 pro—

2265 5536 2476 5594 lixioris
2526 5537 2870 5592 abstinentiae
2933 5535 3106 5592 virtus
3161 5535 3540 5602 imminuitur,
3593 5537 3852 5592 doctrina

2267 5629 2430 5688 verba
2457 5629 2845 5694 conticescunt,
2876 5629 3259 5686 miraculorum
3295 5630 3538 5701 prodigia
3567 5630 3848 5686 tolluntur.

2268 5721 2396 5788 Qua:
2413 5721 2628 5791 quidem
2653 5736 2990 5793 nequaquam
3014 5737 3244 5794 superna
3268 5721 3601 5792 dispensatio
3613 5722 3851 5778 funditus

2269 5815 2559 5882 subtrahit,
2587 5814 2680 5871 sed
2717 5829 2824 5870 non
2865 5815 2978 5872 haec
3029 5815 3166 5871 sicut
3196 5816 3468 5886 prioribus
3517 5817 3851 5887 temporibus
