4094 6346
300 371 408 432 749

1270 368 1697 428 MEMORIALIS
1733 368 2173 427 SANCTOBUM.
2216 401 2286 412 -
2322 370 2456 428 LIB.
2498 371 2542 428 l.

3468 369 3586 442 ’τεο¹

297 497 488 564 aperte
530 503 596 544 ac
651 485 1025 559 multipliciter
1065 484 1446 542 ostenduntur.
1503 485 1657 554 Quod
1702 492 1882 539 tamen
1913 469 1962 548 Ᾰ
1987 485 2114 539 Asia
2140 484 2347 539 nullum
2372 485 2608 542 existere
2657 484 2876 556 dignum
2920 483 3253 554 percipiendi
3304 485 3575 557 evangeli-

296 581 438 639 mira
475 579 876 650 dispensatione
911 577 1112 649 agitur,
1159 588 1218 633 ut
1245 594 1351 632 una
1383 594 1449 632 ex
1499 591 1558 632 re
1601 576 1780 631 divina
1809 575 1882 630 si-

1985 573 2434 644 tiamveritatcm,
2487 591 2727 648 praesaga
2774 573 3077 630 divinitatis
3118 575 3441 632 auctoritate
3495 577 3578 632 di-

297 673 413 730 mul
447 673 643 745 pietas,
674 679 729 727 et
751 670 967 742 justitia
1006 671 1362 743 compleatur.
1395 669 1531 725 Dum
1571 669 1716 725 enim
1755 669 1886 724 sub-
1988 668 2222 738 scipulos
2250 667 2317 721 ab
2355 681 2540 720 eorum
2581 664 2754 720 salute
2795 661 3044 719 inhibuit.
3099 662 3297 735 Utpote
3327 665 3418 736 qui
3449 681 3576 722 ver-

299 768 494 828 tractis
539 767 816 838 signorum
870 764 1166 820 virtutibus
1211 773 1400 820 sancta
1449 762 1691 818 Ecclesia
1742 761 1890 816 velut
1988 762 2115 842 bum
2150 761 2270 817 vitze
2299 761 2574 832 arroganti
2624 759 2817 832 spiritu
2859 767 3017 814 erant
3071 757 3346 828 rejecturi,
3401 773 3580 832 neque

299 859 565 933 abjectior
614 865 866 930 apparet;
906 867 961 913 et
1015 857 1284 912 bonorum
1335 858 1618 929 praemium
1665 845 1886 924 crescit,

299 938 393 1027 qui
418 955 564 1010 illam
589 968 686 1023 pro
712 967 806 1022 spe
833 951 1158 1018 caelestium,
1196 959 1252 1006 et
1277 965 1384 1006 non
1405 958 1627 1024 propter
1653 963 1892 1020 praesen-

301 1035 377 1103 tia
402 1047 555 1118 signa
584 1051 945 1109 venerantur;
975 1049 1032 1098 et.
1059 1042 1323 1098 malorum
1352 1057 1506 1098 mens
1527 1049 1717 1097 contra
1745 1039 1892 1094 illam

299 1125 466 1196 citius
494 1136 824 1204 ostenditur,
864 1135 958 1207 qui
992 1136 1144 1207 sequi
1174 1133 1470 1190 invisibilia
1517 1149 1636 1204 quae
1663 1132 1892 1205 promit-

303 1223 373 1284 tit
399 1227 695 1304 negligant,
725 1227 853 1283 dum
883 1227 1056 1300 signis
1083 1227 1386 1283 visibilibus
1412 1241 1521 1282 non
1564 1233 1837 1282 tenentur.
1869 1244 1888 1278 ι

303 1321 478 1398 Signa
500 1341 736 1396 namque
757 1325 1017 1380 virtutum
1044 1339 1147 1380 nec
1171 1321 1422 1379 omnibus
1460 1321 1608 1388 data,
1631 1337 1732 1377 nec
1769 1336 1894 1392 pas-

301 1391 412 1488 sim
441 1391 765 1488 quocunque
803 1425 1048 1486 tempore
1071 1424 1197 1472 sunt
1220 1415 1542 1472 exercenda.
1579 1413 1716 1482 Quia
1753 1422 1808 1470 et
1841 1411 1897 1472 hi

299 1485 401 1582 qui
428 1485 535 1564 hoc
563 1485 762 1564 munus
788 1485 1050 1564 divinitus
1088 1513 1442 1577 acceperunt,
1469 1505 1573 1560 nisi
1594 1519 1690 1576 spe
1711 1514 1766 1560 et
1794 1504 1898 1561 fide

303 1593 556 1672 probatis
595 1607 872 1669 nequeunt
918 1613 1168 1670 erogare,
1216 1597 1558 1669 Evangelista
1597 1607 1895 1655 narrante:

311 1675 382 1778 1Et
409 1706 512 1744 non
539 1697 738 1760 poterat
767 1687 925 1743 Iesus
963 1689 1100 1743 inter
1125 1705 1212 1744 eos
1240 1687 1413 1758 facere
1439 1691 1654 1744 virtutes
1693 1699 1902 1760 prepter

1991 854 2264 919 audirent,
2288 851 2542 923 quoniam
2566 860 2901 923 spernerent.

2063 943 2150 1000 15.
2175 941 2433 1000 Miracula
2464 943 2704 1014 denique
2726 943 2854 999 dum
2880 931 2973 1000 aut
2993 952 3215 1016 propter
3243 945 3402 1003 [idem
3459 935 3581 1024 crcf

1994 1037 2258 1102 dentium,
2298 1045 2391 1092 aut
2435 1046 2657 1108 propter
2697 1035 2934 1092 futuram
2978 1039 3348 1095 credulitatem
3399 1050 3585 1096 astan-

1995 1128 2128 1184 tium
2160 1129 2251 1184 Dei
2285 1129 2622 1200 providentia
2646 1138 2929 1199 operatur;
2959 1146 3065 1186 non
3090 1139 3198 1186 tam
3244 1147 3346 1188 nos
3385 1132 3442 1188 in
3493 1119 3586 1190 eo?

1997 1235 2118 1296 rum
2153 1220 2514 1276 admiratione
2554 1220 2812 1277 debemus
2867 1229 3102 1294 stupere,
3151 1239 3314 1295 quam
3361 1223 3586 1296 provida

1994 1295 2438 1381 compensatione
2466 1311 2686 1377 intueri,
2735 1313 2782 1367 si
2811 1313 3124 1369 eorumdem
3179 1313 3462 1373 effectores
3511 1319 3586 1374 si-

1998 1417 2225 1476 gnorum
2256 1403 2496 1475 expulsis
2526 1403 2673 1458 vitiis
2695 1418 2907 1458 morum
2933 1403 3216 1460 honestate
3246 1407 3586 1478 praecellant;

1999 1496 2046 1552 si
2071 1495 2266 1552 saeculo
2296 1495 2494 1552 mortui
2527 1497 2638 1551 Deo
2683 1497 2910 1551 vivant:
2944 1495 2987 1551 si
3033 1506 3255 1567 propter
3301 1497 3446 1554 illam
3493 1514 3589 1556 ve-

1999 1583 2119 1640 ram
2154 1587 2496 1654 charitatem,
2530 1602 2649 1660 quae
2674 1599 2870 1643 cuncta
2910 1588 3295 1644 charismatum
3326 1590 3465 1646 dona
3490 1607 3589 1647 ex-

1997 1677 2238 1754 superat,
2263 1693 2452 1734 omnes
2480 1675 2792 1733 affectiones
2814 1677 2995 1733 mundi
3017 1694 3116 1748 pro
3136 1680 3305 1752 nihilo
3325 1693 3589 1756 pensant;

312 1770 732 1838 incredulitatem
764 1779 978 1836 illorum
1009 1780 1230 1855 (Matth.
1262 1797 1383 1847 xm,
1429 1779 1544 1852 38).
1591 1779 1660 1837 Et
1686 1781 1901 1838 Veritas
1930 1845 1976 1860 ﬁ
2003 1770 2047 1826 εἷ
2072 1779 2350 1842 acceptam
2375 1771 2632 1826 Virtutem
2661 1785 2768 1825 “0"
2795 1771 2862 1825 ad
2887 1785 3040 1860 δυειη
3080 1771 3196 1842 81οΓ
3199 1773 3328 1840 iam:
3380 1775 3474 1831 sed
3523 1777 3592 1850 ιλιι

303 1855 409 1946 per
464 1873 816 1944 semetipsum
859 1891 870 1927 :
910 1845 1088 1940 Multi,
1148 1845 1376 1944 inquit,»
1404 1845 1595 1943 ἱερέοεὶ
1647 1884 1794 1928 erant
1848 1875 1901 1929 ξη
1930 1845 2326 1918 Bbeneficium
2374 1861 2618 1917 referunt
2645 1861 2955 1927 collatoris;
3007 1855 3050 1918 si
3109 1865 3330 1920 attentis
3372 1845 3594 1926 auribus

305 1949 485 2021 Ἰεναεί
508 1966 603 2020 sub
635 1961 827 2020 Elisaao
863 1965 1158 2036 propheta:
1197 1973 1246 2018 et
1274 1980 1422 2019 nemo
1456 1980 1636 2018 eorum
1680 1966 1902 2020 munda-

315 2065 396 2111 tus
436 2066 532 2122 est,
563 2056 663 2110 nisi
691 2051 941 2110 Naaman
964 2053 1129 2126 Syrus
1166 2055 1318 2126 (Luc.
1352 2071 1428 2122 tv,
1450 2055 1563 2127 27).
1598 2055 1904 2114 Desistcnte

313 2147 458 2203 enim
491 2145 598 2201 fide
647 2147 1028 2216 quaerentium,
1081 2145 1307 2218 largitas
1350 2147 1694 2219 erogantium
1735 2163 1903 2220 quas-

315 2221 488 2314 satur.
520 2237 654 2292 Nam
702 2254 825 2294 cum
855 2238 994 2293 idem
1044 2238 1306 2295 Dominus
1337 2241 1731 2298 ardentissimis
1781 2258 1905 2314 per-

305 2311 458 2402 smpe
489 2330 782 2386 multorum
827 2328 969 2384 votis
1016 2329 1326 2386 consolator
1367 2340 1642 2397 occurrat,
1672 2331 1901 2388 dicens:

299 2417 391 2478 ’lte
435 2419 491 2475 in
541 2435 692 2492 pace,
725 2417 859 2475 ﬁdes
901 2415 1082 2476 veStra
1131 2435 1228 2476 vos
1268 2421 1446 2478 salvos
1501 2419 1662 2489 fecit;
1724 2433 1905 2479 tamen

318 2507 604 2568 deﬁciente
651 2511 780 2577 fide,
825 2512 996 2568 virtus
1035 2512 1167 2568 nihil
1192 2513 1428 2582 prolicit.
1460 2513 1633 2582 Quam
1661 2515 1906 2585 plerum-

317 2617 424 2676 que
452 2603 703 2674 exigente
734 2599 838 2658 fide
881 2603 1271 2676 languentium,
1303 2606 1466 2661 etiam
1517 2608 1767 2664 homines
1813 2625 1904 2666 re-

315 2693 506 2766 probi,
552 2700 608 2748 et
655 2701 836 2749 mente
883 2695 1121 2766 corrupti
1165 2695 1573 2767 impertiuntur.
1627 2699 1801 2755 Sicuti
1842 2701 1907 2757 de

316 2781 424 2839 illis
456 2784 511 2838 in
562 2783 853 2856 Evangelio
903 2784 1116 2859 legitur,
1150 2786 1240 2857 qui
1271 2787 1327 2842 in
1359 2786 1543 2845 l‘uturo
1589 2800 1716 2847 ante
1762 2790 1906 2848 fores

317 2872 533 2929 Domini
564 2877 821 2945 quazsturi
846 2885 1005 2944 sunt,
1040 2875 1285 2934 dicentes
1316 2897 1328 2932 :
1361 2877 1605 2947 Domine,
1663 2880 1905 2950 Domine,

317 2983 491 3023 nonne
533 2967 588 3022 in
627 2977 716 3024 tuo
764 2971 971 3026 nomine
998 2971 1460 3042 prophetavimus?
1511 2983 1558 3028 et
1596 2973 1650 3028 in
1679 2983 1770 3029 tuo
1809 2992 1907 3029 ηοε-

319 3059 459 3113 mine
498 3060 760 3116 diemonia
797 3060 1088 3132 ejecimus?
1111 3072 1160 3116 et
1202 3063 1260 3118 in
1307 3071 1396 3117 tuo
1445 3064 1649 3119 nomine
1695 3067 1906 3122 virtutes

318 3151 514 3209 multas
564 3153 781 3222 fecimus
824 3153 1040 3227 (Matth.
1074 3171 1172 3221 vn,
1209 3155 1434 3228 22,23)?
1484 3156 1689 3224 Quibus
1718 3159 1906 3229 utique

317 3243 563 3300 dicturus
583 3252 667 3300 est
689 3245 948 3300 Dominus
974 3264 987 3300 :
1015 3243 1138 3300 Non
1165 3247 1282 3301 novi
1305 3263 1392 3301 vos
1420 3263 1438 3300 :
1470 3233 1719 3303 discedite
1742 3266 1773 3303 a
1800 3265 1901 3316 me,

319 3336 550 3407 aperarii
597 3337 887 3408 iniquitatis
935 3331 1149 3410 (Ibid)
1204 3335 1270 3392 Et
1315 3336 1512 3393 iterum
1549 3358 1562 3393 :
1607 3337 1909 3413 Exsurgent

318 3426 788 3498 pseudochristi,'et
808 3415 1269 3501 pseudoprophelw
1293 3447 1312 3486 :
1333 3442 1380 3486 et
1403 3432 1602 3488 dabunt
1627 3435 1775 3506 signa
1795 3452 1910 3490 ma-

319 3534 426 3590 gna
443 3529 490 3572 et
512 3520 749 3591 prodigia
771 3561 786 3587 ,
817 3521 892 3574 ita
937 3531 994 3574 ut
1041 3521 1097 3574 in
1141 3537 1370 3576 errorem
1419 3523 1694 3590 inducant,
1717 3523 1762 3580 si
1792 3525 1908 3596 ﬁeri

317 3615 508 3678 potest,
561 3607 747 3662 electos
796 3607 1007 3682 (Matth.
1058 3626 1185 3664 xxiv
1213 3651 1228 3678 ,
1276 3610 1402 3684 24).
1447 3599 1520 3668 Et
1575 3613 1628 3669 in
1675 3615 1906 3672 Exodo:

320 3693 588 3752 Fecerunt
613 3707 660 3752 et
687 3697 914 3768 malefici
933 3716 1026 3770 per
1045 3699 1601 3773 incantationes,sicut
1631 3716 1677 3762 et
1701 3706 1908 3779 Moyses

320 3785 525 3858 (Exod.
566 3795 642 3844 'vu
673 3799 721 3844 et
755 3789 897 3862 Vlll).

396 3873 484 3933 l4.
513 3875 891 3934 Miraculorum
911 3893 1044 3936 vero
1069 3893 1220 3954 Signa
1266 3881 1387 3939 ideo
1425 3899 1552 3941 onm
1590 3902 1690 3958 per
1726 3904 1912 3948 servos

321 3985 453 4027 suos
479 3971 737 4027 Dominus
764 3975 1084 4045 congruenti
1107 3983 1350 4048 tempore
1372 3978 1664 4050 praestabat
1685 3983 1905 4050 mundo,

322 4063 582 4134 quoniam
640 4063 866 4134 praescia
914 4065 1207 4122 Divinilate
1247 4067 1514 4138 prolicere
1558 4070 1911 4131 nihilominus

319 4155 759 4227 praestolantibus
797 4170 862 4212 ea
915 4157 1140 4225 sciebat,
1188 4176 1289 4217 nec
1332 4161 1390 4217 in
1443 4178 1642 4219 vanum
1694 4181 1913 4222 currere

321 4247 603 4317 operarios
622 4248 884 4304 virtutum
911 4261 1254 4322 cognoverat.
1303 4251 1376 4308 Ut
1405 4254 1598 4311 saltem
1644 4257 1912 4330 prodigio-

322 4355 447 4395 rum
477 4339 802 4397 novitatibus
828 4342 1102 4412 cederent,
1128 4345 1220 4416 qui
1252 4360 1419 4402 sacra:
1461 4347 1596 4420 legis
1642 4359 1911 4422 praecepta

323 4429 585 4487 salutaria
614 4433 958 4504 respuebant.
996 4433 1234 4509 Eratque
1269 4439 1603 4511 temporibus
1644 4439 1750 4496 illis
1777 4443 1912 4500 satis

317 4513 747 4624 'congrutilm‘Dei
769 4536 1039 4602 martyres
1070 4529 1240 4602 signis
1291 4547 1582 4590 coruscare
1625 4535 1908 4605 virtutum,
1933 4562 1989 4624 Ῑ)

325 4598 584 4694 quoniam
628 4598 815 4692 fuderit
855 4617 1106 4676 diffusum
1149 4619 1609 4679 Christianismum
1655 4641 1799 4681 nunc
1829 4627 1912 4682 in-

321 4703 626 4763 ‘struction'e
653 4697 966 4787 verborum,
997 4725 1140 4766 nunc
1176 4712 1551 4770 exhortatione
1597 4711 1911 4787 Scriptura-

327 4813 471 4886 puni,
489 4804 632 4855 nunc
651 4785 960 4858 BStensione
983 4803 1281 4876 signorum,
1311 4821 1458 4886 nunc
1489 4806 1652 4862 etiam
1696 4785 1912 4886 tropaeis

309 4871 544 4962 inclytis
570 4887 879 4963 passiOnum
902 4871 1237 4950 conabantur
1258 4881 1442 4952 solidis
1473 4892 1745 4954 radicibus
1780 4871 1914 4954 ’ἢεί-ἰ

327 4971 548 5036 ilrmum
593 4981 648 5037 in
701 4977 954 5040 cordibus
1001 4986 1335 5043 credentium
1384 4988 1722 5064 populorum.
1776 4989 1914 5047 Nam

327 5073 458 5154 quia
481 5087 586 5129 non
610 5076 756 5130 omni
785 5083 1025 5148 tempore
1054 5075 1137 5150 (ut
1165 5094 1326 5154 supra
1347 5067 1576 5137 relatum
1602 5080 1708 5154 est)
1735 5083 1916 5156 signo-

329 5181 453 5221 rum
487 5155 802 5248 e’xercitium
829 5179 1109 5242 congruat,
1158 5165 1334 5242 neque
1383 5167 1572 5231 omnes
1613 5167 1914 5236 ctelestium

330 5255 787 5338 contemplatione
813 5259 1076 5314 virtutum
1105 5253 1251 5334 digni
1301 5262 1558 5338 existunt,
1609 5263 1768 5321 facile
1822 5265 1917 5336 ad-

317 5347 470 5430 “verti
485 5333 674 5442 1ρξιιθὲι
711 5357 776 5408 ex
804 5349 1206 5430 comparatione
1233 5333 1423 5428 eorum
1446 5370 1564 5426 qua:
1594 5345 1746 5428 gesta
1793 5333 1919 5414 sunt

330 5435 403 5495 ab
424 5419 698 5518 apiistolis.
753 5419 1004 5511 Quicum
1024 5421 1224 5500 vellent
1243 5423 1444 5502 bonum
1462 5419 1727 5502 huntium
1756 5445 1914 5504 Asia-

334 5529 419 5586 nis
449 5519 764 5604 prtedicare',
813 5527 1066 5608 prohibiti
1096 5533 1221 5616 sunt
1253 5553 1282 5591 a
1316 5537 1518 5616 Spiritu
1539 5547 1726 5595 sancto
1777 5539 1914 5614 (Act.

327 5625 449 5692 'xvl,
480 5625 532 5690 6,
563 5619 620 5699 7)
648 5645 660 5680 :
690 5635 742 5700 et
788 5605 881 5700 qui
928 5605 1135 5700 pridem
1191 5605 1513 5688 annuntiare
1568 5605 1916 5704 Evangelinm

334 5715 482 5771 omni
512 5726 774 5775 creaturae
795 5730 1126 5791 praeceperat
1157 5715 1350 5794 (Marc.
1383 5739 1497 5793 xvi,
1523 5723 1630 5794 1'5),
1661 5725 1837 5782 sciens
1864 5726 1917 5781 in

2007 1954 2208 2022 cordis,
2239 1955 2358 2020 veri,
2382 1953 2626 2026 magistri
2647 1954 3012 2010 admonitione
3037 1966 3314 2027 percepta,
3336 1973 3442 2014 non
3464 1960 3592 2034 quia

1995 2043 2272 2104 daemonia
2295 2045 2375 2102 eis
2398 2045 2752 2116 subjiciantur
2773 2045 2922 2118 (Luc.
2944 2061 3000 2112 χ,
3029 2043 3118 2112 17,
3141 2046 3257 2119 20),
3276 2049 3593 2118 tripudiant,

1999 2137 2101 2216 sed
2123 2137 2246 2208 quia
2270 2137 2488 2192 nomina
2519 2152 2615 2192 sua
2640 2137 2842 2207 scripta
2864 2143 2988 2192 sunt
3015 2136 3069 2190 in
3092 2136 3264 2204 cuilis,
3301 2137 3592 2196 exsultant.

1992 2227 2073 2285 "Et
2098 2229 2300 2285 idcirco
2319 2228 2435 2284 haec
2457 2227 2818 2283 dinumeratio
2843 2228 3100 2283 virtutum
3153 2229 3205 2283 in
3256 2227 3362 2284 illis
3403 2233 3592 2302 prodi-

2007 2319 2216 2394 giorum
2241 2319 2552 2375 auctoribus
2573 2319 2752 2390 potius
2781 2333 2942 2388 quam
2979 2319 3093 2392 ipse
3135 2320 3412 2392 signorum
3460 2319 3595 2376 ell‘e-

2005 2419 2126 2468 ctus
2150 2421 2234 2466 est
2261 2409 2632 2474 admirandus,
2685 2418 2741 2465 et
2785 2407 2930 2479 quod
2987 2411 3057 2465 sit
3101 2411 3275 2484 magis
3336 2409 3595 2486 praevium

2007 2502 2281 2572 specimen
2313 2500 2476 2556 eundi
2504 2500 2573 2557 ad
2617 2515 2842 2571 regnum
2885 2500 3255 2569 quaerendum,
3307 2518 3414 2559 non
3471 2503 3604 2561 vero

2007 2591 2151 2661 quod
2177 2603 2202 2630 α
2229 2589 2517 2661 signiferos
2558 2605 2624 2646 ac
2672 2590 2939 2647 notabiles
2987 2605 3087 2647 nos
3132 2591 3292 2661 vulgo
3341 2602 3596 2651 ostentet.

2009 2680 2144 2749 Quia
2168 2681 2426 2736 sanctitas
2447 2690 2502 2736 et
2530 2681 2695 2736 timor
2720 2681 2933 2736 Domini
2976 2681 3261 2754 cultusque
3310 2685 3460 2755 regni
3487 2701 3600 2750 cce-

2007 2769 2160 2828 lestis
2193 2772 2406 2827 nonnisi
2443 2772 2511 2826 ab
2545 2771 2754 2828 idoneis
2777 2780 2831 2828 et
2861 2771 3116 2843 perfectis
3139 2775 3460 2843 procedunt.
3513 2775 3600 2854 Si-

2007 2878 2114 2938 gna
2153 2878 2282 2918 vero
2302 2871 2464 2934 atque
2489 2863 2731 2934 prodigia
2763 2872 2818 2919 et
2848 2863 3020 2920 sancti
3049 2873 3106 2920 et
3125 2865 3340 2935 reprobi
3369 2866 3594 2923 faciunt.

2009 2953 2140 3021 Quae
2165 2953 2301 3009 nihil
2341 2953 2486 3009 aliud
2526 2971 2688 3024 quam
2741 2955 2988 3012 notitiam
3036 2971 3230 3011 vanam
3275 2958 3440 3013 etiam
3498 2959 3599 3014 ali-

2009 3046 2226 3116 quando
2264 3045 2542 3101 hominum
2564 3045 2868 3102 conferunt.
2933 3045 3074 3103 Hinc
3117 3048 3389 3118 provenit,
3419 3057 3479 3104 ut
3505 3053 3600 3122 qui

2009 3139 2175 3195 fuerit
2201 3141 2509 3198 hominibus
2539 3151 2718 3208 notus,
2747 3142 2851 3198 nisi
2874 3141 3040 3214 fuerit
3061 3143 3264 3214 justus,
3294 3145 3362 3201 ad
3385 3155 3595 3222 aeterna

2012 3229 2272 3303 supplicia
2299 3232 2580 3303 perveniat
2603 3231 3065 3290 condemnandus.
3121 3233 3216 3291 llle
3265 3246 3447 3292 autem
3504 3237 3596 3308 qui

2012 3321 2221 3406 ωειςειὶ
2252 3321 2425 3394 gratia
2447 3321 2767 3389 illustratus,
2819 3324 2917 3378 sub
2959 3324 3152 3380 notitia
3201 3325 3284 3382 sui
3323 3315 3599 3408 Creatoris

2012 3397 2210 3472 vixerit
2235 3425 2476 3483 sanctus,
2504 3415 2606 3472 etsi
2641 3417 2960 3474 mortalibus
2981 3418 3050 3474 sit
3079 3419 3318 3491 ignotus,
3372 3421 3426 3476 in
3453 3397 3602 3478 futu-

2013 3506 2090 3562 ris
2111 3514 2290 3562 tamen
2319 3516 2632 3563 sanctorum
2653 3505 2862 3577 gaudiis
2888 3509 2992 3564 erit
3019 3512 3477 3569 annumerandus.

2086 3601 2174 3656 l6.
2206 3599 2314 3656 Nec
2347 3616 2446 3658 nos
2490 3599 2594 3656 ista
2626 3589 3033 3674 prosequentes,
3068 3604 3452 3661 miraculorum
3499 3622 3600 3678 pe-

2012 3691 2160 3747 nitus
2205 3692 2520 3748 abdicamus
2547 3690 2798 3763 insignia,
2846 3691 3054 3749 ctelesti
3088 3695 3230 3750 dono
3276 3694 3600 3767 quibusdam

2013 3781 2230 3849 collata,
2256 3792 2314 3838 et
2338 3783 2656 3852 congruenti
2684 3791 2922 3856 tempore
2945 3799 3046 3855 per
3094 3785 3190 3840 Dei
3239 3785 3598 3866 dispensatio-

2014 3895 2140 3935 nem
2170 3879 2480 3936 nationibus
2507 3879 2785 3946 ordinata;
2816 3881 2909 3936 sed
2939 3879 3224 3937 latratibus
3281 3882 3594 3960 rabidorum

2014 3986 2210 4028 canum
2247 3969 2462 4026 obviam
2491 3970 2757 4037 venimus,
2805 3972 2894 4042 qui
2943 3982 3242 4045 martyrum
3291 3983 3600 4050 nostrorum

2014 4062 2372 4118 intentionem
2415 4062 2697 4117 exinanire
2721 4071 3009 4128 attentant,
3063 4063 3189 4118 dum
3219 4077 3314 4120 eos
3337 4063 3404 4120 de
3439 4064 3604 4136 mira-

2016 4154 2154 4210 culis
2178 4153 2502 4224 redarguere
2531 4161 2770 4223 sperant.
2798 4151 2938 4220 Quid
2959 4154 3140 4224 potius
3171 4153 3494 4226 generaliter
3516 4170 3601 4214 se-

2014 4247 2286 4318 quendum
2319 4246 2411 4312 sit,
2435 4246 2648 4301 cunctis
2671 4261 2737 4300 ex
2767 4245 3090 4302 auctoritate
3109 4245 3415 4303 divinorum
3435 4247 3600 4306 libro-

2015 4355 2160 4406 rum,
2190 4337 2272 4394 vel
2299 4338 2457 4394 dictis
2487 4345 2795 4393 sanctorum
2821 4337 3040 4394 Patrum
3083 4340 3438 4397 ostendimus.
3479 4341 3599 4416 Non

2017 4433 2183 4506 (quod
2209 4431 2368 4505 absit)
2426 4429 2670 4486 funditus
2700 4431 3029 4488 charismata
3073 4432 3373 4490 caelestium
3415 4450 3603 4492 mune.

2015 4540 2135 4580 rum
2161 4524 2542 4594 exstirpamus.

2092 4626 2178 4681 l7.
2213 4625 2388 4679 Radix
2418 4625 2601 4696 itaque
2627 4639 2690 4680 ac
2709 4623 3115 4694 fundamentum
3145 4626 3386 4682 omnium
3433 4628 3602 4696 virtu-

2019 4727 2157 4783 tum,
2185 4716 2505 4786 signumque
2527 4715 2765 4772 victoria
2788 4714 2922 4772 fides
2967 4725 3072 4783 est,
3125 4731 3224 4788 per
3272 4731 3435 4788 quam
3468 4718 3603 4789 justi

2017 4814 2210 4882 vivunt
2237 4809 2466 4884 (Habac.
2499 4826 2562 4876 ιι,
2583 4807 2662 4881 4),
2682 4824 2782 4880 per
2801 4825 2964 4880 quam
2990 4811 3162 4868 sancti
3210 4825 3400 4867 omnes
3441 4827 3601 4882 regna

2017 4905 2274 4970 vicerunt,
2306 4903 2504 4972 operati
2527 4909 2646 4954 sunt
2666 4899 2952 4971 justitiam,
2973 4901 3147 4972 adepti
3179 4911 3298 4956 sunt
3330 4903 3604 4970 repromis-

2019 4998 2212 5062 siones,
2245 4995 2614 5064 obturaverunt
2637 5010 2730 5048 ora
2765 4992 2993 5062 leonum,
3039 4995 3397 5049 exstinxerunt
3441 4995 3603 5064 impe-

2021 5098 2134 5156 tum
2158 5087 2314 5160 ignis,
2345 5085 2704 5156 eﬂ‘ugaverunt
2730 5083 2894 5150 aciem
2921 5084 3107 5156 gladii,
3132 5082 3503 5138 convaluerunt
3539 5085 3604 5139 de

2019 5181 2347 5252 infirmitate,
2373 5179 2532 5250 fortes
2554 5177 2684 5248 {acti
2733 5186 2854 5232 sunt
2893 5177 2951 5232 in
2999 5176 3131 5231 bello
3170 5174 3358 5246 (Hebr.
3391 5192 3466 5241 ιι,
3508 5177 3598 5244 53,

2020 5271 2136 5344 54).
2170 5270 2409 5348 ρυᾳιιιιηι
2429 5269 2656 5340 vestigia
2760 5267 2944 5344 sancti
2973 5266 3240 5322 veraciter
3270 5281 3601 5344 prosequen-

2019 5371 2120 5427 tes,
2153 5361 2416 5434 intrepida
2447 5359 2784 5435 confessione
2805 5359 2976 5414 Deum
2993 5366 3057 5414 et
3081 5357 3369 5414 Dominum
3414 5357 3602 5428 Jesum

2007 5453 2297 5526 Christum
2324 5453 2379 5507 in
2408 5451 2636 5522 concilio
2663 5451 2966 5526 principum
2999 5447 3344 5520 proﬁtentes,
3382 5465 3596 5524 omnem

2009 5559 2255 5624 (quoque,
2285 5560 2444 5616 quam
2479 5541 2787 5618 evangelica
2801 5541 3106 5614 auctoritas
3127 5556 3234 5598 non
3268 5541 3604 5614 recipitpror

2021 5636 2260 5708 phetiam
2288 5645 2346 5689 nt
2379 5635 2555 5689 furum
2578 5642 2632 5688 et
2662 5633 2932 5687 latronum
2961 5633 3292 5702 detestantes
3330 5649 3396 5690 ac
3435 5633 3602 5692 malo-

2025 5729 2261 5784 dicentes
2291 5727 2567 5796 abjiciunt‘.
2594 5723 2675 5779 Ob
2703 5738 2864 5793 quam
2904 5740 3121 5796 causam
3168 5726 3425 5783 inauditis
3453 5724 3604 5792 saevi-

408 5845 436 5873 ι
457 5831 833 5894 Miraculorum
861 5847 1130 5898 auctores.
1159 5841 1396 5900 Scuo-rr.
1432 5841 1560 5920 Quae
1589 5845 1736 5902 vocis
1780 5843 2153 5922 interpretatio
2177 5839 2351 5922 potest
2376 5840 2499 5896 addi
2525 5839 2798 5896 Glossario
2827 5840 3031 5911 Cangii.
