4094 6346
613 383 713 440 751

615 498 707 552 tite
737 495 1011 553 furoribus
1039 493 1128 550 illa
1162 493 1418 551 frendens
1451 495 1605 550 turba
1646 494 1924 563 gentilium
1983 502 2208 552 cunctos

613 587 1090 644 animadversione
1112 585 1275 657 gladii
1301 587 1581 656 praemittit
1609 587 1676 641 ad
1709 586 1932 652 caelum,
1979 587 2207 658 presby-

614 688 786 744 teros,
815 679 1027 744 levitas,
1074 676 1432 740 confcssores,
1485 677 1830 747 virginesque
1863 676 2053 733 beatas
2107 678 2206 750 (8).

615 767 686 822 Et
711 765 1063 837 quosdunque
1084 765 1351 821 confessio
1382 764 1499 819 talis
1525 763 1771 830 haberet,
1803 773 1860 820 ut
1885 765 2096 836 publice
2124 782 2213 823 eo-

615 873 740 912 rum
791 855 1174 912 subsannando
1217 855 1559 924 praphetam,
1597 854 1801 909 cultum
1841 853 1956 924 ejus
1999 857 2211 920 deride-

617 956 760 1010 rent,
793 963 913 1002 mox
950 944 1243 1015 amputatis
1266 944 1570 1000 cervicibus
1594 947 1835 1000 ruerent.
1890 947 1970 1000 Ac
1998 962 2066 1001 ne
2106 946 2209 1001 sibi

616 1038 894 1109 quidpiam
918 1037 1094 1092 inesse
1124 1035 1479 1091 humanitatis
1502 1038 1873 1104 ostenderent,
1919 1039 2208 1094 nonnullos

617 1145 754 1199 quos
775 1128 952 1199 gladio
977 1127 1190 1182 vindice
1225 1126 1383 1196 hujus
1405 1128 1530 1182 vitae
1557 1129 1722 1184 limen
1751 1131 1850 1185 sub
1899 1131 2210 1185 testimonio

616 1221 862 1276 veritatis
883 1219 1147 1275 excedere
1173 1230 1488 1292 coegerant,
1517 1237 1628 1291 prae.
1658 1221 1864 1277 foribus
1905 1224 2089 1294 palatii
2135 1225 2213 1279 in-

617 1313 869 1366 ltnmatos
935 1311 1327 1381 relinquentes,
1387 1314 1616 1370 canibus
1656 1315 1938 1386 jusserunt
1989 1318 2208 1388 exponi,

620 1406 879 1460 adhibitis
911 1405 1073 1460 simul
1113 1408 1395 1472 custodiis,
1420 1424 1487 1464 ne
1529 1410 1653 1480 quis
1701 1410 2092 1466 catholicorum
2134 1411 2207 1467 in-

619 1497 758 1551 tuitu
802 1496 1021 1566 pietatis
1052 1497 1129 1569 (9)
1163 1499 1419 1555 carnibus
1457 1500 1622 1554 etiam
1675 1501 1900 1570 spoliata
1943 1502 2209 1558 cadavera

618 1588 893 1658 sepeliret.
941 1589 1110 1657 Quasi
1150 1591 1415 1646 sentirent
1453 1593 1819 1662 persecutoris
1864 1593 2206 1664 supplicium,

618 1693 848 1749 quorum
879 1679 1074 1734 animae
1095 1679 1331 1750 paradisi
1359 1681 1544 1749 requie
1568 1681 1916 1737 fruebantur:
1942 1683 2208 1738 autobes—

607 1778 702 1840 set
724 1770 1006 1826 animabus
1037 1771 1176 1826 caelo
1221 1773 1572 1843 regnantibus
1625 1775 1998 1845 temporalium
2049 1790 2210 1846 poena

618 1870 1014 1916 tormentorum
1064 1860 1214 1917 illata
1273 1864 1742 1934 corporibuszvel
1796 1866 1862 1921 de
1911 1867 2210 1923 inhumatis

619 1968 815 2009 curare
839 1963 1088 2023 poterant
1122 1956 1382 2011 membris
1415 1955 1470 2010 hi
1496 1957 1586 2026 qui
1627 1973 1753 2013 vere
1775 1958 2017 2014 sciebant
2043 1960 2210 2030 quod,

620 2045 766 2102 sicut
795 2045 930 2100 nihil
956 2048 1296 2102 commodius
1325 2048 1464 2104 foret
1485 2050 1665 2121 impiis
1687 2053 1979 2122 sepultura,
2037 2054 2212 2110 auctis

620 2139 938 2195 reverentiae
959 2139 1152 2195 studiis
1177 2140 1494 2196 solemniter
1517 2152 1840 2213 praeparata,
1860 2144 1934 2199 ita
1959 2144 2136 2202 beatis
2157 2152 2213 2202 et

620 2229 824 2285 sanctis
867 2245 1206 2301 nequaquam
1231 2229 1444 2288 ofﬁcere
1467 2241 1648 2302 posset
1679 2232 1857 2298 vilem,
1892 2243 1985 2288 aut
2008 2235 2211 2291 nullam

621 2321 956 2390 sepulturam
982 2321 1229 2392 adipisci.
1258 2321 1438 2378 Licuit
1461 2323 1625 2378 etiam
1645 2323 1712 2378 de
1735 2323 1839 2380 hoc
1862 2323 2037 2395 poetis
2059 2325 2212 2396 plau-

621 2415 853 2471 sibiliter
882 2414 1068 2472 ludere
1094 2434 1108 2470 :

783 2598 796 2611 .
834 2597 847 2610 .
883 2597 898 2610 .
933 2560 1068 2614 leo
1095 2562 1301 2626 tegitur,
1327 2563 1411 2625 qui
1429 2574 1526 2614 non
1545 2562 1698 2616 habet
1717 2576 1890 2616 urnam
1914 2568 1958 2618 ⁸.

695 2685 782 2740 18.
826 2682 964 2740 Sunt
1011 2691 1190 2740 autem
1225 2684 1469 2756 plerique
1511 2686 1780 2754 ﬁdelium,
1823 2697 1879 2744 et
1917 2688 2042 2761 (heu
2073 2692 2210 2761 proh

621 2777 830 2847 dolor!)
857 2777 1020 2830 etiam
1051 2775 1393 2831 sacerdotum
1413 2818 1428 2843 ,
1470 2785 1674 2834 temere
1715 2779 1908 2835 horum
1937 2781 2212 2838 confesso-

623 2884 741 2923 rum
771 2867 997 2939 gloriam
1027 2867 1269 2923 adimere
1298 2883 1406 2923 non
1437 2877 1718 2936 verentes,
1754 2871 1845 2940 qui
1887 2871 2080 2942 jubent
2116 2889 2210 2930 cos

619 2975 727 3016 non
750 2959 921 3028 recipi
951 2959 1003 3012 in
1033 2957 1280 3030 catalogo
1303 2967 1638 3034 sanctorum,
1666 2961 1981 3018 inusitatum
2004 2965 2212 3022 scilicet

619 3059 783 3120 atque
832 3049 1116 3120 profanum
1167 3058 1473 3106 asserentes
1519 3052 1824 3123 hujusmodi
1863 3055 2202 3127 martyrium.

619 3141 829 3212 Quippe
873 3157 1008 3212 quos
1054 3142 1197 3196 nulla
1234 3143 1488 3198 violentia
1526 3145 1825 3214 praesidalis
1852 3145 2013 3202 ﬁdem
2053 3163 2207 3202 suam

617 3249 816 3306 negare
846 3235 1124 3306 compulit,
1153 3252 1251 3292 nec
1282 3253 1310 3290 a
1339 3237 1486 3292 cultu
1517 3246 1718 3293 sancta:
1743 3239 1952 3310 piaeque
1989 3241 2204 3313 religio-

616 3327 704 3381 nis
733 3327 965 3390 amovit;
995 3328 1089 3383 sed
1116 3327 1335 3398 propria
1362 3343 1422 3382 se
1447 3327 1727 3384 voluntate
1755 3331 2054 3386 discrimini
2078 3331 2208 3388 ofl'e-

620 3425 804 3473 rentes
824 3418 894 3474 ob
918 3418 1226 3488 superbiam
1258 3433 1414 3473 suam
1459 3417 1556 3488 (ita
1589 3419 1795 3488 dicunt)
1831 3435 1950 3489 qua:
1996 3422 2207 3477 initium

615 3515 695 3563 est
727 3508 906 3564 ornnis
938 3508 1146 3578 peccati
1179 3505 1370 3578 (Eccli.
1400 3523 1454 3570 ι,
1490 3507 1599 3576 15),
1634 3507 1962 3579 interempti,
1986 3526 2207 3566 suarum

611 3601 898 3669 parricida:
941 3599 1120 3656 effecti
1163 3607 1292 3654 sunt
1342 3598 1668 3652 animarum.
1714 3597 2005 3670 Praeceptis
2043 3602 2206 3658 etiam

612 3692 937 3761 evangelicis
960 3706 1054 3746 eos
1089 3689 1394 3762 arguendos
1419 3703 1539 3744 esse
1567 3689 1829 3755 credunt,
1857 3691 2052 3760 quibus
2076 3693 2207 3748 dici-

612 3789 737 3836 tur:
775 3781 986 3852 Diligite
1019 3781 1260 3834 inimicos
1291 3789 1506 3842 vestros,
1532 3777 1820 3847 benefacite
1853 3780 1934 3833 liis
1965 3782 2056 3850 qui
2081 3782 2207 3836 ode-

609 3881 733 3925 runt
758 3888 843 3926 vos
869 3889 881 3924 :
913 3882 958 3925 et
987 3881 1131 3924 orate
1160 3885 1255 3939 pro
1278 3869 1702 3938 persequentibus
1719 3909 1734 3934 ,
1759 3879 1807 3924 et
1830 3869 2206 3928 calumnianti-

620 3964 716 4018 bus
749 3964 890 4017 vobis
918 3980 932 4016 :
960 3971 1016 4014 ut
1052 3962 1166 4014 sitis
1197 3961 1296 4030 ﬁlii
1323 3958 1501 4015 Patris
1529 3964 1712 4027 vestri,
1758 3967 1848 4034 qui
1872 3966 1925 4019 in
1951 3965 2090 4021 caelis
2129 3978 2205 4024 est

612 4051 832 4122 (Matth.
858 4067 908 4114 ν,
942 4051 1034 4114 44,
1065 4049 1178 4122 45).
1207 4050 1272 4104 Ει
1299 4051 1490 4106 iterum
1520 4069 1532 4105 :
1564 4052 1836 4107 Neminem
1860 4059 2200 4126 cencutiatis,

609 4159 776 4213 neque
801 4142 1122 4197 calumniam
1151 4143 1360 4212 faciatis
1387 4143 1538 4215 (Luc.
1564 4160 1646 4210 ut,
1679 4146 1788 4216 Μ).
1815 4147 1878 4201 Et
1904 4166 1915 4200 :
1949 4148 2202 4207 Dominus

605 4228 818 4306 quidem
844 4252 962 4288 cum
985 4235 1405 4302 malediceretur,
1433 4254 1534 4291 non
1558 4239 1898 4295 maledicebat
1921 4260 1941 4308 ;
1969 4259 2092 4298 cum
2107 4263 2202 4314 pa-

607 4335 825 4392 teretur,
859 4343 961 4380 non
991 4327 1444 4382 comminabatur:
1472 4329 1712 4383 tradebat
1743 4339 1918 4384 autem
1947 4350 2002 4387 se
2024 4335 2201 4403 judici

605 4419 805 4488 injuste
837 4419 1104 4489 judicanti
1133 4419 1184 4494 (I
1209 4419 1354 4476 Petr.
1381 4438 1442 4487 ιι,
1473 4422 1586 4492 ‘25).
1626 4422 1760 4476 lllud
1805 4436 2064 4495 praeterea
2103 4433 2200 4486 ob-

596 4510 800 4579 jiciunt
821 4511 888 4566 de
920 4511 1176 4581 Apostolo
1201 4530 1214 4566 :
1244 4511 1428 4584 Neque
1452 4512 1696 4568 maledici
1729 4531 1942 4586 regnum
1965 4519 2062 4575 Dei
2078 4540 2200 4594 pos-

601 4604 844 4659 sidebunt
866 4604 922 4676 (1
944 4604 1064 4660 Cor.
1088 4621 1167 4672 vt,
1197 4605 1307 4677 10).

672 4697 761 4754 19.
804 4697 930 4753 Haec
968 4705 1025 4753 et
1051 4697 1138 4754 his
1175 4699 1372 4754 similia
1421 4715 1518 4756 ore
1562 4703 1820 4773 pestifero
1867 4714 2054 4761 contra
2101 4707 2199 4765 Dei

599 4790 800 4846 milites
819 4790 1176 4862 proferentes,
1197 4791 1488 4847 multorum
1510 4795 1673 4849 corda
1696 4805 2045 4866 pervertunt:
2069 4799 2196 4869 quia

597 4881 765 4938 verba
785 4881 1173 4942 haereticorum
1194 4889 1253 4934 ut
1273 4895 1470 4938 cancer
1489 4895 1716 4954 serpunt
1741 4886 1825 4958 (ΙΙ
1851 4887 1986 4942 Tim.
2013 4905 2074 4954 ιι,
2106 4887 2195 4962 17)

601 4977 656 5031 in
704 4982 914 5030 mentes
967 4972 1288 5038 humilium;
1334 4983 1390 5028 et
1438 4977 1649 5031 modico
1678 4975 1943 5035 fermento
1973 4982 2198 5039 sceleris

599 5065 813 5121 facilius
843 5065 1035 5134 ingens
1056 5079 1233 5118 massa
1256 5065 1412 5134 panis
1433 5068 1800 5138 corrumpitur
1821 5069 1872 5141 (1
1887 5069 2010 5126 Cor.
2031 5088 2084 5137 v,
2111 5072 2190 5145 6),

596 5154 960 5224 exturbatque
988 5167 1390 5224 quampropere
1413 5154 1553 5211 filios
1579 5157 1674 5212 Dei
1705 5158 1920 5216 lethalis
1961 5165 2191 5220 assertio

599 5248 797 5306 zabuli.
832 5249 908 5305 De
946 5249 1144 5320 quibus
1191 5251 1386 5306 beatus
1417 5251 1706 5323 Apostolus
1752 5255 1924 5312 dicit:
1959 5257 2186 5324 Quidam

597 5341 736 5395 enim
762 5340 1095 5406 aberrantes,
1119 5341 1355 5396 conversi
1377 5351 1498 5396 sunt
1526 5343 1582 5398 in
1612 5345 1989 5418 vaniloquium,
2015 5349 2186 5404 uolen-

597 5441 672 5485 tes
703 5447 813 5486 esse
839 5430 966 5502 legis
993 5430 1262 5498 doctores;
1302 5433 1585 5489 nescientes
1612 5453 1730 5506 quae
1761 5437 2069 5510 loquuntur,
2097 5459 2184 5496 ne-

598 5539 698 5594 que
739 5522 804 5577 de
829 5523 1018 5593 quibus
1057 5524 1318 5594 afﬁrmant
1347 5526 1401 5598 (Ι
1429 5526 1562 5582 Tim.
1596 5545 1634 5596 l,
1665 5530 1716 5594 6,
1745 5530 1821 5601 7).
1851 5533 1917 5587 Et
1943 5533 2140 5590 iterum
2169 5552 2184 5590 :

597 5612 900 5666 Docuerunt
931 5611 1165 5684 linguam
1193 5631 1345 5670 suam
1369 5615 1511 5688 loqui
1536 5621 1868 5676 mendacium
1891 5639 1910 5677 :
1932 5633 1986 5677 ut
2011 5627 2186 5696 inique

595 5711 830 5773 agerent,
860 5700 1224 5759 laboraverunt
1264 5707 1398 5778 (Jer.
1426 5725 1503 5771 Ix,
1536 5711 1590 5780 5)
1621 5731 1632 5766 :
1661 5729 1766 5768 non
1799 5724 2051 5774 verentes
2092 5720 2184 5774 dc-

1739 335 1796 438 s.
1838 381 2114 474 EllLOGll
2147 383 2470 444 ARCHIEP.
2511 381 2760 444 TOLET.

3730 397 3807 454 75%

2233 497 2289 558 Α
2311 513 2504 570 rogare
2525 499 2708 570 gloriae
2735 498 2978 563 fortium,
3009 501 3098 570 qui
3121 499 3230 570 jam
3255 513 3434 556 coram
3465 516 3577 572 rege
3602 519 3683 560 suo
3702 507 3806 564 haud

2311 590 2472 646 dubie
2496 591 2764 646 extollunt
2789 593 3032 647 victoria:
3061 609 3170 648 suae
3194 594 3459 674 vexillum.
3493 593 3592 651 Nec
3627 603 3806 658 contenti

2310 691 2437 738 sunt
2463 683 2776 754 Scripturas
2806 700 2940 740 sano
2967 702 3127 742 sensu
3168 687 3463 759 intelligere
3485 730 3499 754 ,
3539 691 3622 746 sed
3641 708 3715 747 eas
3740 709 3808 764 pro

2309 790 2409 830 suo
2431 777 2585 832 libitu
2615 787 2972 846 exponentes,
2999 779 3127 833 dum
3172 780 3224 833 in
3275 781 3548 850 superficie
3579 783 3809 843 litterarum

2309 868 2464 936 quasi
2494 871 2875 926 concordantia
2915 887 3024 926 suae
3063 874 3299 928 vesaniae
3327 875 3609 944 repererint
3631 879 3810 937 testimo-

2309 963 2419 1026 nia,
2451 979 2557 1017 non
2591 965 2750 1019 modo
2774 965 3084 1022 Christiano
3106 983 3257 1023 more
3280 969 3583 1039 simpliciter
3605 972 3672 1026 eis
3693 983 3810 1028 utun-

2311 1064 2416 1120 tur,
2451 1056 2531 1112 vel
2561 1059 2627 1112 ah
2655 1059 3039 1116 eruditioribus
3069 1061 3330 1117 virtutem
3359 1077 3540 1120 sensus
3567 1079 3722 1121 earum
3743 1083 3810 1123 ex-

2307 1145 2550 1214 plorant;
2593 1148 2684 1202 sed
2735 1149 2890 1220 quasi
2936 1151 3190 1208 inauditae
3216 1153 3296 1208 rei
3332 1155 3527 1220 nuntii,
3556 1165 3605 1211 et
3645 1158 3812 1226 alicujus

2309 1238 2567 1294 novitatis
2594 1241 2770 1306 scioli,
2794 1259 2890 1312 per
2921 1241 3129 1310 forum,
3159 1261 3260 1315 per
3294 1246 3520 1316 plateas,
3548 1262 3633 1317 per
3651 1249 3810 1320 vulgus,

2307 1345 2406 1399 per
2437 1333 2708 1388 nundinas
2735 1336 2996 1391 obdurata
3032 1337 3210 1393 fronte
3243 1341 3456 1396 easdem
3498 1340 3547 1395 in
3579 1343 3815 1398 summitate

2309 1425 2614 1496 linguarum
2646 1431 2976 1496 promendo,
3022 1432 3355 1488 recensendo
3380 1475 3393 1496 ,
3427 1441 3578 1505 atque
3615 1437 3815 1492 cantando

2309 1520 2514 1574 vehunt
2541 1521 2851 1576 sententias.
2891 1521 2959 1576 Et
2984 1531 3045 1576 ut
3084 1522 3299 1580 facilius
3345 1535 3675 1590 agnoscantur
3709 1525 3814 1596 cujus

2309 1609 2482 1680 partis
2509 1610 2617 1664 sint
2643 1609 2986 1678 defensores,
3028 1629 3126 1684 per
3169 1616 3356 1672 devios
3392 1617 3716 1688 intelligentiae
3737 1633 3813 1674 sua

2311 1699 2476 1755 calles
2503 1702 2786 1757 veritatem
2836 1702 3132 1775 Scriptura:
3159 1715 3474 1776 torquentes
3491 1749 3504 1773 ,
3531 1708 3695 1764 lineam
3715 1725 3815 1765 sana

2313 1792 2572 1848 doctrinm
2597 1795 2820 1864 proprio
2847 1797 3132 1853 electionis
3164 1797 3374 1868 judicio
3403 1800 3746 1872 derelinquunt.
3767 1799 3815 1856 Ut

2313 1886 2634 1957 quandoque
2665 1888 2768 1943 illis
2795 1889 2862 1945 ad
2892 1891 3169 1947 interitum
3196 1894 3495 1948 animarum
3525 1909 3708 1949 suarum
3731 1909 3813 1964 pro-

2313 1978 2531 2044 veniat,
2563 1978 2705 2049 quod
2745 1995 2850 2034 non
2879 1981 2996 2036 sine
3025 1983 3348 2053 gravissima
3385 1984 3707 2056 indignatione
3731 2000 3814 2054 pro.

2312 2069 2476 2138 pheta
2507 2069 2691 2135 infert,
2721 2069 2906 2127 (licens
2935 2090 2947 2126 :
2987 2072 3080 2127 Va:
3114 2075 3206 2144 qui
3237 2075 3412 2129 dicitis
3448 2075 3627 2129 malum
3653 2077 3814 2138 bonum,

2313 2165 2363 2213 et
2389 2158 2584 2214 bonum
2613 2160 2811 2214 malum
2838 2173 2856 2212 :
2887 2172 3132 2232 ponentes
3164 2165 3403 2219 tenebras
3440 2165 3613 2230 lucem,
3633 2174 3672 2219 et
3701 2163 3814 2218 lucem

2313 2248 2590 2304 tenebras:
2616 2261 2864 2321 ponentes
2905 2269 3148 2309 amarum
3193 2256 3381 2323 dulce,
3414 2267 3460 2312 et
3487 2256 3622 2310 dulce
3640 2272 3814 2308 amantis

2314 2337 2450 2409 (lsa.
2487 2355 2552 2405 v,
2599 2340 2732 2411 20):
2763 2342 2819 2396 id
2867 2351 2953 2399 est
2999 2344 3307 2402 claritatem
3357 2362 3520 2402 sacra:
3558 2346 3671 2417 legis
3701 2359 3814 2415 pravo

2313 2443 2501 2485 errore
2528 2431 2840 2488 nescientia:
2880 2433 3275 2504 inter-potantes
3293 2478 3306 2503 ,
3332 2437 3546 2508 ejusque
3572 2436 3812 2492 suavitatem

2313 2535 2421 2576 non
2461 2532 2611 2579 recte
2639 2523 2980 2593 conjiciendo
3003 2568 3018 2594 ,
3051 2528 3106 2583 in
3135 2527 3278 2585 fellis
3317 2531 3695 2585 amaritudinem
3725 2545 3813 2584 con-

2313 2625 2605 2672 vertentes.
2639 2618 2792 2685 Quod
2823 2619 3025 2674 bonum
3062 2629 3116 2676 et
3143 2621 3296 2692 pium
3327 2631 3440 2688 est,
3468 2622 3700 2677 malivolis
3721 2636 3812 2672 con-

2306 2704 2533 2775 jecturis
2564 2707 2842 2775 inficiunt,
2881 2720 3136 2781 expertes
3187 2727 3292 2768 nos
3337 2714 3638 2768 arbitrantes
3658 2710 3711 2764 ab
3737 2710 3810 2762 illa

2311 2815 2433 2853 rum
2463 2799 2822 2871 intelligentia
2853 2802 3290 2860 testimoniorum
3314 2845 3329 2870 ,
3357 2806 3541 2876 quibus
3567 2801 3811 2858 victoriosis-

2313 2889 2505 2944 simam
2533 2898 2825 2947 extenuare
2864 2893 3222 2950 intentionem
3257 2904 3557 2952 sanctorum
3591 2902 3811 2963 tnartynnn

2311 2978 2668 3047 arbitrantur,
2717 2981 2804 3035 vel
2853 2991 3100 3039 nostram
3147 2984 3214 3041 de
3267 3001 3348 3042 eis
3393 2985 3676 3042 sententiam
3710 2981 3812 3051 (qua

2313 3083 2526 3138 semper
2568 3070 2621 3124 in
2656 3069 2818 3127 laude
2861 3073 3102 3143 ipsorum
3147 3077 3461 3149 exsultavit)
3505 3088 3723 3132 enervare
3753 3077 3810 3124 eo-

2311 3167 2513 3213 nantur
2528 3157 2661 3232 (10).
2679 3160 2887 3232 Quippe
2903 3164 2993 3234 qui
3009 3164 3123 3234 jam
3140 3182 3238 3222 nos
3254 3166 3649 3224 evidentioribus
3661 3162 3811 3220 indiciis

2306 3267 2494 3307 eorum
2549 3254 2895 3324 passionibus
2947 3260 3354 3317 communicare
3399 3261 3689 3322 credamus,
3725 3256 3810 3309 dum

2307 3357 2469 3399 causa
2516 3345 2870 3415 professionis
2899 3363 3087 3404 eorum
3106 3390 3124 3417 ,
3162 3359 3218 3407 et
3248 3368 3526 3419 carceres,
3555 3360 3606 3406 et
3628 3345 3809 3408 vinculi.

2308 3434 2528 3506 insuper
2549 3445 2604 3490 et
2628 3438 2826 3494 damna
2852 3455 3033 3495 rerum
3067 3445 3336 3512 perpessi,
3369 3445 3434 3500 ad
3457 3444 3673 3498 ultimum
3691 3439 3809 3511 gratia

2305 3524 2717 3585 intercessionis
2739 3545 2926 3586 eorum
2956 3534 3188 3606 propitio
3218 3535 3333 3592 Deo
3358 3535 3677 3592 evaserimus.

2375 3616 2466 3673 20.
2503 3618 2605 3688 Ipsi
2633 3620 2866 3692 denique
2892 3625 3092 3690 sancti,
3128 3627 3219 3696 qui
3252 3628 3396 3683 hanc
3419 3627 3639 3698 corporis
3661 3621 3810 3678 cladem

2304 3713 2519 3770 cmlitus
2568 3718 2878 3787 compuncti
2928 3729 3150 3791 propter
3209 3724 3456 3780 veritatis
3502 3719 3808 3795 professionem

2306 3809 2543 3878 aggressi
2575 3819 2720 3876 sunt,
2751 3811 2806 3866 in
2836 3812 2984 3867 nullo
3010 3829 3040 3868 a
3062 3815 3444 3883 praedictorum
3469 3813 3680 3872 custodia
3700 3821 3807 3864 man-

2304 3896 2550 3951 datorum
2579 3913 2642 3956 se
2668 3908 2936 3955 avertunt.
2969 3901 3106 3970 Quia
3133 3912 3187 3959 et
3207 3914 3431 3977 propter
3452 3905 3604 3960 Deum
3624 3897 3806 3956 inimicus

2304 3989 2610 4060 diligentes,
2638 3991 2702 4046 de
2724 3991 2897 4048 salute
2926 4009 3113 4050 eorum
3145 3995 3306 4053 valde
3353 3997 3559 4053 solliciti
3588 4009 3644 4047 ne
3663 3989 3808 4045 diutius

2304 4079 2613 4148 labyrintho
2641 4082 2939 4152 impietatis
2977 4085 3372 4156 detinerentnr,
3410 4100 3616 4156 arguere
3643 4097 3723 4136 non
3745 4078 3808 4132 de-

2303 4170 2579 4236 stiterunt,
2606 4181 2661 4226 et
2683 4173 3088 4230 benefacientes
3119 4177 3204 4232 his
3230 4180 3322 4248 qui
3350 4181 3562 4234 oderant
3580 4173 3805 4231 Christum.

2303 4260 2496 4315 melius
2529 4261 2628 4315 visi
2659 4271 2785 4316 sunt
2811 4277 2907 4333 per
2929 4263 3248 4322 effusionem
3278 4267 3544 4340 sanguinis
3571 4259 3804 4319 vecordiam

2302 4371 2512 4420 eorum,
2537 4371 2697 4425 quam
2738 4373 2837 4428 per
2866 4357 3124 4414 doctrinae
3171 4361 3336 4417 verba
3381 4362 3804 4417 instruerezutre-

2302 4445 2430 4499 licta
2475 4446 2718 4501 vanitate
2767 4449 3190 4518 superstitionis,
3241 4469 3348 4509 non
3400 4453 3562 4509 solum
3599 4445 3805 4504 Christum

2302 4535 2544 4598 credere,
2562 4551 2755 4591 verum
2781 4538 2948 4592 etiam
2973 4555 3145 4611 usque
3164 4543 3232 4598 ad
3253 4551 3476 4599 mortem
3493 4547 3680 4614 propter
3698 4532 3803 4588 illum

2302 4627 2583 4683 decertare
2616 4630 3027 4685 contenderent.
3055 4631 3184 4688 Sine
3215 4635 3378 4690 dubio
3409 4633 3638 4705 precibus
3668 4633 3709 4680 et
3739 4620 3804 4674 ob-

2300 4720 2693 4777 secrationibus
2720 4722 2886 4777 etiam
2912 4724 3051 4793 apud
3081 4724 3368 4782 Dominum
3390 4726 3662 4781 animarum
3684 4717 3803 4782 imPe‘

2289 4820 2506 4865 ‘trantes
2553 4811 2783 4867 salutem
2828 4812 3076 4881 illorum,
3119 4817 3211 4886 qui
3255 4832 3396 4888 saepe
3437 4824 3488 4872 el
3541 4813 3802 4868 incessanter

2297 4901 2556 4957 Ecclesia
2585 4903 2828 4958 membra
2871 4904 3292 4962 calumniantur.
3334 4907 3646 4978 Quapropter
3666 4909 3800 4954 exem-

2297 4995 2387 5066 plo
2417 4998 2528 5052 veri
2559 4999 2804 5067 magistri
2840 5000 3088 5069 educati,
3120 5019 3244 5058 cum
3274 5005 3340 5059 ad
3367 5002 3645 5073 passionem
3671 4990 3797 5048 trabc'

2298 5096 2507 5153 rentur,
2531 5089 2801 5144 maledicti
2833 5106 2940 5146 non
2971 5092 3456 5157 remaledicebant,
3484 5082 3699 5160 flagellati
3721 5091 3795 5135 non

2293 5183 2744 5248 murmurabant,
2791 5185 3108 5241 comminati
3157 5187 3426 5242 silentium
3471 5178 3793 5239 observabant:

2293 5273 2396 5328 hoc
2444 5273 2781 5330 solummodo
2821 5277 3241 5346 exprobrantes,
3266 5277 3406 5348 quod
3441 5275 3542 5330 Deo
3566 5264 3794 5326 convicium

2291 5362 2489 5429 infert,
2520 5373 2576 5420 et
2623 5365 2767 5434 quod
2801 5363 3144 5435 majestatem
3185 5366 3508 5422 tremendam
3546 5357 3792 5428 εωρυεη³ι²

2293 5454 2613 5526 sacrilegum
2635 5456 2843 5512 scilicet
2870 5457 3016 5513 illius
3037 5457 3314 5514 vanissimi
3336 5472 3397 5514 ac
3422 5452 3599 5528 perditi
3621 5450 3790 5539 homun-

2295 5545 2400 5599 culi
2429 5547 2858 5616 prophetismum
2877 5588 2894 5616 ,
2925 5549 3019 5620 qui
3054 5565 3162 5606 non
3193 5551 3394 5606 veritus
3428 5555 3506 5604 est
3533 5541 3689 5614 spiritu
3713 5533 3791 5584 dia-

2292 5634 2466 5689 bolico
2515 5646 2856 5706 perarmatus
2905 5653 2966 5694 se
3015 5638 3134 5695 loco
3180 5642 3548 5712 prephetarum
3583 5632 3786 5686 inserere,

2290 5726 2602 5796 sanctisque
2641 5729 3090 5798 praedicatoribus
3128 5739 3188 5786 ut
3220 5731 3439 5788 deificus
3470 5717 3788 5792 evangelium!

2236 1857 2284 1919 B

2229 3227 2276 3293 C

2220 4588 2277 4648 D

669 5825 696 5854 ι
728 5809 960 5870 Carmen
984 5812 1087 5870 hoc
1109 5815 1241 5874 citat
1265 5817 1502 5877 Isidorus
1522 5821 1639 5879 sine
1664 5827 1904 5894 auctoris
1930 5832 2172 5903 nomine,
2213 5850 2338 5899 cum
2365 5837 2437 5894 sit
2458 5837 2687 5910 Lucani,
2719 5839 2814 5898 lib.
2847 5855 2944 5905 vn.
2976 5841 3216 5902 Scuorr.
