4094 6346
276 323 392 381 755

1283 322 1711 384 MEMORIA'LIS
1749 319 2195 384 SANCTORUM.
2233 311 2308 370 -ἒα
2341 323 2474 384 LIB.
2507 321 2552 384 Ι.

3457 335 3564 394 ’154

282 441 540 512 adjicere.
567 438 787 497 Etcum
829 445 951 497 toto
984 426 1126 512 pene
1149 421 1282 498 orbe
1309 442 1624 513 evangelica
1652 443 1873 514 praecel-
1898 451 1952 510 Α
1975 452 2070 499 aut
2093 443 2539 515 praedicatoribus
2569 438 2847 510 falsitatis,
2870 449 2927 500 et
2947 457 3058 502 non
3098 457 3196 502 eos
3215 444 3394 519 gladio
3435 449 3563 506 fidei

283 534 422 590 leret
446 535 671 602 veritas,
693 551 801 591 non
824 533 1036 591 deesset
1057 535 1150 591 lux
1171 534 1296 591 ﬁdei
1321 535 1645 593 Christianae
1675 551 1706 590 a
1733 535 1876 592 noti-

285 628 364 682 tia
384 627 626 698 gentium
652 627 877 699 (quia'in
901 643 1120 683 omnem
1144 636 1346 684 terram
1370 644 1538 685 sonus
1564 627 1682 697 ejus
1707 628 1877 684 exivit

287 723 464 799 (Paul.
476 740 631 790 xvm,
646 723 723 794 5),
737 723 1042 796 patentibus
1048 723 1158 795 jam
1170 724 1353 780 domui
1365 723 1554 792 David,
1569 734 1624 781 et
1637 723 1878 781 habitan-

286 820 436 875 tibus
457 817 796 876 Hierusalem
822 817 1099 874 tinctionis
1125 819 1427 890 gurgitibus
1455 821 1511 876 in
1546 819 1877 876 ablutionem

287 914 617 985 peccatoris,
649 921 704 968 et
733 919 1082 968 menstruam
1105 909 1291 982 (Zacli.
1310 929 1430 979 xm,
1460 912 1537 984 1),
1563 913 1799 970 maxime
1819 913 1876 969 in

287 1006 538 1075 Oriente,
552 1021 661 1078 quo
679 1007 1001 1078 mysterium
1027 1007 1419 1064 incarnationis
1441 1009 1642 1065 Christi
1657 1008 1877 1080 speciali

287 1101 486 1158 effectu
511 1101 909 1172 quodammodo
930 1111 1210 1173 operatum
1240 1112 1346 1169 est,
1360 1104 1451 1159 ubi
1474 1118 1687 1174 quoque
1708 1112 1764 1159 et
1785 1103 1878 1160 hic

289 1192 746 1249 sceleratissimus
781 1207 848 1247 ac
875 1207 1166 1262 perversus
1189 1201 1342 1250 vates
1362 1202 1587 1250 exortus
1613 1205 1640 1236 ι
1667 1202 1724 1250 et
1750 1208 1878 1249 enu-

290 1287 454 1342 tritus
478 1285 614 1357 est);
646 1286 830 1342 nescio
869 1301 977 1358 qua
1000 1296 1298 1358 prmreptus
1334 1289 1568 1354 insania,
1617 1288 1876 1344 clarenti-

289 1376 393 1433 bus
413 1378 526 1448 jam
557 1379 608 1431 in
633 1378 833 1434 mundo
855 1377 1110 1444 lucernis,
1145 1387 1294 1434 tanto
1341 1395 1402 1436 se
1446 1380 1763 1451 perditionis
1801 1380 1878 1436 la-

289 1483 434 1537 queo
482 1468 614 1523 dare
659 1469 992 1538 praecipitem
1028 1485 1136 1525 non
1177 1471 1446 1536 extimuit,
1500 1481 1879 1544 tantarumque

290 1561 598 1615 animarum
626 1561 989 1616 irreverenter
1010 1563 1342 1632 parricidam
1365 1578 1423 1618 se
1448 1563 1563 1619 ﬁeri
1591 1579 1698 1619 non
1714 1579 1879 1635 expa-

290 1653 393 1719 vit,
415 1668 538 1708 cum
569 1653 828 1723 scriptum
885 1653 1002 1709 sit:
1057 1653 1130 1710 Os
1182 1657 1322 1727 quod
1372 1659 1641 1725 mentitur,
1691 1658 1879 1713 occidit

289 1745 524 1800 animam
553 1743 702 1816 (Sap.
732 1761 771 1810 ι,
799 1745 910 1816 i1).
938 1747 1012 1801 De
1026 1761 1134 1817 quo
1157 1747 1283 1802 olim
1307 1747 1596 1804 Zacharias
1615 1749 1880 1819 propheta

1977 536 2468 608 sutejugulaverit,
2510 537 2613 592 hoc
2647 537 2697 592 ei
2741 537 2962 592 evenire
2989 537 3134 607 quod
3163 537 3346 594 evenit
3387 537 3560 606 Sauli,

1976 627 2099 698 quis
2128 628 2399 700 ambigat?
2417 628 2525 682 Aut
2543 628 2637 699 qui
2688 627 3118 684 misericordiam
3142 643 3300 686 suam
3340 640 3566 700 putave—

1977 718 2051 772 rit
2073 718 2118 773 si
2149 718 2204 772 in
2229 718 2422 773 hzeresi
2450 719 2894 798 permanentibus
2915 718 3196 786 exhibere,
3236 721 3359 792 quis
3404 731 3565 793 neget

1977 809 2226 864 similiter
2250 825 2280 864 a
2305 823 2474 882 regno
2518 810 2610 864 Dei
2640 810 2876 875 excludi,
2903 811 3046 866 sicut
3068 809 3201 866 Saul
3220 827 3252 866 a
3281 827 3449 884 regno
3468 814 3566 868 hu-

1977 913 2140 954 mano
2176 900 2437 968 probatur
2463 900 2716 956 exclusus
2758 899 2810 972 (I
2841 899 2968 971 Reg.
3010 903 3152 967 xv,1
3195 911 3253 958 et
3293 903 3510 976 seqq.)?
3538 923 3558 959 ι

1976 988 2081 1058 Qui
2104 1005 2240 1044 vana
2270 990 2618 1046 miseratione
2643 989 2959 1048 Amalecitis
2979 1007 3231 1064 parcens,
3255 997 3437 1051 subito
3479 1010 3566 1050 se-

1977 1083 2266 1153 metipsum
2299 1083 2392 1138 Dei
2413 1084 2812 1149 benedictione,
2851 1096 2907 1140 et
2930 1087 3082 1157 regni
3130 1096 3346 1158 sceptro
3383 1087 3566 1158 priva-

1978 1182 2094 1230 tum
2126 1176 2408 1246 ingemuit.
2433 1176 2496 1230 Et
2523 1177 2567 1231 si
2601 1177 2703 1232 hoc
2727 1177 2792 1232 iis
2814 1179 2904 1246 qui
2929 1179 3426 1234 contradictoribus
3463 1195 3561 1234 ve—

1977 1264 2160 1320 ritatis
2194 1281 2302 1320 non
2350 1267 2628 1331 resistunt,
2692 1270 3068 1338 promittitur;
3116 1271 3260 1340 quod
3281 1271 3366 1325 vel
3405 1270 3566 1340 quale

1977 1359 2085 1415 erit
2114 1359 2336 1414 ultionis
2361 1359 2652 1414 discrimen
2677 1360 2744 1416 iis
2768 1360 2860 1431 qui
2885 1361 3149 1431 derogant
3173 1360 3398 1417 electis?
3438 1361 3563 1430 quia

1978 1465 2086 1508 non
2101 1450 2274 1506 solum
2288 1465 2598 1522 expugnare
2624 1452 2905 1507 haereticos
2925 1452 3138 1519 nolunt,
3166 1467 3355 1507 verum
3396 1452 3565 1506 etiam

1978 1542 2415 1614 expugnautibus
2442 1541 2884 1600 maledictionum
2913 1543 3080 1600 armis
3103 1543 3335 1598 accincti
3374 1557 3568 1599 occur-

1979 1641 2128 1692 runt.

2052 1759 2143 1814 21.
2167 1759 2334 1814 Aiunt
2355 1765 2618 1828 przeterea
2641 1773 2751 1813 non
2777 1757 2976 1814 debere
3016 1771 3137 1813 esse
3158 1764 3449 1829 martyres.
3475 1763 3572 1809 aut

290 1836 506 1893 locutus
535 1845 639 1903 est,
673 1837 857 1892 dicens
885 1852 901 1891 :
933 1836 1004 1892 In
1029 1837 1115 1892 die
1136 1837 1250 1905 illa,
1279 1839 1408 1894 dicit
1444 1817 1700 1894 Dominus
1718 1817 1879 1894 exer-

1983 1852 2193 1919 haberi,
2223 1853 2316 1922 qui
2344 1817 2451 1906 non
2482 1851 2748 1907 violenter
2775 1847 2935 1906 tracti
2964 1859 3089 1906 sunt
3109 1851 3177 1905 ad
3221 1849 3568 1920 martyrium,

287 1928 492 1984 rituum
515 1943 536 1982 :
564 1926 878 1998 Disperdam
901 1929 1114 1983 nomina
1137 1929 1400 1984 idolorum
1428 1930 1492 1984 de
1518 1938 1682 1996 terra,
1703 1940 1752 1985 et
1775 1947 1880 1986 non

290 2015 724 2070 memorabuntur
747 2017 888 2070 ultra
911 2033 930 2072 :
953 2026 1000 2072 et
1030 2018 1504 2090 pseudoprophetas
1521 2059 1534 2086 ,
1564 2029 1612 2075 et
1639 2020 1880 2091 spiritum

189 2181 197 2189 δ
291 2108 624 2162 immundum
647 2113 886 2179 auferam
906 2109 972 2163 de
993 2118 1152 2164 terra.
1170 2109 1239 2164 Et
1273 2110 1392 2176 erit,
1437 2127 1555 2164 eum
1596 2111 1879 2182 propheta-

291 2201 424 2254 uerit
469 2200 728 2270 quispiam
770 2199 931 2264 ultra,
971 2200 1144 2256 dicent
1189 2202 1236 2256 ei
1268 2213 1417 2272 pater
1452 2203 1586 2272 ejus,
1626 2213 1674 2257 et
1714 2212 1883 2258 mater

292 2292 432 2362 ejus,
453 2292 544 2360 qui
569 2300 856 2361 genuerunt
892 2309 1010 2346 eum
1043 2305 1062 2344 :
1100 2291 1224 2347 Non
1275 2294 1444 2360 vives,
1491 2295 1616 2364 quia
1667 2293 1883 2348 menda-

291 2380 433 2434 cium
472 2379 676 2435 locutus
703 2398 757 2435 es
798 2383 854 2436 in
901 2383 1110 2436 nomine
1158 2382 1389 2438 Domini.
1442 2383 1510 2438 Et
1555 2384 1882 2454 confringent

292 2487 412 2525 eum
428 2472 682 2542 genitore:
693 2472 826 2541 ejus,
848 2489 966 2526 cum
980 2474 1356 2542 prophetauerit
1375 2473 1558 2546 (lacn.
1579 2491 1699 2542 xm,
1720 2475 1778 2542 2,
1799 2476 1877 2548 5).

318 2563 501 2618 dcirco
531 2563 658 2618 huic
684 2565 896 2632 perdito
908 2573 1071 2636 atque
1093 2565 1447 2636 spurcissimo
1473 2567 1581 2622 vati
1605 2568 1879 2636 resistere,

293 2653 471 2709 virtus
507 2664 701 2711 macta:
753 2671 970 2713 coronae
1024 2667 1136 2725 est;
1189 2674 1566 2730 sunnuumque
1620 2670 1879 2732 tropaeum

299 2743 435 2798 tanti
464 2743 723 2800 derisoris
772 2745 976 2801 cultum
1022 2755 1317 2804 evertere:
1361 2751 1497 2805 adeo
1541 2759 1599 2805 ut
1639 2752 1684 2807 si
1733 2751 1883 2808 illum

295 2842 433 2888 aetas
480 2843 667 2890 nostra
724 2837 1069 2908 superstitem
1115 2839 1362 2906 haberet,
1418 2857 1759 2913 nequaquam
1813 2845 1884 2900 ab

294 2921 414 2991 ejus
439 2934 582 2980 esset
605 2927 826 2983 interitu
863 2929 1216 2987 Christocolis
1253 2932 1635 3001 resiliendum;
1678 2944 1882 3005 quanto

295 3017 474 3086 magis
505 3035 613 3074 non
644 3020 716 3075 sit
742 3021 962 3092 dignum
997 3021 1116 3094 ejus
1138 3024 1298 3080 hodie
1319 3025 1514 3096 dogma
1552 3007 1880 3084 venenosum

291 3107 611 3181 infringere,
637 3111 961 3168 maledicere
997 3123 1225 3182 sectam,
1253 3117 1509 3173 detestari
1531 3121 1875 3188 sententiam,

293 3202 390 3272 qui
435 3210 596 3258 tanta:
644 3203 1003 3261 multitudinis
1051 3206 1410 3277 perditionem
1460 3208 1742 3279 inducens,
1786 3227 1878 3282 pe-

295 3294 458 3347 renni
502 3308 622 3348 eam
666 3294 931 3350 dedicarit
974 3297 1272 3353 barathro?
1312 3297 1583 3370 Foretque
1626 3301 1710 3372 (ut
1736 3302 1880 3375 reor)

296 3391 429 3438 tunc
449 3383 641 3440 melius
660 3386 1050 3455 paenitudinem
1063 3387 1223 3444 unius
1246 3388 1411 3445 occisi
1434 3390 1748 3446 homunculi
1794 3407 1880 3464 ge-

297 3492 442 3543 rere,
471 3491 632 3548 quam
665 3485 748 3533 tot
771 3478 1050 3535 nationum
1076 3478 1226 3536 luere
1256 3482 1553 3552 perniciem
1580 3499 1595 3538 :
1644 3497 1882 3556 congrue

296 3570 550 3626 universo
579 3571 728 3644 gregi
748 3571 1137 3629 consulendum
1169 3574 1520 3642 arbitrantes,
1544 3576 1674 3632 dum
1719 3579 1880 3636 unius

294 3662 521 3731 pecudis
545 3676 576 3717 e
600 3663 776 3718 medio
803 3664 987 3720 conati
1013 3663 1245 3723 fuissent
1277 3667 1511 3725 avellere
1543 3673 1876 3743 contagium.

296 3750 564 3818 Quoniam
590 3755 1043 3822 quemadmodum
1073 3756 1191 3814 sine
1219 3758 1374 3828 culpa
1399 3775 1507 3816 non
1526 3769 1610 3817 est
1658 3762 1882 3820 maledi-

293 3856 423 3897 cere
438 3841 635 3910 justos,
676 3844 794 3914 pios
812 3848 1084 3917 persequi,
1115 3848 1494 3906 adversitatem
1521 3866 1717 3921 parare
1741 3854 1882 3910 elec-

295 3933 398 4001 tis;
421 3935 498 3990 ita
524 3938 704 4007 magni
737 3939 918 3994 meriti
947 3955 1065 3996 esse
1100 3943 1264 3998 credo
1307 3943 1621 4001 subvertere
1660 3945 1878 4016 impios,

293 4025 554 4084 Ecclesia:
581 4029 827 4088 hostibus
851 4034 1143 4100 contraire,
1179 4033 1376 4089 bellum
1411 4051 1604 4106 parare
1636 4037 1880 4093 incredu-

293 4119 388 4188 lis,
409 4130 467 4177 et
489 4121 698 4178 framea
718 4123 865 4179 verbi
893 4125 987 4180 Dei
1030 4126 1314 4180 concidere
1347 4128 1690 4185 adversarios
1729 4129 1878 4200 ﬁdei,

294 4223 378 4281 ut,
408 4217 704 4273 secundum
726 4217 1064 4276 Psalmistam
1092 4219 1266 4292 (Psal.
1298 4237 1562 4290 cxxxvm,
1603 4225 1720 4296 22),
1753 4242 1883 4282 con-

295 4316 383 4364 tra
409 4309 520 4364 Deo
550 4310 850 4368 invidentes
871 4311 1111 4382 perfecto
1135 4316 1328 4370 armati
1353 4315 1478 4370 odio
1503 4326 1878 4388 exsurgentes,

294 4417 406 4458 non
429 4416 684 4460 Curemus
713 4404 779 4460 de
805 4404 1086 4462 inimicitia
1117 4422 1327 4473 eorum,
1359 4407 1558 4478 quibus
1594 4418 1677 4464 est
1699 4411 1879 4466 amica

1983 1943 2080 2001 sed
2109 1952 2299 2015 sponte
2321 1958 2416 1998 sua
2445 1942 2754 2009 venientes,
2799 1943 2886 1998 his
2919 1943 3224 1997 convicium
3247 1940 3567 2005 intulerunt,

1982 2035 2076 2104 qui
2102 2047 2198 2089 eos
2223 2033 2278 2088 in
2309 2032 2455 2088 nullo
2474 2032 2722 2088 molestia
2763 2031 3059 2088 affecerint.
3097 2030 3307 2086 Nullam
3331 2031 3561 2101 opinan-

1983 2131 2067 2178 tes
2088 2137 2209 2178 esse
2251 2122 2555 2178 molestiam
2601 2122 2936 2193 diruptiones
2957 2121 3324 2184 basilicarum,
3369 2135 3568 2191 oppro-

1981 2214 2101 2270 bria
2143 2213 2507 2280 sacerdotum,
2555 2220 2611 2268 et
2655 2210 2797 2283 quod
2844 2211 2955 2285 (11)
3000 2213 3261 2268 lunariter
3311 2210 3573 2268 solvimus

1983 2319 2106 2360 cum
2130 2304 2279 2376 gravi
2307 2319 2542 2360 maerore
2580 2303 2880 2359 tributum:
2929 2303 3068 2359 adeo
3099 2311 3159 2357 ut
3206 2299 3571 2372 expedibilius

1984 2395 2141 2452 nobis
2181 2395 2252 2450 sit
2293 2394 2674 2464 compendium
2709 2395 2920 2461 mortis,
2978 2410 3140 2464 quam
3206 2392 3572 2463 egentissima

1983 2487 2109 2542 vita:
2145 2487 2474 2542 laboriosum
2496 2487 2808 2542 discrimen.
2844 2485 2902 2542 Si
2932 2502 3063 2557 ergo
3084 2500 3309 2542 exosum
3347 2484 3458 2540 Deo
3482 2498 3571 2538 est

1982 2581 2308 2636 maledicere
2337 2579 2549 2636 diabolo
2578 2589 2635 2636 et
2663 2578 2780 2648 ejus
2806 2581 3089 2646 ministro;
3143 2579 3344 2634 frustra
3380 2578 3572 2647 utique

1982 2675 2222 2732 Ecclesia
2247 2683 2436 2730 contra
2458 2689 2675 2730 omnem
2706 2674 3031 2730 diabolicum
3075 2674 3351 2728 incursum
3398 2671 3572 2725 utitur

1983 2766 2324 2822 exorcismis.
2348 2765 2431 2820 An
2453 2765 2579 2834 quia
2609 2764 2926 2826 domesticis
2954 2763 3078 2818 ﬁdei
3113 2761 3438 2818 maledicere
3487 2759 3570 2814 in-

1983 2859 2210 2914 hibitum
2224 2865 2329 2923 est,
2344 2857 2658 2927 nullumque
2670 2866 2882 2928 oportet
2895 2857 3291 2927 pusillanimem
3313 2855 3380 2909 de
3400 2866 3568 2908 mem-

1982 2949 2096 3004 bris
2118 2948 2374 3004 Ecclesia:
2401 2947 2800 3014 scandalizare;
2829 2948 3030 3004 idcirco
3050 2947 3319 3018 hospitem
3343 2943 3566 3010 diaboli,

1983 3049 2041 3096 et
2063 3042 2426 3098 habitaculum
2454 3041 2670 3096 Satanae
2690 3056 2795 3095 non
2823 3055 3046 3096 necesse
3085 3049 3170 3094 est
3197 3037 3562 3103 maledicere;

1986 3141 2042 3188 et
2069 3132 2161 3188 ubi
2201 3142 2286 3188 est
2312 3131 2455 3203 quod
2476 3132 2734 3202 scriptum
2758 3140 2842 3188 est
2865 3131 3017 3204 (Tob.
3042 3147 3160 3197 xm,
3184 3130 3270 3202 16)
3288 3141 3310 3169 α
3341 3148 3354 3185 :
3389 3126 3562 3185 Male-

1984 3225 2111 3279 dicti
2144 3241 2342 3291 omnes,
2373 3225 2463 3296 qui
2490 3235 2739 3295 spernunt
2783 3237 2852 3290 te,
2885 3222 3252 3290 Hierusalem,
3296 3233 3344 3278 et
3394 3238 3571 3277 omnes

1982 3320 2072 3390 qui
2094 3317 2452 3390 blasphemant
2486 3327 2566 3383 te;
2598 3316 2863 3372 maledicti
2900 3333 3077 3372 omnes
3106 3317 3194 3388 qui
3235 3317 3456 3372 oderunt
3498 3324 3568 3379 te,

1981 3420 2031 3468 et
2053 3425 2230 3465 omnes
2257 3409 2348 3481 qui
2371 3409 2616 3465 dixerunt
2645 3409 2699 3464 in
2723 3418 2771 3464 te
2791 3408 2999 3464 verbum
3023 3409 3238 3474 durum,
3262 3415 3393 3473 etc.,
3421 3407 3568 3478 quod

1984 3501 2189 3557 dictum
2215 3515 2336 3556 esse
2363 3515 2462 3572 pro
2482 3499 2727 3556 Ecclesia
2754 3499 2930 3556 nullus
2957 3500 3198 3570 ambigit.
3228 3497 3296 3555 Et
3336 3497 3458 3568 quis
3486 3497 3586 3580 in:

1986 3600 2073 3648 ter
2101 3599 2327 3647 cunctos
2368 3600 2744 3663 persecutores
2786 3589 3025 3647 ﬁdelium
3075 3589 3356 3644 cruentius
3407 3603 3572 3659 quam

1985 3685 2077 3742 hic
2100 3683 2352 3740 infandus
2397 3683 2694 3740 Ecelesiam
2744 3684 3020 3740 insecutus
3057 3682 3181 3737 est?
3229 3679 3362 3748 Quis
3416 3687 3568 3734 tanta

1981 3775 2036 3832 in
2060 3776 2343 3832 eversione
2370 3775 2784 3841 catholicorum,
2825 3782 3028 3845 quanta
3077 3774 3222 3829 idem
3263 3787 3568 3844 exaggera-

1979 3866 2060 3922 vit
2088 3867 2388 3922 infaustus?
2412 3865 2547 3933 Quia
2580 3865 2662 3937 (ut
2689 3866 2762 3921 ita
2811 3865 3066 3938 dixerim)
3112 3880 3273 3920 nemo
3315 3872 3564 3920 nostrum

1978 3958 2125 4013 inter
2142 3967 2236 4013 eos
2258 3973 2483 4013 securus
2506 3957 2824 4028 ingreditur,
2848 3972 3008 4012 nemo
3051 3956 3268 4027 quietus
3296 3964 3562 4027 permeat,

1980 4045 2142 4104 nemo
2164 4057 2373 4119 septum
2397 4063 2584 4103 eorum
2607 4047 2708 4103 nisi
2732 4047 3121 4103 dehonestatus
3141 4047 3454 4118 pertransit.
3481 4046 3571 4101 Et-

1981 4140 2127 4194 enim
2155 4155 2280 4196 cum
2310 4155 2408 4194 nos
2421 4137 2707 4208 cujuslibet
2745 4141 2818 4194 rei
2847 4141 3133 4196 familiaris
3162 4141 3454 4197 necessitas
3483 4141 3562 4198 ire

1980 4231 2036 4286 in
2060 4231 2332 4300 publicum
2367 4232 2682 4303 coegeril,et
2723 4232 2959 4287 instante
2992 4233 3288 4288 domestica
3333 4233 3572 4290 necessi-

1983 4331 2096 4377 tate
2125 4339 2190 4377 ex
2221 4323 2415 4394 angulo
2445 4324 2638 4393 tugurii
2664 4323 2831 4378 nostri
2871 4323 2925 4379 in
2954 4323 3128 4380 forum
3154 4325 3404 4395 prosilire
3434 4343 3565 4381 con-

1981 4415 2186 4484 tigerit,
2209 4430 2333 4470 mox
2361 4422 2420 4468 ut
2449 4414 2560 4486 (12)
2591 4415 2845 4486 stigmata
2887 4414 2942 4468 in
2983 4415 3138 4470 nobis
3179 4415 3388 4472 ordinis
3423 4418 3567 4471 sacri

295 4493 566 4564 impietas.
597 4493 783 4566 Neque
807 4497 951 4552 enim
983 4497 1100 4554 sine
1125 4498 1279 4569 culpa
1295 4499 1500 4568 patitur
1522 4499 1638 4556 ﬁeri
1657 4501 1878 4560 Patrum
1904 4543 1959 4606 Β
1983 4510 2302 4575 advertunt,
2351 4507 2739 4564 acclamatione
2792 4507 3077 4564 derisionis
3123 4519 3181 4563 ut
3226 4519 3466 4566 amentes
3514 4521 3570 4564 et

291 4589 545 4644 doctrina
600 4603 716 4656 eos,
762 4591 854 4660 qui
905 4591 1152 4663 improbo
1191 4593 1405 4648 silentio
1449 4609 1579 4666 erga
1625 4594 1878 4667 dogmata

297 4693 517 4757 torpent
558 4688 965 4755 haereticorum,
1015 4698 1070 4744 et
1117 4703 1148 4744 e
1191 4689 1413 4761 regione
1461 4691 1710 4747 hostibus
1755 4691 1877 4747 ﬁdei

295 4793 406 4835 non
430 4791 741 4848 occurrunt,
769 4789 861 4836 aut
885 4782 1002 4837 zelo
1016 4781 1292 4838 Creatoris
1305 4782 1598 4838 vindictam
1628 4785 1680 4838 in
1709 4785 1880 4840 barre-

297 4873 439 4928 ticos
461 4890 568 4930 non
607 4883 880 4931 exercent.
931 4875 1083 4942 Quod
1134 4878 1271 4932 bene
1315 4877 1586 4932 Arnobius
1614 4878 1642 4917 ι»
1673 4877 1877 4943 rhetor,

295 4965 429 5021 dum
451 4966 808 5021 centesimum
832 4967 1170 5022 tricesimum
1225 4983 1429 5023 nonum
1479 4968 1749 5038 psalmum
1797 4971 1880 5025 in-

299 5063 712 5128 terpretaretur,
735 5058 896 5114 dicit:
931 5078 949 5110 ‹
994 5059 1096 5127 Qui
1142 5061 1445 5132 pepercerit
1483 5061 1881 5130 hwresiarchis,

374 5202 400 5230 ι
435 5187 604 5314 Νᾶιιιο
632 5191 805 5247 nescit
833 5190 1197 5248 Mahometum
1231 5193 1287 5248 in
1316 5191 1484 5249 Felici
1511 5191 1710 5248 Arabia
1739 5193 1886 5264 geni-

374 5276 436 5314 ιιι.
519 5275 678 5314 OHAL.

297 5270 436 5316 tum.
467 5270 678 5315 MOHAL.

373 5332 401 5372 b
434 5329 907 5406 H_unc_Arnobium
949 5333 1112 5388 alium
1127 5348 1246 5391 esse
1271 5335 1338 5390 ab
1357 5335 1526 5406 coqui
1552 5334 1732 5390 floruit
1752 5344 1886 5392 tem-

295 5416 431 5474 pore
462 5401 800 5475 Diocletiani,
829 5413 975 5460 recte
990 5406 1371 5462 animadvertit
1389 5401 1576 5461 Sixtus
1602 5405 1882 5475 Senensis,

297 5473 458 5545 quem
484 5473 642 5528 hodie
656 5483 954 5544 sequuntur
973 5476 1189 5540 eruditi,
1217 5476 1476 5534 adversus
1499 5473 1882 5545 Trithemium,

298 5543 356 5616 et
387 5543 694 5609 Erasmum,
736 5543 935 5614 quibus
981 5547 1302 5616 astipulatur
1346 5548 1671 5606 Laurentius
1715 5550 1780 5604 de
1832 5543 1883 5604 la

298 5613 492 5682 Barre,
520 5613 896 5673 existimantes
935 5613 1234 5689 Arnobium
1289 5619 1380 5689 qui
1439 5618 1682 5676 Psalmos
1734 5636 1883 5676 com-

296 5694 577 5763 mentatus
593 5696 698 5763 est,
727 5702 848 5763 eum
877 5703 996 5763 esse
1041 5687 1195 5763 cujus
1229 5687 1478 5763 meminit
1523 5690 1882 5763 Hieronymus

297 5757 357 5814 in
387 5757 528 5813 libro
547 5759 613 5813 de
640 5755 1013 5828 Scriptoribus
1049 5755 1458 5829 ecclesiasticis,
1493 5778 1610 5834 cap.
1653 5755 1741 5818 79:
1776 5764 1880 5820 Sed

1983 4599 2160 4654 fatuos
2201 4600 2487 4670 impetunt,
2535 4609 2734 4670 praeter
2782 4599 2871 4654 illa
2920 4614 3211 4669 puerorum
3249 4600 3565 4669 quotidiana

1981 4691 2237 4759 ludibria,
2267 4693 2462 4762 quibus
2491 4708 2595 4748 non
2618 4693 2750 4749 satis
2788 4700 2874 4747 est
2913 4692 3114 4749 inferre
3137 4692 3330 4764 linguze
3378 4692 3565 4748 convi—

1983 4785 2140 4849 tium,
2168 4784 2342 4853 turpia
2383 4799 2711 4855 exaggerare
2749 4783 3166 4850 scurrilitatum,
3210 4783 3568 4839 verumctiam

1983 4883 2136 4946 tergo
2163 4889 2258 4930 nos
2279 4875 2544 4944 lapidibus
2569 4875 2826 4932 inscctari
2863 4892 2968 4932 non
2998 4877 3271 4932 desinunt.
3308 4874 3446 4942 Quid
3497 4873 3565 4929 il-

1984 4965 2074 5020 lud
2106 4981 2424 5032 memorem,
2451 4966 2592 5036 quod
2622 4967 2674 5022 in
2734 4967 3115 5022 contumeliam
3149 4966 3286 5036 signi
3338 4981 3566 5019 venera-

1987 5059 2112 5115 bilis
2141 5058 2444 5130 proferunt,
2473 5059 2616 5131 quod
2641 5075 2763 5115 cum
2811 5058 2948 5114 forte
2990 5068 3301 5128 competens
3352 5065 3566 5127 tempus

1987 5194 2286 5251 Arnobium
2323 5192 2637 5266 Hieronymi
2679 5197 2794 5250 fere
2829 5195 3051 5266 duobus
3082 5193 3294 5266 mulis
3333 5193 3565 5250 alterum

1987 5267 2332 5344 praecessisse
2367 5265 2558 5344 omnes
2607 5276 2833 5333 norunt;
2868 5283 3002 5344 _cum
3041 5265 3131 5321 hic
3175 5265 3560 5344 circa_annum

1990 5337 2580 5408 Quadringentesimum
2629 5337 3031 5408 sexagesimum
3093 5337 3392 5406 scripserit,
3445 5347 3565 5392 orta

1981 5405 2095 5476 jam
2126 5417 2178 5466 et
2198 5405 2447 5464 damnata
2468 5405 3005 5473 Eutichctis'haeresi,
3035 5405 3217 5464 senior
3256 5423 3384 5465 vero
3422 5408 3562 5464 desi-

1987 5487 2150 5535 nente
2177 5479 2374 5534 saeculo
2404 5479 2584 5534 tertio.

2059 5561 2082 5589 ο
2123 5551 2246 5606 Haec
2277 5549 2458 5605 Tobiae
2482 5549 2811 5621 verba_,_quae
2837 5547 3036 5621 frustra
3065 5549 3359 5621 inVulgata
3382 5550 3566 5620 requi-

1985 5638 2098 5686 ras,
2113 5622 2256 5694 leges
2276 5622 2328 5676 in
2341 5621 2530 5694 Brevia
2539 5619 2623 5694 rio
2633 5618 2994 5694 Mozarabico,
3012 5618 3278 5694 inivigilia
3297 5618 3560 5694 Epiplian.

1930 5715 1950 5742 :-
1985 5697 2050 5760 ad
2081 5690 2312 5756 Cnidio"
2359 5692 2410 5764 in
2448 5690 2759 5764 Laudibus,
2801 5700 2855 5745 et
2893 5706 3016 5764 pag.
3060 5690 3174 5764 82;
3197 5693 3328 5750 edit.
3343 5690 3559 5748 ineviss.

1971 5759 2191 5822 .Cautic.
2223 5779 2315 5819 ιιι.
2361 5760 2486 5816 Vide
2513 5759 2696 5818 Schol.
2724 5761 2780 5819 in
2807 5759 2920 5820 ιιοι.
2951 5759 3043 5818 21.
