4094 6346
297 381 412 438 157

1292 375 1716 434 MEMORIALIS
1755 371 2201 432 SANCTORUM.
2241 403 2312 416 -—
2348 371 2480 428 LIB.
2518 373 2560 427 l.

3464 375 3568 433 758

294 495 544 556 veritatis
567 502 623 550 et
644 507 820 566 praeco
837 491 1096 562 iustitiae,
1139 490 1515 562 Redemptoris
1555 508 1876 564 praecursor,
1905 495 1959 559 Α
2050 489 2141 544 24.
2183 489 2273 546 Sic
2303 504 2535 559 namque
2560 497 2616 545 et
2644 488 2756 561 (15)
2793 489 3139 550 felicissimus
3170 488 3321 546 Felix
3350 505 3474 548 cum
3507 493 3570 547 fi-

294 601 356 646 et
385 589 612 646 nuntius
635 587 819 658 pacis,
867 570 1110 656 Baptista
1136 584 1391 651 Joannes,
1417 599 1540 641 cum
1567 599 1747 656 regem
1780 585 1883 640 ini-

295 697 466 753 quum
508 681 576 736 de
618 688 803 752 stupro
843 678 1162 734 licrodiadis
1209 687 1605 744 commoneret,
1653 691 1886 750 cumque

297 772 609 828 adulterino
635 772 846 827 incestu
870 771 1087 826 thorum
1116 769 1320 827 violare
1351 769 1650 826 fraternum
1676 769 1884 826 inbibe-

297 873 408 928 ret,
435 863 961 935 ergastulo-propter
985 862 1232 918 veritatis
1267 861 1658 932 professionem
1701 861 1885 918 detru-

296 955 469 1021 ditur,
494 951 678 1026 ibique
697 955 905 1028 absque
920 954 1026 1008 ulla
1059 953 1178 1009 fidei
1202 955 1579 1026 persecutione
1607 961 1886 1010 truncatur

298 1047 499 1120 (Marc.
525 1064 600 1113 vi,
627 1041 738 1120 Π).
762 1043 873 1106 Nec
893 1045 986 1102 tali
1010 1048 1362 1104 succumbere
1384 1047 1652 1104 recusavit
1671 1048 1888 1118 dispen-

298 1141 410 1206 dio,
440 1141 533 1212 qui
559 1142 676 1197 sine
702 1139 866 1196 dubio
887 1149 1131 1205 noverat,
1155 1140 1335 1196 divino
1355 1141 1626 1196 revelante
1656 1140 1882 1212 Spiritu,

299 1232 638 1287 tantumdem
685 1245 807 1287 esse
833 1238 1050 1302 propter
1072 1231 1340 1302 justitiam
1371 1233 1542 1298 mori,
1582 1247 1742 1302 quam
1788 1245 1887 1303 pro

300 1323 430 1380 ﬁdei
456 1323 798 1380 confessione
824 1324 1113 1394 prosterni.
1149 1324 1303 1382 Unde
1331 1335 1388 1381 et
1413 1325 1672 1381 Dominus
1699 1325 1886 1380 vitalia

303 1413 586 1485 discipulis
629 1414 888 1471 doctrinae
917 1414 1236 1470 ministrans
1260 1425 1547 1487 praecepta,
1590 1416 1669 1471 sic
1698 1431 1792 1472 eos
1820 1415 1888 1471 de

304 1512 494 1562 monte
525 1505 848 1576 alloquitur:
885 1503 1038 1560 Beati
1057 1508 1148 1578 qui
1179 1509 1582 1578 persecutionem
1614 1499 1888 1578 patiuntur

298 1606 512 1668 propter
519 1597 828 1668 justitiam:
865 1599 1115 1668 quoniam
1136 1602 1368 1670 ipsorum
1391 1609 1464 1654 est
1495 1615 1709 1670 regnum
1736 1598 1888 1654 caelo-

300 1703 422 1742 rum
451 1687 678 1760 (Matth.
712 1705 765 1756 v,
796 1688 918 1761 10).
953 1689 1021 1744 Et
1065 1691 1196 1761 quid
1222 1691 1366 1745 aliud
1401 1692 1466 1746 ad
1505 1693 1684 1746 omnia
1717 1691 1890 1746 beati-

299 1781 505 1838 tudinis
531 1783 753 1854 praemia
771 1823 786 1850 ,
813 1798 974 1854 quam
1017 1783 1279 1840 caelorum
1306 1783 1660 1840 affectantium
1691 1790 1774 1840 est
1804 1797 1890 1837 re-

298 1885 468 1942 gnum
487 1871 512 1924 τ

372 1963 465 2020 25.
514 1962 926 2020 Calumniantur
972 1967 1137 2020 etiam
1195 1965 1397 2021 inimici
1464 1965 1767 2020 ultroneum
1816 1965 1886 2021 ad

303 2063 534 2111 mortem
576 2071 762 2112 eorum
791 2071 1151 2129 progressum,
1183 2062 1320 2130 quos
1349 2071 1375 2100 ιι
1404 2059 1610 2128 passim
1647 2057 1887 2113 liberali-

301 2153 390 2201 tas
424 2146 568 2218 regis
589 2153 746 2203 suum
790 2148 951 2206 incoli
974 2143 1214 2217 iusserat
1249 2148 1743 2205 Christianismum.
1778 2147 1892 2206 Sed

300 2237 582 2306 praecessit
610 2237 716 2293 hoc
757 2253 882 2296 reor
924 2235 1230 2310 exemplum
1260 2240 1376 2312 (Μ)
1416 2241 1472 2295 in
1516 2239 1622 2296 illis
1677 2247 1886 2310 septem

299 2323 584 2392 fratribus,
624 2342 761 2397 quos
811 2337 961 2399 gesta
1003 2329 1148 2385 beati
1194 2329 1391 2386 Juliani
1435 2339 1882 2386 commemorant.

303 2417 408 2484 Qui
439 2418 562 2473 ideo
589 2417 730 2488 quod
753 2418 1140 2492 Augustalibus
1171 2422 1556 2493 praepollebant
1592 2423 1884 2490 natalibus,

302 2523 373 2565 ex
423 2509 644 2566 decreto
683 2511 988 2583 principum
1019 2513 1191 2571 libere
1236 2515 1560 2572 exercebant
1611 2517 1888 2589 religionis

305 2600 588 2657 catholica:
633 2602 855 2658 cultum.
904 2603 1013 2661 Sed
1055 2613 1236 2661 tamen
1277 2607 1335 2661 in
1386 2622 1557 2680 agone
1603 2609 1886 2664 sudantem

302 2689 525 2746 beatum
552 2688 824 2748 lulianum
858 2703 1164 2762 cernentes,
1195 2695 1339 2752 illico
1367 2697 1436 2752 ad
1473 2697 1674 2754 bellum
1713 2699 1891 2768 prosi-

304 2781 465 2847 liunt,
495 2792 551 2838 et
577 2797 764 2840 amore
803 2787 1057 2858 martyrii
1087 2787 1452 2844 voluntarium
1480 2789 1687 2845 obitum
1721 2805 1888 2862 expe-

303 2880 451 2929 tunt.
481 2873 708 2947 Legitur
740 2891 954 2948 quoque
979 2878 1047 2934 de
1072 2879 1301 2936 Domino
1325 2881 1379 2935 in
1408 2879 1712 2953 Evangeliis
1742 2900 1755 2937 :
1783 2880 1890 2940 Ob-

305 2961 539 3032 ﬁrmasit
568 2965 758 3034 faciem
776 2967 948 3034 suane,
972 2975 1034 3022 ut
1058 2968 1155 3024 iret
1181 2969 1238 3023 in
1263 2967 1598 3026 Hierusalem
1625 2971 1778 3045 (Luc.
1810 2979 1888 3041 Ix,

308 3055 426 3125 51).
458 3055 610 3123 Quod
637 3058 712 3112 ita
733 3065 955 3120 sanctus
972 3060 1194 3128 exponit
1223 3059 1582 3134 Hieronymus
1609 3061 1831 3136 (Quaest.
1858 3064 1894 3120 5

308 3146 382 3202 ad
425 3146 762 3220 Atgasiam):
799 3167 819 3202 ι
868 3149 1258 3209 Obtirmatione
1293 3153 1438 3210 enim
1481 3164 1536 3210 et
1577 3153 1894 3213 fortitudine

1987 579 2092 635 deli
2123 579 2294 637 relatu
2333 580 2763 652 persecutionem
2807 581 3222 646 catholicorum,
3255 596 3376 651 quae
3424 585 3568 653 apud

1986 671 2292 729 Gerundam
2327 673 2596 743 Hispania:
2624 673 2814 729 urbem
2839 674 3108 730 conﬁnem
3136 673 3322 730 Galliae
3346 677 3572 745 gereba-

1986 772 2096 830 tur,
2122 764 2469 836 comperiret,
2496 764 2892 835 crudeliterque
2918 765 3218 821 Ecclesiam
3245 763 3569 820 Dei'ibidem

1988 871 2020 911 a
2061 857 2285 928 paganis
2328 855 2576 911 infestari
2613 865 2998 928 cognosceret;
3052 857 3324 929 extemplo
3359 856 3571 911 littera-

1989 958 2123 1005 tura:
2153 949 2392 1005 liberalis
2421 949 2660 1008 studium
2681 949 3085 1020 derelinquens,
3123 951 3266 1021 quod
3306 951 3358 1005 in
3387 949 3568 1006 Caesa-

1987 1056 2083 1096 rea
2105 1039 2441 1096 Mauritaniae
2468 1041 2676 1110 positus
2727 1041 3032 1108 excolebat,
3071 1041 3295 1112 praepeti
3350 1042 3573 1112 naviga-

1987 1135 2136 1191 tione
2161 1147 2378 1205 :equore
2402 1131 2742 1203 transmisso,
2768 1137 3087 1207 praedictum
3117 1134 3370 1206 oppidum
3417 1134 3570 1198 adiit,

1991 1229 2176 1300 ibique
2206 1229 2551 1301 martyrium,
2582 1230 2727 1300 quod
2753 1231 2942 1301 patriae
2973 1245 3082 1286 sua:
3107 1231 3316 1295 deerat,
3345 1228 3573 1283 devotus

1991 1319 2146 1376 miles
2172 1319 2375 1376 Christi
2405 1320 2865 1392 triumphabiliter
2885 1320 3284 1377 consummavit
3309 1317 3444 1392 (16).
3481 1316 3575 1372 Sic

1992 1420 2213 1468 sanctus
2251 1411 2624 1480 Sebastianus,
2674 1413 2754 1469 sic
2797 1415 3144 1469 beatissimus
3190 1412 3456 1484 Thyrsus,
3495 1409 3575 1464 sic

1991 1505 2195 1560 electus
2215 1504 2506 1569 Adrianus,
2537 1505 2616 1560 sic
2643 1503 2828 1561 Justus
2856 1505 3122 1560 etPastor
3145 1503 3281 1575 (l7),
3311 1503 3389 1558 sic
3415 1499 3578 1556 Eula-

1991 1597 2065 1652 lia
2085 1598 2236 1668 virgo
2267 1596 2742 1663 Barchinonensis,
2767 1598 2848 1653 sic
2884 1597 3116 1669 Babylas
3145 1593 3408 1667 pontifex,
3435 1591 3576 1648 mul-

1994 1691 2142 1760 tique
2167 1688 2255 1744 alii
2291 1697 2483 1760 sponte
2509 1703 2571 1745 se
2595 1690 2926 1756 obtulerunt,
2961 1697 3016 1744 et
3042 1687 3284 1744 coronati
3324 1694 3468 1741 sunt.
3507 1683 3577 1738 Et

1995 1783 2220 1847 idcirco,
2251 1791 2310 1836 ut
2344 1782 2565 1853 quidam
2601 1784 2925 1853 sapientium
2958 1781 3204 1837 meminit
3249 1797 3264 1835 :
3310 1797 3330 1831 ι
3371 1779 3399 1819 δ
3429 1778 3578 1833 lnter

1913 1883 1962 1944 Β
1989 1873 2194 1945 primas
2215 1872 2505 1943 dignitates
2535 1886 2824 1940 regnorum
2847 1871 3148 1928 cmlestium
3173 1877 3298 1924 sunt
3315 1867 3575 1940 ponendi,

1989 1963 2080 2032 qui
2103 1963 2170 2018 ad
2198 1962 2507 2032 passionem
2534 1969 2798 2017 venerunt
2818 1975 2924 2017 non
2946 1961 3159 2032 quaesiti
3186 1979 3198 2013 :
3229 1968 3285 2015 et
3311 1958 3579 2014 excellen-

1988 2053 2061 2109 tis
2099 2052 2210 2108 voti
2251 2061 2355 2119 est,
2404 2052 2546 2108 inter
2592 2060 2864 2110 tormenta
2909 2051 3182 2123 prosilire,
3230 2051 3323 2108 ubi
3350 2065 3461 2106 non
3493 2055 3579 2104 est

1991 2142 2236 2200 criminis
2263 2143 2505 2200 latuisse.
2546 2163 2567 2197 ι

2009 2310 2011 2312 η
2058 2239 2150 2294 25.
2177 2237 2286 2296 Sed
2311 2239 2366 2294 in
2394 2239 2626 2295 veritate
2655 2238 2766 2311 (18)
2797 2239 3007 2296 crimen
3037 2251 3158 2293 esse
3186 2235 3465 2296 fatendum
3493 2239 3580 2290 est

1991 2331 2230 2398 latitare,
2272 2331 2317 2387 si
2344 2332 2518 2387 virtus
2545 2331 2861 2388 excellentis
2891 2330 3072 2386 meriti
3099 2335 3181 2384 est
3204 2327 3346 2384 ultro
3385 2340 3576 2398 proce-

1992 2424 2158 2488 dere;
2191 2421 2407 2492 quando
2432 2421 2556 2476 fidei
2599 2429 2800 2477 nostrae
2827 2419 3099 2478 confessio
3134 2417 3576 2491 praedicationem

1991 2514 2182 2585 exigit,
2203 2523 2256 2568 et
2291 2513 2658 2569 testimonium
2687 2513 2942 2585 postulat.
2969 2513 3108 2568 Nam
3133 2513 3179 2569 si
3205 2512 3390 2567 audito
3410 2509 3576 2566 verbo

1991 2603 2258 2671 veritaﬁs,
2290 2605 2452 2664 ﬁdem
2473 2605 2788 2661 incredulus
2814 2621 2923 2661 non
2951 2605 3346 2669 accommodet,
3376 2603 3579 2672 magis-

1995 2707 2100 2765 que
2127 2693 2422 2765 exprobret
2446 2693 2842 2765 evangelizanti
2885 2709 3047 2764 quam
3089 2693 3306 2760 credat;
3342 2708 3464 2748 cum
3507 2691 3577 2746 sit

1993 2793 2120 2841 ante
2145 2785 2419 2857 cognitam
2445 2785 2734 2842 veritatem
2759 2784 3120 2856 inculpabilis,
3150 2783 3211 2839 fit
3234 2783 3579 2854 postmodum

1996 2885 2200 2936 sanctae
2221 2878 2592 2949 praedicationi
2633 2876 2921 2933 obnoxius.
2952 2875 3088 2943 Quia
3129 2892 3237 2932 non
3276 2874 3478 2946 poterit
3513 2873 3582 2928 de

1995 2971 2307 3043 ignorantia
2329 2985 2390 3027 se
2431 2983 2712 3036 excusare,
2753 2969 2847 3024 ubi
2872 2969 3077 3025 veritas
3114 2968 3432 3024 elucubrata
3466 2981 3582 3020 res-

1994 3065 2278 3136 ponderit,
2316 3063 2543 3122 Domino
2593 3071 2650 3142 et
2700 3061 2959 3135 magistro
3012 3069 3296 3118 testante:
3354 3059 3586 3116 Memen-
3633 3085 3638 3092 ι

1998 3165 2102 3212 tote
2140 3158 2393 3212 sermonis
2433 3157 2555 3224 mei,
2598 3172 2750 3227 quem
2801 3171 2895 3227 ego
2944 3155 3057 3210 dixi
3114 3153 3256 3209 vobis
3285 3169 3302 3207 :
3336 3151 3458 3206 Non
3508 3156 3585 3204 est

309 3252 452 3309 opus
495 3246 580 3296 est
614 3241 684 3296 ad
717 3241 1025 3312 passionem
1066 3252 1257 3314 sponte
1301 3247 1630 3337 properanti.
1666 3246 1815 3304 Unde
1841 3250 1970 3318 θια
1999 3263 2177 3304 seruus
2231 3249 2406 3320 major
2454 3249 2668 3303 domino
2725 3265 2840 3304 suo.
2889 3245 2952 3304 Si
2999 3264 3081 3303 me
3128 3247 3383 3337 persecuti
3430 3253 3586 3312 sunt,

309 3331 609 3401 E‘zecbieli,
637 3333 730 3389 cui
756 3334 970 3391 dixerat
991 3335 1132 3392 Deus
1169 3353 1181 3390 :
1215 3329 1326 3391 Fili
1349 3337 1572 3393 hominis
1589 3379 1604 3405 ,
1636 3340 1694 3393 in
1721 3339 1895 3394 medio

311 3422 654 3493 scorpionum
679 3431 737 3478 tu
777 3424 1007 3493 habitas,
1049 3441 1110 3481 ne
1149 3427 1367 3493 timeas;
1410 3427 1632 3497 obﬁrma
1677 3428 1912 3502 (inquit)e

311 3511 506 3582 faciem
535 3520 702 3570 tuam.
722 3512 794 3569 Et
815 3513 942 3570 dedi
968 3514 1158 3585 faciem
1187 3525 1331 3572 tuam
1356 3531 1571 3582 teneam,
1602 3529 1651 3574 et
1672 3519 1902 3588 frontem

313 3611 462 3658 tuam
491 3603 716 3674 ferream
743 3604 962 3675 (Eucti.
989 3623 1050 3674 ιι,
1076 3623 1159 3676 ιιι,
1180 3607 1257 3680 tv)
1280 3649 1295 3675 ,
1320 3617 1380 3664 ut
1401 3609 1448 3666 si
1473 3608 1614 3666 forte
1633 3611 1899 3668 surrexis-

316 3706 406 3754 set
440 3705 632 3754 contra
670 3713 798 3755 eum
835 3699 1062 3756 malleus
1084 3701 1353 3759 universae
1393 3711 1571 3770 teme,
1615 3706 1769 3774 quasi
1810 3707 1898 3762 in-

315 3791 460 3848 cude
492 3790 786 3847 durissima
824 3791 1128 3859 resisteret,
1173 3793 1536 3866 malleumque
1572 3805 1894 3871 contereret,

317 3883 400 3940 De
429 3899 538 3956 quo
566 3884 826 3956 scriptum
856 3883 947 3941 "est
984 3898 1004 3941 :
1041 3885 1316 3951 Quomodo
1357 3887 1658 3957 confractus
1704 3897 1803 3957 est,
1852 3900 1901 3946 et

315 3977 578 4032 contritus
607 3985 684 4033 est
721 3975 942 4034 malleus
989 3978 1245 4034 unitersas
1269 3989 1422 4035 teme
1462 3980 1598 4052 (Jer.
1631 3998 1685 4048 ι,
1708 3981 1842 4053 25)?
1877 3998 1897 4034 ι

315 4067 469 4132 Idem
497 4084 712 4142 quoque
738 4067 929 4128 doctor
958 4071 1014 4127 in
1043 4072 1357 4142 supradicto
1397 4088 1560 4143 opere
1606 4075 1904 4146 quamdam

317 4159 600 4234 Evangelii
653 4163 980 4221 sententiam
1013 4155 1310 4235 exponens,
1356 4166 1432 4221 ait
1459 4165 1629 4238 (Ibid.
1662 4183 1738 4222 ιι.
1787 4167 1853 4238 5)
1885 4184 1900 4223 :

326 4275 348 4311 ι
385 4256 504 4315 Non
550 4269 636 4317 est
672 4261 896 4319 delicata
932 4261 988 4318 in
1015 4263 1206 4329 Deum,
1252 4269 1308 4318 et
1349 4275 1540 4316 secura
1589 4257 1900 4316 confessio:

321 4354 414 4424 qui
463 4355 516 4410 in
545 4369 634 4412 me
659 4359 852 4426 credit,
894 4353 1054 4416 debet
1087 4363 1246 4414 Suum
1295 4354 1612 4426 Sanguinem
1657 4353 1902 4409 fundere.

323 4445 429 4512 Qui
458 4441 603 4502 enim
633 4447 930 4520 perdiderit
968 4449 1206 4504 animam
1251 4459 1402 4502 suam
1434 4446 1490 4500 in
1520 4443 1796 4515 praesenti,
1823 4442 1909 4497 lu-

323 4539 570 4597 crifaciet
591 4555 712 4598 eam
740 4543 795 4598 in
822 4541 1024 4599 futuro.
1055 4561 1074 4595 ι
1095 4541 1339 4611 Denique
1365 4537 1586 4608 Agabus
1614 4536 1904 4606 prepbeta,

2001 3349 2050 3396 et
2103 3357 2190 3396 vos
2248 3349 2620 3412 persequentur
2656 3356 2676 3397 :
2725 3343 2772 3397 si
2831 3358 3121 3397 sermonem
3178 3358 3349 3396 meum
3407 3355 3583 3396 serva-

2000 3439 2204 3497 verunt,
2245 3437 2294 3486 et
2333 3437 2560 3486 vestrum
2616 3431 2913 3488 servabunt.
2964 3431 3071 3489 Sed
3119 3433 3230 3488 haec
3275 3431 3449 3486 omnia
3505 3431 3590 3502 fa—

2003 3523 2136 3577 cient
2169 3523 2307 3578 vobis
2341 3533 2551 3594 prapter
2577 3540 2764 3579 nomen
2793 3540 2966 3579 meum
2999 3537 3018 3576 :
3055 3525 3180 3595 quia
3209 3524 3441 3578 nesciunt
3465 3537 3584 3576 eum

1997 3615 2088 3685 qui
2125 3613 2267 3668 misit
2302 3629 2404 3670 me.
2451 3611 2509 3670 Si
2560 3629 2667 3668 non
2712 3617 2981 3682 venissem,
3028 3622 3076 3668 et
3115 3613 3318 3668 locutus
3359 3613 3431 3665 eis
3479 3626 3590 3664 non

2004 3708 2242 3778 fuissem,
2273 3716 2542 3777 peccatum
2588 3725 2692 3764 non
2726 3707 2974 3764 haberent
3001 3711 3019 3764 ὲ
3049 3724 3186 3762 nunc
3215 3715 3389 3761 autem
3431 3720 3588 3759 excu-

2004 3801 2262 3856 sationem
2286 3815 2391 3855 non
2413 3799 2602 3854 habent
2624 3801 2688 3855 de
2707 3811 2918 3871 peccato
2940 3815 3036 3855 suo
3068 3797 3251 3872 (Joan.
3280 3813 3372 3864 xv,
3396 3795 3514 3868 20).

2074 3891 2166 3946 Ωὸ.
2201 3888 2474 3958 Obiiciunt
2519 3891 2682 3948 etiam
2716 3887 3010 3948 adversarii
3039 3904 3328 3960 corporum
3374 3901 3589 3942 eorum-

2006 3981 2129 4038 dem
2174 3981 2596 4052 corruptionem.
2641 3981 2768 4050 Sed,
2801 3997 3004 4054 quaaso,
3053 3979 3416 4053 respondeant
3459 3977 3590 4049 quid

2006 4073 2164 4130 obeat
2189 4074 2397 4130 ctelesti
2418 4075 2530 4146 jam
2553 4077 2778 4146 praemio
2801 4076 3094 4142 coronatis,
3124 4075 3278 4148 quasi
3299 4073 3376 4130 illi
3410 4073 3592 4129 carnis

2008 4163 2322 4221 affectarint
2353 4167 2639 4234 honorem,
2682 4169 2775 4238 qui
2827 4184 2955 4225 vere
3005 4176 3272 4224 noverant
3325 4166 3598 4238 perlatam

2007 4255 2137 4312 olim
2164 4253 2483 4313 mortalibus
2502 4256 2694 4329 legem,
2720 4273 2824 4328 qua
2848 4259 3051 4314 dictum
3075 4267 3159 4314 est
3181 4258 3311 4314 Adae
3334 4255 3488 4332 (Gen.
3510 4274 3596 4330 ιιι,

2010 4343 2100 4418 ιθ)
2131 4364 2144 4401 :
2171 4344 2354 4403 Pulvis
2385 4365 2458 4416 es,
2483 4358 2531 4404 et
2557 4349 2615 4403 in
2635 4349 2896 4420 pulverem
2917 4351 3189 4422 redigeris,
3231 4358 3326 4405 aut
3349 4365 3450 4421 per
3469 4365 3596 4422 sup-

2013 4436 2173 4508 plicia
2201 4446 2578 4510 tyrannorum,
2617 4441 2813 4512 quibus
2859 4442 3042 4497 datum
3071 4449 3156 4498 est
3201 4457 3399 4514 corpus
3446 4441 3596 4498 occi-

2014 4530 2161 4598 dere,
2188 4534 2513 4604 quandoque
2553 4532 2719 4589 ﬁnem
2755 4533 3038 4604 accipere?
3087 4533 3223 4602 Quia
3263 4535 3432 4610 οηιηὶδ
3470 4550 3595 4588 caro

328 4646 454 4689 cum
479 4635 717 4691 venisset
741 4635 812 4712 ad
840 4634 1111 4706 apostolos
1149 4631 1340 4688 tollens
1365 4644 1560 4688 zonam
1583 4627 1760 4694 Pauli,
1789 4625 1906 4682 alii-4
1933 4613 1988 4682 Β
2014 4623 2208 4694 fenum,
2234 4633 2282 4680 et
2320 4626 2488 4681 omnis
2515 4625 2686 4698 gloria
2713 4627 2827 4698 ejus
2862 4629 3012 4699 quasi
3053 4629 3151 4698 ﬂos
3178 4629 3292 4700 agri
3334 4625 3468 4701 (Isa.
3502 4643 3596 4694 χι,

329 4723 478 4796 gavit
511 4718 618 4782 sibi
653 4727 819 4797 pedes
862 4735 918 4783 et
962 4741 1172 4790 manus,
1221 4732 1278 4780 et
1327 4723 1405 4779 ait
1425 4723 1564 4795 (Act.
1606 4737 1720 4790 xxx,
1755 4713 1823 4778 10
1852 4728 1912 4808 et

328 4816 512 4887 seqq.)
536 4834 550 4872 :
581 4814 711 4872 Hau
733 4817 859 4872 dicit
890 4815 1117 4887 Spiritus
1144 4824 1356 4871 sanctus
1383 4830 1402 4869 :
1439 4811 1622 4868 Virum
1663 4810 1816 4883 cujus
1836 4817 1916 4867 est

332 4919 468 4962 zona
509 4909 644 4974 hac,
691 4907 766 4964 s'ic
817 4908 1104 4980 alligabunt
1142 4906 1199 4961 in
1240 4891 1571 4960 Hierusalem
1599 4902 1780 4982 Judtei
1805 4942 1820 4969 ,
1862 4909 1914 4957 et

333 4997 544 5052 tradent
571 4997 644 5062 in
685 5003 876 5052 Manus
923 4993 1213 5068 gentilium.
1260 4994 1416 5062 Quod
1458 5007 1582 5048 cum
1635 4989 1916 5048 audissent

334 5088 585 5160 apostoli,
611 5097 668 5144 et
693 5083 788 5159 Qui
815 5081 919 5144 loci
944 5087 1090 5144 illius
1117 5075 1296 5152 erant,
1327 5101 1397 5142 ne
1442 5085 1761 5141 ascenderet
1787 5081 1916 5140 Hie-‘

335 5180 682 5252 rosolymam,
706 5193 830 5236 wm
867 5171 1136 5252 'lae'rymis
1184 5177 1565 5249 precabantur.
1613 5175 1758 5230 Tunc
1801 5191 1914 5230 res-

336 5271 568 5342 pondens
598 5268 826 5337 Paulus,
865 5261 1044 5326 dixit:
1085 5270 1226 5338 Quid
1266 5269 1441 5340 facitis
1466 5269 1668 5339 ﬂentes,
1715 5273 1762 5322 et
1789 5265 1923 5338 ami—

338 5369 512 5434 gentes
539 5379 631 5418 cor
651 5364 862 5418 meum?
899 5362 1014 5434 Ego
1040 5363 1177 5418 enim
1209 5363 1314 5416 non
1352 5359 1520 5416 solum
1563 5359 1795 5430 alligari,
1829 5355 1924 5414 sed

340 5462 392 5508 et
416 5453 555 5508 mori
577 5454 634 5508 in
681 5451 1016 5508 Hierusalem
1051 5461 1274 5524 paratus
1320 5465 1437 5506 sum
1483 5457 1694 5520 propter
1731 5463 1924 5504 nomen

343 5545 557 5600 Domini
576 5545 709 5601 Iesu
726 5543 940 5604 Christi.
965 5541 1033 5600 Et
1057 5555 1182 5603 cum
1206 5543 1258 5600 ei
1285 5541 1514 5599 suadere
1541 5555 1649 5596 non
1675 5545 1923 5612 possent,

344 5637 668 5709 quieverunt
702 5637 983 5695 dicentes:
1019 5635 1232 5692 Domini
1259 5633 1500 5692 uoluntas
1534 5632 1650 5703 ﬁat.

419 5764 447 5797 ⁸
481 5744 720 5823 Publice,
740 5753 940 5825 palam,
971 5751 1206 5820 Schott.,
1243 5749 1339 5808 sed
1359 5749 1538 5806 minus
1569 5755 1736 5806 recte.

2013 4715 2090 4789 6).
2131 4716 2199 4772 Et
2225 4733 2348 4772 cum
2376 4733 2594 4774 omnem
2621 4719 2771 4788 dicit,
2798 4719 2997 4777 nullius
3019 4735 3237 4776 carnem
3264 4736 3331 4777 ex
3359 4721 3594 4775 humano

2017 4803 2514 4864 semine'orientem
2543 4807 2764 4880 reliquit
2800 4809 2878 4883 (et
2913 4811 3042 4867 licet
3082 4811 3369 4877 audenter,
3417 4808 3596 4864 dicam

2017 4900 2218 4972 tamen)
2243 4915 2350 4956 non
2391 4901 2847 4972 patriarcharum,
2885 4920 2993 4962 non
3039 4905 3444 4976 prophetarum,
3485 4918 3596 4958 non

2016 4987 2406 5060 apostolorum,
2445 5005 2554 5048 non
2605 5001 2928 5065 martyrum.
2975 4993 3180 5067 Legant
3229 4993 3597 5063 apostolorum

2016 5082 2206 5151 Actus,
2227 5083 2320 5155 qui
2351 5085 2456 5141 ista
2486 5085 2776 5154 somniant,
2819 5095 2875 5143 et
2900 5087 3198 5153 invenient,
3234 5093 3466 5140 testante
3498 5085 3599 5140 Pe-

2023 5182 2126 5240 tro,
2167 5175 2340 5234 David
2379 5175 2529 5233 illum
2557 5193 2589 5233 a
2631 5180 2742 5237 Deo
2774 5179 3020 5245 electum,
3069 5187 3122 5234 et
3167 5178 3460 5233 secundum
3505 5194 3602 5236 cor

2027 5283 2183 5326 suum
2211 5267 2586 5327 fidelissimum
2616 5286 2853 5339 servum,
2886 5269 3172 5341 sepulturae
3199 5270 3603 5338 corruptionem

2024 5373 2146 5416 esse
2181 5359 2518 5432 perpessum,
2548 5361 2616 5419 iis
2635 5363 2811 5419 verbis
2835 5360 3091 5440 Apostolo
3117 5361 3414 5418 disserente
3445 5381 3457 5416 :
3497 5361 3608 5418 Viri

2030 5453 2242 5526 fratres,
2290 5454 2406 5510 licet
2453 5456 2726 5523 audenter,
2757 5457 2931 5510 dicam
2973 5449 3038 5511 de
3081 5455 3383 5526 patriarcha
3412 5454 3610 5525 David,

2029 5543 2154 5618 quia
2191 5555 2240 5602 et
2265 5547 2542 5618 defunctus
2576 5557 2672 5613 est,
2710 5558 2757 5604 et
2779 5536 3016 5622 sepultus
3044 5559 3116 5604 est
3167 5565 3186 5604 :
3225 5541 3274 5604 et
3313 5541 3614 5619 sepulcrum

2030 5637 2146 5708 ejus
2171 5647 2244 5692 est
2267 5639 2406 5710 apud
2446 5656 2537 5693 nos
2568 5656 2728 5711 usque
2762 5640 2818 5695 in
2858 5640 3166 5708 hodiernum
3189 5639 3330 5697 diem
3362 5655 3380 5694 :
3409 5649 3457 5698 et
3485 5657 3610 5698 caro

2039 5741 2060 5818 λ
2103 5747 2133 5789 b
2164 5747 2337 5805 Verba
2365 5759 2489 5806 sunt
2510 5766 2576 5807 ex
2612 5753 2799 5810 eadem
2827 5753 2918 5814 illa
2953 5755 3182 5816 historia
3217 5754 3516 5813 Emethcrii
3556 5759 3614 5818 et

2032 5817 2306 5880 Celedonii
2332 5821 2634 5896 desumpta.
2662 5821 2868 5886 Mem.
