4094 6346
528 363 628 417 759

1627 362 1704 418 S.-
1727 356 2004 417 EULOGll
2044 355 2368 414 ARCHIEP.
2409 355 2654 414 TOLET.

3697 358 3802 416 760

521 479 636 547 ejus
662 477 786 534 vidit
815 481 1198 548 corruptionem
1222 477 1359 551 (Act.
1383 492 1445 543 ιι,
1468 476 1583 546 29).
1629 476 1984 532 Considerent
2010 488 2106 543 pa-
2133 476 2185 535 Α
2211 473 2368 527 ducat
2389 489 2410 538 ;
2445 472 2597 526 multi
2625 473 2762 526 enim
2796 472 3258 544 pseudopropheta:
3286 471 3486 528 venient
3515 473 3574 527 in
3597 477 3811 531 nomine

523 571 820 624 triarcham
846 568 948 625 Job
975 570 1251 625 vermibus
1272 576 1565 624 scatentem
1593 566 1734 639 (Job.
1768 583 1826 633 ιι,
1860 567 1915 632 7,
1941 566 2017 636 8),
2050 573 2106 619 et

522 663 787 717 Lazarum
819 662 1188 731 evangelicum
1216 661 1518 716 ulcerosum
1543 675 1654 730 pra:
1677 657 1880 713 foribus
1904 672 2106 727 purpu-

521 754 629 808 rati
655 753 837 809 divitis
866 751 1258 808 mendicantem
1300 751 1449 822 (Luc.
1483 767 1597 815 xw,
1622 748 1734 820 20).
1777 748 2104 804 Percurrant

522 853 840 900 cmterorum
882 853 1213 909 sanctorum,
1261 844 1506 898 adinstar
1557 843 1796 899 siderum
1840 843 1984 908 coeli,
2023 844 2104 898 di-

450 927 455 934 ’
522 943 804 990 versarum
831 936 1180 990 victoriarum
1204 935 1463 1005 fulgentia
1489 943 1658 1006 gesta,
1700 942 1754 990 et
1783 935 2020 1000 insultet,
2056 935 2101 990 si

523 1028 707 1091 audet,
740 1025 1033 1096 sacrilegus
1059 1040 1246 1080 eorum
1272 1027 1482 1096 putrida
1516 1025 1777 1091 membra,
1829 1025 2102 1080 doloribus

523 1125 939 1181 tormentorum,
963 1118 1245 1188 poenisque
1266 1127 1606 1187 consumpta.
1650 1115 1756 1172 Sed
1804 1117 1919 1171 hare
1969 1123 2102 1169 tem-

520 1208 721 1277 poralis
769 1208 1045 1276 corruptio
1093 1224 1380 1278 corporum
1415 1208 1468 1262 in
1516 1208 1666 1264 nullo
1715 1207 2099 1262 detrimentum

520 1298 687 1352 infert
717 1297 1001 1354 animabus
1042 1309 1351 1355 sanctorum
1384 1315 1398 1354 :
1435 1316 1555 1370 qua:
1593 1310 1770 1356 tamen
1817 1300 2100 1355 incolumis

520 1390 775 1444 materies
813 1390 996 1445 carnis
1033 1392 1290 1460 prodesse
1332 1407 1439 1447 non
1469 1392 1668 1462 poterit
1699 1393 1752 1446 in
1793 1389 1973 1446 futuro
1999 1391 2101 1446 ini-

519 1479 661 1546 quis.
695 1479 830 1534 Nam
861 1497 960 1535 cur
987 1497 1126 1536 vana
1154 1483 1513 1538 sollicitudine
1541 1484 1607 1538 de
1644 1497 1930 1553 corporum
1963 1484 2100 1538 inte-

519 1571 714 1640 gritate
761 1574 1214 1641 distenderentur,
1267 1577 1359 1646 qui
1414 1585 1844 1658 verenoverant
1882 1591 2095 1632 omnem

2205 581 2341 631 meo,
2381 573 2429 618 et
2471 565 2714 618 seducent
2737 564 2932 619 multos
2965 563 3180 636 (Matth.
3205 579 3354 629 xxiv,
3406 565 3463 630 4,
3491 564 3548 636 5)
3578 582 3599 620 :
3624 576 3682 621 et
3702 582 3802 622 nos

2205 654 2498 711 formidine
2568 655 2849 709 amittendi
2908 655 3261 724 temporalem
3321 657 3609 721 honorem,
3667 672 3812 728 quos

2205 753 2473 817 martyres
2509 761 2616 801 non
2647 745 2899 811 colimus,
2931 731 3230 802 ‘lizcreticos
3256 754 3649 816 protestamur.
3717 749 3812 803 Va:

2203 837 2309 893 illis
2337 839 2427 909 qui
2453 839 2554 893 ista
2582 839 2890 893 sectantur!
2935 836 3028 892 Vae
3071 838 3153 893 eis
3187 838 3280 906 qui
3307 839 3508 893 bonum
3551 847 3814 908 potants

2201 929 2427 998 malum,
2461 939 2516 984 et
2549 929 2722 984 lucem
2752 937 3132 985 convertentes
3163 933 3218 984 in
3259 931 3520 985 tenebras
3567 929 3708 999 (Ita.
3749 947 3810 997 v,

2199 1021 2315 1093 20),
2363 1022 2504 1092 quod
2552 1021 2753 1091 patulis
2796 1019 3102 1076 refularunt
3147 1021 3536 1092 blasphemiis.
3577 1025 3814 1078 occultis

2199 1113 2362 1168 etiam
2397 1111 2649 1166 convitiis
2692 1111 3090 1180 insequuntur!
3123 1109 3201 1166 Ne
3229 1111 3372 1166 inter
3405 1119 3684 1182 martyres
3716 1113 3816 1166 ha-

2199 1203 2448 1267 beantur,
2474 1216 2541 1256 ne
2557 1201 2738 1256 debita
2756 1201 2836 1256 eis
2855 1200 3159 1255 reverentia
3189 1199 3537 1264 exhibentur,
3558 1200 3659 1269 qui
3679 1215 3814 1255 con-

2199 1296 2485 1351 tumaciori
2523 1295 2716 1364 spiritu
2743 1301 2934 1349 contra
2969 1293 3245 1348 inimicum
3269 1291 3393 1348 ﬁdei
3423 1307 3523 1348 ore
3549 1292 3812 1362 blasphe-

2197 1401 2288 1441 mo
2334 1385 2634 1451 venientes,
2689 1384 2848 1455 digna
2899 1383 3105 1440 ultione
3153 1383 3466 1454 consumpti
3506 1383 3809 1454 sunt(t9).

2201 1477 2284 1535 Ac
2321 1494 2391 1534 ne
2444 1477 2627 1533 caeteri
2667 1477 2736 1532 ad
2769 1477 3080 1548 huiusmodi
3115 1477 3420 1548 palaestram
3470 1477 3809 1543 discurrant,

2199 1569 2466 1626 schedulis
2525 1570 2931 1625 anathematum
2991 1585 3091 1639 per
3149 1569 3265 1624 loca
3337 1569 3494 1624 varia
3554 1569 3808 1624 damnari

517 1663 870 1732 temporalem
899 1665 1128 1720 salutem
1150 1667 1312 1721 etiam
1340 1683 1462 1722 cum
1493 1668 1610 1739 ipso
1651 1669 1852 1724 mundo
1894 1669 2095 1738 perire,
2189 1659 2468 1730 iubentur.
2517 1661 2577 1718 Si
2625 1678 2756 1734 ergo
2803 1665 2873 1719 ab
2910 1663 2980 1719 iis
3026 1663 3290 1720 Dominus
3337 1661 3612 1718 abstrahit
3672 1677 3816 1732 prae-

517 1761 574 1806 et
599 1753 744 1807 illam
772 1757 1107 1825 protoplasto
1152 1757 1283 1812 Adae
1329 1761 1650 1814 sententiam
1698 1761 1890 1815 mortis
1937 1761 2098 1817 colla-

2201 1754 2388 1820 mium,
2446 1769 2514 1809 eo
2555 1755 2699 1824 quod
2757 1762 3005 1825 apertum
3054 1762 3108 1808 et
3130 1763 3488 1826 spontaneum
3542 1754 3814 1809 adversus

519 1853 628 1898 tam
683 1848 1010 1916 generaliter
1069 1851 1280 1904 cunctis
1351 1852 1667 1908 mortalibus
1726 1862 2023 1924 congruere
2077 1843 2413 1908 εΒῙιοεῑθῐῐι
2460 1842 2736 1913 religionis
2759 1845 3038 1948 ,εξεεθξὶηῐ
3063 1844 3290 1948 δείιυξην
3332 1853 3538 1948 αυδηξίξ
3581 1845 3810 1948 mugilis

518 1933 704 1989 Pulvis
751 1954 824 2002 es,
875 1949 922 1992 et
967 1939 1022 1992 in
1064 1941 1328 2010 pulverem
1378 1945 1644 1998 reverteris
1675 1942 1826 2014 (Gen.
1863 1960 1944 2010 lu,
1976 1945 2098 2016 10)?

2203 1936 2434 1990 aberunt
2488 1936 2557 1990 ab
2583 1935 2774 1990 aeterni
2801 1935 2964 2008 Regis
3001 1937 3296 2003 consortio,
3354 1952 3444 2003 qui
3473 1938 3531 1992 id
3575 1936 3813 1992 occultis

520 2025 708 2082 Sancti
759 2031 981 2096 etenim,
1030 2032 1122 2100 qui
1173 2043 1424 2104 expertes
1468 2034 1584 2103 ejus
1631 2035 1763 2106 legis
1805 2050 1911 2090 non
1947 2044 2098 2104 sunt,

518 2117 663 2185 quod
689 2118 743 2173 in
778 2128 920 2174 terra
953 2137 1068 2184 sua,
1101 2122 1155 2176 id
1184 2131 1268 2178 est
1291 2123 1627 2180 Hierusalem
1669 2126 1895 2192 caelesti,
1935 2125 2102 2196 dupli-

516 2208 603 2260 cia
631 2211 838 2264 nacturi
868 2221 992 2265 sunt
1010 2213 1229 2282 prmmia
1251 2231 1268 2280 ;
1293 2230 1398 2269 non
1422 2231 1744 2287 magnopere
1768 2218 2101 2288 corporalem

519 2310 748 2366 pensant
785 2302 1080 2372 jacturam,
1126 2323 1288 2376 quam
1326 2309 1593 2364 veraciter
1627 2309 1687 2364 in
1732 2309 1821 2364 illa
1863 2311 2100 2382 generali

519 2392 798 2447 hominum
823 2399 1223 2454 resurrectione
1258 2401 1324 2455 de
1364 2402 1773 2475 quibuscunque
1805 2405 2099 2461 labefacta-

523 2483 786 2556 tionibus‘,
809 2485 964 2554 locis,
993 2491 1184 2557 antris,
1225 2502 1278 2546 et
1311 2493 1601 2563 speluncis,
1638 2511 1735 2551 seu
1757 2511 1826 2550 ex
1868 2497 2100 2553 aliorum

519 2572 914 2632 elementorum
937 2580 1278 2638 abditissimo
1299 2585 1442 2651 sinu,
1465 2601 1573 2655 quo
1601 2586 1808 2658 dilapsa
1837 2587 2102 2644 cadavera

517 2663 814 2730 perierint,
853 2667 907 2720 in
943 2672 1199 2738 temporis
1239 2683 1438 2743 puncto
1477 2676 1785 2745 reddenda,
1814 2686 1870 2734 et
1908 2679 2104 2735 reinte-

516 2759 721 2825 grando
755 2774 819 2814 ex
854 2759 1010 2830 legali
1045 2767 1367 2822 auctoritate
1395 2779 1728 2838 cognoscunt
1752 2779 1808 2826 et
1826 2771 2051 2827 credunt
2081 2788 2096 2826 :

515 2855 576 2898 ut
605 2848 705 2916 ipsi
736 2851 953 2918 quidem
984 2857 1158 2910 sancti
1199 2857 1396 2928 duplici
1431 2861 1656 2929 praemio
1680 2861 2098 2933 congaudentes,

513 2934 642 2991 bina
671 2941 986 2998 confusione
1012 2955 1296 3002 conteram
1321 2948 1514 3021 impios
1544 2966 1608 3007 ac
1626 2961 1957 3022 peccatores.

586 3029 675 3083 27.
731 3032 882 3089 Unde
911 3035 1137 3093 obsecro
1167 3054 1281 3106 vos,
1328 3057 1361 3096 ο
1387 3044 1562 3098 sancti
1585 3043 1787 3101 fratres
1812 3047 2004 3114 nostri,
2047 3057 2104 3104 et

517 3134 734 3176 sorores
763 3123 816 3177 in
855 3124 1071 3183 Christo
1109 3130 1300 3198 beatae,
1343 3148 1412 3188 ne
1446 3135 1737 3191 stultorum
1779 3139 2100 3195 assertioni-

2200 2027 2720 2084 murmurationibus
2770 2028 2965 2084 timore
3023 2029 3205 2085 carnis
3251 2029 3494 2099 depressi
3554 2029 3808 2099 quotidie

2200 2120 2408 2188 agunt?
2451 2118 2705 2189 Nunquid
2753 2121 2836 2176 ori
2867 2129 3054 2176 nostro
3075 2121 3193 2177 haec
3233 2123 3548 2192 praedicatio
3599 2123 3761 2178 deest
3787 2121 3814 2175 ?

2201 2213 2456 2283 Nunquid
2489 2228 2659 2269 vacua
2685 2221 2770 2270 est
2797 2215 3189 2272 catholicorum
3234 2213 3504 2286 professio
3543 2215 3642 2272 tali
3671 2231 3818 2286 pm

2203 2305 2360 2360 conio
2384 2305 2409 2359 ?

2271 2395 2362 2450 29.
2413 2393 2799 2451 Resistendum
2837 2403 2922 2450 est
2971 2395 3135 2467 igitur
3180 2397 3402 2453 omnino
3443 2396 3674 2468 iustitiae
3712 2395 3816 2450 ad-

2202 2485 2485 2553 versariis,
2553 2494 2610 2542 et
2659 2485 2969 2541 nullatenus
3021 2501 3122 2558 pro
3169 2485 3484 2544 defensione
3551 2488 3815 2543 veritatis

2203 2579 2503 2649 corporalis
2573 2579 2826 2635 interitus
2888 2577 3238 2636 differendus.
3313 2578 3509 2636 Merito
3562 2595 3812 2649 namque

2201 2672 2308 2728 hoc
2337 2673 2406 2728 ab
2433 2672 2540 2726 illis
2563 2671 2919 2737 exercitatur,
2959 2673 3052 2742 qui
3078 2682 3239 2729 aucta
3273 2673 3475 2728 virtute
3515 2675 3811 2745 magnani-

2201 2763 2407 2819 mitatis
2453 2763 2710 2818 divinitus
2748 2763 2998 2818 illustrati
3027 2771 3174 2832 sunt,
3214 2765 3638 2834 uberioremque
3672 2780 3811 2836 pen-

2203 2868 2325 2912 sant
2353 2856 2666 2912 certaminis
2688 2855 2945 2920 fructum,
2999 2869 3162 2924 quam
3184 2869 3388 2912 securae
3433 2856 3810 2913 confessionis

2201 2944 2505 3016 profectum
2533 2959 2549 3000 :
2577 2961 2685 3000 non
2717 2945 2934 3001 interim
2972 2946 3188 3016 penitus
3212 2947 3502 3002 imbecillia
3552 2959 3810 3003 contem-

2204 3047 2398 3093 nentes
2445 3037 2700 3093 Ecclesia:
2744 3038 3029 3103 membra;
3063 3038 3190 3109 quia
3232 3039 3495 3113 scriptum
3519 3049 3606 3095 est
3635 3058 3649 3094 :
3682 3038 3810 3110 Spi-

2205 3128 2339 3182 ritus
2357 3127 2565 3198 quidem
2607 3137 2901 3199 promptus,
2946 3144 3069 3182 caro
3095 3139 3272 3184 autem
3317 3129 3532 3200 inﬁrma
3577 3129 3805 3202 (Matth.

515 3209 618 3265 bus
667 3213 1049 3283 exturbemini,
1092 3228 1185 3274 aut
1236 3221 1562 3290 conjecturis
1608 3227 1812 3282 creduli
1849 3230 2096 3284 nescien-

2203 3233 2347 3283 xxvr,
2378 3219 2470 3290 41)
2499 3218 2635 3290 (20).
2679 3217 2789 3274 Nec
2815 3219 3079 3274 violenter
3106 3219 3174 3274 ad
3198 3220 3301 3276 hoc
3323 3221 3558 3276 stadium
3581 3232 3807 3292 pertra-

517 3298 650 3353 tium
675 3301 853 3372 aliqtto
887 3305 1062 3360 saltim
1089 3309 1342 3379 scrupulo
1382 3311 1545 3384 (quod
1584 3315 1743 3387 absit)
1773 3325 1961 3373 contra
2000 3319 2097 3376 Dei

517 3389 718 3446 milites
747 3395 1088 3451 moveamini.
1124 3397 1189 3451 Hi
1224 3407 1350 3454 sunt
1377 3402 1520 3456 enim
1557 3405 1650 3472 qui
1678 3405 1779 3474 piat
1821 3406 2098 3478 religionis

515 3480 712 3537 ardore
754 3498 861 3538 non
911 3499 1364 3559 compunguntur,
1415 3502 1470 3547 et
1521 3493 1723 3550 idcirco
1773 3511 1878 3552 non
1923 3498 2095 3554 solum

516 3571 730 3626 veritati
763 3572 942 3631 favere
978 3593 1084 3632 non
1113 3591 1368 3648 possunt,
1399 3586 1749 3640 verumetiam
1781 3586 1940 3644 fidem
1972 3605 2099 3646 san-

513 3671 675 3727 ctam,
719 3679 881 3734 quam
917 3667 1108 3725 leviter
1145 3681 1202 3727 et
1228 3689 1335 3728 non
1365 3675 1473 3731 alto
1512 3679 1849 3736 credulitatis
1897 3681 2097 3740 funda-

513 3761 696 3807 Inento
721 3755 976 3812 cordibus
1005 3769 1222 3829 gerunt,
1253 3762 1544 3822 defendere
1580 3778 1892 3840 nequeunt,
1922 3776 2098 3846 magis

512 3841 834 3914 derogantes
870 3847 914 3901 si
943 3861 1165 3920 propter
1197 3853 1341 3909 illam
1366 3858 1487 3926 quis
1508 3859 1787 3918 ultroneus
1809 3841 2096 3936 moriatur,

512 3948 675 4002 quam
707 3938 950 3994 dolentes
999 3941 1044 3996 si
1069 3943 1136 3998 ab
1164 3958 1228 3998 ea
1271 3946 1450 4015 plures
1498 3954 1797 4010 recedendo
1845 3958 2098 4029 laqueum

510 4031 974 4095 praevaricationis
1013 4035 1308 4094 incurrant.
1359 4042 1425 4098 Et
1467 4045 1594 4100 hinc
1650 4049 1716 4104 ad
1756 4052 2096 4124 sacrilegium

512 4117 806 4212 impietatis
841 4122 995 4178 facile
1015 4126 1388 4199 prolabuntur,
1421 4133 1548 4189 dum
1578 4139 1722 4206 quod
1749 4155 1779 4192 a
1807 4139 1916 4196 Deo
1935 4117 2097 4212 justi-

510 4207 729 4263 ficatum
770 4220 870 4278 est,
911 4215 1000 4270 isti
1035 4220 1394 4279 condemnare
1440 4241 1550 4281 non
1593 4238 1901 4288 vereantur.
1935 4207 2098 4290 Dlebs

416 4366 424 4372 κ
511 4301 630 4355 sine
671 4303 972 4396 disciplina,
1025 4309 1092 4365 de
1123 4314 1319 4381 quibus
1365 4318 1626 4388 scriptum
1662 4330 1746 4375 est
1780 4339 1794 4377 :
1827 4322 1894 4377 Et
1940 4325 2097 4396 impie

511 4403 664 4485 agent
693 4395 859 4466 impii,
905 4415 1067 4470 neque
1109 4404 1396 4476 intelligent
1420 4426 1594 4464 omnes
1628 4411 1774 4482 impii
1797 4413 1958 4484 (Dan.
1992 4395 2094 4485 xu,

511 4483 600 4553 10)
637 4488 785 4556 :qui,
842 4498 902 4543 ut
943 4493 1024 4548 sal
1069 4493 1382 4561 infatuatus,
1449 4515 1478 4553 a
1507 4510 1652 4556 coetu
1705 4483 2095 4562 catholicorum

2201 3312 2361 3368 bendi
2391 3321 2537 3379 sunt,
2578 3313 2670 3382 qui
2702 3312 2916 3369 coalitus
2963 3329 3070 3369 non
3105 3317 3414 3386 compuncti
3457 3324 3587 3372 sunt
3613 3318 3805 3374 :scri-

2198 3413 2350 3474 ptum
2373 3412 2458 3460 est
2478 3405 2623 3460 enim
2656 3423 2670 3459 :
2701 3403 2806 3471 Qui
2828 3415 2993 3476 potest
3023 3422 3206 3477 capere
3229 3408 3406 3478 capiat
3431 3407 3650 3480 (Matth.
3679 3427 3801 3478 xix,

2201 3496 2312 3562 12).
2359 3496 2428 3552 Et
2497 3498 2690 3553 iterum
2739 3514 2752 3551 :
2802 3497 3101 3569 Eligentur,
3171 3509 3222 3554 et
3273 3500 3685 3569 dealbabuntur,
3749 3514 3806 3559 et

2199 3588 2352 3658 quasi
2401 3589 2521 3657 igne
2547 3586 2909 3656 probabuntur
2941 3588 3096 3642 multi
3122 3589 3286 3660 (Dan.
3323 3606 3424 3658 xu,
3479 3591 3568 3664 10)
3618 3613 3632 3647 :
3689 3610 3800 3650 non

2200 3694 2408 3734 omnes.
2467 3678 2830 3746 Quamobrem
2881 3681 3130 3738 terminis
3179 3682 3468 3750 donorum,
3511 3703 3636 3758 qua:
3685 3689 3803 3745 Deo

2199 3769 2546 3846 dispensante
2579 3770 2950 3840 unusquisque
2990 3771 3093 3827 sibi
3123 3773 3303 3830 inesse
3323 3777 3618 3846 cognoscit,
3669 3794 3804 3834 con-

2200 3837 2382 3916 tentus
2407 3837 2618 3927 siCnec
2643 3877 2808 3932 supra
2832 3876 3140 3919 mensuram
3168 3865 3349 3922 collati
3376 3869 3620 3925 muneris
3643 3873 3802 3940 quis-

2199 3969 2362 4025 quam
2393 3963 2598 4010 temere
2641 3962 2892 4010 conatum
2938 3957 3215 4013 extendat.
3252 3958 3392 4015 Hinc
3419 3964 3697 4032 congruit,
3739 3975 3802 4019 ut

2199 4042 2290 4112 qui
2313 4058 2372 4098 se
2392 4043 2706 4098 destitutum
2727 4043 2933 4098 viribus
2960 4044 3027 4100 ad
3051 4046 3402 4115 praedandum
3425 4065 3533 4105 non
3556 4051 3799 4122 ignorat,

2197 4142 2254 4188 et
2283 4135 2461 4190 minus
2502 4149 2664 4204 posse
2699 4135 2918 4206 proprio
2947 4136 3152 4206 judicio
3199 4142 3575 4209 considerans,
3622 4146 3798 4200 aciem

2199 4229 2341 4284 hosti
2370 4245 2477 4284 non
2502 4238 2680 4300 paret,
2713 4245 2744 4284 e
2773 4230 2989 4300 regione
3017 4239 3206 4301 sponte
3230 4235 3666 4304 pmparantibus
3688 4254 3796 4293 non

2199 4319 2438 4374 resistat.
2481 4319 2553 4376 Ut
2577 4334 2736 4390 quem
2767 4336 2872 4376 non
2895 4320 3100 4376 habent
3122 4326 3424 4380 certamina
3455 4328 3797 4398 expeditum,

2196 4426 2470 4483 pavorque
2519 4412 2750 4469 bellandi
2783 4411 2946 4470 edicit
2983 4414 3253 4483 timidum,
3300 4418 3447 4475 hunc
3483 4418 3636 4488 justa
3683 4439 3793 4478 non

2199 4502 2440 4558 inveniat
2499 4505 2854 4562 detractionis
2916 4507 3050 4562 ultio
3100 4508 3462 4578 puniendum.
3523 4511 3794 4580 Quoniam

513 4569 646 4628 foris
696 4576 1031 4645 projiciendi,
1084 4592 1138 4638 et
1187 4585 1255 4640 ab
1303 4588 1554 4644 omnibus
1606 4592 1976 4662 conculcandi,
2032 4613 2098 4653 ac
2121 4587 2176 4650 D
2201 4595 2462 4664 scriptum
2491 4605 2575 4650 est
2606 4614 2619 4650 :
2653 4597 2819 4654 Omne
2846 4601 3056 4656 uerbum
3075 4601 3296 4654 otiosum
3319 4603 3461 4672 quod
3483 4602 3645 4658 locuti
3670 4606 3797 4674 {ue-

514 4666 658 4720 velut
701 4685 888 4725 nemus
945 4673 1339 4733 infructuosum
1391 4683 1568 4736 securi
1617 4687 1926 4758 evangelica
1965 4703 2102 4760 prae—

515 4757 813 4823 scindendi,
861 4762 968 4831 igni
1006 4776 1271 4836 perpetuo
1300 4771 1591 4840 deputandi
1623 4785 1768 4831 sunt.

585 4847 674 4940 28.
714 4848 1049 4906 Pensandum
1089 4865 1190 4922 est,
1223 4856 1438 4926 fratres,
1486 4863 1570 4916 cui
1617 4865 1894 4936 dispendio
1922 4869 2102 4940 subia-

508 4939 673 5004 cebit,
717 4942 807 5009 qui
855 4951 1018 4998 tanta:
1045 4945 1285 5003 victor-ite
1324 4949 1534 5006 laudem
1560 4954 1824 5014 infamare
1849 4973 1958 5015 non
1986 4939 2100 5016 me-

510 5031 634 5096 tuit,
685 5033 776 5102 qui
829 5044 904 5088 tot
947 5036 1188 5105 virorum
1219 5041 1514 5113 triumphis
1549 5049 1740 5105 obvius
1789 5052 1957 5106 venit.
2015 5053 2098 5108 llli

511 5123 728 5190 quidem
780 5127 1182 5192 praedicationis
1221 5135 1533 5201 apostolica:
1582 5153 1688 5193 non
1730 5140 2094 5212 immemores,

510 5226 616 5263 non
669 5216 1000 5270 erulvuerunt
1050 5220 1418 5278 testimonium
1477 5226 1689 5284 Domini
1747 5233 1916 5288 nostri
1967 5233 2096 5292 Jesu

507 5301 733 5372 Christi,
774 5316 826 5362 et
862 5312 1146 5367 veritatem
1172 5318 1345 5371 sancti
1375 5317 1650 5390 Evangelii
1702 5325 1769 5379 ad
1817 5326 2093 5385 confusior

507 5408 632 5485 nem
667 5395 813 5467 impii
839 5399 1074 5458 doctoris
1099 5412 1155 5460 et
1176 5408 1442 5463 cultorum
1477 5411 1594 5478 ejus
1625 5413 1801 5482 palam
1826 5417 2089 5485 proferre.

507 5479 680 5574 Quem
717 5500 904 5552 unum,
939 5499 993 5544 et
1038 5507 1291 5566 magnum
1337 5513 1403 5552 ex
1439 5479 1943 5574 pseudoprophetis,
1996 5523 2092 5565 ore

508 5573 792 5633 Dominico
817 5581 944 5636 olim
975 5599 1072 5653 per
1101 5585 1448 5660 Evangelium
1499 5573 1792 5662 denotatis,
1832 5613 1952 5654 esse
2000 5615 2090 5655 co-

511 5676 830 5733 gnoverant,
863 5671 986 5724 dum
1016 5684 1170 5730 cauta
1200 5679 1683 5751 circumspectione
1714 5689 1989 5756 apostolos
2011 5692 2092 5745 in-

511 5765 691 5813 tentos
723 5759 834 5816 fore
871 5765 1108 5833 juberet,
1155 5773 1338 5829 dicens
1367 5795 1379 5828 :
1422 5777 1599 5835 Videte
1635 5798 1697 5834 ne
1743 5784 1858 5852 quis
1893 5801 1978 5840 vos
2011 5805 2092 5843 se-

2203 4685 2310 4738 rint
2346 4685 2602 4753 homines,
2643 4690 2856 4745 reddent
2903 4691 2969 4746 de
2993 4707 3054 4745 eo
3097 4692 3352 4746 rationem
3382 4693 3438 4746 in
3478 4693 3564 4748 die
3598 4694 3798 4764 judicii

2201 4776 2418 4850 (Matth.
2471 4795 2569 4843 xu,
2601 4781 2721 4851 56).
2777 4782 2930 4849 Quod
2972 4783 3020 4838 si
3065 4783 3242 4839 omnis
3294 4784 3617 4856 vaniloquus
3663 4803 3796 4844 con-

2200 4868 2534 4924 demnandus
2551 4871 2732 4929 veniet
2758 4872 2814 4927 in
2827 4871 3113 4941 judicium,
3163 4888 3269 4944 qua
3299 4875 3568 4930 sententia
3602 4878 3794 4948 punie-

2201 4969 2292 5014 tur
2341 4959 2636 5018 infamator
2664 4965 3017 5020 sanctorum?
3058 4964 3160 5033 Qui
3201 4965 3348 5021 enim
3377 4965 3460 5021 sui
3487 4979 3594 5022 non
3623 4968 3793 5039 impe-

2199 5049 2340 5105 ritus
2367 5051 2590 5120 grandia
2634 5069 2742 5109 non
2785 5055 3123 5126 exsequitur,
3169 5056 3540 5127 gradientibus
3583 5059 3652 5115 ad
3679 5061 3791 5116 cel-

2199 5141 2344 5200 siora
2375 5158 2482 5199 non
2516 5144 2872 5202 adversetur:
2904 5148 3214 5220 haereatque
3248 5149 3391 5218 imis,
3437 5159 3494 5206 et
3521 5152 3641 5208 solo
3663 5169 3789 5224 pro—

2197 5231 2449 5299 clivibus,
2490 5236 2586 5306 qui
2609 5239 2796 5308 nequit
2835 5240 3085 5296 meditari
3117 5242 3393 5298 sublimia.
3445 5242 3517 5298 Ut
3541 5254 3626 5299 est
3657 5246 3788 5302 illud

2197 5325 2340 5393 apud
2389 5323 2735 5384 Salomonem
2768 5348 2782 5383 :
2811 5329 3018 5385 Altiora
3051 5340 3100 5386 te
3145 5349 3247 5387 non
3283 5334 3694 5405 investigaveris,
3735 5348 3785 5391 et

2195 5418 2546 5487 profundiora
2583 5439 2645 5476 ne
2685 5425 2990 5495 exquisierit
3042 5424 3234 5497 (Eccli.
3266 5443 3346 5483 Ill.
3386 5428 3501 5500 22).
3539 5429 3610 5485 Ει
3656 5446 3778 5487 con-

2195 5520 2487 5581 sequenter
2509 5514 2620 5586 (2t)
2651 5514 2784 5571 Cato
2830 5514 2993 5572 infert
3041 5518 3428 5590 philosophus:

2323 5625 2460 5700 Quod
2485 5635 2655 5700 potes,
2674 5631 2721 5700 id
2747 5633 2880 5681 tenta
2900 5633 3102 5700 gperis;
3131 5636 3196 5683 ne
3218 5637 3438 5700 pondere
3460 5649 3660 5700 pressus

2323 5690 2612 5740 Succumbat
2641 5691 2798 5752 labor,
2821 5700 2875 5744 et
2897 5690 3076 5745 fiustra
3091 5690 3280 5748 tentata
3304 5690 3570 5762 relinquas.

2270 5788 2358 5845 50.
2388 5792 2548 5850 Certe
2574 5795 2620 5852 si
2651 5798 2911 5864 quosdam
2931 5798 3106 5870 palam
3135 5816 3254 5871 qua:
3281 5811 3466 5859 sancta
3491 5813 3618 5860 sunt
3647 5821 3744 5874 pro
