4094 6346
251 382 351 443 ’161

1251 371 2162 440 ΜΕΜΟΒΙΑΠΞἙᾹΝΟΤΟΒῸΜ.
2204 371 2274 422 ὲ-
2307 379 2436 436 LlB.
2473 378 2512 435 l.

3391 371 3509 431 702

249 501 470 560 ﬁtentes
524 498 767 555 infernus
791 504 960 563 tenet,
991 495 1162 553 multo
1189 512 1363 567 magis
1387 499 1476 568 qui
1516 498 1570 552 in
1600 512 1829 552 aoscon-
1860 506 1910 564 Α
1936 496 2110 568 gerit?
2147 496 2415 562 Quantum
2447 509 2591 561 reor,
2631 492 2808 550 nullus
2851 492 3224 565 responderet,
3255 491 3397 562 quod
3427 491 3511 546 in-

251 595 368 651 dito
395 592 678 648 veritatem
715 589 1013 661 pradicant
1052 589 1284 644 claustra
1324 589 1601 659 possident
1635 589 1834 644 infero-

248 701 397 742 rum.
439 683 576 751 Quia
618 683 665 738 si
700 682 877 737 oberit
905 681 1267 753 palastricum
1312 680 1578 736 luctamen
1611 679 1835 750 justitia

245 775 639 839 assertoribus,
675 772 923 844 profecto
957 772 1089 828 nihil
1116 773 1356 844 proderit
1389 773 1526 828 clam
1549 773 1835 828 veritatem

246 869 564 927 fatentibus.
623 867 691 922 Et
727 883 848 938 qua
888 883 1044 923 mens
1093 867 1344 939 religiosa
1387 868 1526 922 hanc
1566 866 1835 921 insaniam

244 962 460 1027 credat,
493 969 554 1015 ut
584 974 652 1015 ex
679 974 746 1016 eo
782 960 834 1014 in
874 959 1222 1029 opprobrium
1260 959 1442 1014 veniat
1482 959 1702 1024 veritas,
1743 973 1833 1013 re-

244 1055 486 1126 probatis
520 1051 744 1118 malum,
787 1068 854 1108 ex
890 1067 998 1122 quo
1030 1067 1136 1106 non
1172 1051 1434 1108 violenter
1464 1041 1731 1106 trahimur
1768 1051 1836 1106 ad

243 1147 572 1218 gentilitium
595 1144 832 1200 malum?
874 1144 941 1199 Et
976 1144 1100 1199 inde
1140 1143 1254 1213 ipsa
1275 1143 1486 1213 justitia
1527 1143 1836 1216 martyriale

241 1253 356 1291 non
389 1237 588 1290 habeat
615 1234 894 1306 pramium
911 1274 926 1298 ,
957 1248 1077 1304 qua
1106 1234 1158 1288 in
1185 1244 1463 1289 auctorem
1494 1232 1714 1288 sceleris
1741 1247 1838 1303 pa-

242 1327 422 1383 tulum
457 1327 622 1382 infert
647 1326 992 1382 convicium?
1033 1325 1186 1382 Unde
1211 1325 1444 1381 libenter
1477 1341 1507 1380 a
1537 1326 1838 1381 cultoribus

236 1418 493 1487 ejusdem
554 1418 696 1473 vatis
753 1418 896 1473 inter
945 1419 1096 1488 regni
1149 1433 1337 1474 eorum
1383 1418 1662 1490 priviiegia
1713 1417 1836 1474 ﬁdei

237 1510 574 1566 Christiana
611 1511 843 1566 sinimur
877 1520 1090 1582 gestare
1116 1511 1393 1566 vexillum.
1443 1511 1612 1578 Quasi
1647 1527 1836 1568 eorum

235 1601 522 1672 patientia
572 1601 645 1656 sit
689 1599 1090 1672 deputandum,
1138 1603 1282 1671 quod
1332 1601 1475 1656 inter
1527 1602 1674 1672 ipsos
1718 1601 1837 1657 sine

241 1693 496 1748 molestia
530 1691 654 1747 ﬁdei
684 1693 947 1762 degitnus.
981 1701 1036 1748 et
1063 1708 1170 1748 non
1195 1693 1374 1764 potius
1399 1693 1595 1747 divina
1621 1693 1838 1763 dispen-

237 1784 441 1838 sationi
473 1783 540 1838 sit
575 1783 938 1848 referendum,
969 1799 1090 1853 qua
1126 1783 1487 1854 patriarchas,
1516 1783 1832 1853 prophetas,

1935 587 2072 642 tuitu
2125 587 2386 642 moriendi
2440 586 2646 640 obitum
2695 585 3019 656 expetierint
3069 583 3270 649 sancti;
3321 582 3412 637 sed
3452 588 3514 636 ut

1931 691 2030 746 per
2061 677 2412 748 temporalem
2458 677 2734 732 interitum
2780 677 2933 746 ignes
2975 675 3241 730 evitarent
3265 671 3512 744 perpetui
3553 715 3572 718 -

1933 769 2083 824 lethi.
2134 769 2471 840 Quapropter
2496 784 2590 825 eos
2626 769 3003 825 incunctanter
3039 769 3227 825 eadem
3265 781 3515 823 remune-

1934 863 2076 916 ratio
2101 863 2450 918 nihilominus
2494 873 2873 933 consequetur,
2903 877 3024 932 qua
3053 861 3156 917 fuit
3195 877 3361 917 causa
3399 875 3516 916 mo-

1935 951 2131 1016 riendi,
2175 969 2280 1008 non
2317 969 2437 1024 qua
2473 953 2683 1010 exstitit
2714 953 2965 1009 voluntas
3001 953 3284 1009 moriendi.
3333 950 3512 1007 linus-

1934 1043 2162 1113 quisque
2209 1059 2338 1115 ergo
2375 1060 2564 1099 eorum
2605 1045 2747 1114 quod
2795 1045 2910 1099 vult
2955 1044 3162 1110 credat,
3207 1043 3373 1108 dicat,
3425 1040 3514 1096 vel

1935 1136 2171 1190 sentiat:
2201 1151 2286 1189 me
2317 1143 2495 1190 tamen
2527 1150 2589 1191 ea
2627 1135 3004 1205 pars'ﬁrmum
3035 1134 3242 1190 obtinet
3267 1131 3514 1188 defenso-

1935 1241 2071 1293 rem,
2098 1242 2217 1297 qua
2251 1241 2374 1282 cum
2407 1242 2618 1282 summa
2646 1227 2945 1282 reverentia
2975 1240 3163 1280 eorum
3194 1224 3396 1279 cultum
3418 1237 3514 1278 ve—

1936 1325 2177 1382 neratur,
2211 1326 2267 1372 et
2293 1317 2502 1372 extollit
2530 1319 2788 1372 honorem
2819 1334 2832 1369 :
2864 1318 3044 1386 ibique
3066 1316 3276 1372 ﬁdelem
3305 1315 3406 1370 sub
3435 1323 3516 1371 te-

1937 1409 2191 1464 stimonio
2222 1409 2434 1465 Domini
2467 1410 2636 1465 nostri
2657 1408 2784 1465 Jesu
2805 1409 3008 1465 Christi
3035 1410 3176 1464 dono
3206 1422 3513 1476 assensum,

1935 1501 2024 1556 ubi
2091 1517 2279 1557 eorum
2321 1503 2607 1573 pracipuis
2645 1502 2814 1558 titulis
2859 1501 3182 1557 sublimatur
3227 1509 3509 1571 tropaum.

1936 1595 2277 1666 Quapropter
2325 1599 2379 1651 in
2427 1606 2766 1668 posterorum
2816 1597 3065 1652 notitiam
3111 1598 3255 1652 hunc
3299 1595 3514 1652 decrevi

1936 1702 2157 1743 manere
2190 1696 2501 1755 tractatum,
2537 1698 2597 1744 ut
2632 1689 2847 1759 qualem
2883 1689 2950 1744 de
2989 1688 3330 1744 dominorum
3367 1702 3513 1743 meo-

1935 1796 2055 1836 rum
2085 1781 2298 1836 tulerim
2327 1797 2553 1852 agonem
2576 1781 2860 1850 judicinm,
2888 1789 2942 1836 et
2965 1780 3142 1837 atatis
3171 1789 3372 1836 nostra
3397 1779 3516 1836 vul-

238 1883 301 1930 et
327 1875 600 1945 apostolos
623 1890 751 1931 suos
776 1875 917 1932 inter
941 1876 1186 1933 feritates
1209 1877 1446 1948 gentium
1470 1878 1827 1943 conservavit,
1859 1869 1907 1930 B
1934 1888 2032 1944 gus
2071 1866 2384 1937 noverit,'et
2409 1872 2670 1926 futurum.

237 1967 544 2024 honoribus
568 1968 778 2035 extulit,
807 1969 1159 2040 dignitatibus
1184 1970 1512 2026 sublimavit.
1537 1969 1638 2037 Qui
1663 1971 1830 2025 etiam

239 2058 333 2128 pia
376 2059 799 2128 promissionum
850 2074 944 2128 spe
995 2059 1290 2130 discipulos
1345 2059 1662 2123 consolans,
1719 2060 1825 2114 ait:

237 2145 384 2201 Ecce
435 2164 529 2217 ego
577 2147 838 2202 vobiscum
884 2165 1002 2202 sum
1045 2149 1283 2204 omnibus
1330 2149 1510 2204 diebus
1554 2167 1716 2221 usque
1760 2149 1829 2204 ad

235 2242 743 2296 consummationem
770 2241 951 2296 saeculi
976 2241 1191 2314 (Matth.
1222 2257 1418 2306 xxvm,
1441 2242 1554 2313 20).
1589 2241 1830 2314 Quapro-

233 2340 363 2401 pter
405 2346 510 2387 non
557 2330 716 2399 hujus
763 2332 942 2402 impia
984 2334 1159 2402 gentis
1204 2333 1510 2400 beneﬁcio,
1565 2335 1620 2389 in
1675 2335 1829 2405 cujus

237 2422 446 2476 ditioue
472 2431 658 2478 nostro
683 2423 1040 2494 compellente
1065 2423 1307 2481 facinore
1333 2435 1604 2496 sceptrum
1635 2425 1829 2498 Hispa-

231 2511 345 2566 nia
389 2520 512 2581 post
559 2512 830 2568 excidium
877 2522 931 2568 et
963 2514 1295 2571 evulsionem
1347 2517 1497 2584 regni
1527 2516 1827 2573 Gothorum

238 2599 562 2656 translatum
591 2611 676 2657 est
705 2602 869 2672 (quod
893 2602 1205 2660 felicissimo
1230 2603 1352 2659 ﬁdei
1373 2606 1693 2661 Christiana
1711 2607 1826 2676 pri-

237 2693 370 2748 dem
399 2693 550 2750 cultu
577 2694 836 2764 pollebat,
862 2697 1249 2752 venerabilium
1289 2699 1626 2754 sacerdotum
1657 2699 1829 2770 digni-

235 2793 354 2840 tate
398 2785 670 2851 ilorebat,
723 2795 779 2842 et
829 2787 1132 2844 admirabili
1183 2789 1532 2845 basilicarum
1583 2801 1828 2847 constru-

231 2875 419 2930 ctione
445 2873 738 2947 fulgebat);
768 2877 861 2932 sed
893 2877 1068 2947 gratia
1093 2876 1471 2950 Redemptoris
1498 2880 1602 2945 sui,
1630 2889 1686 2935 et
1712 2879 1827 2949 ejus

233 2965 461 3020 assiduo
507 2967 791 3032 comitatu,
817 2967 1062 3023 Ecclesia
1110 2969 1373 3024 custodiri
1423 2978 1686 3038 meretur,
1732 2973 1824 3042 qui

234 3053 411 3109 dixit:
439 3052 588 3109 Sicut
631 3055 746 3110 lilia
786 3057 918 3111 inter
957 3057 1155 3128 spinas,
1202 3057 1278 3114 sic
1319 3059 1489 3114 amica
1534 3077 1646 3114 mea
1690 3062 1826 3118 inter

229 3145 378 3216 ﬁlias
400 3144 578 3217 (Cant.
602 3163 664 3214 ιι,
691 3148 771 3221 2).
825 3148 892 3203 Et
948 3148 1146 3204 iterum
1195 3167 1207 3204 :
1251 3148 1318 3202 In
1368 3151 1542 3205 medio
1590 3153 1822 3207 nationis

2004 1961 2090 2016 55.
2136 1961 2245 2017 Vos
2275 1969 2476 2028 autem,
2514 1961 2617 2016 viri
2648 1962 2866 2028 fratres,
2895 1960 3102 2016 credite
3130 1975 3362 2024 mecum,
3403 1959 3513 2014 imo

1931 2068 2054 2108 cum
2093 2053 2343 2108 omnibus
2369 2053 2458 2124 pie
2491 2053 2850 2124 religioseque
2895 2053 3175 2107 beatorum
3210 2049 3511 2107 certamina

1929 2145 2314 2201 venerantibus
2380 2146 2586 2200 credite
2650 2147 2839 2201 beatos
2871 2159 3012 2201 esse
3057 2153 3324 2216 martyres
3387 2141 3514 2197 talia

1929 2245 2304 2305 exsequentes,
2345 2245 2400 2292 et
2434 2235 2706 2291 feliciores
2743 2236 2954 2290 animas
2996 2235 3096 2291 sub
3131 2250 3321 2290 eorum
3360 2233 3514 2288 testi-

1930 2331 2112 2386 monio
2155 2331 2467 2386 morientes.
2516 2329 2742 2385 Armate
2780 2329 3102 2386 credulitate
3135 2329 3259 2384 ﬁdei
3288 2336 3509 2399 pectora

1923 2430 2130 2487 vestra,
2167 2422 2358 2478 solvite
2397 2422 2594 2478 divinis
2631 2423 2884 2478 laudibus
2923 2437 3038 2487 ora,
3073 2420 3379 2490 summique
3408 2419 3516 2473 Re-

1929 2515 2224 2586 demptoris
2247 2515 2507 2571 beneﬁcia
2531 2515 2876 2581 extollentes,
2906 2521 3217 2585 praconate
3237 2523 3294 2569 et
3317 2511 3510 2569 dicite:

1927 2607 2228 2664 Moriamur
2274 2608 2467 2662 anima
2515 2616 2717 2663 nostra
2762 2615 2938 2662 morte
2985 2606 3238 2672 istorum,
3289 2613 3344 2660 et
3375 2603 3512 2660 ﬁant

1926 2699 2218 2754 novissima
2259 2709 2446 2754 nostra
2495 2699 2688 2754 ltorum
2735 2697 2936 2754 similia
2985 2697 3176 2769 (Num.
3211 2713 3367 2764 xxiii,
3397 2695 3511 2767 10).

1927 2789 2030 2858 Qui
2067 2792 2156 2846 dat
2191 2790 2348 2846 lassis
2379 2791 2654 2856 virtutem,
2695 2799 2750 2846 et
2786 2790 2873 2857 iis,
2901 2790 3097 2861 quibus
3133 2789 3292 2845 nulla
3321 2803 3514 2858 suppe-

1929 2889 2052 2936 tunt
2094 2881 2254 2946 vires,
2305 2880 2607 2951 potentiam
2655 2880 2864 2951 potenti
2918 2880 3142 2934 dextera
3190 2877 3412 2933 roborat
3457 2875 3515 2930 in

1926 2973 2258 3035 certamine,
2299 2972 2389 3027 det
2430 2971 2563 3026 mihi
2603 2978 2667 3026 ut
2709 2983 2883 3042 usque
2927 2971 2994 3025 ad
3035 2977 3266 3026 mortem
3309 2982 3408 3038 pro
3447 2979 3515 3022 eo

1925 3061 2133 3118 fortiori
2164 3061 2345 3116 animo
2371 3076 2492 3116 cum
2518 3060 2603 3116 his
2631 3060 2882 3127 militem,
2911 3059 3002 3130 qui
3031 3057 3272 3130 perfecto
3306 3057 3517 3114 deside-

1925 3153 2010 3208 rio
2043 3153 2096 3208 in
2125 3151 2242 3221 ejus
2267 3166 2506 3206 amorem
2537 3158 2859 3207 exastuant.
2892 3149 3030 3218 Quia
3057 3165 3165 3204 non
3193 3148 3297 3204 erit
3321 3147 3514 3202 immu-

229 3256 410 3310 prame
446 3249 495 3294 et
524 3219 778 3310 perversa:
800 3257 820 3296 :
850 3242 986 3296 inter
1018 3259 1147 3312 quos
1175 3241 1380 3305 lucetis.
1417 3244 1554 3298 sicut
1594 3242 1824 3299 lumina-
1851 3219 1895 3283 (ἶ
1926 3243 2013 3299 nis
2059 3219 2502 3298 coram‘Domiuo
2546 3243 2795 3309 intentio,
2841 3256 2962 3313 qua
2990 3256 3092 3311 pro
3120 3241 3353 3295 veritate
3389 3252 3515 3295 exe-

229 3330 317 3384 ria
348 3332 404 3384 in
427 3332 621 3385 mundo
644 3329 902 3404 (Philipp.
931 3348 992 3399 ιι,
1022 3333 1134 3399 15).

1923 3333 2092 3399 ritur;
2127 3348 2304 3405 neque
2333 3332 2607 3390 ullatenus
2648 3331 2981 3404 repudianda
3027 3347 3197 3398 mors,
3248 3347 3369 3403 qua
3415 3345 3516 3402 pro

304 3424 398 3479 5i.
437 3423 543 3480 Sed
583 3426 836 3481 noverint
877 3426 1010 3497 ipsi,
1049 3427 1141 3498 qui
1182 3427 1301 3483 hac
1335 3426 1606 3484 obstinata
1643 3434 1826 3484 mente
1916 3423 2129 3496 justitia
2173 3425 2464 3496 irrogatur.
2506 3425 2564 3480 ln
2607 3424 2704 3481 tali
2748 3425 2914 3496 igitur
2957 3423 3212 3481 conflictu
3261 3423 3518 3480 laudatur

230 3515 303 3569 de
334 3517 664 3588 martyribus
692 3516 788 3572 Dei
821 3519 1090 3585 sentiunt,
1120 3518 1456 3590 impurisque
1483 3519 1680 3590 linguis
1709 3518 1826 3589 glo-

227 3607 374 3661 riam
416 3615 744 3663 sanctorum
770 3607 1022 3664 mutilare
1061 3625 1168 3665 non
1196 3617 1486 3676 verentur,
1523 3610 1666 3681 quod
1695 3626 1822 3666 cum

228 3699 438 3754 eisdem
497 3700 701 3756 sanctis
764 3716 956 3757 causas
1019 3701 1075 3756 in
1144 3701 1326 3756 futuro
1396 3702 1647 3756 examine
1697 3711 1824 3756 sunt

231 3789 440 3856 acturi,
466 3798 542 3856 et,
580 3791 686 3848 nisi
711 3790 986 3847 fructuosa
1016 3791 1358 3862 praeesserit
1387 3791 1707 3856 satisfactio,
1738 3807 1824 3847 ra-

231 3887 440 3942 tionem
491 3895 618 3942 ante
667 3887 904 3943 tribunal
952 3887 1168 3942 Domini
1216 3887 1498 3944 reddituri.
1547 3887 1681 3942 Nam
1717 3903 1820 3959 qua

229 3979 416 4034 fronte
467 3980 828 4036 clariﬁcatum
879 3980 1048 4051 gloria
1096 3981 1373 4056 passionis
1430 3990 1560 4036 tunc
1611 3981 1822 4036 vultum

227 4086 424 4125 eorum
457 4071 687 4142 aspiciet
719 4072 772 4126 in
801 4073 1156 4128 contubernio
1182 4073 1345 4145 Regis
1381 4074 1572 4128 aterui
1605 4074 1675 4128 ob
1717 4088 1825 4130 me-

225 4161 399 4215 ritum
430 4163 752 4218 constantia
780 4163 1224 4234 glomeratorum,
1253 4180 1392 4234 quos
1416 4165 1506 4220 bic
1531 4165 1696 4220 tantis
1725 4166 1823 4220 im-

224 4253 389 4322 petiit
433 4252 810 4322 blasphemiis,
836 4256 1002 4310 tantis
1047 4255 1306 4310 laceravit
1347 4256 1675 4325 opprobriis,
1703 4261 1824 4310 tan-

228 4343 412 4414 tisque
440 4340 619 4398 alfecit
643 4344 886 4415 injuriis?
920 4344 1065 4400 Tunc
1096 4345 1282 4415 utique
1305 4362 1423 4400 cum
1443 4347 1581 4417 justi
1617 4347 1673 4401 in
1704 4363 1821 4401 ma-

226 4452 335 4506 gna
370 4438 667 4492 constantia
697 4439 972 4495 adversum
1011 4457 1097 4495 eos
1135 4441 1428 4508 astiterint,
1450 4443 1541 4514 qui
1569 4459 1624 4498 se
1648 4459 1820 4515 angu-

143 4565 146 4567 λ
227 4529 535 4592 stiaverunt,
559 4538 615 4584 et
643 4531 868 4601 gloriam
895 4532 1136 4604 martyrii
1161 4547 1351 4588 eorum
1376 4550 1484 4589 non
1511 4534 1816 4603 coluerunt,
1843 4573 1898 4636 Β

225 4627 278 4672 et
310 4618 400 4688 qui
433 4619 758 4675 abstulerunt
800 4621 1000 4677 labores
1028 4639 1207 4677 eorum
1232 4639 1252 4678 :
1284 4639 1428 4690 reor,
1456 4625 1683 4680 videntes
1714 4636 1821 4681 tur-

228 4706 498 4762 babuntur
525 4718 723 4765 terrore
756 4711 1035 4777 horribili,
1074 4723 1121 4767 et
1158 4713 1492 4768 mirabuntur
1526 4717 1583 4770 in
1615 4717 1843 4795 subita-.

226 4801 372 4855 tione
412 4802 691 4873 insperata:
723 4805 942 4872 salutis,
983 4807 1258 4877 dicentque
1298 4809 1435 4863 inter
1470 4827 1542 4872 se,
1572 4813 1819 4880 paeniten-

223 4893 359 4946 tiam
401 4903 634 4963 agentes,
669 4905 717 4950 et
751 4913 860 4966 pra:
901 4898 1147 4968 angustia
1174 4900 1389 4968 spiritus
1422 4912 1679 4969 gementes
1699 4922 1720 4960 :
1747 4903 1820 4958 Hi

221 4992 372 5048 sunt,
401 5000 530 5054 quos
561 4985 840 5041 habuimus
872 4988 1158 5060 aliquando
1191 4991 1245 5043 in
1275 4990 1538 5057 derisum,
1568 5003 1614 5046 et
1657 4994 1711 5046 in
1749 4995 1822 5048 si-

221 5073 583 5130 militudinem
612 5078 932 5148 improperii.
975 5078 1090 5136 Nos
1132 5081 1385 5136 insensati
1415 5083 1574 5138 vitam
1608 5083 1820 5140 illorum

223 5169 620 5225 a'stimabamus
658 5172 943 5238 insaniam,
966 5183 1013 5228 et
1051 5175 1210 5244 finem
1233 5174 1446 5230 illorum
1467 5178 1581 5232 sine
1599 5178 1817 5234 honore.

226 5256 369 5312 Ecce
386 5261 648 5331 quomodo
675 5266 960 5334 computati
985 5276 1104 5320 sunt
1131 5265 1270 5319 inter
1297 5265 1437 5334 filios
1466 5267 1584 5334 Dei,
1612 5281 1660 5323 et
1685 5271 1822 5324 inter

223 5360 438 5405 sanctos
479 5353 630 5425 (22)
678 5371 792 5410 sors
834 5355 1044 5412 illorum
1088 5359 1298 5414 inventa
1338 5369 1434 5415 est.
1480 5357 1631 5434 (Sap.
1683 5379 1738 5432 ν,
1788 5365 1814 5420 1

223 5449 284 5497 et
309 5443 514 5514 seqq.).

298 5534 389 5589 52.
459 5533 664 5592 Vellem
732 5541 1124 5610 responderent
1170 5543 1301 5599 mihi
1351 5543 1550 5600 Christi
1589 5545 1820 5602 militum

223 5627 503 5682 derisores
539 5639 723 5683 utrum
761 5646 914 5686 amor
949 5635 1142 5689 mortis
1178 5650 1273 5690 eos
1316 5638 1383 5690 ad
1425 5645 1654 5691 mortem
1693 5653 1822 5709 per-

219 5719 467 5786 duxerit,
497 5735 564 5774 an
591 5737 697 5776 non
726 5725 899 5794 magis
926 5725 1215 5782 oblectatio
1240 5729 1497 5798 paradisi,
1525 5739 1582 5784 ut
1607 5740 1822 5787 aterna

217 5811 421 5869 mortis
453 5813 746 5870 evaderent
790 5815 1058 5886 incendia,
1103 5818 1171 5872 ad
1201 5820 1520 5892 supplicium
1564 5822 1644 5878 ire
1697 5837 1823 5878 coe-

1922 3514 2190 3578 Christus,
2237 3517 2536 3572 detestatus
2571 3527 2817 3573 remanet
2855 3517 3027 3572 hostis
3069 3516 3311 3586 iniquus,
3352 3521 3516 3585 atque

1923 3607 2024 3664 sub
2063 3607 2251 3663 eadem
2292 3607 2630 3678 professione
2673 3623 2864 3666 necem
2917 3609 3120 3681 excipit
3167 3606 3513 3664 furibundam

1922 3698 2080 3753 miles
2106 3707 2382 3755 strenuus.

1993 3792 2084 3848 '54.
2129 3791 2363 3864 Ideoque
2410 3809 2519 3851 non
2571 3792 2748 3850 solum
2799 3793 2834 3850 ii
2886 3794 2977 3865 qui
3027 3793 3156 3850 talia
3205 3791 3515 3849 conﬁtendo

1923 3884 2025 3940 sub
2072 3885 2180 3940 ictu
2228 3886 2391 3956 gladii
2437 3885 2779 3953 ceciderunt,
2830 3887 2991 3958 digno
3037 3887 3308 3958 praeconio
3366 3885 3512 3941 cele-

1921 3975 2118 4030 brandi
2157 3985 2305 4043 sunt,
2329 3993 2518 4032 verum
2543 3979 2710 4034 etiam
2747 3979 2822 4035 illi
2858 3979 3020 4054 digna
3041 3980 3202 4036 laude
3229 3978 3512 4045 efferendi,

1923 4069 2026 4138 qui.
2050 4069 2236 4124 talium
2278 4068 2528 4125 laudibus
2566 4069 2926 4127 oblcctantur.
2969 4071 3107 4140 Quia
3141 4086 3264 4126 cum
3308 4079 3515 4144 marty-

1924 4177 2047 4217 rum
2092 4161 2277 4233 gloria
2323 4162 2667 4232 passiouibus
2732 4162 3010 4232 acquisita
3077 4162 3412 4229 recoluntur,
3461 4170 3518 4217 et

1922 4255 2206 4310 beatorum
2233 4256 2531 4311 certamina
2559 4254 2703 4311 edita
2735 4263 3070 4323 reserantur,
3101 4255 3316 4311 debitus
3341 4255 3516 4310 honor

1923 4347 2260 4418 martyribus
2288 4348 2554 4413 redditur,
2578 4363 2643 4403 ac
2671 4348 2773 4419 pia
2801 4355 3010 4403 mentes
3037 4347 3406 4418 exemplorum
3434 4347 3516 4402 in-

1923 4441 2154 4496 centivis
2179 4449 2481 4495 armantur.
2525 4440 2594 4496 Et
2620 4440 2665 4496 si
2695 4439 3013 4511 martyrium
3044 4447 3319 4509 nequeant
3343 4437 3516 4508 adipi-

1923 4535 2022 4598 sci,
2068 4534 2133 4588 ad
2177 4533 2524 4604 participium
2569 4542 2750 4588 tamen
2787 4533 3140 4589 merebuntur
3172 4533 3511 4626 hoporando-

1926 4641 2045 4680 rum
2098 4625 2444 4694 pramiorum
2496 4623 2840 4694 promoveri;
2917 4633 2978 4679 ut
3035 4623 3275 4695 quorum
3313 4623 3513 4680 ascribi

1924 4717 2215 4788 triumphis
2257 4717 2480 4787 cupiunt
2516 4718 2859 4774 conscientia
2881 4717 3178 4786 voluntate,
3206 4733 3312 4774 non
3348 4718 3516 4786 impa-

1927 4824 2044 4863 rem
2081 4816 2300 4862 sumant
2326 4823 2394 4862 ex
2424 4809 2709 4863 devotione
2743 4809 3068 4865 mercedem.
3102 4808 3237 4864 Nam
3263 4809 3310 4864 si
3342 4807 3515 4879 pessi-

1927 4900 2032 4954 mis
2074 4897 2234 4954 factis
2262 4899 2503 4953 animum
2535 4900 2949 4958 accommodare
2988 4899 3363 4973 perversitatis
3393 4906 3511 4964 est,

1926 4991 2196 5060 quomodo
2247 4989 2468 5058 optimis
2527 4990 2931 5048 communicare
2979 5007 3088 5048 non
3132 5000 3216 5048 est
3257 4989 3515 5045 virtutis?

1926 5083 1994 5138 Et
2032 5100 2154 5139 cum
2187 5084 2328 5141 Deus
2362 5087 2708 5157 omnipotens
2729 5090 2966 5160 judicem
3002 5104 3062 5145 se
3095 5103 3203 5144 non
3230 5086 3404 5144 solum
3431 5084 3513 5140 fa-

1925 5183 2159 5250 ctorum,
2187 5176 2279 5231 sed
2307 5177 2473 5232 etiam
2497 5187 2742 5234 votorum
2780 5181 3048 5248 insinuet,
3083 5179 3186 5235 cur‘
3207 5179 3509 5250 piissinuun

1923 5266 1978 5322 iu
2007 5268 2334 5339 martyribus
2363 5286 2578 5342 semper
2604 5281 2787 5327 votum
2826 5272 3094 5328 intentum
3124 5285 3232 5326 non
3259 5269 3512 5325 conciliet

1925 5362 2119 5431 gaudia
2166 5362 2489 5420 beatorum?
2547 5376 2737 5421 sancto
2764 5365 2930 5420 David
2978 5365 3345 5434 approbante:
3377 5363 3510 5419 Mihi

1926 5466 2098 5512 autem
2145 5460 2299 5514 nimis
2336 5462 2672 5531 honori/ictui
2699 5472 2818 5515 sunt
2849 5459 3004 5514 amici
3030 5460 3131 5526 tui,
3161 5458 3302 5513 Deus
3331 5455 3507 5529 (Psal.

1924 5566 2184 5614 cxxxvm,
2222 5554 2330 5623 l7).
2363 5554 2428 5608 Et
2459 5554 2652 5608 iterum
2684 5570 2699 5608 :
2726 5552 2830 5617 Qui
2860 5568 2946 5606 vos
2976 5551 3172 5621 diligit,
3198 5567 3279 5605 me
3299 5549 3508 5620 diligit,

1923 5651 1973 5696 et
1992 5643 2082 5712 qui
2111 5660 2194 5697 vos
2224 5647 2426 5716 recipit,
2461 5661 2541 5697 me
2571 5643 2749 5712 recipit
2779 5642 2928 5713 (Luc.
2963 5653 3011 5698 et
3036 5642 3228 5697 Matth.
3266 5643 3338 5714 χ).

1997 5733 2084 5790 '55.
2125 5735 2228 5805 Ipsi
2267 5736 2497 5805 denique
2530 5735 2703 5788 sancti
2745 5750 2974 5804 corpora
3014 5750 3110 5790 sua
3147 5734 3338 5806 gladiis
3370 5732 3506 5789 olfe-

1925 5833 2136 5895 reutes,
2170 5841 2467 5897 perennem
2508 5826 2814 5884 animarum
2850 5826 3270 5886 incolumitatem
3318 5838 3510 5897 capes-
