4094 6346
576 387 689 448 763

1687 375 1745 432 S.
1788 372 2069 432 EULOGH
2106 370 2425 428 ARCHIEP.
2471 367 2716 426 TOLET.

3751 361 3852 417 τα

581 509 736 568 sunt;
759 506 816 556 et
843 495 1188 568 acquirentes
1213 491 1315 548 sibi
1355 490 1412 545 in
1447 502 1615 559 regno
1643 485 1843 542 Christi
1869 485 2163 539 electorum
2193 485 2239 544 Α
2267 495 2430 552 grege
2461 477 2728 534 catholico
2758 490 2942 531 coram
2973 473 3130 530 Patre
3163 481 3219 530 et
3251 473 3456 544 angelis
3486 472 3630 568 ejus_
3636 475 3854 528 manent

583 591 939 656 consortium,
981 587 1292 656 relinquunt
1335 579 1684 636 nihilominus
1730 575 2170 647 persecutoribus

582 693 802 739 reterns:
830 677 1162 752 pmnalitatis
1197 671 1523 730 incendium.
1562 669 1697 735 Quia
1743 668 1870 722 licet
1909 667 2171 736 scriptum

583 776 692 830 sit:
720 773 1018 827 Posueruat
1047 765 1292 824 mortalia
1338 778 1606 818 seruorum
1643 770 1852 814 tuorum
1885 775 2056 814 escam
2086 774 2174 812 vo-

587 865 823 920 latilibus
849 862 1005 918 caeli:
1031 865 1546 914 comessanctorum
1565 863 1775 907 tuorum
1797 850 1971 905 bestiis
1997 859 2169 903 terrm.

586 956 908 1026 E/I‘uderunt
933 953 1242 1022 sanguinem
1269 964 1452 1003 eorum
1477 945 1614 1000 velut
1644 961 1834 1015 aquam
1863 945 1918 998 in
1949 943 2173 996 circuitu

588 1045 923 1102 Hierusalem
952 1057 970 1096 :
998 1053 1050 1098 et
1088 1059 1192 1098 non
1213 1051 1322 1096 erat
1353 1039 1444 1110 qui
1479 1036 1714 1107 sepeliret
1743 1033 1915 1106 (Psal.
1942 1047 2172 1097 Lxxvut,

587 1141 645 1206 2,
674 1141 730 1212 5)
760 1151 820 1206 II;
869 1149 1046 1192 tamen
1081 1135 1148 1190 ad
1191 1133 1518 1206 puniendum
1559 1131 1820 1186 smvitiam
1863 1143 2052 1184 eorum
2077 1143 2173 1183 oc-

589 1239 829 1297 current,
853 1230 945 1301 qui
971 1229 1075 1284 ista
1104 1228 1375 1291 fecerunt;
1405 1239 1512 1278 non
1543 1223 1612 1277 ad
1640 1221 2039 1292 derogationem
2067 1218 2176 1272 vir-

581 1333 760 1378 tutum
789 1321 1071 1392 proveniet
1092 1333 1280 1374 eorum
1304 1321 1394 1388 qui
1426 1316 1552 1370 talia
1579 1315 1949 1370 sustinuerunt
1982 1331 1994 1365 :
2027 1319 2086 1365 ut
2111 1325 2175 1365 ea

584 1415 704 1486 ipsa
745 1412 1041 1470 crudelitas
1085 1409 1360 1467 cumulum
1397 1407 1717 1478 perditionis
1757 1404 2036 1461 lictoribus
2074 1419 2172 1459 au-

586 1513 732 1576 geat,
765 1505 1100 1575 martyribus
1127 1516 1258 1557 vero
1287 1499 1493 1577 sanctis
1519 1497 1801 1569 praemium
1831 1497 2175 1566 sempiterna.-

586 1592 864 1652 felicitatis
921 1597 1187 1666 acquirat.
1237 1592 1372 1648 Nam
1435 1592 1682 1662 quamvis
1732 1591 1849 1645 haec
1900 1589 2177 1646 obtutibus

589 1687 867 1742 hominum
915 1688 1032 1744 dira
1077 1694 1133 1742 et
1163 1699 1354 1756 aspera
1386 1684 1693 1749 videantur,
1723 1691 1903 1736 tamen
1937 1681 2177 1751 pretiosa

583 1789 673 1834 est
725 1780 780 1834 in
835 1787 1128 1850 conspectu
1181 1769 1425 1834 Domini
1469 1790 1618 1830 mors
1688 1782 2000 1830 sanctorum
2059 1771 2175 1841 ejus

587 1866 764 1940 (Psal.
795 1885 920 1936 cxv,
954 1869 1066 1939 15).

657 1959 747 2014 56.
790 1961 902 2016 Vos
926 1961 1128 2024 autem,
1157 1957 1373 2024 fratres,
1403 1964 1458 2012 et
1487 1965 1686 2012 sanctae
1712 1956 1766 2011 in
1790 1955 2020 2012 Domino
2046 1953 2176 2012 Iesu

589 2048 810 2105 Christo
849 2064 1085 2114 sorores,
1123 2048 1353 2120 gaudete
1397 2057 1452 2104 et
1483 2048 1770 2114 exsultate,
1813 2049 1956 2118 quod
2003 2049 2178 2104 mani-

591 2139 749 2209 pulos
779 2141 980 2198 messis
1006 2149 1203 2197 vestrae
1245 2140 1298 2195 in
1332 2141 1586 2196 horreum
1621 2140 1834 2195 Domini
1875 2140 2176 2196 reconden-

590 2233 689 2287 do's
703 2233 816 2303 jam
846 2233 1204 2304 prmmisistis.
1232 2229 1351 2287 Jam
1377 2231 1586 2288 fructus
1611 2232 1834 2288 seminis
1855 2233 2022 2288 vestri
2048 2231 2178 2287 Sion

591 2325 682 2381 illa
725 2328 886 2383 beata
928 2327 1122 2382 civitas
1153 2325 1314 2381 habet
1343 2344 1354 2379 :
1387 2325 1476 2380 illa
1497 2325 1648 2396 pacis
1681 2325 1815 2380 visio
1844 2324 2180 2380 Hierusalem

561 2419 567 2423 ’
589 2415 830 2473 etelestis
848 2417 1175 2473 domesticos
1196 2416 1534 2487 cognationis
1555 2425 1750 2471 vestrae
1771 2416 1825 2470 in
1847 2430 1982 2486 pace
2002 2430 2182 2470 susur-

589 2509 689 2579 pit.
712 2509 930 2581 Pergite
953 2510 1152 2575 securi,
1177 2517 1468 2581 properate
1490 2509 1847 2566 exsultantes.
1874 2509 1975 2565 ltui
1999 2521 2180 2568 vestro

583 2586 770 2658 nullus
798 2601 1076 2656 adversari
1103 2601 1300 2672 quibit,
1331 2601 1513 2656 nullus
1535 2602 1902 2658 contradictor
1923 2603 2178 2660 assistet:

591 2692 1075 2762 pervenientesque
1115 2694 1182 2748 ad
1225 2693 1482 2764 patriam,
1513 2695 1770 2765 procedet
1807 2696 1858 2749 in
1895 2710 2181 2750 occursum

591 2795 835 2842 vestrum
864 2800 972 2842 non
1003 2786 1176 2842 solum
1203 2787 1293 2842 illa
1319 2788 1517 2843 cohors
1542 2797 1872 2854 sanctorum,
1899 2789 1991 2858 qui
2015 2803 2185 2859 nuper

591 2877 836 2934 coronati
865 2888 1012 2946 sunt,
1044 2893 1230 2934 verum
1265 2882 1434 2936 etiam
1465 2891 1660 2938 caetera
1687 2881 1842 2937 turba
1862 2883 2181 2948 electorum,

590 2983 822 3040 quorum
859 2971 1134 3028 consortio
1181 2973 1273 3027 isti
1318 2973 1507 3028 novitii
1539 2980 1807 3046 martyres
1843 2973 2184 3029 aunumerati

593 3073 740 3118 sunt.

667 3154 754 3208 37.
800 3153 942 3225 Ergo
971 3153 1105 3210 libet
1130 3155 1288 3221 mihi,
1317 3154 1533 3220 fratres,
1571 3155 1844 3226 paululum
1879 3155 2183 3226 jucundan-

2272 570 2507 627 solliciti.
2550 569 2736 638 Itaque
2781 575 2836 621 et
2878 565 3048 621 vestri
3083 572 3139 621 et
3180 565 3350 620 nostri
3404 571 3552 619 sunt.
3589 562 3671 618 Ex
3711 563 3858 618 vobis

2271 677 2436 719 carne
2486 660 2834 731 prodierunt,
2879 657 2972 713 sed
3022 656 3304 712 nobiscum
3359 669 3470 710 uno
3518 654 3862 723 baptismatis

2272 755 2422 810 fonte
2464 753 2638 808 renati
2679 760 2824 808 sunt.
2867 749 3012 805 Nihil
3055 757 3140 806 est
3177 749 3322 819 quod
3355 748 3422 804 de
3463 762 3659 802 eorum
3696 745 3860 816 gloria

2272 847 2425 903 vobis
2478 845 2731 916 privatim
2786 843 3092 909 vindicetis,
3124 843 3251 912 quia
3291 855 3485 898 omnes
3535 841 3594 896 in
3647 839 3865 896 Christe

2272 957 2438 996 unum
2464 955 2669 995 sumus.
2703 936 2836 993 Nam
2862 946 2917 994 et
2944 953 3045 994 nos
3071 937 3333 1007 quosdam
3368 950 3437 991 ex
3479 935 3592 992 illis
3624 935 3694 991 ad
3735 951 3867 1005 pra-

2273 1033 2402 1089 lium
2454 1032 2794 1088 incitavimus
2835 1047 2850 1085 :
2892 1039 2944 1086 et
2993 1029 3038 1084 si
3094 1029 3196 1098 ipsi
3242 1041 3486 1098 pugnare
3531 1026 3867 1092 desivimns,

2274 1139 2422 1179 arma
2467 1132 2646 1179 tamen
2695 1121 2893 1192 quibus
2945 1119 3241 1175 militarent
3271 1116 3664 1188 suggessimus.
3699 1113 3872 1182 Quos-

2273 1215 2398 1270 dam
2420 1231 2549 1269 vero
2579 1230 2646 1270 ex
2688 1211 3102 1284 consanguineis
3139 1210 3283 1266 inter
3325 1211 3470 1280 ipsos
3498 1217 3782 1280 martyres
3819 1208 3869 1262 in

2274 1307 2482 1363 cmlum’
2513 1305 2891 1377 praemisimus.
2931 1303 3158 1360 Paulum
3213 1302 3406 1372 loquor
3439 1301 3668 1355 levitam
3717 1313 3874 1370 egre-

2275 1399 2444 1470 gium,
2477 1413 2642 1454 carne
2684 1398 2841 1454 nobis
2885 1411 3210 1462 connexum,
3243 1403 3299 1452 et
3337 1394 3625 1450 Sanctium
3661 1394 3693 1434 δ
3721 1392 3875 1448 audi-

2279 1501 2454 1548 torum
2489 1501 2760 1558 nostrum,
2791 1493 2886 1560 qui
2929 1493 3166 1548 secundo
3205 1489 3456 1546 conflictu
3491 1499 3620 1561 post
3649 1489 3874 1545 beatum

2275 1583 2426 1640 Isaac
2461 1585 2700 1654 perrexit
2726 1585 2793 1638 ad
2827 1583 3106 1639 Christum
3139 1595 3188 1636 ο.
3218 1582 3326 1638 Sed
3375 1583 3620 1653 nunquid
3660 1581 3772 1637 soli
3815 1581 3878 1637 de

2277 1676 2609 1748 perfectione
2636 1691 2824 1731 eorum
2853 1675 3229 1749 gloriabiipur,
3259 1675 3386 1744 quia
3427 1689 3566 1744 quos
3611 1673 3880 1728 informa-

2278 1771 2477 1836 vimus,
2509 1785 2648 1840 quos
2680 1768 2880 1825 fratres
2921 1769 3230 1835 habuimus,
3260 1769 3452 1824 vicisse
3476 1768 3776 1824 videmus?
3799 1765 3885 1823 Sit

2205 1853 2253 1912 Β
2281 1879 2566 1921 commune
2600 1863 2851 1918 omnibus
2877 1863 3130 1934 gaudium
3162 1882 3174 1917 :
3203 1864 3316 1918 sint
3338 1863 3546 1918 cunctis
3575 1862 3882 1917 indiscrete

2277 1959 2505 2015 fruenda
2548 1957 2786 2014 felicium
2831 1967 3178 2014 monumenta
3228 1959 3489 2015 virorum.
3544 1958 3883 2014 Hisceamus

2279 2051 2494 2121 utrique
2518 2060 2662 2116 vota,
2687 2060 2743 2106 et
2770 2049 2996 2120 paribus
3034 2051 3227 2108 studiis
3263 2051 3478 2106 laudum
3515 2050 3628 2106 Deo
3659 2051 3884 2120 persol-

2278 2157 2469 2198 vamus
2492 2141 2772 2208 libamina,
2800 2140 2956 2210 cujus
2987 2143 3131 2198 dono
3169 2143 3379 2198 reddita
3426 2152 3550 2197 sunt
3591 2142 3763 2197 nobis
3801 2143 3884 2196 in-

2278 2232 2394 2287 oliti
2430 2232 2691 2302 temporis
2717 2231 2894 2287 felicia
2925 2231 3142 2288 saecula.
3173 2232 3379 2300 Quibus
3413 2228 3540 2286 olim
3573 2241 3886 2303 tempesta-

2281 2325 2425 2382 tibus
2449 2326 2886 2396 persecutionum
2911 2324 3274 2381 crebrissimis
3295 2323 3600 2380 Christiana
3626 2323 3884 2390 Ecclesia

2281 2417 2487 2488 lapides
2514 2419 2566 2471 in
2599 2416 2740 2472 illius
2773 2416 3009 2473 cmlestis
3038 2416 3340 2472 Ierusalem
3375 2415 3662 2486 coeptabat
3689 2416 3884 2486 digni-

2281 2519 2368 2566 ter
2408 2519 2737 2567 structuram
2766 2511 2833 2564 ad
2864 2510 2960 2564 Dei
2990 2509 3239 2578 gloriam,
3274 2507 3432 2578 cujus
3470 2521 3694 2562 munere
3735 2525 3883 2580 pug-

2281 2611 2414 2658 nant
2461 2603 2669 2668 sancti,
2717 2611 2773 2656 et
2817 2601 3071 2667 vincunt;
3105 2608 3364 2671 oppetunt
3412 2607 3664 2663 mortem,
3700 2607 3768 2654 et
3805 2599 3889 2654 vi-

2282 2704 2418 2750 vunt
2442 2713 2456 2749 :
2487 2695 2642 2765 cujus
2671 2695 2842 2768 gratia
2881 2697 3170 2751 roboratur
3196 2694 3502 2750 constantia
3530 2702 3883 2765 martyrum:

2284 2787 2437 2856 cujus
2480 2787 2680 2843 virtute
2721 2787 2984 2858 quidquid
3036 2787 3241 2842 saevitia
3285 2785 3509 2856 protulit
3555 2783 3888 2854 impiarum,

2282 2881 2428 2936 virili
2456 2881 2638 2938 animo
2667 2883 3124 2953 prmgrediuntur.
3147 2881 3282 2950 Quia
3308 2897 3416 2936 non
3442 2889 3565 2937 sunt
3588 2881 3890 2953 condigna

2282 2972 2568 3044 passiones
2588 2971 2747 3042 hujus
2777 2974 3036 3043 temporis
3058 2973 3124 3028 ad
3152 2981 3594 3043 superventuram
3621 2971 3889 3052 gloriam,

2285 3080 2406 3135 qum
2441 3065 2770 3120 revelabitur
2799 3065 2850 3120 in
2881 3066 2961 3120 eis
2987 3063 3164 3138 (Rom.
3185 3079 3301 3130 vm,
3331 3063 3440 3135 ~18).
3472 3062 3579 3119 Nec
3605 3063 3888 3134 pendunt,

2287 3174 2394 3230 quo
2419 3160 2608 3214 mortis
2633 3175 2831 3230 genere
2860 3159 3001 3214 hanc
3030 3159 3190 3213 vitam
3225 3157 3498 3220 amittant,
3536 3155 3894 3228 quandoqui-

597 3242 670 3296 tis
711 3256 865 3297 more
879 3220 1048 3310 vloqui
1085 3220 1364 3299 vobiscum
1394 3261 1408 3298 :
1438 3252 1494 3300 et
1525 3220 1626 3315 pro
1663 3220 1929 3301 charitate
1965 3243 2185 3300 sufl‘erte
2210 3220 2258 3284 (ἶ
2290 3220 2412 3307 dem
2442 3266 2538 3322 per
2567 3220 2727 3320 hujus
2761 3248 3032 3306 defectum
3073 3247 3330 3321 perennis
3367 3246 3519 3322 regni
3553 3220 3892 3302 felicitatem

597 3335 914 3399 verbosum,
955 3349 1118 3404 quem
1163 3348 1231 3389 ex
1277 3335 1562 3391 dilectione
1600 3334 1800 3392 Christi
1849 3337 2073 3393 cernitis
2129 3337 2186 3392 in

597 3426 848 3483 laudibus
868 3427 1079 3483 versari
1109 3437 1439 3484 sanctorum.
1459 3428 1725 3496 Quoniam
1771 3439 1832 3486 ut
1867 3432 2188 3488 meritorum

598 3533 846 3576 meorum
869 3521 1156 3577 evaderem
1183 3520 1442 3584 debitum,
1470 3528 1526 3575 et
1553 3522 1830 3578 beatorum
1855 3523 2187 3595 adipiscerer

597 3614 1006 3670 intercessionis
1051 3612 1394 3686 suﬁragium,
1444 3615 1548 3670 hoc
1586 3629 1720 3686 opus
1762 3616 2005 3672 victoriis
2039 3617 2188 3673 dedi-

600 3722 733 3763 cans
761 3714 1082 3777 martyrum,
1111 3705 1326 3760 decrevi
1349 3705 1619 3778 appellare
1649 3707 1956 3764 Memoriale
1981 3720 2188 3765 sancto-

599 3813 719 3852 rum
748 3815 767 3852 :
794 3806 854 3851 ut
881 3813 949 3854 ex
985 3812 1093 3867 quo
1134 3797 1332 3854 vinctis
1373 3799 1754 3869 compatimur,
1779 3807 1834 3856 et
1860 3801 1955 3856 Dei
1984 3802 2188 3860 amicos

598 3893 953 3950 veneramur,
992 3887 1169 3942 saltim
1216 3901 1403 3942 eorum
1461 3891 1780 3959 patrociniis
1845 3890 2183 3960 adjuvemur.

603 3979 812 4034 Dicitur
855 3977 1002 4032 enim
1051 3979 1102 4033 in
1153 3978 1408 4033 Psalmo:
1449 3979 1578 4034 Mihi
1633 3990 1806 4037 autem
1857 3982 2190 4052 honori/icati

602 4077 723 4123 sunt
751 4068 910 4122 amici
943 4069 1042 4136 tui,
1076 4069 1236 4138 Deus,
1265 4072 1388 4142 quia
1412 4071 1559 4126 valde
1587 4073 1914 4143 confortatus
1943 4083 2017 4129 est
2039 4077 2187 4146 prin-

601 4161 806 4230 cipatus
853 4175 1035 4215 eorum
1081 4159 1262 4232 (-Psat.
1309 4175 1582 4230 cxxxvm,
1632 4164 1750 4236 l7).
1801 4164 2184 4233 Quamobrem,

599 4251 804 4309 fratres
860 4254 1158 4322 carissimi,
1222 4263 1280 4311 et
1331 4267 1546 4313 sorores
1598 4257 1798 4323 beatis,
1854 4255 2039 4326 jubete
2103 4271 2190 4314 me

601 4345 801 4402 vestris
851 4347 1068 4408 admitti"
1111 4348 1391 4419 tripudiis,
1447 4363 1607 4419 quem
1661 4364 1767 4404 non
1813 4349 1946 4405 sinit
1999 4351 2190 4406 abesse

606 4441 808 4498 talibus
850 4443 1062 4513 gaudiis
1107 4443 1270 4514 hujus
1312 4443 1583 4500 confessio
1624 4437 1821 4514 operis.
1854 4442 1968 4500 Nec
2008 4445 2189 4501 invida

603 4533 948 4615 ati‘ectati‘pne
969 4537 1237 4593 vobismet
1263 4536 1599 4596 solummodo
1636 4539 1926 4594 vindicetis
1969 4549 2188 4596 sancto-

604 4619 724 4681 ι·υηί
753 4627 1054 4698 patrocinia
1076 4621 1400 4702 martyrum,
1425 4643 1561 4703 quos
1585 4631 1754 4686 nostis
1775 4645 1875 4701 pro
1897 4632 2066 4688 totius
2087 4633 2191 4689 Ec-

599 4716 783 4780 clesia:
813 4721 1074 4776 membris
1103 4717 1334 4778 subiisse
1361 4722 1673 4778 discrimina
1706 4724 2039 4794 passionum.
2079 4724 2190 4782 Sed

603 4824 776 4894 quare
817 4825 920 4881 ego
964 4809 1165 4868 diutius
1207 4813 1294 4868 his
1341 4814 1551 4884 gaudiis
1598 4815 1879 4870 immorari
1926 4815 2185 4884 delector,

601 4902 756 4972 quasi
800 4911 1046 4959 vestrum
1078 4905 1149 4960 sit
1185 4913 1376 4960 nostro
1413 4907 1726 4962 satisfacere
1758 4907 2001 4976 optatui?
2027 4908 2188 4965 Certe

603 5006 664 5052 ut
695 4988 876 5054 saltim
913 5013 1026 5055 non
1061 5000 1178 5055 sine
1215 5000 1462 5056 consultu
1487 5011 1667 5057 vestro
1694 5002 1873 5057 adsint
1901 5001 2056 5058 nobis
2087 4999 2188 5058 Del

603 5096 774 5146 testes
817 5091 876 5146 in
913 5090 1262 5149 tribulatione
1298 5093 1530 5164 quaesiti,
1571 5093 1662 5164 qui
1712 5093 2034 5167 generaliter
2086 5109 2187 5166 pro

678 5271 705 5302 ι
745 5261 930 5334 Quare
967 5263 1120 5334 hunc
1170 5263 1350 5320 locum
1416 5264 1885 5334 corruptissimum
1952 5265 2193 5324 direrint

606 5328 931 5406 Moraieset
981 5333 1258 5401 Schottus,
1298 5350 1398 5406 nos
1443 5328 1598 5391 certe
1636 5335 1794 5406 latet;
1842 5335 2002 5406 plane
2041 5339 2188 5396 enim

605 5417 797 5478 sensus
838 5403 984 5478 illius
1032 5417 1273 5478 apparet,
1308 5407 1353 5462 si
1385 5405 1634 5477 legatur:
1674 5403 1964 5462 Occurrent
2013 5419 2188 5464 tamen

607 5474 676 5526 ad
721 5474 1352 5550 p‘uniendum'swvitiam
1405 5474 1582 5550 eorum
1630 5478 1718 5550 qui
1767 5479 1867 5532 ista
1916 5479 2190 5548 fecerunt:

607 5545 764 5613 quasi
808 5547 1054 5602 diceret:
1085 5548 1356 5618 Quidquid
1397 5545 1690 5603 moliantur
1727 5545 2104 5618 persecutores
2134 5551 2190 5605 in

611 5625 922 5691 sanctorum
970 5632 1265 5691 martyrum
1315 5635 1582 5689 corpora,
1636 5634 1744 5674 non
1791 5622 2069 5689 proveniet
2123 5621 2194 5678 ad

609 5690 797 5759 eorum
827 5688 1238 5759 derogationem
1266 5688 1548 5756 virtutum,
1579 5691 1673 5747 sed
1702 5691 1754 5743 in
1784 5688 2193 5759 persecutorum

611 5755 1084 5831 suppliciunt.'Cui
1126 5761 1204 5815 rei
1248 5755 1539 5817 occurrent
1585 5761 1637 5816 in
1685 5755 1992 5831 die—iudicii
2023 5781 2034 5816 :
2068 5778 2192 5818 nam

610 5827 820 5885 stabunt
843 5828 978 5901 justi
1000 5831 1057 5887 in
1083 5847 1275 5903 magna
1300 5832 1595 5890 constantia
1625 5827 1876 5890 adversus
1901 5847 1990 5891 eos
2015 5834 2105 5907 qui
2138 5847 2195 5893 se

2290 3352 2623 3416 exspectant.

2359 3437 2447 3494 38.
2489 3435 2689 3492 Verum
2725 3434 2851 3506 quia
2890 3447 3104 3504 semper
3133 3431 3420 3488 laudabilis
3469 3439 3552 3486 est
3587 3427 3893 3484 mediocri-

2291 3540 2393 3597 tas,
2429 3529 2749 3600 faciliusque
2784 3528 3038 3585 lectorem
3069 3523 3305 3583 obleCtat
3333 3525 3604 3582 succincta
3639 3525 3893 3578 brevitas

2291 3638 2454 3695 quam
2485 3620 2764 3677 fastidiosa
2795 3617 3096 3691 prolixitas,
3123 3618 3242 3674 ideo
3267 3613 3781 3672 ﬁnali'claudendus
3805 3622 3894 3670 est

2291 3715 2462 3772 limite
2491 3715 2647 3770 liber.
2683 3711 2762 3770 Ne
2801 3721 3000 3784 praeter
3026 3721 3209 3776 unam,
3238 3717 3294 3766 et
3328 3723 3593 3765 summam
3625 3706 3888 3762 incultiu-

2291 3807 2377 3863 nis
2406 3823 2516 3862 suae
2547 3803 2960 3871 absurditatem,
2993 3802 3156 3857 alium
3191 3799 3459 3873 parturiat
3495 3797 3894 3874 meditantibus

2291 3914 2357 3954 ex
2382 3899 2544 3970 longa
2577 3895 2910 3953 verbositate
2937 3894 3199 3951 laborem.
3230 3892 3367 3949 Hinc
3394 3908 3490 3949 vos
3519 3890 3746 3947 instanti
3770 3891 3893 3962 jam

2290 3990 2580 4047 voluminis
2621 3988 2887 4056 termino,
2927 4003 2960 4044 ο
3005 4001 3206 4044 corona
3253 3996 3586 4052 sanctorum,
3621 3999 3724 4056 ego
3771 3984 3893 4055 ipse

2293 4083 2421 4139 licet
2467 4082 2718 4154 indignus
2759 4069 2926 4137 vestri
2969 4080 3219 4136 laudator
3261 4077 3518 4152 Eulogius
3555 4076 3798 4148 postulo,
3833 4083 3892 4132 ut

2291 4177 2396 4233 hoc
2417 4191 2553 4248 Opus
2580 4176 2982 4246 vobismetipsis
3003 4174 3288 4246 probatum
3311 4171 3577 4236 efficiatis,
3601 4182 3891 4244 acceptum

2292 4267 2658 4336 sanctiticetis,
2694 4265 3086 4324 sanctificatum
3117 4266 3228 4321 Deo
3251 4265 3449 4332 libetis,
3477 4279 3653 4335 neque
3684 4263 3894 4320 inordi-

2291 4367 2473 4415 natam
2516 4349 2852 4414 narrationis
2887 4357 3004 4429 ejus
3049 4358 3245 4413 seriem
3279 4349 3550 4428 pcnsétis;
3605 4356 3703 4410 sed
3752 4355 3892 4411 velle

2291 4467 2473 4515 meum
2520 4453 2701 4524 potius
2754 4467 2915 4524 quam
2968 4466 3129 4524 posse
3191 4445 3637 4515 considerantes,
3694 4449 3890 4504 volun-

2295 4543 2436 4602 tatis
2451 4554 2656 4611 votum,
2693 4561 2798 4602 non
2841 4538 3293 4617 impossibilitatis
3334 4533 3758 4600 remuneremini
3793 4545 3890 4618 de-

2293 4637 2515 4693 fectum.
2544 4637 2678 4706 Quia
2709 4636 2830 4693 ideo
2859 4635 3127 4706 primitias
3161 4633 3322 4706 hujus
3357 4621 3746 4692 commentarii.
3774 4629 3891 4708 (‘23)

2290 4745 2402 4801 pra:
2423 4729 2676 4785 omnibus
2696 4727 3029 4800 philosophis
3056 4727 3243 4799 patriae
3275 4737 3477 4783 nostra:
3511 4727 3666 4781 vobis
3692 4724 3891 4782 offerre

2292 4823 2498 4889 curavi,
2529 4831 2588 4876 ut
2609 4821 2726 4893 ejus
2742 4820 2967 4877 obtentu
2987 4828 3225 4875 vestrum
3248 4813 3476 4874 habeam
3493 4818 3891 4888 patrocinium,

2289 4927 2580 4986 vestroque
2607 4915 2913 4970 interventu
2942 4912 3090 4969 omni
3129 4927 3346 4968 caream
3374 4911 3508 4976 vitio
3547 4930 3561 4964 :
3596 4911 3748 4982 quod
3781 4910 3891 4965 Do-

2291 5001 2495 5062 minum
2546 5013 2737 5062 contra
2784 5018 2871 5059 me
2915 5019 3016 5074 pro
3050 5001 3319 5074 pecccatis
3356 4991 3625 5057 offensum
3672 5012 3894 5055 merear

2293 5106 2349 5154 et
2386 5113 2530 5153 nunc
2559 5104 2613 5152 et
2656 5096 2713 5151 in
2741 5089 3001 5151 aeternum
3041 5091 3284 5176 invenire
3313 5087 3631 5166 propitium.
3677 5091 3796 5164 (ει)
3825 5087 3891 5145 Et

2295 5275 2745 5350 angustiaueruut.
3291 5339 3302 5351 θ

2366 5341 2403 5398 b-
2427 5338 2503 5420 ρε
2531 5338 2731 5420 lusui).
2763 5356 2822 5405 tt,
2851 5339 3104 5420 αῳεβ-ει
3121 5337 3176 5420 ii,
3197 5336 3622 5420 εενώὶιεΜοιΑιε

2369 5421 2391 5451 ε
2429 5409 2569 5464 Bene
2617 5409 2706 5464 hic
2758 5406 2924 5465 notat'
2958 5409 3218 5465 Schottus
3269 5417 3562 5480 propterea
3602 5406 3890 5480 Eulogium

2295 5481 2398 5554 hoc
2425 5479 2545 5554 loco
2575 5496 2680 5536 non
2710 5482 3020 5538 meminisse
3045 5475 3303 5554 Ludovici
3333 5475 3518 5554 fratris
3545 5479 3727 5554 Pauli,
3748 5475 3888 5554 quod

2297 5552 2427 5606 dum
2478 5552 2592 5605 haec
2649 5560 3131 5621 commentaretur,
3190 5545 3496 5607 Ludovicus
3559 5545 3883 5621 martyrium

2296 5623 2532 5677 nondum
2559 5637 2752 5692 passus
2773 5623 2966 5678 fuerat.
2993 5619 3100 5678 Hic
3118 5623 3262 5678 enim
3303 5621 3624 5678 interfectus
3661 5619 3746 5676 est
3781 5619 3888 5689 pri-

2297 5694 2385 5750 die
2435 5691 2695 5765 kaiendas
2738 5695 2866 5749 maii
2912 5695 3039 5750 anni
3085 5694 3213 5760 855,
3270 5703 3329 5750 ut
3365 5701 3520 5765 patet
3547 5691 3764 5765 ~inilib.
3801 5704 3882 5754 tu.

2299 5779 2420 5845 cap.
2455 5763 2636 5845 taret
2663 5764 2860 5845 librum
2899 5766 3136 5838 primum
3164 5763 3436 5827 scribebat
3463 5763 3724 5838 Eulogius
3745 5774 3886 5817 anno

2299 5835 2426 5903 85-1,
2455 5844 2515 5892 ut
2546 5835 2660 5908 jam
2702 5835 2956 5894 diximus.
