4094 6346
207 313 328 400 πε

1231 345 1660 405 MEMORIALIS
1701 349 2146 411 SANCTORUM.
2183 383 2253 394 —-
2292 351 2419 410 LIB.
2461 353 2526 410 II.

3393 361 3499 422 766

204 459 346 522 licet
375 455 499 514 inde
523 458 789 553 gravioris
806 457 988 553 culpae
1024 476 1110 518 me
1139 461 1430 553 obnoxium
1471 463 1802 530 conscientia
1827 472 1884 533 Α
1907 468 1973 524 de
2000 469 2221 526 obtentu
2235 472 2419 542 gratiae
2445 470 2861 543 Redemptoris;
2888 474 3014 546 quia
3041 475 3161 548 plus
3178 493 3360 536 coram
3380 481 3498 553 ipso

205 567 342 630 inea
363 551 693 616 remordeat,
727 550 853 621 quia
887 567 974 608 res
998 552 1343 622 przeconabili
1371 553 1510 625 stylo
1531 554 1598 608 ad
1623 565 1802 625 poste-

201 657 404 708 rorum
439 643 684 698 notitiam
725 641 1057 700 ordinandas
1094 651 1300 700 temere
1323 644 1569 700 infecerit
1605 643 1803 717 eloquii

200 736 324 795 mei
372 736 576 792 inculta
613 736 926 804 barbaries;
957 744 1136 792 tamen
1174 752 1242 794 ex
1271 751 1335 792 eo
1361 737 1495 792 tanti
1525 751 1547 778 ο
1580 725 1804 810 deliquii

202 828 513 884 remedium
555 827 796 899 adipisci,
821 843 1002 900 spero,
1032 844 1098 884 ex
1117 843 1225 899 quo
1261 844 1473 884 omnem
1504 829 1612 884 vim
1648 839 1802 885 snam

201 919 452 982 brevitas
471 919 672 993 ingenii
693 919 866 975 nostri
894 919 948 976 in
969 919 1181 974 laudem
1203 928 1440 974 vestram
1462 919 1798 990 expendcrit.

203 1010 322 1072 Sed
343 1023 400 1068 et
421 1011 888 1088 susurrationibus
922 1010 1308 1066 maledicorum
1339 1009 1532 1068 obvius
1560 1010 1800 1080 veniens,

201 1104 356 1162 acies
402 1103 728 1176 perﬁdorum
774 1103 1090 1172 prostravit,
1131 1101 1480 1158 fundamenta
1515 1102 1800 1170 subvertit,

199 1195 354 1250 vires
393 1193 677 1266 confregit.
724 1192 804 1250 Ac
845 1192 1009 1248 veluti
1058 1207 1246 1260 canes,
1289 1191 1380 1263 qui
1420 1189 1800 1248 ardentissimo

202 1287 324 1344 zelo
357 1303 461 1360 pro
489 1287 723 1344 dominis
749 1286 860 1343 suis
899 1301 1042 1357 saepe
1075 1285 1258 1342 rixare
1285 1301 1392 1342 non
1429 1285 1702 1350 desinunt,
1733 1299 1800 1340 eo

202 1381 446 1452 amplius
477 1381 532 1444 in
560 1381 884 1452 importunis
922 1380 1204 1436 latratibus
1241 1381 1662 1446 exacerbantur,
1692 1393 1800 1450 quo

201 1472 350 1532 forte
382 1473 775 1544 impugnatoris
806 1472 1007 1529 fuerint
1052 1472 1278 1528 verbere
1303 1470 1558 1538 lacerati;
1604 1471 1675 1524 ita
1699 1485 1798 1527 nos

201 1565 332 1622 licet
378 1566 696 1638 asperrrimi
739 1565 998 1638 temporis
1039 1565 1288 1636 angustia
1332 1573 1695 1628 coarctemur,
1743 1570 1800 1624 et

200 1657 620 1730 imminentibus
650 1657 904 1730 periculis
931 1657 1247 1722 obruamur,
1283 1656 1589 1714 nullatenus
1619 1664 1798 1710 tamen

200 1748 445 1822 linguam
491 1751 558 1807 de
604 1751 803 1808 vestris
856 1751 1106 1806 laudibus
1152 1749 1538 1816 abstraximus,
1593 1759 1688 1804 aut
1732 1737 1798 1805 de

1905 562 2144 616 votivum
2187 563 2310 618 novi
2343 563 2519 619 valere
2541 562 2810 631 affectum,
2846 583 3007 639 quam
3033 585 3254 640 segnem
3277 571 3499 630 afﬂuen-

1908 651 2034 705 tiam
2059 668 2362 708 munerum.
2397 652 2948 726 Quapropteriterata
2986 661 3382 731 supplicatione
3402 679 3498 720 vos

1905 760 2106 818 qumso,
2137 746 2332 802 milites
2354 748 2470 816 Dei,
2512 748 2800 806 bellatores
2830 753 3054 824 egregii,
3090 763 3256 810 testes
3295 756 3497 824 idonei,

1907 847 2173 909 martyres
2197 836 2395 894 Christi
2423 850 2704 896 consortes
2732 843 2880 914 regni
2914 857 3157 916 perpetur
3175 887 3190 912 ,
3216 855 3273 900 ut
3298 864 3383 902 me
3408 849 3499 904 hic

1907 929 2050 984 ﬁdeli
2105 931 2366 986 servitute
2416 932 2524 988 Deo
2558 932 2819 1003 jungatis,
2871 945 2926 990 et
2966 947 3086 1006 post
3126 939 3360 993 debitam
3399 955 3498 1010 pro

1905 1022 2201 1078 sceleribus
2250 1024 2302 1078 in
2337 1023 2518 1079 futuro
2561 1027 2813 1082 examine
2841 1027 3060 1084 ultionis
3100 1031 3428 1086 sententiam
3466 1047 3498 1086 a

1906 1133 1992 1172 me
2030 1116 2308 1172 auferatis.
2361 1116 2429 1174 Ut
2459 1119 2551 1190 qui
2600 1119 2736 1175 liber
2779 1119 3090 1176 Memoriale
3133 1134 3432 1178 sanctorum
3465 1139 3497 1180 ει

1905 1209 2062 1264 nobis
2100 1209 2422 1280 appellatus,
2461 1219 2764 1268 vestrorum
2803 1221 3020 1268 actuum
3053 1213 3344 1288 gloriosam
3385 1231 3498 1271 me-

1905 1303 2129 1357 moriam
2166 1313 2529 1375 praeconatur,
2579 1306 2894 1361 memoriam
2939 1322 3116 1361 meam
3163 1324 3346 1362 coram
3397 1308 3494 1362 tri-

1904 1395 2088 1450 bunali
2131 1395 2298 1451 futuri
2324 1395 2521 1467 judicis
2554 1395 2738 1452 favore
2773 1413 2884 1452 sua:
2922 1399 3253 1468 acceptionis
3291 1399 3346 1453 in
3378 1415 3496 1454 sor-

1905 1497 2015 1544 tem
2039 1489 2222 1544 ovium
2251 1489 2588 1561 prmscribat.
2613 1489 2730 1559 Quo
2763 1505 2793 1544 a
2817 1490 2948 1545 laeva
2979 1491 3034 1546 in
3063 1499 3274 1562 partem
3304 1492 3490 1547 dexte-

1904 1597 2018 1635 ram
2069 1579 2398 1646 demutatus,
2458 1581 2531 1653 pii
2572 1582 2949 1654 Redemptoris
3002 1583 3309 1653 aspectibus
3375 1582 3494 1638 sine

1904 1675 2218 1732 confusione
2263 1693 2474 1734 merear
2521 1677 2727 1750 perfrui
2769 1694 2783 1732 ε
2825 1678 3078 1749 nulloque
3130 1677 3493 1750 praepediente

1903 1782 2078 1834 reatu,
2115 1767 2189 1822 illi
2219 1768 2382 1824 εωιυὶ
2423 1769 2802 1824 connumerari
2845 1784 3178 1840 promercar,
3227 1767 3314 1823 cui
3348 1767 3490 1823 idem

199 1840 539 1912 perﬁdorum
573 1842 932 1898 insectatione
969 1841 1322 1898 cessavimus.
1373 1839 1499 1895 Haec
1539 1855 1637 1895 nos
1664 1854 1789 1911 qua-

1900 1858 2231 1934 Redemptor
2258 1861 2348 1933 pia
2381 1876 2514 1917 voce
2541 1861 2784 1916 dicturus
2811 1870 2894 1916 est
2931 1879 2943 1914 :
2985 1859 3165 1914 Venite
3187 1900 3203 1925 ,
3238 1859 3492 1914 benedicti

199 1933 330 1992 dam
356 1948 456 2006 spe
480 1943 680 2008 cogunt
705 1935 856 1992 laetos
881 1934 1141 2002 existere,
1178 1944 1232 1991 et
1263 1935 1328 1991 de
1351 1933 1638 1990 clementia
1664 1931 1790 1990 boni

197 2023 458 2096 Earentis
480 2027 716 2083 conﬁsos
758 2041 998 2083 manere.
1027 2026 1095 2081 Et
1121 2026 1322 2084 idcirco
1347 2042 1454 2082 non
1488 2042 1575 2082 me
1601 2025 1792 2095 despc-

197 2130 326 2172 rare
340 2115 501 2188 hujus
513 2115 676 2174 faciet
687 2119 863 2174 oratio
884 2117 1110 2196 inculta.
1133 2125 1188 2174 et
1197 2116 1320 2176 vilis
1331 2116 1532 2173 oblatio
1547 2116 1790 2188 muneris

273 2265 301 2296 ι
323 2253 434 2310 Pro
464 2255 718 2310 criminis.
753 2252 955 2310 Seno'r.

1899 1950 2081 2008 Patris
2105 1953 2229 2017 mei,
2267 1954 2514 2024 percipile
2536 1962 2782 2025 paratum
2820 1952 2962 2008 vobis
2995 1969 3213 2024 regnum
3243 1970 3275 2008 a
3299 1951 3491 2006 consti-

1897 2048 2095 2104 tutione
2116 2047 2298 2102 mundi
2322 2045 2535 2121 (Matth.
2560 2061 2668 2101 xxv
2685 2087 2699 2114 ,
2727 2043 2838 2120 54).

200 2391 3468 2430 .———_—_———_—————————————I——l—

1367 2540 1670 2621 LIBER
1745 2536 2307 2618 SECUNDUS.

789 2769 1184 2830 PREFATIO.

267 2876 538 2950 Contigua
571 2878 732 2952 hujus
763 2881 991 2940 secundi
1020 2882 1203 2953 operis
1221 2882 1461 2942 brevitas
1488 2893 1788 2958 martyrum

189 2973 576 3030 tantummodo
619 2975 902 3032 beatorum
956 2985 1110 3048 gesta
1171 2991 1487 3048 exponens,
1541 2978 1786 3045 nomina,

186 3075 408 3133 aetates,
431 3075 604 3133 ortus,
640 3067 862 3139 diesque
883 3067 1187 3126 allisionum
1207 3069 1348 3128 ﬁdeli
1383 3068 1624 3140 proferet
1649 3069 1787 3126 rela-

187 3253 321 3311 belli
361 3255 555 3310 seriem
587 3256 911 3326 protelatam
935 3272 1318 3329 compensans,
1345 3271 1484 3326 quos
1513 3253 1788 3326 praeconio

190 3362 294 3404 suo
329 3347 607 3416 extulerit,
657 3348 774 3405 sive
809 3359 1031 3406 econtra
1078 3365 1218 3421 quos
1247 3349 1366 3406 zelo
1408 3349 1506 3406 Dei
1541 3357 1785 3408 armatus

192 3441 518 3508 incesserit,
563 3441 778 3497 facilius
813 3443 985 3514 possit
1019 3440 1307 3511 conjicere.
1341 3440 1474 3498 Nam
1513 3440 1660 3511 quod
1697 3440 1787 3498 ille

191 3537 350 3593 vario
390 3537 774 3609 disputationis
818 3540 1024 3596 ambitu
1073 3539 1326 3595 obvoluta
1377 3539 1635 3610 disponit,
1681 3539 1788 3595 iste

192 3628 520 3685 enucleatim
577 3632 958 3702 compendiosa
1015 3633 1234 3692 disserit
1285 3633 1571 3689 brevitate.
1614 3631 1787 3698 Quem

188 3736 291 3792 per
349 3721 583 3793 capitula
653 3723 776 3780 ideo
832 3723 1198 3795 digessimus,
1251 3732 1314 3779 ut
1364 3722 1788 3793 uniuscujusque

189 3824 494 3887 martyrum
532 3817 722 3890 agonis
768 3817 1033 3889 principia
1063 3817 1285 3873 liberius
1319 3831 1378 3873 se
1399 3816 1787 3873 meditantibus

187 3907 532 3966 exhiberem.

697 4023 926 4082 CAPUT
965 4023 1256 4080 PRIMUM.

301 4116 380 4173 De
415 4115 680 4208 Perfecto,
722 4120 1018 4191 presbytero
1052 4116 1392 4182 Cordubensi,
1425 4125 1674 4188 martyre.
1771 4131 1776 4137 '

265 4227 338 4284 In
375 4229 583 4286 nomine
621 4230 853 4286 Domini.
901 4231 1180 4306 chnante
1221 4232 1273 4286 in
1319 4238 1636 4303 perpetuum
1681 4229 1785 4286 Do-

189 4318 342 4376 mino
380 4327 572 4378 nostro
609 4319 736 4384 Iesu
784 4320 1020 4388 Christo,
1061 4339 1203 4378 anno
1239 4321 1627 4377 incarnationis
1663 4319 1783 4392 ejus

184 4411 641 4485 octingentesimo
669 4415 1137 4486 quinquagesimo,
1183 4430 1292 4470 mra
1326 4413 1780 4485 octingentesima

1897 2783 2071 2841 usque
2099 2765 2164 2821 ad
2195 2761 2470 2820 interitum
2512 2756 2816 2829 vapularet,
2857 2753 3182 2810 venerabilis
3207 2753 3484 2810 memoria:

1895 2861 2176 2919 Perfectus
2189 2855 2491 2928 presbyter,
2507 2848 2769 2907 Cordubae
2790 2855 2972 2912 natus,
2994 2853 3048 2899 et
3064 2845 3167 2899 sub
3179 2844 3485 2916 paedagogis

1895 2953 2130 3011 basilicm
2159 2947 2331 3006 sancti
2365 2941 2560 3000 Aciseli
2585 2940 2728 2996 clara
2749 2937 3051 2994 eruditione
3072 2935 3333 3000 nutritus,
3370 2934 3485 3004 ple-

1894 3045 2116 3101 nissime
2158 3035 2540 3098 ecclesiasticis
2577 3029 2878 3102 disciplinis
2916 3029 3172 3093 imbutus,
3217 3036 3274 3082 et
3309 3026 3485 3081 vivaci

190 3119 347 3216 eo...
366 3119 1789 3234 In.sunt:iegtg;",;.;"p;:.ia.;;sine};
1813 3125 1861 3208 ο
1890 3135 2235 3234 educatique
2255 3126 2535 3234 {meme
2545 3131 2753 3234 sariri
2766 3119 2910 3234 ff):
2920 3131 3286 3234 @3915:
3292 3121 3484 3234 Agar:

1889 3229 2086 3301 linguae
2111 3223 2356 3282 Arabicae
2381 3218 2646 3290 cognitus,
2683 3222 2848 3270 totam
2880 3223 3016 3282 pene
3038 3210 3376 3282 iuventutem
3403 3204 3483 3279 (5)

1890 3321 1944 3378 in
1981 3319 2240 3392 praedicto
2270 3312 2532 3383 transegit
2559 3307 2826 3365 coenobio.
3445 3379 3454 3386 .

1959 3413 2013 3467 2.
2057 3409 2303 3480 Quodam
2329 3420 2459 3462 vero
2491 3403 2575 3460 die
2606 3401 2732 3456 dum
2759 3398 2828 3452 ob
2853 3395 2931 3450 rei
2966 3393 3252 3450 familiaris
3281 3401 3475 3448 neces-

1886 3508 2103 3563 sitatem
2142 3503 2245 3558 iter
2265 3505 2572 3572 perageret,
2597 3503 2650 3551 et
2678 3510 2858 3550 rerum
2890 3489 3308 3550 domesticarum
3335 3500 3484 3541 com-

1889 3597 2065 3655 modis
2098 3593 2410 3658 consulens,
2449 3605 2550 3662 per
2573 3589 2761 3644 urbem
2798 3585 3191 3658 ingrederetur,
3224 3591 3483 3650 quorumd-

1889 3691 2011 3750 dam
2071 3685 2346 3760 gentilium
2409 3677 2872 3738 sciscitationibus
2932 3675 3000 3731 de
3052 3673 3156 3728 ﬁde
3216 3669 3482 3727 catbodca

1888 3782 2233 3852 exploratur,
2295 3789 2560 3845 suumque
2617 3785 2802 3827 coram
2858 3767 2938 3824 eis
2982 3765 3050 3821 de
3096 3762 3358 3826 Christo,
3423 3763 3482 3852 et

1887 3874 2148 3944 propheta
2199 3869 2477 3924 Mabomat
2523 3859 2895 3922 testimonium
2944 3858 3200 3936 proferre
3233 3855 3475 3928 j'ubetur.

1886 3959 1989 4033 Qui
2033 3963 2290 4018 continuo
2335 3959 2532 4015 diffuso
2575 3970 2671 4012 ore
2709 3950 3007 4011 divinitatis
3052 3945 3252 4005 Christi
3290 3954 3480 4016 poten—

1887 4055 2017 4108 tiam
2060 4051 2337 4124 proﬁtens,
2391 4058 2446 4106 et
2486 4063 2607 4104 esse
2651 4045 2821 4102 Deum
2851 4057 3013 4120 super
3041 4039 3224 4097 omnia
3259 4035 3480 4094 benedi-

1885 4153 2030 4201 ctum
2080 4145 2134 4199 in
2180 4139 2376 4198 saecula
2405 4153 2784 4210 prteconans:
2835 4154 2854 4188 α
2891 4135 3081 4190 Vatem
3129 4125 3348 4201 (inquit)
3388 4139 3481 4182 ve-

1886 4249 2060 4296 strum
2101 4236 2333 4308 qualiter
2373 4233 2515 4304 apud
2562 4229 2863 4288 catholicos
2910 4227 3177 4284 habeatur
3207 4229 3480 4293 exponere

1885 4347 1992 4387 non
2016 4329 2208 4396 audeo,
2237 4327 2364 4401 quia
2394 4325 2545 4396 gravi
2571 4322 2818 4378 molestia
2845 4325 3070 4391 propter
3100 4317 3204 4371 hoc
3234 4329 3332 4370 vos
3355 4310 3476 4367 vul-

1886 4425 2066 4482 nerari
2091 4439 2195 4478 non
2221 4415 2664 4492 ambigo.Verum
2696 4415 2738 4471 si
2763 4413 2940 4469 foedus
2963 4401 3478 4466 intercesseritami-

185 4506 558 4578 octuagesima
581 4518 790 4580 octava,
815 4509 890 4580 (ι)
905 4509 1218 4572 consulatus
1233 4505 1512 4579 autem‘(2)
1532 4505 1748 4561 Habdar
1761 4534 1778 4546 -

1893 4519 2076 4583 cabile,
2127 4525 2180 4572 et
2211 4514 2504 4588 paciﬁcam
2521 4509 2643 4565 ﬁdei
2675 4509 2982 4580 pactionem
3020 4499 3468 4562 accommodatis,

188 4596 488 4667 rahaeman
515 4598 772 4656 Υίοεείιηο
806 4615 948 4660 ηοηο
988 4615 1002 4654 ε
1040 4598 1193 4668 cuius
1245 4597 1578 4669 temporibus
1618 4597 1780 4654 rebus
1883 4611 2055 4667 dicam
2069 4624 2176 4678 quo
2201 4603 2478 4677 Evangelii
2509 4599 2819 4658 testimonio
2835 4594 3360 4662 denotetur,vel-qua
3380 4603 3479 4646 ve-

187 4695 246 4742 et
279 4686 540 4758 dignitate
577 4704 710 4758 gens
750 4689 991 4766 Arabum
1026 4691 1078 4746 in
1113 4689 1384 4762 ilispaniis
1419 4698 1608 4756 aucta,
1641 4702 1667 4730 ι
1701 4698 1782 4746 to-

1893 4699 2206 4758 neratione'a
2225 4693 2554 4752 christicolis
2569 4691 2871 4748 excolatur.
2895 4711 2914 4743 ι
2935 4688 3087 4744 Illico
3100 4683 3474 4742 fraudulenter

190 4787 304 4836 tam
345 4794 484 4851 pene
521 4779 799 4860 Hiberiam
853 4783 970 4840 diro
1017 4781 1300 4856 privilegio
1345 4780 1632 4850 occupavit
1660 4777 1776 4851 (5);

190 4870 500 4928 Cordubam
550 4889 702 4942 vero,
761 4891 881 4948 quze
929 4876 1058 4932 olim
1109 4873 1342 4928 Patricia
1397 4873 1426 4913 ι’
1478 4871 1777 4938 dicebatur,

191 4979 339 5020 nunc
402 4965 648 5023 sessione
717 4982 815 5023 sua
871 4955 1059 5024 urbem
1141 4967 1346 5038 regiam
1416 4962 1777 5036 appellatam,

189 5070 405 5113 summo
442 5057 596 5129 apice
633 5058 846 5127 extulit,
887 5057 1179 5116 honoribus
1216 5055 1524 5112 sublimavit
1547 5096 1560 5120 ,
1610 5051 1780 5125 gloria

197 5146 472 5216 dilatavit,
521 5147 727 5208 divitiis
774 5150 1109 5218 cumulavit,
1168 5158 1594 5218 cunctarumque
1649 5145 1782 5200 deli-

189 5237 406 5295 ciarum
470 5223 659 5300 mundi
711 5240 988 5298 affluentia
1053 5240 1228 5316 (ultra
1271 5255 1432 5310 quam
1496 5237 1646 5292 credi
1693 5235 1782 5296 vel

189 5331 298 5385 dici
339 5330 422 5387 fas
461 5332 565 5408 est)
593 5334 962 5390 vehementius
992 5331 1267 5404 ampliavit
1295 5349 1308 5385 :
1343 5331 1417 5386 ita
1455 5339 1513 5385 ut
1541 5330 1593 5384 in
1631 5325 1780 5384 omni

188 5437 388 5494 pompa
418 5409 659 5481 saeculari
690 5413 1116 5498 praedecessores
1142 5421 1355 5496 generis
1386 5423 1468 5479 sui
1504 5438 1659 5494 reges
1680 5436 1779 5477 ex-

186 5513 432 5581 eederet,
478 5526 780 5588 superaret,
822 5527 877 5574 et
927 5517 1186 5573 vinceret.
1241 5515 1486 5586 Dumque
1529 5514 1630 5570 sub
1663 5511 1780 5584 ejus

187 5603 524 5675 gravissimo
579 5605 710 5681 iugo
761 5606 1003 5665 Ecclesia
1060 5607 1487 5665 orthodoxorum
1534 5621 1780 5680 gemens,

266 5749 296 5782 ι
324 5737 542 5800 Videsis
561 5751 749 5800 notam
775 5742 871 5800 lib.
895 5759 940 5812 ι,
968 5757 1118 5800 num.
1139 5741 1192 5798 7.

1882 4792 2042 4848 ﬁdem
2073 4790 2369 4862 spondent,
2399 4795 2455 4844 et
2483 4782 2746 4856 quidquid
2790 4781 2857 4838 de
2888 4779 2980 4837 illo
3006 4777 3148 4849 apud
3188 4773 3471 4844 religiosos

1885 4895 2128 4950 tenetur,
2157 4883 2305 4940 omni
2338 4880 2492 4952 pulsa
2519 4877 2808 4934 formidine
2838 4886 3096 4930 enarrare
3119 4864 3470 4937 compellunt.

1881 4975 1963 5030 Ad
2018 4976 2134 5030 haec
2176 4971 2411 5045 prudens
2447 4967 2704 5024 sacerdos
2725 4963 2954 5020 Arabice
2980 4961 3100 5016 illos
3129 4956 3474 5045 reciprocans

1883 5044 2407 5139 pseudoprophetam
2438 5059 2588 5115 illum
2614 5066 2670 5114 et
2691 5055 3039 5112 falsissimum
3066 5044 3471 5139 dogmatistam,

1883 5135 2008 5230 quia
2039 5135 2222 5228 plures
2244 5152 2539 5217 seduxerit,
2564 5165 2627 5206 ex
2655 5145 2948 5219 Evangelia
2974 5139 3216 5215 pr0tulit,
3248 5135 3467 5192 dicens:

1889 5266 1908 5300 ί
1946 5245 2103 5301 Multi
2143 5241 2602 5316 pseudoprOpheta:
2648 5239 2850 5294 venient
2891 5237 2944 5290 in
2991 5233 3198 5287 nomine
3238 5243 3373 5291 meo,
3420 5233 3469 5278 et

1884 5341 2076 5408 multos
2104 5339 2350 5394 seducent
2375 5351 2394 5390 :
2425 5343 2470 5389 et
2493 5333 2694 5387 a‘abunt
2726 5331 2879 5400 signa
2889 5339 3112 5396 magna,
3139 5331 3185 5376 et
3209 5318 3472 5390 prodigia,

1883 5434 1959 5486 ita
1991 5441 2046 5485 ut
2096 5431 2151 5484 in
2178 5432 2414 5483 errorem
2452 5424 2794 5486 inducantur,
2843 5419 2890 5472 si
2933 5415 3050 5485 ﬁeri
3095 5420 3280 5484 potest,
3313 5409 3472 5464 etiam

1884 5525 2033 5582 electi
2063 5522 2275 5596 (Matth.
2328 5533 2476 5582 xxiv,
2503 5516 2618 5589 24).
2660 5535 2678 5568 ι
2733 5533 2751 5564 ι
2779 5513 2822 5567 Ε
2863 5511 3056 5581 quibus
3085 5509 3226 5564 inter
3251 5513 3476 5561 cazteros

1887 5632 2133 5678 summus
2165 5613 2253 5670 hic
2291 5610 2553 5683 propheta
2584 5614 2767 5664 vester
2809 5603 2982 5662 hostis
3027 5600 3235 5672 antiqui
3265 5597 3475 5670 priesti-

1959 5750 1988 5790 ι)
2014 5749 2088 5804 De
2131 5757 2359 5816 utroque
2406 5736 3036 5816 urbi_s_nomine__n_tulta_
3062 5735 3172 5816 jam
3215 5731 3467 5816 diximus.

1888 5801 2082 5879 Itidem
2119 5801 2374 5888 (ἱείτέεηὶ
2417 5813 2635 5870 Arabici
2667 5812 2793 5868 sede
2834 5810 2905 5867 ibi
2937 5801 3216 5866 collocata.
3254 5801 3466 5862 Mow.

4057 4843 4061 5049 Ι

4053 5351 4057 5532 l

4051 5825 4053 5983 ι
