4094 6346
655 278 767 336 ποτ
1769 277 2150 346 semesa
2185 274 2510 336 ARCHIEP.
2549 254 2800 337 TOLET.
2993 329 3015 342 .
3828 282 3939 344 res

661 393 767 467 giis
796 401 1113 466 occupatus,
1142 395 1534 453 daemoniorum
1559 395 2242 469 ﬁgmentisjllectus,‘ina-
2269 398 2320 458 Α
2344 393 2580 464 pondere
2631 394 2971 450 vinculorum
3005 401 3311 464 coarctans,
3354 395 3750 455 victimandum
3790 398 3843 454 in
3870 417 3939 458 eo

654 487 957 545 leficiorum
999 491 1298 563 sacrilegiis
1333 491 1568 558 deditus,
1618 492 1908 546 multorum
1957 491 2244 563 parvipen-

651 571 899 638 dentium
927 585 1093 639 corda
1135 585 1317 640 lethali
1368 600 1574 641 veneno
1622 600 1998 654 corrumpens,
2022 593 2240 640 internae

653 676 977 745 perditionis
1025 676 1233 747 laqueis
1283 677 1630 748 mancipavit.
1675 676 1767 732 Sic
1817 677 1963 732 nulla
2012 677 2243 747 spiritali

653 769 926 824 discretus
971 770 1283 839 prudentia,
1327 770 1557 840 principi
1608 768 1824 825 Satanae
1859 786 2045 825 eorum
2080 769 2242 825 fidem

651 860 1047 925 accommodat,
1077 877 1201 917 cum
1223 877 1330 932 quo
1352 863 1466 932 ipse
1492 863 1790 934 asperrima
1819 862 2114 918 inferorum
2141 863 2241 917 lui-

654 961 810 1008 turus
832 962 1118 1018 tormenta,
1163 969 1259 1008 vos
1299 969 1516 1024 quoque
1554 955 1877 1025 sequipedas
1919 970 2102 1010 secum
2146 969 2239 1008 ar-

651 1058 831 1108 suros,
896 1043 1350 1115 inexstinguibilis
1394 1045 1593 1100 camini
1633 1045 1913 1116 deputavit
1947 1045 2234 1100 incendiis.

649 1132 784 1187 Nam
826 1149 933 1204 quo
976 1143 1134 1206 pacto
1185 1136 1326 1190 inter
1372 1136 1665 1207 prophetas
1719 1139 2097 1207 reputabitur,
2145 1147 2239 1194 aut

649 1242 819 1295 quare
852 1242 956 1282 non
1004 1229 1382 1285 maledictione
1420 1231 1628 1287 caelesti
1665 1231 1950 1302 plectetur,
1985 1234 2087 1303 'qui
2117 1233 2237 1288 Zei-

645 1319 752 1372 nab
777 1335 998 1374 uxorem
1030 1323 1305 1377 vernaculi
1348 1325 1432 1378 sui
1481 1324 1614 1379 Zaid
1657 1325 1834 1394 specie
1878 1325 2090 1382 decoris
2119 1327 2235 1397 ejus

643 1413 952 1471 obcaecatus
971 1457 985 1482 ,
1010 1417 1135 1487 jure
1163 1417 1450 1475 barbarico
1473 1419 1745 1486 auferens,
1788 1423 1930 1476 sicut
1961 1437 2133 1492 equus
2181 1429 2235 1478 et

643 1505 840 1571 mulus,
873 1507 926 1561 in
948 1509 1145 1578 quibus
1175 1526 1281 1565 non
1314 1521 1398 1567 est
1419 1513 1725 1569 intellectus
1757 1514 1930 1583 (Psal.
1962 1532 2113 1590 xui,
2147 1516 2228 1588 9),

641 1597 946 1651 adulterina
973 1598 1074 1654 sibi
1121 1601 1312 1670 copula
1345 1604 1553 1667 nexuit,
1593 1618 1823 1675 seseque
1850 1621 1917 1662 ex
1951 1607 2106 1677 jussu
2136 1625 2233 1664 an-

2344 484 2432 539 die
2475 484 2676 552 differt,
2727 501 2834 555 quo
2884 485 3124 557 profanis
3173 488 3367 544 ritibus
3419 489 3676 546 festivum
3715 496 3938 562 pascha

2343 579 2596 650 gaudium
2651 581 2790 648 apud
2845 595 2939 636 eos
2987 579 3271 635 excolitur.
3321 580 3483 638 Vadit
3525 583 3684 638 miles
3733 583 3935 642 Christi

2343 668 2742 723 exsultantibus
2789 669 2985 723 animis
3013 670 3195 724 abiita
3239 673 3475 726 carceris
3511 681 3728 742 petens,
3759 672 3937 729 betas-

2341 770 2448 825 que
2473 757 2621 811 illum
2647 773 2861 812 reorum
2880 774 3122 828 specum,
3159 761 3311 829 quasi
3341 760 3406 815 ad
3438 763 3628 834 epulas
3651 763 3929 832 invitatus,

2343 848 2660 920 ingreditur.
2708 849 2808 905 Ubi
2846 867 3053 906 summa
3087 851 3298 907 timoris
3340 862 3394 909 et
3436 856 3820 910 sanctimonia:
3845 871 3930 910 re.-

2340 943 2584 997 verentia
2613 943 2889 1013 prieditus,
2937 943 3154 1012 vigiliis,
3184 945 3556 1012 orationibus,
3602 955 3774 1016 atque
3795 945 3932 1018 jejn~

2339 1033 2444 1088 niis
2475 1034 2796 1100 inserviens,
2829 1033 3002 1088 fertur
3036 1050 3190 1090 suam
3238 1037 3587 1104 sententiam,
3642 1053 3813 1108 quam
3839 1040 3933 1093 du-

2339 1127 2462 1181 dum
2493 1135 2618 1181 ante
2635 1125 2874 1195 judicem
2921 1125 3212 1185 formidine
3242 1131 3434 1185 mortis
3463 1141 3793 1202 negaverat,
3823 1131 3932 1186 for-

2339 1217 2462 1272 tiori
2487 1227 2670 1272 mente
2705 1218 2757 1272 in
2785 1218 2986 1274 virtute
3030 1219 3204 1274 sancti
3256 1220 3492 1292 Spiritus
3544 1222 3928 1278 confirmasse.

2335 1310 2402 1365 Et
2429 1313 2740 1382 priusquam
2793 1310 2912 1367 foro
2959 1311 3275 1382 plectendas
3311 1314 3656 1381 educeretur,
3708 1316 3931 1370 tradunt

2334 1404 2650 1474 prophetico
2683 1412 2991 1474 vegetatum
3043 1405 3234 1474 spiritu
3283 1405 3348 1460 de
3391 1407 3629 1475 quodam
3671 1409 3932 1462 eunucho

2333 1494 2596 1549 vocabulo
2637 1493 2851 1560 Nazar,
2912 1494 3260 1550 clavicuiario
3314 1497 3646 1566 proconsule
3697 1497 3826 1567 (qui
3870 1513 3932 1552 eo

2334 1593 2576 1657 tempore
2613 1587 2777 1641 totius
2821 1587 3129 1657 reipublicic
3169 1590 3220 1642 in
3271 1588 3545 1660 Hispaniis
3572 1590 3932 1644 administra-

639 1686 743 1758 gcli
775 1688 877 1742 hoc
902 1688 980 1758 (6)
1021 1690 1196 1762 egisse
1239 1694 1568 1762 przedixit‘h
1605 1695 1772 1751 Multa
1813 1698 2008 1754 deinde
2038 1701 2229 1756 beatus
2330 1680 2532 1734 tionem
2555 1681 2817 1754 gerebat),
2847 1682 3089 1737 δίίίδδθτ
3124 1702 3142 1734 ‘
3175 1683 3329 1739 ""“c
3367 1699 3527 1753 quem
3565 1684 3732 1739 home
3764 1699 3932 1753 super

638 1778 922 1836 Perfectus
971 1781 1037 1835 dc
1087 1783 1421 1841 fceditatihus
1471 1795 1526 1842 et
1576 1787 1892 1846 libidinibus
1939 1807 2061 1862 quae
2108 1793 2226 1865 iege
2254 1766 2774 1829 Βοπηηθειίίδθνίω
2812 1775 3072 1845 Ρνίηιαιεε
3110 1776 3283 1830 fastus
3327 1775 3928 1847 ῐιτίηοίυ³¹υδ.θιιο¹¹ί¹ν

641 1868 998 1926 Mahometica
1025 1875 1434 1945 praecipiuntur.
1465 1879 1864 1948 superaddidit;
1913 1891 1972 1938 et
2008 1883 2217 1939 tandem

2331 1873 2388 1921 et
2416 1867 2714 1922 cmlotenus
2751 1867 2985 1939 gloriosa
3015 1876 3256 1939 potestas
3295 1869 3347 1924 in
3379 1870 3481 1924 hac
3504 1880 3660 1940 parte
3690 1867 3930 1922 occidua

640 1961 802 2016 finem
833 1963 916 2019 liis
947 1965 1126 2021 verbis
1176 1966 1304 2023 fecit
1336 1987 1348 2022 :
1385 1987 1403 2020 ‹
1437 1969 1528 2026 Sic
1559 1970 1737 2026 fautor
1763 1973 2143 2041 immunditiae,
2174 1985 2217 2031 cl

2330 1960 2656 2027 sublimavit,
2682 1962 2926 2017 revoluto
2963 1963 3176 2017 venturi
3221 1964 3348 2017 anni
3399 1962 3675 2018 curricuio
3705 1963 3928 2030 ipsum,

637 2047 924 2109 libidinum
949 2055 1316 2126 voluptatibus
1353 2061 1826 2128 serviens,omnes
1849 2080 1947 2120 vos
1972 2067 2227 2136 perennis
2329 2067 2438 2123 quo
2464 2067 2552 2107 me
2607 2053 2877 2124 prosterni
2929 2054 3016 2108 die
3061 2051 3385 2118 decreverit,
3443 2069 3548 2108 non
3599 2054 3866 2123 attinget.
3904 2071 3923 2105 ι

637 2144 863 2202 luxuria:
891 2148 1292 2218 impuritatibus
1329 2153 1620 2210 dedicavit.
1657 2176 1676 2209 ›
1705 2157 1824 2212 Alia
1855 2159 2018 2213 etiam
2040 2160 2217 2229 plura,

2329 2143 2481 2209 Quod
2507 2143 2582 2197 ita
2611 2144 2789 2198 divina
2816 2145 3004 2210 virtus,
3029 2153 3089 2198 ut
3110 2143 3406 2200 confessori
3434 2159 3531 2200 suo
3546 2143 3661 2212 jam
3693 2145 3924 2214 quidem

637 2247 797 2307 prout
847 2249 1094 2307 noverat,
1133 2243 1199 2298 de
1251 2243 1422 2315 ipsius
1451 2248 1839 2305 "ualidissima
1869 2251 2114 2306 doctrina
2145 2253 2223 2308 eis
2325 2251 2424 2306 per
2453 2236 2732 2306 squalores
2772 2237 3009 2292 carceris
3042 2237 3261 2293 elimato
3292 2236 3648 2302 revelaverat,
3681 2235 3924 2307 implere

631 2346 932 2400 exjmnens,
972 2334 1252 2404 multaque
1286 2337 1495 2394 auditui
1546 2355 1713 2396 exosa
1745 2357 1932 2397 coram
1971 2344 2223 2401 omnibus

633 2421 976 2489 denuntians,
1005 2423 1131 2480 licet
1171 2441 1278 2481 non
1317 2436 1445 2484 tunc
1475 2429 1624 2485 illum
1674 2434 1908 2500 superbo
1935 2434 2095 2489 oculo
2123 2437 2225 2489 ini-

630 2517 905 2587 pctierint,
939 2534 1230 2576 accensum
1259 2529 1444 2578 tamen
1467 2524 1689 2580 ultionis
1710 2523 1948 2582 furorem
1974 2530 2030 2582 in
2057 2528 2220 2586 corde

629 2607 698 2662 ad
723 2609 1019 2678 perniciem
1041 2613 1158 2683 ejus
1179 2623 1466 2684 reponunt.

698 2701 752 2756 3.
793 2700 1015 2758 Perficit
1061 2704 1158 2760 Dei
1191 2704 1428 2762 famulus
1475 2706 1577 2763 sibi
1619 2708 1748 2765 hinc
1774 2711 2097 2767 necessaria:
2138 2711 2218 2766 rei

626 2792 963 2860 utilitatem;
994 2804 1049 2852 et
1100 2797 1315 2869 expleto
1361 2799 1444 2855 sui
1497 2801 1712 2857 itineris
1757 2818 1945 2868 cursu,
1986 2805 2218 2874 propriae

625 2890 824 2958 quietis
855 2891 1099 2948 cellulam
1137 2903 1409 2964 repetens,
1460 2912 1688 2953 securus
1732 2899 2046 2969 aliquandiu
2093 2915 2218 2970 per-

624 2981 844 3036 mansit.
896 2980 1162 3038 Caeterum
1219 2995 1342 3055 post
1391 3002 1498 3042 non
1566 2988 1782 3059 longam
1823 2991 2216 3062 digressionem

625 3072 908 3140 temporis,
954 3075 1083 3128 dum
1121 3078 1338 3134 occasio
1387 3077 1675 3136 familiaris
1714 3083 2054 3138 necessitatis
2091 3099 2214 3140 eum

2325 2343 2432 2382 non
2462 2326 2693 2382 distulit.

2395 2417 2450 2472 4,
2493 2419 2711 2475 Exactis
2735 2419 2898 2491 igitur
2929 2435 3038 2476 non
3061 2419 3246 2476 multis
3275 2419 3329 2474 in
3365 2433 3582 2476 carcere
3613 2418 3922 2483 mensibus,

2321 2521 2443 2586 post
2467 2513 2678 2584 expleta
2701 2514 3032 2586 jejuniorum
3061 2531 3284 2574 suorum
3317 2517 3561 2571 tricenna
3589 2515 3839 2581 diecula,
3869 2516 3924 2569 in

2321 2607 2516 2677 quibus
2542 2609 2936 2680 gastriniargiie
2974 2609 3231 2678 crapulis,
3274 2619 3330 2664 et
3373 2608 3518 2664 fluxu
3545 2609 3823 2672 libidinis.
3853 2609 3924 2663 sio

2320 2701 2429 2756 cuti
2457 2701 2511 2756 in
2534 2713 2559 2741 α
2584 2702 2764 2771 primo
2798 2701 2941 2756 libro
2963 2701 3229 2772 digestum
3253 2709 3357 2766 est,
3389 2701 3715 2772 propensius
3755 2698 3924 2756 solito

2320 2792 2610 2858 insistunt;
2645 2791 2909 2848 illucescit
2933 2793 3164 2864 martyri
3188 2792 3402 2848 czeteris
3427 2793 3769 2860 temporibus
3807 2791 3924 2861 glo-

2320 2886 2519 2942 riosior
2551 2886 2668 2942 dies
2698 2903 2738 2941 :.
2765 2885 2854 2941 ille
2912 2886 3142 2953 scilicet,
3194 2900 3356 2956 quem
3411 2885 3640 2941 solemni
3685 2898 3923 2937 venera-

2317 2979 2465 3034 tione
2492 2993 2810 3048 summoque
2841 2979 3078 3050 tripudio
3103 2979 3210 3033 ritu
3254 2993 3406 3033 vanas
3439 2978 3576 3048 legis
3595 2986 3806 3048 gerunt
3839 2977 3920 3031 di-

2319 3080 2520 3126 catum.
2552 3071 2609 3125 ln
2634 3085 2742 3141 quo
2773 3086 2831 3127 se
2853 3086 3111 3142 magnum
3138 3070 3249 3126 Deo
3296 3083 3398 3125 suo
3425 3069 3740 3140 pra-staturi
3771 3069 3918 3122 arbi-

623 3131 808 3231 aliquo
841 3131 920 3218 ire
948 3131 1327 3236 compelleret,
1371 3131 1908 3242 casu—ﬁ—n‘eégjcm,
1941 3190 2062 3229 cum
2094 3131 2216 3246 ξω.
2243 3131 2288 3198 c
2319 3171 2528 3218 trantes
2549 3163 2887 3232 obsequium,
2931 3164 3184 3219 eductum
3216 3177 3283 3217 ex
3307 3170 3466 3217 antro
3488 3161 3672 3234 gladio
3701 3161 3922 3215 vindice

624 3249 726 3305 bus
763 3253 962 3308 dudum
1011 3255 1318 3313 conflictum
1371 3271 1638 3331 gesserat,
1690 3264 1880 3319 habuit
1938 3281 2214 3320 commea-

625 3349 763 3397 tum.
792 3342 963 3411 Quem
989 3348 1167 3403 aemuli
1204 3351 1512 3407 venientem
1543 3352 1612 3407 ab
1637 3355 1850 3410 eminus
1870 3364 2210 3423 contuentes,

621 3437 884 3488 aeternum
933 3437 1191 3495 adversus
1230 3455 1356 3496 eum
1409 3443 1510 3498 sub
1541 3454 1761 3513 pectore
1795 3446 1989 3501 vulnus
2025 3463 2212 3502 serva-

621 3530 758 3588 tum,
791 3522 845 3578 in
873 3535 1119 3596 apertum
1136 3531 1372 3601 produnt
1401 3534 1736 3601 incendium,
1759 3545 1813 3592 et
1836 3537 1891 3592 in
1918 3538 2211 3594 vindictam

615 3613 703 3668 sui
733 3614 872 3671 vatis
892 3617 1408 3678 circumastantium
1443 3625 1546 3680 hoc
1581 3628 1742 3682 modo
1773 3627 2060 3684 hortantur
2088 3646 2214 3685 con-

617 3715 875 3764 ventum:
936 3729 954 3762 ι
990 3710 1134 3769 Ecce
1188 3729 1350 3784 quem
1408 3717 1696 3772 temeraria
1752 3718 1962 3788 pridem
2019 3719 2211 3790 impel-

617 3796 761 3854 lente
805 3801 1036 3870 insania,
1087 3814 1238 3862 tanta
1283 3823 1470 3865 coram
1519 3811 1677 3866 nobis
1723 3812 1982 3868 adversus
2030 3821 2208 3870 vatem

615 3891 636 3961 (
661 3883 740 3964 [7]
770 3894 962 3963 psallat
991 3896 1132 3954 Deus
1164 3914 1327 3970 super
1367 3917 1515 3968 eum,
1544 3912 1602 3958 et
1647 3903 1820 3960 salvet
1850 3908 1999 3979 eum)
2037 3908 2209 3964 male-

617 3981 872 4040 dictionis
901 3988 1065 4042 verba
1127 3991 1372 4061 protulit,
1427 4005 1630 4064 quanta
1682 3997 1862 4053 nullus
1902 4009 2208 4057 vestrorum

619 4073 837 4130 auditus
882 4085 1062 4146 potest
1103 4080 1366 4150 perferre.
1394 4103 1414 4138 ι
1449 4085 1565 4143 Hoc
1594 4098 1776 4144 autem
1821 4105 2021 4161 genere
2053 4093 2214 4149 bene-

617 4165 873 4224 dictionis
901 4184 1114 4241 semper
1160 4174 1228 4228 ad
1271 4175 1530 4234 honorem
1559 4177 1679 4248 ejus
1726 4182 2206 4251 utuntur:Zalla,

617 4256 796 4326 A-llah,
843 4259 1018 4329 Halla,
1046 4263 1243 4322 Anabi.
1277 4269 1340 4324 γ.
1370 4270 1437 4325 Α.
1481 4270 1689 4326 Zallen.
1727 4273 1880 4341 Quod
1911 4275 2105 4331 Latine
2136 4277 2210 4331 di-

617 4349 778 4416 citur,
809 4349 1011 4410 Psallat
1049 4354 1194 4424 Deus
1219 4373 1384 4430 super
1406 4361 1746 4432 pr0phetam,
1780 4373 1837 4419 et
1861 4366 2033 4421 salvet
2057 4383 2204 4423 eum.

2318 3253 2659 3308 trucidarunt
2709 3253 3056 3308 confitentem
3083 3252 3359 3308 Christum
3397 3252 3450 3306 in
3481 3251 3654 3322 gloria
3680 3250 3918 3304 Deitatis

2314 3353 2646 3408 manentem,
2690 3351 2744 3398 et
2789 3342 3048 3402 Ecclesiae
3093 3342 3372 3399 catholicae
3413 3342 3697 3398 inimicum
3727 3341 3918 3396 liberis

2314 3435 2541 3490 vocibus
2559 3435 2976 3504 exprobrantem
3007 3443 3168 3504 atque
3188 3435 3456 3490 dicentem
3481 3451 3496 3487 :
3529 3452 3548 3486 ι
3576 3432 3916 3503 Prophetas:

2313 3537 2554 3583 vestrum
2585 3537 2641 3584 et
2681 3528 2958 3594 maledixi,
3010 3537 3065 3583 et
3098 3527 3384 3594 maledico,
3424 3526 3652 3582 virumb
3704 3526 3914 3581 dmo-

2313 3617 2550 3681 niorum,
2599 3631 2836 3688 magum,
2869 3617 3196 3682 adulterum,
3249 3625 3304 3673 et
3353 3617 3670 3672 mendacem
3700 3635 3714 3669 :
3746 3616 3913 3671 sicuti

2311 3706 2590 3778 professus
2612 3715 2823 3772 sum,et
2851 3708 3131 3778 profiteor.
3163 3707 3581 3763 Profanationes
3623 3715 3798 3762 sectae
3823 3722 3913 3761 ve-

2313 3809 2440 3855 strae
2481 3808 2786 3871 commenta
2830 3800 3026 3856 diaboli
3059 3817 3178 3857 esse
3207 3799 3485 3856 denuntio.
3536 3799 3647 3854 Vos
3695 3812 3913 3869 quoque

2313 3908 2435 3947 cum
2460 3894 2575 3963 ipso
2606 3895 2740 3950 duce
2763 3894 3111 3949 tenebrarum
3145 3901 3344 3950 aeterna
3369 3893 3600 3948 luituros
3635 3901 3910 3947 tormenta

2311 3992 2603 4053 protestor.
2626 4003 2644 4034 ›
2678 3983 2855 4038 Turba
2885 3999 3017 4041 vero
3043 3983 3345 4055 gentilium,
3375 3999 3495 4054 quae
3517 3983 3720 4038 intuitu
3745 3992 3910 4037 tanta

2314 4073 2620 4130 festivitatis
2646 4073 2721 4146 (8)
2752 4075 2805 4129 in
2831 4091 3079 4146 campum
3125 4075 3269 4130 ultra
3310 4086 3530 4144 pontem
3563 4074 3826 4140 fiunninis,
3857 4075 3908 4129 in

2311 4174 2468 4235 parte
2494 4167 2562 4220 ab
2606 4166 2738 4220 urbe
2770 4165 3005 4221 Australi
3055 4166 3240 4232 situm,
3275 4165 3537 4220 latissima
3572 4166 3803 4236 planitie
3841 4167 3905 4220 ad

2309 4261 2643 4316 exorandum
2676 4269 3039 4330 processerat,
3088 4275 3257 4316 ovans
3296 4260 3515 4330 przepeti
3547 4275 3808 4327 regressu
3839 4260 3904 4313 ad

2309 4367 2498 4407 necem
2550 4354 2805 4424 martyris
2849 4353 3323 4424 contcmplandam
3352 4367 3472 4408 sese
3498 4351 3745 4407 divertit.
3776 4353 3903 4420 Quae

617 4443 684 4498 Et
710 4444 782 4499 ita
813 4448 967 4516 quasi
995 4464 1125 4522 apes
1165 4454 1480 4518 stimulatae,
1517 4463 1628 4510 tota
1671 4455 1760 4510 ilia
1792 4457 1988 4514 cohors
2024 4462 2206 4532 perdi-

2320 4445 2417 4505 iam
2447 4454 2774 4515 prostratum
2803 4454 2927 4502 ante
2967 4445 3112 4502 fores
3149 4446 3416 4517 praetorii,
3460 4460 3671 4516 suoque
3717 4462 3776 4501 sc
3808 4461 3896 4501 vo-

618 4537 780 4596 tionis
799 4540 855 4598 in
877 4556 999 4598 eum
1022 4545 1312 4602 furibunda
1329 4563 1664 4621 consurgens
1683 4553 2078 4622 apprehensum
2104 4555 2204 4611 sub

613 4630 764 4684 omni
794 4632 1071 4691 celeritate
1101 4637 1272 4708 judici
1313 4640 1400 4695 vix
1439 4641 1638 4710 plantis
1679 4644 1853 4700 solum
1895 4654 2204 4718 tangentem

612 4721 872 4791 offerunt,
904 4734 1065 4796 atque
1090 4728 1400 4798 huiusmodi
1426 4732 1493 4787 de
1518 4734 1976 4790 eo'testimonium
2024 4737 2204 4807 profe-

615 4826 785 4871 runt:
827 4837 845 4870 ι
879 4819 1057 4887 Hunc,
1095 4837 1255 4891 quem
1288 4823 1394 4880 tuis
1441 4827 1900 4882 reverentissimis
1947 4827 2202 4883 tribuna—

614 4905 774 4974 libus,
825 4906 1028 4976 judex,
1068 4913 1431 4981 attraximus,
1489 4916 1835 4973 maledixisse
1879 4918 2200 4988 prophetam

615 5008 886 5067 nostrum,
935 5001 1160 5072 ejusque
1202 5004 1502 5062 cultoribus
1536 5010 1892 5080 exprobrasse
1928 5013 2199 5082 comperi-

618 5105 758 5145 mus.
784 5090 914 5158 Quie
933 5107 1064 5148 vero
1101 5095 1366 5150 sententia
1398 5096 1534 5152 tales
1565 5113 1729 5154 ausus
1756 5108 2082 5168 compescat,
2114 5101 2201 5156 fu-

617 5180 864 5253 riamque
894 5185 1165 5251 retundat,
1198 5185 1390 5242 melius
1415 5195 1508 5242 tua
1539 5189 1688 5242 novit
1731 5190 2017 5258 prudentia
2058 5191 2202 5263 cogi-

617 5284 756 5332 tare.
791 5295 810 5331 ι
857 5277 1010 5334 Tunc
1048 5278 1214 5349 judex
1259 5281 1563 5352 iniquitatis
1610 5283 1900 5354 ergastulis
1953 5284 2199 5340 futurum

620 5368 716 5425 Dei
765 5379 1059 5444 martyrem
1081 5375 1264 5440 tradit,
1316 5375 1569 5448 ferroque
1594 5377 1836 5434 vinctum
1867 5378 2200 5449 importabili

694 5543 720 5571 ι
763 5530 889 5587 Haec
914 5549 1039 5590 mae
1061 5541 1300 5592 reSecata
1328 5537 1546 5592 fuerunt
1565 5537 1635 5593 ab
1655 5537 1942 5595 Ambrosio
1966 5539 2200 5596 Morale-

620 5602 939 5728 is'irlglﬂularf
975 5605 1126 5732 locu;
1149 5610 1534 5665 subobscurus.
1561 5609 1745 5665 Schot.
1772 5610 1986 5666 Videsis
2010 5611 2196 5669 Schol.

729 5693 740 5726 I
788 5714 799 5726 .
860 5717 874 5732 .
927 5693 1058 5731 ium.
1129 5717 1143 5732 .

729 5693 799 5726 in.
836 5693 874 5739 ι,
912 5693 1058 5731 num.
1091 5693 1143 5732 ‘l.

697 5745 724 5784 δ
763 5743 924 5802 Forte
945 5748 1345 5820 dwmoniosum,
1373 5763 1431 5808 ut
1451 5753 1505 5808 in
1531 5751 1836 5823 Apologet.,
1857 5768 2007 5811 num.
2030 5755 2118 5824 12,
2144 5763 2201 5813 et

2310 4537 2574 4594 lutantem
2620 4540 2881 4610 sanguine
2925 4555 3176 4607 cernens,
3223 4540 3373 4595 iiiitis
3413 4556 3632 4612 quoque
3688 4551 3744 4596 et
3791 4541 3904 4612 ipso

2312 4629 2563 4684 exstincti
2599 4631 2897 4686 sacerdotis
2926 4647 3120 4688 cruore
3157 4632 3433 4704 vestigiis,
3466 4643 3624 4688 aucta
3651 4632 3901 4703 jucundi-

2313 4729 2442 4787 tate,
2461 4721 2528 4776 ad
2555 4722 2941 4778 exsolvendum
2967 4723 3310 4794 sacrilegium
3334 4725 3443 4779 voti
3470 4739 3702 4796 compos
3725 4740 3900 4795 regre-

2309 4812 2474 4868 ditur.
2526 4813 2890 4868 Nihilominus
2937 4815 3220 4870 commoda
3271 4830 3333 4871 se
3392 4813 3615 4870 facilius
3665 4817 3896 4886 potitnra

2308 4904 2624 4971 confidens,
2677 4920 2796 4975 quae
2841 4905 2977 4961 tanti
3040 4905 3213 4963 hostis
3262 4907 3530 4978 sanguine
3575 4911 3898 4966 combinans

2303 4995 2578 5066 gressibus
2607 4993 2907 5052 incedebat.

2377 5087 2429 5141 5.
2469 5087 2574 5142 Sed
2612 5087 2677 5141 ad
2702 5087 3034 5160 propositum
3065 5088 3371 5157 redeamus,
3397 5097 3452 5145 et
3481 5090 3630 5160 quod
3676 5091 3747 5145 ad
3779 5091 3889 5144 lan-

2305 5180 2428 5236 dem
2449 5179 2530 5235 sui
2560 5180 2836 5251 martyris,
2870 5181 2986 5252 ipso
3012 5183 3099 5235 die
3120 5197 3229 5251 quo
3253 5181 3478 5246 decidit,
3507 5183 3696 5236 divina
3728 5184 3890 5254 pietas

2303 5272 2470 5328 fuerit
2492 5278 2734 5343 Operata,
2765 5271 2902 5328 sicut
2925 5270 3279 5342 plurimorum
3297 5273 3439 5328 fideli
3469 5273 3741 5330 relatione
3756 5289 3889 5329 com-

2308 5370 2572 5444 perimus,
2604 5367 2920 5425 referamus.
2957 5367 3092 5424 Nam
3114 5368 3344 5425 celerem
3380 5369 3447 5424 ad
3484 5369 3783 5424 vindicium
3813 5367 3886 5422 sui

2308 5523 2365 5580 in
2395 5523 2645 5591 Docum.,
2676 5540 2825 5579 num.
2878 5523 2966 5578 15.
2999 5523 3241 5594 Utroque
3284 5533 3462 5578 autem
3516 5524 3682 5578 modo
3711 5524 3883 5593 hispa-

2308 5598 2543 5651 nismum
2603 5596 2878 5665 vulgarem
2938 5604 3095 5649 sonat
3135 5594 3347 5650 hombre
3381 5594 3748 5660 endiablado,
3795 5601 3888 5649 aut

2306 5668 2519 5723 liombre
2539 5667 2604 5724 de
2632 5667 2708 5723 los
2731 5665 2954 5721 diablos.
2981 5665 3219 5724 Scuor'r.
