4094 6346
192 382 299 453 765

1185 396 1608 453 MEMORIALIS
1643 396 2087 454 SANCTORUM.
2121 430 2190 441 —
2227 398 2353 455 LIB.
2393 399 2457 454 ll.

3341 405 3448 462 770

191 510 382 567 militis
410 508 666 563 ultionem
689 506 983 574 effundens,
1015 511 1301 566 nonnullos
1325 513 1391 566 de
1412 512 1770 582 pessimorum
1798 513 1848 574 Α
1875 511 2216 566 ministravit.
2245 513 2312 566 Et
2330 512 2472 582 quod
2499 513 2566 568 ab
2596 515 2696 569 isto
2717 528 2826 569 uno
2849 514 3012 570 infida
3038 524 3445 586 persecutorum

191 613 414 661 caterva
448 602 656 674 gurgite
686 601 883 656 ﬂuviali
925 603 1208 659 immersit.
1241 603 1587 674 Regredienti
1618 620 1765 658 nam-

189 711 297 766 que
334 694 494 764 vulgo
525 709 552 747 a
585 693 702 749 loco
731 693 1011 760 orationis,
1039 709 1146 764 quo
1179 695 1285 750 ritu
1308 695 1573 762 sacrilego
1611 695 1766 750 irrita

190 794 315 840 vota
340 785 694 855 persolverat,
735 783 978 854 plerique
1007 786 1248 840 ascensis
1283 785 1513 841 navibus
1543 799 1568 827 ι
1605 789 1767 842 dorso
1797 799 1810 806 ‘

187 884 481 933 vectantur
534 890 786 945 aequoreo
833 893 847 930 :
905 884 1159 945 sectoque
1195 876 1391 931 carinis
1441 885 1497 933 et
1545 876 1768 948 prapeti

189 970 404 1040 navigio
435 983 616 1033 amne,
671 967 890 1022 domum
933 976 1227 1023 revertunt.
1276 967 1424 1023 lnter
1471 983 1606 1038 quos
1661 983 1767 1024 una

185 1057 540 1114 ﬂuctuatione
576 1058 850 1114 undarum
878 1073 1066 1115 eversa
1095 1059 1366 1124 navicula,
1399 1075 1521 1129 qua
1550 1061 1765 1116 octonis

189 1146 532 1204 homunculis
561 1149 865 1204 vehiculum
898 1149 1038 1204 inter
1065 1149 1262 1206 ﬂuctus
1291 1151 1604 1220 prastabat,
1645 1165 1766 1224 gre-

188 1241 298 1295 mio
334 1240 610 1297 interioris
623 1240 799 1312 abyssi
828 1241 1157 1296 reconditur.
1189 1240 1290 1296 Vix
1312 1241 1434 1296 inde
1465 1243 1643 1297 nando
1671 1257 1766 1297 sex

185 1336 566 1401 evadentibus,
604 1335 717 1391 bini
744 1334 1033 1408 naufragio
1060 1336 1358 1406 perierunt.
1394 1336 1465 1391 Ut
1495 1351 1600 1390 non
1623 1344 1768 1391 esset

185 1441 361 1482 vacua
393 1426 698 1498 Scriptura,
728 1442 847 1496 qua
871 1426 1036 1480 dicit:
1063 1425 1176 1497 Ego
1205 1425 1461 1480 Dominus
1491 1425 1626 1480 dabo
1666 1426 1768 1479 im-

181 1519 297 1588 pios
317 1533 410 1588 pro
437 1527 602 1571 morte
643 1527 758 1582 tua,
780 1525 828 1571 et
847 1517 1031 1570 divites
1051 1533 1145 1586 pro
1167 1515 1440 1586 sepultura
1470 1526 1563 1570 tua
1617 1515 1760 1586 (Isa.

184 1625 302 1674 LIII,
328 1608 404 1680 9).
441 1597 614 1664 Unum
646 1608 790 1663 enim
815 1607 868 1662 in
907 1607 1102 1663 calum
1127 1608 1420 1664 crudelitas
1444 1622 1768 1678 persequen-

183 1702 253 1755 tis
284 1699 564 1770 pramisit,
600 1708 655 1754 et
674 1700 808 1754 duos
839 1698 1025 1754 inferis
1053 1714 1195 1754 sava
1217 1707 1508 1770 tempestas
1528 1698 1766 1756 fluminis

182 1792 475 1846 dedicavit.
507 1791 718 1862 Corpus
754 1801 936 1846 autem
980 1792 1153 1847 sancti
1208 1793 1466 1862 martyris
1510 1791 1613 1862 piis
1639 1791 1765 1846 reli-

1870 603 2148 658 exsecutio
2200 602 2446 674 primitus
2474 604 2738 659 violenter
2782 606 3034 671 extorsit,
3091 615 3148 662 et
3201 608 3343 675 quod
3388 609 3446 664 in

1870 692 2013 747 hunc
2077 693 2250 748 calida
2299 695 2758 750 circumventione
2788 695 3080 766 suadendo
3128 697 3444 766 ulciscitur;

1869 784 2210 852 postmodum
2257 783 2310 837 in
2353 784 2616 854 plurimos
2647 765 2806 840 ultro.
2832 801 2891 840 se
2918 787 3010 841 tali
3040 787 3338 843 discrimini
3363 765 3447 842 of-

1870 871 2104 926 ferentes
2167 872 2468 927 exhorruit.
2541 873 2690 929 Adeo
2741 889 2974 945 namque
3025 883 3234 931 terrore
3281 876 3450 932 nimio

1868 963 2206 1018 ethnicorum
2231 964 2556 1020 universitas
2576 966 2628 1020 in
2655 967 2848 1022 horum
2871 981 3160 1037 progressu
3175 983 3446 1023 concussa

1869 1060 1974 1118 est,
2025 1061 2085 1106 ut
2119 1053 2474 1123 perditionem
2531 1055 2842 1126 reipublica
2891 1056 3005 1128 (12)
3059 1057 3317 1127 regnique
3360 1058 3447 1114 sui

1868 1146 2136 1202 excidium
2190 1145 2303 1215 jam
2371 1147 2656 1204 imminere
2697 1149 3075 1216 arbitraretur,
3125 1165 3190 1206 ac
3231 1159 3448 1206 nostros

1869 1238 2101 1293 athletas
2157 1239 2226 1294 ab
2272 1238 2579 1310 hujusmodi
2612 1241 2996 1297 intentionibus
3048 1243 3281 1298 inhiberi
3323 1258 3452 1315 sup-

1866 1327 2081 1397 pliciter
2119 1337 2392 1385 exoraret.
2444 1329 2552 1387 Sed
2592 1348 2714 1399 nos,
2768 1333 2908 1390 sicut
2935 1333 3097 1403 hujus
3145 1334 3435 1391 voluminis

1866 1420 2110 1490 praefatio
2154 1423 2411 1489 continet,
2477 1433 2786 1482 nostrorum
2831 1427 3202 1498 agonistarum
3237 1437 3449 1495 atates,

1866 1521 2041 1579 ortus,
2096 1522 2446 1586 temporaque
2493 1515 2785 1575 decisionis
2851 1517 2996 1575 fideli
3060 1533 3454 1590 prosequamur

1868 1604 2040 1675 stylo;
2094 1613 2156 1660 ut
2197 1607 2342 1676 quod
2398 1607 2580 1664 divino
2626 1624 2853 1667 munere
2909 1611 3086 1676 nobis,
3140 1621 3449 1682 nostraeque

1866 1697 2011 1751 atati
2059 1695 2404 1767 conjunctum
2465 1709 2582 1768 est,
2633 1703 2867 1772 propriis
2915 1703 3124 1758 scilicet
3173 1703 3452 1759 obtutibus

1867 1795 2178 1842 sanctorum
2209 1790 2564 1860 contemplari
2593 1807 2843 1862 agonem,
2869 1794 3114 1848 venturis
3148 1794 3314 1848 etiam
3343 1809 3449 1849 sa-

180 1883 458 1956 giosorum
499 1883 688 1939 ofﬁciis
717 1882 816 1955 (9),
845 1883 1114 1954 dignoque
1158 1883 1404 1953 praesulis
1432 1891 1486 1938 et
1515 1882 1768 1938 sacerdo—
1794 1877 1842 1937 B
1869 1879 2004 1934 culis
2029 1895 2165 1950 pura
2198 1879 2361 1935 libelli
2389 1883 2560 1939 series
2578 1883 2903 1940 innotescat.
2935 1883 3005 1940 Ut
3031 1885 3204 1940 nostri
3225 1899 3447 1954 quoque

180 1981 296 2030 tum
341 1975 600 2045 obsequio
637 1975 692 2030 in
722 1974 954 2031 Basilica
1002 1975 1148 2030 beati
1202 1974 1400 2030 Aciscli
1433 1975 1568 2046 (ιο),
1604 1976 1656 2030 in
1697 1991 1765 2032 eo

178 2066 361 2130 titulo,
399 2081 507 2136 quo
549 2064 726 2121 felicia
752 2066 868 2136 ejus
882 2066 1124 2120 membra
1145 2065 1447 2136 quiescunt,
1480 2066 1759 2121 humatur.

176 2156 420 2226 Illudque
447 2157 870 2228 prophetismum
898 2157 1155 2212 divinitus
1181 2173 1278 2212 ore
1328 2156 1446 2225 ejus
1495 2157 1760 2228 prolatum

177 2249 250 2304 de
289 2248 610 2320 proconsule
639 2249 888 2304 eunucho
914 2247 1265 2304 claviculario
1293 2248 1492 2314 Nazar,
1525 2249 1595 2304 ita
1625 2249 1762 2322 (Deo

177 2338 547 2410 dispensante)
575 2338 852 2408 impletum
873 2347 958 2393 est
979 2346 1038 2392 ut
1057 2351 1276 2394 carcere
1305 2340 1479 2394 adhuc
1503 2339 1760 2411 religatus

175 2431 483 2485 convinctis
516 2430 860 2499 pradixerat.
886 2429 1018 2484 Nam
1049 2431 1360 2500 priusquam
1388 2431 1442 2485 in
1488 2447 1630 2485 anno
1677 2432 1758 2485 al-

173 2531 295 2578 tero
321 2522 557 2594 profana
580 2522 934 2578 solemnitatis
953 2523 1206 2592 paschale
1227 2522 1478 2592 gaudium
1503 2523 1759 2592 perituris

171 2622 514 2680 occurreret,
552 2614 736 2670 multis
786 2623 912 2669 ante
963 2614 1154 2669 diebus
1179 2615 1459 2669 eunuchus
1493 2614 1634 2668 idem
1663 2630 1754 2669 oc-

173 2704 385 2762 cubuit.
423 2703 595 2775 lgnita
622 2719 854 2774 namque
883 2704 1032 2760 febre
1060 2705 1384 2760 intrinsecus
1413 2706 1618 2760 viscera
1640 2705 1756 2774 ejus

174 2798 394 2863 adusta,
424 2807 480 2851 et
509 2805 591 2868 (ut
633 2797 880 2853 nonnulli
929 2796 1130 2870 ferunt)
1165 2799 1345 2854 toxica
1388 2800 1606 2868 potione
1635 2817 1754 2856 cor-

173 2897 360 2959 rupta,
397 2899 525 2943 ante
547 2888 776 2955 obitum,
807 2889 931 2944 dum
963 2899 1187 2962 urgente
1215 2892 1481 2960 corporali
1520 2894 1756 2948 necessi-

173 2988 290 3035 tate
359 2981 429 3034 ad
492 2981 828 3050 purgandum
889 2980 1069 3036 alvum
1143 2983 1405 3038 secretius
1449 2983 1755 3040 cubiculum

170 3077 403 3140 peteret,
443 3069 594 3124 disco
617 3069 784 3126 etiusa
811 3079 956 3137 sunt,
980 3079 1034 3124 et
1062 3071 1283 3128 interiit.
1315 3073 1484 3128 Sicuti
1532 3077 1749 3144 quidam

168 3167 331 3230 poeta
357 3158 670 3217 cbristicola
688 3159 805 3216 Arii
828 3159 988 3216 tinem
1001 3160 1337 3229 describens,
1365 3162 1582 3219 heroice
1601 3165 1751 3233 lusit,

167 3249 358 3306 dicens
377 3250 406 3290 δ
438 3267 454 3305 :

294 3394 584 3448 Visceribus
603 3395 723 3448 fusis
743 3408 928 3448 vacuus
943 3409 1142 3461 quoque
1163 3405 1339 3450 ventre
1363 3403 1613 3454 remansit.

171 3523 268 3581 Sic
283 3539 520 3597 namque
539 3525 796 3583 Dominus
811 3535 1040 3598 utroque
1070 3528 1328 3585 miraculo
1349 3530 1574 3586 militem
1599 3547 1756 3588 suum

168 3615 499 3687 glorificans,
536 3632 744 3687 magna
769 3618 882 3688 spei
909 3618 1115 3674 solatiis
1137 3618 1372 3674 fidelium
1412 3629 1536 3675 vota
1572 3637 1758 3676 corro-

168 3704 352 3769 botat,
402 3705 797 3776 impiorumque
829 3707 1149 3778 sacrilegam
1195 3709 1489 3765 vanitatem
1537 3719 1760 3782 stupore

177 3795 490 3851 vehementi
534 3797 804 3851 exturbat.
855 3795 982 3852 Haec
1033 3813 1133 3852 nos
1171 3813 1441 3868 perpauca
1484 3815 1550 3855 ex
1591 3801 1758 3870 gestis

166 3886 318 3941 beati
348 3885 601 3958 Martyris
629 3887 832 3943 dixisse
872 3887 1120 3956 sufﬁciat,
1152 3904 1273 3960 qua
1302 3889 1432 3946 viris
1474 3891 1756 3949 catholicis

169 3975 556 4043 referentibus,
597 3979 689 4048 qui
734 3977 852 4048 ejus
895 3979 1268 4034 contuberniis
1317 3995 1348 4034 a
1385 3980 1651 4051 principio
1697 3981 1756 4036 in

166 4067 404 4124 vinculis
442 4069 816 4125 adhaserunt:
870 4071 964 4126 sed
1013 4077 1068 4125 et
1118 4070 1359 4141 ipsorum
1408 4072 1755 4128 ethnicorum

79 4188 95 4208 ο
167 4161 440 4218 relatione
465 4178 596 4218 vera
624 4177 744 4220 esse
775 4164 1144 4236 cognovimus,
1181 4164 1309 4218 dum
1365 4179 1464 4220 nos
1515 4173 1758 4235 tempore

172 4254 596 4324 compeditionis
625 4263 824 4310 nostra
845 4272 1052 4321 omnes,
1085 4271 1206 4311 cum
1228 4257 1422 4325 quibus
1444 4257 1534 4312 ille
1555 4256 1758 4327 Martyr

168 4343 390 4400 futurus
437 4346 772 4413 morabatur,
803 4347 890 4402 vix
930 4363 1129 4418 paucos
1176 4347 1381 4403 solutos
1420 4349 1749 4419 reperimus.

167 4436 586 4494 Consummavit
633 4447 814 4496 autem
859 4439 945 4495 vir
974 4439 1069 4496 Dei
1105 4456 1324 4496 cursum
1355 4442 1540 4513 agouis
1571 4442 1655 4498 sui
1697 4443 1756 4498 in

166 4543 305 4598 pace
334 4527 446 4600 (ll)
475 4539 669 4599 quarto
693 4531 901 4587 decimo
927 4532 1189 4588 kalendas
1222 4533 1418 4601 maias,
1463 4535 1550 4591 die
1599 4543 1754 4592 sexta

166 4620 332 4686 feria,
355 4636 488 4687 ara,
520 4637 626 4692 qua
658 4638 820 4692 supra
843 4622 1160 4680 adnotatum
1181 4634 1283 4680 est.

239 4709 295 4763 6.
343 4707 452 4764 Res
482 4725 613 4765 vero
637 4712 770 4766 tanti
796 4712 1054 4768 facinoris
1076 4713 1129 4767 in
1155 4714 1434 4770 sacerdote
1453 4716 1751 4781 commissi,

167 4797 372 4851 multos
410 4797 523 4851 otio
561 4812 766 4853 secura
793 4800 1150 4857 confessionis
1188 4816 1286 4873 per
1333 4803 1547 4858 deserta
1596 4819 1752 4858 mon-

169 4887 327 4954 tium,
359 4896 417 4943 et
443 4902 664 4944 nemora
691 4891 1040 4948 solitudinum
1070 4893 1124 4947 in
1165 4892 1261 4950 Dei
1303 4894 1756 4964 contemplatione

168 4977 441 5047 fruentes,
470 4983 538 5036 ad
569 4993 759 5052 sponte
789 4995 844 5038 et
867 4984 1081 5056 publice
1127 4986 1524 5052 detestandum,
1559 4996 1614 5043 et
1640 5003 1756 5042 ma-

167 5070 514 5128 ledicendum
542 5074 862 5130 sceleratum
887 5084 1068 5132 vatem
1093 5077 1312 5133 exsilire
1340 5078 1536 5150 coegit,
1583 5078 1753 5149 majo-

167 5163 356 5233 risque
383 5163 594 5219 ardoris
628 5163 870 5220 fomitem
900 5165 1165 5221 moriendi
1193 5182 1292 5238 pro
1312 5167 1520 5238 justitia
1548 5167 1758 5222 cunctis

239 5288 268 5318 ι
309 5274 580 5399 ξιὲίνίειθε
602 5276 794 5334 lintres
818 5291 984 5334 naves
1010 5293 1110 5350 per
1135 5279 1450 5336 abusionem
1467 5283 1758 5351 quamdam

241 5361 302 5399 ca
338 5386 350 5398 .
429 5361 586 5399 οιω..

165 5361 350 5401 vocat.
379 5361 586 5403 MORAL.

243 5418 272 5456 ιι
314 5415 524 5488 Sedul.,
553 5418 648 5474 lib.
681 5435 697 5472 ι
729 5417 892 5488 Oper.
921 5417 1172 5477 Paschal.
1211 5421 1357 5477 circa
1390 5422 1484 5476 lin.

241 5499 265 5562 ς
311 5487 590 5562 Usuardus
629 5490 681 5544 in
727 5487 1103 5562 hlartyrologio
1145 5494 1211 5548 ad
1251 5494 1390 5547 diem
1430 5495 1464 5548 5
1487 5492 1625 5562 junii
1659 5509 1752 5548 oc-

167 5559 426 5634 cubuisse
462 5560 538 5613 ait
577 5559 1042 5634 sanctumjsaac,
1095 5579 1234 5617 anno
1281 5565 1458 5619 alatis
1490 5559 1756 5634 vigesimo

166 5630 407 5702 septimo
438 5649 448 5682 :
488 5630 630 5700 quod
658 5631 782 5688 licet
815 5632 1188 5690 Henschenius
1222 5630 1578 5702 ignoraverit,
1615 5636 1755 5688 unde

168 5699 265 5754 ille
291 5699 576 5768 acceperit,
625 5718 723 5757 nos
759 5704 1030 5758 credimus
1078 5720 1199 5759 cum
1243 5699 1477 5759 Henrico
1509 5705 1756 5759 Florezio

169 5771 313 5824 bene
341 5772 581 5844 potuisse
625 5773 930 5828 Usuardum
959 5789 1078 5828 eam
1112 5791 1223 5829 rem
1261 5776 1522 5830 Corduba
1571 5775 1752 5844 inqui-

166 5855 320 5912 rere,
354 5857 479 5899 cum
512 5843 587 5902 ibi
614 5843 730 5902 fere
768 5846 904 5906 duos
931 5861 1149 5906 menses
1181 5846 1571 5920 permansisset
1611 5843 1754 5907 anno

1867 1970 2045 2040 gaudii
2074 1969 2252 2026 futura
2277 1974 2556 2043 generatio
2607 1975 2876 2045 particeps
2929 1975 3045 2038 ﬁat,
3083 1975 3213 2030 dum
3262 1982 3448 2030 mente

1866 2062 2084 2117 credula
2109 2079 2235 2120 vera
2250 2080 2371 2120 esse
2396 2081 2500 2121 non
2527 2067 2752 2134 abnuat,
2784 2082 2904 2138 qua
2929 2067 3032 2124 sibi
3053 2067 3449 2124 catholicorum

1863 2155 2154 2212 mandasse
2179 2155 2443 2212 industria
2469 2157 2700 2213 lectitat.

2489 2246 2718 2305 CAPUT
2762 2247 2826 2304 ll.

2241 2336 2317 2392 De
2350 2337 2507 2394 Isaac
2536 2341 2793 2395 monacho
2820 2349 3075 2413 martyre.

1933 2424 2132 2482 Beatus
2163 2427 2347 2497 itaque
2369 2429 2521 2484 Isaac
2540 2445 2607 2485 ex
2634 2431 2844 2488 civibus
2873 2431 3300 2488 Cordubensium
3339 2449 3444 2490 no-

1861 2517 2084 2584 bilibus,
2137 2527 2193 2575 et
2241 2519 2681 2590 locupletioribus
2721 2523 3036 2592 parentibus
3086 2531 3270 2590 natus,
3317 2526 3443 2578 dum

1860 2607 2145 2673 primavos
2195 2609 2572 2665 adolescentia
2617 2627 2789 2667 annos
2836 2613 3234 2684 ingrederetur,
3274 2621 3439 2684 atque

1861 2696 2004 2751 inter
2043 2713 2175 2766 opes
2226 2699 2476 2769 bonaque
2519 2700 2824 2772 genitorum
2872 2703 3164 2757 tenerrime
3203 2703 3440 2773 degeret,

1860 2787 1993 2842 adeo
2010 2796 2067 2841 ut
2093 2789 2298 2857 peritus
2319 2800 2372 2844 et
2385 2791 2575 2845 doctus
2597 2790 2776 2862 lingua
2798 2793 3028 2847 Arabica
3045 2793 3121 2863 (i)
3138 2794 3445 2862 exceptoris

1859 2877 2173 2946 reipublica
2203 2877 2382 2935 otiicio
2417 2880 2763 2952 fungeretur;
2796 2898 2864 2938 ex
2892 2883 3184 2953 improviso
3213 2885 3444 2954 spiritali

1858 2968 2093 3039 flagrans
2120 2971 2337 3039 ardore,
2365 2975 2755 3029 monachorum
2785 2975 2952 3030 vitam
2988 2987 3181 3047 optans
3206 2979 3308 3050 (2),
3339 2977 3446 3032 Ta-

1858 3058 2030 3115 banos
2061 3061 2299 3117 viculum
2331 3063 2502 3134 petiit,
2536 3064 2626 3134 qui
2658 3065 2711 3119 in
2739 3067 2984 3135 partibus
3010 3067 3276 3136 aquilonis
3301 3069 3446 3124 inter

1855 3161 2124 3222 prarupta
2164 3154 2463 3222 montium,
2499 3164 2553 3211 et
2601 3159 2871 3213 condensa
2912 3157 3170 3213 silvarum
3204 3161 3442 3230 septenis

1781 3226 1827 3294 C
1857 3245 1926 3299 ab
1947 3246 2080 3300 urbe
2108 3246 2428 3303 milliaribus
2452 3249 2657 3305 distans
2675 3289 2689 3315 ,
2716 3248 3126 3306 formosissimis
3148 3251 3202 3304 in
3230 3251 3442 3306 exerci-

1859 3339 2064 3393 tatione
2088 3340 2214 3394 vita
2259 3341 2573 3397 monastica
2616 3343 2857 3397 virorum
2905 3351 3070 3413 atque
3117 3343 3439 3400 ancillarum

1857 3427 1956 3484 Dei
1988 3430 2299 3485 rumoribus
2332 3431 2638 3486 decoratur.
2672 3430 2951 3502 Siquidem
2999 3433 3056 3487 in
3109 3433 3298 3488 eodem
3328 3449 3444 3488 ca-

1858 3522 2022 3576 nobio
2044 3523 2219 3577 virum
2241 3538 2452 3578 summa
2478 3525 2688 3580 timoris
2714 3525 2808 3580 Dei
2835 3526 3138 3581 reverentia
3158 3526 3444 3596 praditum

1859 3612 2188 3672 Hieremiam
2223 3616 2524 3685 patruelem
2554 3617 2789 3673 habebat
2823 3635 2836 3671 :
2875 3618 2967 3687 qui
3001 3618 3167 3672 etiam
3211 3617 3446 3688 inclytus

1858 3704 2070 3772 Opibus,
2101 3707 2370 3776 rebusque
2400 3706 2702 3774 abundans,
2735 3715 2792 3763 et
2829 3707 3027 3776 conqu
3056 3707 3176 3778 ejus
3219 3722 3447 3763 venera-

1858 3793 1982 3850 bilis
2029 3794 2324 3859 Elisabeth,
2373 3811 2438 3852 ac
2493 3795 2672 3863 liberi,
2726 3805 2946 3868 totaque
2995 3812 3133 3868 pene
3189 3797 3443 3868 cognatio

1860 3897 2076 3956 sumptu
2091 3889 2311 3958 proprio
2334 3886 2682 3943 fundamenta
2708 3889 2874 3959 ipsius
2901 3889 3128 3944 coenobii
3152 3888 3440 3959 jacientes,

1858 3975 2158 4030 divinarum
2183 3975 2360 4046 legum
2387 3977 2608 4047 perenni
2632 3977 2900 4033 adhasuri
2928 3977 3206 4048 obsequio,
3234 3978 3441 4048 pridem

1859 4081 1981 4122 sese
2001 4082 2067 4122 eo
2104 4067 2463 4122 contulerant.
2497 4068 2573 4122 lbi
2617 4083 2714 4138 per
2737 4069 3032 4124 triennium
3077 4070 3268 4125 beatus
3296 4069 3446 4124 Isaac

1860 4158 1961 4213 sub
1997 4158 2340 4228 regularibus
2368 4159 2685 4229 disciplinis,
2724 4175 2818 4215 seu
2861 4161 2962 4215 sub
3002 4160 3444 4218 reverentissimo

1859 4250 2054 4304 abbate
2087 4249 2317 4305 Martino
2361 4251 2628 4321 pradicta
2665 4250 2880 4305 femina
2923 4250 3113 4317 fratre,
3159 4252 3212 4307 in
3251 4261 3442 4308 sancto

1859 4342 2135 4412 proposito
2181 4342 2440 4406 militans,
2491 4341 2765 4412 extemplo
2809 4341 3066 4397 divinitus
3117 4341 3442 4410 illustratus,

1859 4431 2037 4485 forum
2069 4431 2281 4497 adiens,
2308 4431 2547 4502 judicem
2569 4432 2745 4503 petiit,
2773 4439 2828 4486 et
2856 4431 3047 4486 ordine
3072 4447 3180 4502 quo
3210 4432 3265 4488 in
3310 4448 3444 4503 pra-

1859 4522 2066 4578 fatione
2097 4523 2222 4579 libri
2245 4524 2514 4594 disposui,
2542 4522 2684 4580 felici
2705 4524 2855 4580 obitu
2879 4525 2979 4581 sub
3001 4525 3311 4581 testimonio
3335 4525 3442 4580 Do-

1776 4595 1833 4654 D
1859 4616 2184 4684 mininostri
2210 4613 2337 4672 Jesu
2369 4616 2568 4673 Christi
2595 4616 2672 4688 (5)
2701 4617 2754 4672 in
2779 4617 2968 4672 eadem
2991 4622 3138 4690 regla
3168 4617 3332 4683 urbe,
3364 4617 3442 4688 (Δ)

1859 4709 2020 4764 tertio
2069 4724 2242 4763 nonas
2281 4709 2499 4778 junias,
2550 4709 2684 4764 feria
2732 4719 2960 4780 quarta,
2999 4725 3109 4765 ara
3160 4711 3440 4781 octingen-

1861 4801 2057 4855 tesima
2102 4801 2469 4869 octuagesima
2505 4816 2645 4855 nona
2686 4812 2708 4840 ο
2745 4801 3020 4856 occubuit.
3050 4800 3214 4871 Cujus
3243 4816 3440 4870 corpus

1857 4891 2088 4962 cquuleo
2113 4906 2452 4962 suspensum,
2479 4899 2601 4962 post
2620 4891 2824 4961 aliquot
2848 4891 2875 4931 ά
2904 4892 3020 4948 dies
3049 4907 3173 4948 cum
3207 4890 3440 4955 caloris,

1859 4982 1952 5052 qui
1982 4997 2104 5036 eum
2135 4981 2396 5036 imitando
2420 4982 2586 5036 decisi
2611 4991 2758 5045 sunt,
2781 4983 3135 5053 rapacissimo
3156 4980 3266 5052 igni
3293 4993 3439 5034 com-

1855 5072 2103 5140 missum,
2144 5088 2314 5143 usque
2338 5073 2405 5127 ad
2425 5073 2667 5128 ultimam
2696 5073 2934 5129 favillam
2956 5075 3222 5129 minutum
3239 5079 3345 5138 est,
3376 5085 3442 5127 ac

1857 5165 2112 5236 deinceps
2136 5165 2280 5218 amni
2303 5165 2634 5236 perdendum
2657 5166 2972 5222 immersam
2998 5175 3099 5220 est.

1861 5277 2316 5351 octingentesimo
2365 5280 2809 5351 quinquagesimo
2847 5289 3070 5342 octavo,
3104 5293 3211 5347 quo
3254 5291 3440 5351 aspor-

1862 5348 1998 5420 tavit
2026 5347 2264 5404 Parisios
2293 5367 2360 5404 ex
2384 5347 2478 5404 illa
2508 5347 2640 5407 urbe
2670 5365 2896 5420 corpora
2925 5359 3232 5420 sanctorum
3265 5347 3441 5420 Geor-

1863 5419 1936 5490 gii
1967 5421 2476 5483 monachi,Aurelii,
2495 5431 2549 5475 et
2569 5419 2848 5477 Nathalia.
2877 5419 3003 5474 Vide
3033 5429 3159 5474 tom.
3191 5419 3256 5474 Χ.
3283 5419 3436 5491 Hisp.

1863 5507 2029 5562 sacr.,
2065 5507 2188 5560 pag.
2221 5493 2346 5555 569,
2378 5493 2503 5556 587,
2530 5503 2584 5547 et
2607 5509 2720 5562 seq.

1930 5561 1957 5600 ἀ
1983 5562 2210 5618 Morales
2240 5572 2293 5617 et
2329 5563 2539 5618 Schott.
2585 5565 2670 5618 hic
2690 5561 2922 5618 edidere
2949 5563 3188 5626 dierum;
3216 5562 3309 5617 sed
3340 5577 3441 5616 nos

1862 5649 1985 5687 cum
2018 5632 2358 5689 Henschenio
2385 5635 2494 5703 dies
2527 5635 2836 5703 reponimus
2859 5635 2928 5688 ob
2959 5635 3009 5687 id
3038 5635 3271 5688 maxime
3297 5632 3441 5703 quod

1862 5704 2116 5774 Eulogius
2163 5706 2214 5758 in
2267 5696 2942 5830 prseﬁiti0|1.'ll!cmorial.,
2975 5722 3120 5764 num.
3171 5705 3223 5759 2.
3263 5696 3438 5775 ili-ﬁn.

1862 5777 2053 5830 eodem
2080 5781 2239 5830 modo
2289 5783 2479 5830 egerit.

1861 5777 2053 5834 eodem
2080 5781 2239 5832 modo
2267 5777 2479 5848 legerit.
