4094 6346
603 365 699 424 771

1210 464 1436 524 CAPUT
1462 461 1546 518 111.

1106 562 1185 616 De
1211 557 1423 615 Sanctia
1455 562 1705 624 martyre.

676 685 911 742 Sanctus
940 691 1067 735 vero
1089 672 1348 731 Sanctius
1374 667 1589 723 auditor
1613 669 1818 729 noster,
1847 661 2034 727 laicus,
2065 658 2192 714 ado-

604 779 817 835 léscens
843 773 945 846 (1),
975 786 1038 828 ex
1080 755 1300 822 Albensi
1331 761 1528 833 oppido
1566 757 1754 814 Galliae
1781 754 2020 846 Comata:
2061 752 2190 846 olim

607 841 931 940 captivatus,
982 873 1126 916 nunc
1183 863 1362 909 autem
1415 851 1494 922 (2)
1550 850 1690 903 inter
1729 844 1989 902 militares
2047 841 2192 912 regis

607 933 806 1032 pueros
832 953 966 1007 liber
991 945 1357 1021 praescriptus,
1388 948 1440 996 ct
1465 938 1736 1011 regalibus
1761 935 1992 992 annonis
2015 933 2190 988 nutri-

609 1021 716 1114 ius,
742 1048 795 1102 in
823 1042 1008 1098 eadem
1031 1038 1166 1094 urbe
1194 1035 1342 1105 regia
1374 1032 1474 1088 sub
1511 1029 1702 1086 eadem
1730 1024 2084 1097 professione,
2112 1021 2190 1093 (5)

607 1151 777 1197 nonas
799 1131 1003 1203 junias,
1040 1141 1150 1184 tera
1185 1139 1293 1196 qua
1334 1135 1520 1193 supra,
1553 1118 1688 1174 feria
1734 1114 1922 1187 sextal,
1955 1121 2193 1186 prostra-

608 1242 699 1289 tus
719 1235 804 1285 est
827 1239 876 1293 α,
903 1231 960 1279 et
983 1220 1197 1277 afﬁxus.

1219 1337 1449 1408 CAPUT
1481 1333 1575 1402 IV.

606 1459 684 1535 De
709 1476 894 1544 Petro,
916 1457 1260 1597 gl’alqbonso,
1295 1463 1608 1544 Sabiniano,
1635 1453 2049 1542 Wistremundo,
2078 1451 2194 1509 Ha-

956 1544 1119 1597 emio.
1155 1543 1202 1593 εἰ
1232 1535 1504 1592 Hiereima
1539 1528 1878 1597 martyribus.

956 1528 1119 1607 enti'o,
1155 1531 1202 1593 et
1232 1528 1504 1592 Hieremia
1539 1528 1878 1600 martyribus.

680 1657 974 1726 Veniamus
1005 1641 1149 1726 nunc
1177 1651 1244 1708 ad
1275 1649 1424 1704 illum
1454 1643 1698 1717 mysterii
1724 1642 1753 1681 δ
1779 1638 1982 1696 senarii
2013 1652 2196 1694 sacra-

607 1731 880 1816 tissimum
919 1725 1218 1818 martyrum
1248 1738 1492 1812 globum,
1533 1734 1626 1806 qui
1664 1747 1773 1810 uno
1817 1729 1925 1796 die,
1981 1742 2195 1810 unaque

1697 345 1756 404 S.
1796 337 2074 402 EULOGII
2107 331 2430 395 ARCHIEP.
2469 328 2715 388 TOLET.

2213 451 2266 512 Α
2287 445 2394 502 lste
2423 443 2546 498 talis
2568 459 2633 500 ac
2655 448 2836 497 tantus
2859 455 2985 497 cum
3009 441 3168 496 beato
3203 451 3334 496 sene
3371 435 3653 494 Hieremia
3688 434 3770 508 (9)
3804 437 3903 508 (de

3779 321 3898 377 772

2295 553 2404 608 quo
2433 551 2590 607 supra
2635 532 2784 589 aﬂati
2808 531 3251 603 sumus,-quique
3284 529 3448 585 etiam
3471 528 3619 582 inter
3662 537 3902 582 caeteros

2295 615 2390 685 Dei
2437 643 2624 684 servos
2651 626 2676 665 ἀ
2708 625 2806 696 fuit
2859 623 3161 680 acrioribus
3201 620 3510 678 stimulatus
3555 618 3770 691 ﬂagris)
3804 635 3900 673 oc-

2297 719 2502 775 cubuit.
2533 716 2600 773 Hi
2627 731 2722 774 sex
2745 715 2848 770 viri
2873 713 3153 771 fortissimi
3181 723 3234 770 et
3263 709 3700 785 praeclarissimi,
3733 709 3901 765 simul

2295 797 2365 892 ad
2392 810 2814 883 expugnandum
2845 808 3057 864 hostem
3105 805 3410 878 improbum
3443 802 3852 860 descendentes
3878 843 3897 868 ,

2297 919 2487 962 omnes
2522 902 2677 972 quasi
2728 917 2796 958 ex
2841 915 2950 955 uno
3005 915 3100 956 ore
3147 891 3546 962 clamaverunt,
3605 894 3892 949 dicentes:

2303 1014 2322 1048 ι
2352 994 2422 1049 Et
2447 1008 2545 1048 nos
2572 979 2672 1048 sub
2698 991 2887 1068 eadem
2917 983 3276 1063 professione,
3303 1003 3336 1044 ο
3361 985 3550 1056 judex,
3581 986 3900 1051 manemus,

2299 1083 2615 1156 quapridem
2681 1069 2986 1154 confratres
3026 1080 3202 1150 nostri
3248 1077 3584 1136 sanctissimi
3633 1073 3796 1132 Isaac
3847 1089 3906 1134 et

2301 1180 2555 1236 Sanctius
2599 1165 2917 1233 deciderunt
2954 1171 3190 1233 {exerce
3239 1155 3605 1239 sententiam,
3660 1169 3906 1226 crudeli-

2297 1265 2468 1328 tatem
2497 1287 2786 1344 exaggera,
2827 1283 2883 1326 et
2907 1259 2966 1325 in
2997 1253 3258 1324 ultionem
3299 1267 3375 1321 tui
3404 1253 3544 1320 vatis
3570 1265 3709 1322 totis
3739 1277 3902 1319 enr-

2299 1365 2461 1422 desce
2505 1363 2800 1420 furoribus.
2860 1347 3125 1430 Quoniam
3177 1355 3453 1414 Christum
3503 1351 3690 1410 Deum
3743 1368 3902 1408 vera-

2301 1455 2439 1512 citer
2465 1453 2808 1518 confitentes,
2847 1445 3107 1524 praevium
3135 1443 3483 1512 Antichristi,
3519 1453 3575 1500 et
3613 1451 3900 1499 auctorem

2298 1546 2514 1622 profani
2545 1543 2814 1616 dogmatis
2863 1547 3044 1596 vatem
3089 1535 3326 1594 vestrum
3379 1551 3502 1592 esse
3544 1533 3898 1607 proﬁtemur.

2301 1639 2520 1718 Vosque
2555 1633 2738 1691 lelhali
2783 1646 2946 1690 succo
2983 1629 3340 1718 prOphetismi
3385 1626 3504 1697 ejus
3549 1627 3819 1690 infectos,
3849 1634 3902 1679 et

2303 1711 2569 1787 virulento
2619 1725 3001 1798 praedicamine
3041 1711 3227 1778 Zabuli
3277 1719 3594 1792 propitiatus
3622 1757 3638 1786 ,
3685 1726 3904 1772 aeterna

609 1849 743 1906 hora
773 1827 872 1900 sub
922 1841 1033 1896 ictu
1063 1807 1358 1892 saevientis
1395 1825 1672 1884 mucronis
1713 1807 1784 1880 ub
1823 1807 2196 1880 testimonium
2226 1810 2274 1872 B
2299 1819 2640 1896 postmodum
2670 1818 2900 1872 luituros
2926 1824 3196 1870 tormenta
3221 1811 3453 1867 scientes
3485 1809 3762 1876 dolemus,
3802 1823 3900 1863 ve-

608 1935 854 1996 veritatis
880 1930 1046 2016 occisi
1076 1935 1224 1984 sunt.

679 2031 734 2086 2.
769 2029 814 2086 E
845 2007 1042 2100 quibus
1063 2023 1257 2078 Petrus
1270 2014 1523 2074 sacerdos
1554 2011 1630 2083 (1)
1659 2011 1712 2066 in
1734 2009 1870 2065 urbe
1894 2007 2196 2079 Astigitana

608 2097 943 2195 progenitus,
965 2115 1042 2190 (2)
1058 2122 1112 2170 et
1123 2121 1346 2169 sanctus
1361 2105 1723 2164 Walabonsus
1739 2103 1998 2158 diaconus
2030 2100 2097 2156 ab
2118 2097 2196 2171 (ὅ)

612 2190 880 2285 Ὲιθῇιθηεί
917 2208 1138 2265 civitate
1177 2209 1418 2265 exortus,
1461 2197 1678 2265 utrique
1723 2192 1997 2264 prioribus
2032 2190 2198 2246 coaevi

612 2284 964 2376 martyribus,
993 2295 1303 2379 Cordubam
1331 2290 1509 2348 studio
1535 2299 1557 2327 ο
1588 2285 1884 2342 meditandi
1915 2284 2195 2348 adeuntes,

610 2373 928 2454 liberalibus
976 2373 1276 2462 disciplinis
1301 2381 1486 2438 traditi
1527 2387 1672 2434 sunt.
1716 2376 1822 2432 Sed
1853 2376 1964 2430 Deo
1987 2373 2198 2430 fautore

611 2490 859 2555 scientia,
877 2495 932 2544 et
947 2483 1196 2540 doctrina
1218 2478 1624 2548 Scripturarum
1643 2471 1924 2542 pollentes,
1955 2468 2054 2555 sub
2070 2465 2202 2521 Fru-

611 2580 752 2655 gello
777 2553 974 2648 abbate
1001 2569 1336 2629 monasterio
1369 2573 1572 2622 sanctae
1601 2570 1658 2616 et
1681 2559 1928 2632 gloriosa:
1958 2553 2199 2626 Virginis

611 2649 794 2730 biaria:
815 2666 1201 2742 praeliciuntur.
1226 2659 1380 2728 Quod
1411 2657 1489 2728 (4)
1521 2656 1575 2710 in
1595 2653 1717 2709 vico
1744 2649 2050 2714 Cuteclara,
2090 2662 2200 2702 non
2233 2675 2238 2678 -

610 2767 770 2837 longe
804 2740 872 2818 ab
905 2759 1037 2814 urbe
1065 2757 1120 2810 in
1165 2760 1322 2825 parte
1352 2745 1699 2820 occidentali,
1741 2743 2001 2815 praeclaro
2032 2740 2201 2795 ancil-

609 2830 788 2914 larum
817 2837 912 2908 Dei
951 2846 1231 2922 proposito
1275 2840 1546 2898 enitescit.
1579 2838 1811 2893 Sanctus
1847 2849 2062 2905 quoque
2108 2830 2202 2887 Sa-

610 2947 863 3016 binianus
894 2940 974 3014 (5)
1007 2955 1076 2994 ex
1112 2937 1231 2992 vico
1259 2932 1534 2990 Froniano
1568 2936 1841 2984 montana:
1887 2923 2203 2980 Corduben-

616 3036 712 3102 sis,
737 3013 852 3104 jam
898 3011 1068 3101 plena:
1103 3021 1411 3096 juventutis
1443 3019 1764 3088 monachus,
1794 3023 1971 3081 ortus,
2017 3022 2073 3069 et
2093 3011 2202 3067 Wi-

613 3123 959 3186 stremundus
985 3135 1054 3176 ex
1074 3117 1282 3188 Astigia
1312 3107 1627 3170 adolescens
1649 3118 1925 3178 strenuus,
1959 3120 1989 3160 e
2019 3120 2202 3161 cceno-

2300 1921 2576 1983 stramquc
2601 1910 2912 1975 orbitatem,
2934 1916 2990 1964 et
3014 1904 3372 1980 ignorantiam
3395 1903 3529 1960 satis
3551 1899 3847 1958 deﬂemus.
3878 1917 3897 1954 ι

2298 1991 2427 2062 Haec
2451 2019 2576 2060 cum
2605 2002 2849 2058 animoso
2884 1999 3079 2072 spiritu
3129 1995 3302 2054 sancti
3329 1991 3427 2050 Dei
3469 1991 3704 2064 professi
3749 2001 3902 2058 sunt,

2299 2083 2480 2152 statim
2506 2093 2758 2150 decollari
2775 2089 3055 2161 iubentur.
3081 2085 3240 2145 Prius
3255 2095 3435 2142 tamen
3461 2083 3680 2141 beatum
3701 2098 3904 2140 senem

2299 2179 2650 2253 Hieremiam,
2699 2183 2884 2241 nescio
2931 2183 3002 2239 ob
3055 2197 3218 2254 quam
3264 2177 3621 2260 assertionem
3667 2171 3904 2249 ﬂagellis

2299 2278 2536 2354 graviter
2558 2291 2779 2342 caesum,
2830 2283 2887 2331 et
2927 2275 3071 2330 inter
3125 2270 3241 2354 ipsa
3286 2271 3515 2327 verbera
3556 2269 3644 2339 (ut
3687 2267 3900 2335 ferunt)

2301 2349 2626 2433 emortuum,
2657 2364 2748 2420 vix
2770 2365 3064 2421 haerentem
3093 2349 3369 2435 gressibus
3399 2357 3544 2416 foras
3573 2367 3899 2413 traxerunt.

2301 2463 2405 2532 Qui
2439 2471 2710 2534 martyres
2754 2461 2882 2516 dum
2925 2459 2993 2515 ad
3032 2458 3208 2514 locum
3263 2453 3607 2511 mactationis
3659 2453 3903 2508 accede-

2301 2561 2446 2619 rent,
2510 2551 2744 2607 invicem
2790 2564 2910 2606 sese
2951 2547 3107 2620 quasi
3145 2547 3213 2602 ad
3246 2545 3434 2618 epulas
3473 2544 3812 2599 invitaan
3841 2541 3904 2598 Et

2301 2643 2696 2717 primoquidem
2742 2639 3169 2698 reverentissimi
3205 2637 3304 2695 Dei
3330 2637 3561 2712 ministri
3593 2635 3826 2700 Petrus,
3854 2645 3906 2692 et

2304 2731 2667 2793 Walabonsus
2685 2743 2925 2801 ruentes,
2947 2733 3130 2790 caeteri
3151 2733 3406 2803 deinceps
3439 2731 3538 2785 sub
3575 2729 3782 2785 eodem
3815 2727 3904 2798 ju-

2304 2828 2556 2910 gulantur
2607 2835 2913 2892 momento,
2955 2825 3068 2898 (10)
3109 2811 3340 2896 septimo
3387 2822 3594 2900 scilicet
3642 2819 3774 2875 idus
3817 2827 3904 2888 ju~

2302 2921 2444 2987 nias,
2471 2918 2606 2975 feria
2636 2919 2832 2990 prima,
2871 2932 2979 2974 aera
3003 2930 3109 2988 qua
3143 2929 3325 2986 supra.
3369 2913 3612 2982 Quorum
3659 2925 3903 2980 corpora

2306 3011 2578 3082 stipitibus
2594 3009 2906 3084 deﬁgentes,
2927 3019 3053 3080 post
3071 3009 3276 3082 aliquot
3299 3020 3322 3048 θ
3345 3009 3554 3078 dierum
3581 3007 3905 3072 vastissimo

2309 3109 2755 3159 consummarunt
2791 3100 3064 3169 incendio,
3098 3115 3395 3172 eorumque
3422 3100 3638 3157 cineres
3665 3113 3904 3172 perpen-

614 3221 706 3279 bio
729 3215 810 3289 (6)
839 3213 1010 3286 sancti
1033 3211 1185 3284 Zoyli
1204 3187 1586 3272 iArmilatensi,
1617 3218 1725 3274 quo
1761 3201 1961 3258 dudum
1987 3199 2087 3256 sub
2115 3215 2200 3254 re-
2226 3187 2274 3253 C
2304 3193 2401 3287 dos
2439 3193 2645 3250 ﬂumini
2675 3193 3034 3249 tradiderunt.

617 3313 762 3386 gula,
790 3310 876 3367 vel
907 3309 1103 3366 abbate
1127 3320 1186 3376 se
1213 3302 1480 3360 dederunt
1505 3317 1521 3355 :
1550 3314 1690 3360 unus
1711 3311 1742 3352 a
1770 3304 2013 3368 tempore
2043 3295 2206 3367 longo

618 3407 675 3464 in
728 3404 924 3462 castris
978 3400 1192 3458 Domini
1248 3395 1526 3460 militans:
1586 3390 2024 3446 Wistremundus
2075 3403 2206 3444 vero

617 3509 791 3568 nuper
815 3508 872 3552 se
899 3493 955 3548 in
994 3491 1139 3547 idem
1183 3477 1494 3544 cmnObium
1551 3480 1857 3546 conferens,
1890 3479 1960 3534 ad
2002 3487 2206 3551 marty-

618 3591 761 3649 rium
791 3588 954 3644 ambo
995 3584 1325 3652 discurrunt.
1363 3575 1465 3646 Qui
1515 3574 1669 3630 locus
1704 3586 1845 3644 pene
1893 3585 1925 3626 a
1958 3569 2208 3626 Corduba

621 3684 676 3740 in
703 3690 857 3755 parte
879 3673 1264 3755 septentrionis
1291 3669 1514 3744 triginta
1540 3677 1595 3724 et
1621 3655 1853 3738 amplius
1886 3662 2209 3718 milliaribus

623 3751 851 3840 distans,
875 3751 1240 3832 vastissimam
1271 3766 1458 3822 horret
1501 3762 1645 3819 inter
1703 3760 1914 3816 deserta
1945 3757 2210 3814 montium

623 3865 967 3926 solitudinem
993 3878 1008 3915 :
1036 3859 1104 3915 ad
1129 3857 1283 3928 cujus
1308 3854 1458 3910 collis
1487 3853 1718 3919 radices,
1745 3867 1853 3922 quo
1876 3850 2017 3907 idem
2046 3851 2211 3906 situm

625 3969 729 4024 est,
759 3956 838 4028 (7)
872 3954 1071 4012 ﬂumen
1115 3949 1378 4006 Armilata
1433 3948 1766 4012 discurrens,
1820 3960 2016 4017 magno
2049 3945 2212 4015 pisci-

625 4051 875 4109 culorum
917 4045 1113 4102 solatio
1160 4042 1395 4099 inediam
1441 4041 1646 4096 refovet
1677 4038 2088 4096 monachorum.
2132 4036 2209 4092 Ex

629 4157 738 4213 quo
765 4141 928 4198 etiam
960 4135 1324 4192 Armilatense
1352 4132 1662 4188 coenobium
1691 4129 2016 4202 appellatur.

701 4230 1133 4290 3.Beatissimus
1179 4241 1307 4282 vero
1358 4224 1654 4280 [lubentius
1709 4221 1850 4278 virili
1893 4220 2008 4291 jam
2055 4228 2214 4277 aetate

629 4326 924 4399 perlectus,
965 4337 996 4377 e
1041 4319 1252 4378 civibus
1302 4315 1771 4378 Cordubensibus,
1825 4313 2214 4369 monachorum

629 4419 799 4474 vitam
842 4412 1118 4470 obiectans
1149 4409 1248 4480 (8),
1279 4405 1466 4466 sancti
1519 4403 1897 4478 Cliristophori
1947 4408 2218 4460 monaste-

632 4513 776 4567 rium
797 4505 1041 4570 incoluit,
1072 4501 1217 4572 quod
1243 4500 1404 4556 situm
1433 4503 1516 4552 est
1543 4497 1597 4550 in
1627 4495 1995 4572 spectaculum
2040 4493 2212 4562 urbis,

632 4603 687 4659 in
709 4607 864 4673 parte
892 4593 1116 4653 australi
1143 4606 1308 4662 super
1335 4588 1665 4658 crepidinem
1701 4586 2016 4642 ulteriorem
2043 4585 2210 4643 Betis.

630 4696 817 4766 Ibique
843 4689 1042 4748 saeculo
1082 4694 1348 4748 mortuus,
1391 4680 1610 4738 Christo
1647 4688 1828 4736 autem
1869 4679 1970 4734 sub
2023 4679 2216 4736 arctis-

633 4791 768 4846 sima
817 4784 1001 4854 regula
1051 4781 1270 4853 degens,
1316 4783 1502 4846 utpote
1553 4780 1856 4843 spontaneo
1904 4772 2112 4828 carceri
2157 4787 2218 4829 se

634 4881 887 4942 tradens,
939 4874 1064 4928 altis
1112 4869 1468 4926 maceriarum
1517 4868 1737 4938 sepibus
1791 4866 2216 4933 circumclusus,

635 4969 935 5038 ferreisque
982 4962 1196 5018 laminis
1236 4960 1381 5014 intus
1413 4958 1485 5014 ad
1533 4971 1756 5014 carnem
1785 4956 2073 5026 obseptus,
2120 4971 2219 5027 per

637 5064 908 5121 fenestras
956 5071 1018 5114 se
1068 5049 1488 5110 adventantibus
1557 5049 1850 5105 exhibebat
1911 5047 2219 5104 visendum.

640 5301 1132 5387 supplicii‘indicat,
1167 5301 1243 5387 ait
1273 5301 1675 5387 Papebrochius
1705 5306 1771 5361 ad
1811 5301 1952 5362 diem
1990 5305 2219 5387 _5,jun‘ii,

640 5375 1053 5460 qitbihodiedum
1093 5375 1232 5460 apud
1274 5375 1472 5460 Turgas
1505 5389 1555 5460 et
1578 5375 1884 5460 Hurtgaros,
1928 5378 2001 5432 rei
2041 5378 2220 5460 prodi-

640 5448 818 5522 tionis,
845 5454 1016 5526 qualis
1044 5448 1346 5508 censebatur
1374 5449 1644 5526 S_anctiu§,
1667 5448 2017 5526 extenduntur
2045 5448 2209 5526 humi,

641 5519 908 5583 transaclo
960 5541 1052 5597 per
1100 5519 1449 5597 c_o_rp_us_palo
1487 5519 1850 5591 conﬁngendi,
1892 5536 2011 5597 cura
2038 5519 2216 5597 sociae

642 5599 697 5654 in
737 5597 902 5652 altum
936 5589 1164 5666 e'rigendi
1190 5589 1498 5666 'in_longam
1530 5589 1746 5666 inor-tam
1784 5600 1831 5644 et
1870 5589 2078 5646 crudele
2105 5606 2218 5645 we-

644 5669 929 5731 ctaculum,
957 5661 1094 5737 quod
1124 5662 1525 5737 impalationem
1551 5661 1636 5737 illi
1672 5671 1877 5737 vocant.

715 5737 744 5778 ι’
768 5737 842 5791 De
871 5727 1066 5790 senarii
1104 5727 1312 5803 numeri
1345 5731 1824 5803 mystcriis‘tnulta
1858 5727 2094 5803 Joannes
2116 5727 2217 5803 Ta;

646 5807 818 5875 majus
858 5805 1080 5860 Salazar
1126 5805 1179 5858 in
1236 5799 1582 5874 Marty'rolog.
1629 5799 1854 5871 llispan.
1897 5801 1962 5858 ad
2015 5799 2158 5858 diem
2187 5801 2220 5856 7

711 5257 738 5286 ιι
763 5242 868 5298 Per
894 5238 1259 5312 prostratione
1362 5243 1417 5291 et
1466 5233 1776 5292 aﬂixionem
1821 5235 2038 5291 modum
2071 5235 2221 5292 illum

711 5307 1243 5433 antistitas:
1264 5251 2025 5433 ξῑεξξξορῖίιέῖεηῖξτέἐεηῑεῗ
2042 5305 2219 5433 ira?

2923 3348 3152 3407 CAPUT
3190 3347 3248 3406 ν.
3343 3311 3347 3316 ’

2627 3466 2706 3524 De
2749 3464 3043 3522 Sisenando
3083 3462 3239 3520 levita
3281 3471 3530 3536 martyre.

2381 3579 2622 3652 Denique
2684 3578 2846 3640 levita
2897 3576 3275 3648 sanctissimus
3332 3573 3672 3638 Sisenandus
3713 3575 3810 3647 (I)
3835 3590 3904 3634 ex

2309 3672 2539 3732 Pacensi
2591 3671 2790 3743 oppido
2833 3677 3006 3734 ortus,
3048 3666 3357 3724 Cordubam
3401 3667 3600 3724 intuitu
3655 3667 3904 3724 discendi

2311 3766 2567 3824 advectus
2611 3769 2714 3828 est,
2763 3760 2945 3832 ibique
2973 3760 3116 3830 apud
3153 3758 3454 3816 beatissimi
3481 3757 3684 3816 Aciscli
3713 3760 3905 3817 basili-

2311 3871 2451 3923 cam,
2500 3869 2606 3926 qua
2648 3869 2847 3926 corpus
2880 3851 3120 3928 ejusdem
3157 3850 3414 3921 martyris
3466 3849 3786 3921 requiescit,
3825 3851 3906 3905 di-

2312 3949 2490 4021 gniter
2534 3945 2843 4011 enutritus;
2887 3952 2946 4000 ut
2991 3943 3108 4014 ipse
3151 3940 3513 3997 familiaribus
3549 3941 3763 4007 retulit.
3818 3941 3902 3997 in-

2311 4040 2612 4098 vitantibus
2643 4054 2702 4096 se
2748 4035 3076 4094 beatissimis
3104 4034 3270 4092 Petro
3298 4041 3354 4090 et
3399 4032 3739 4090 Walabomo
3785 4033 3901 4104 ja

2315 4132 2455 4192 ecelo
2507 4130 2841 4202 martyribus
2887 4127 3181 4192 collocatis,
3233 4126 3561 4197 martyrium
3605 4139 3830 4196 quoque
3854 4134 3908 4182 et

2313 4226 2433 4296 ipse
2462 4239 2752 4297 aggressus
2778 4231 2882 4280 est.
2941 4221 3044 4290 Qui
3089 4221 3220 4276 dum
3263 4220 3317 4276 in
3369 4231 3596 4274 carcere
3645 4218 3906 4289 religatus

2315 4325 2583 4383 maneret,
2630 4317 2854 4372 tradunt
2903 4313 3046 4385 quod
3086 4310 3406 4385 prophetico
3445 4310 3752 4366 illustratus
3798 4309 3906 4380 sli-

2316 4411 2446 4476 ritu,
2477 4408 2703 4480 patibuli
2740 4407 2822 4464 sui
2859 4408 3053 4464 horam
3093 4403 3356 4476 pmscius
3383 4402 3741 4460 uuntiaverit.
3769 4399 3905 4456 Nam

2318 4504 2551 4576 quodam
2579 4503 2665 4560 die
2689 4515 2814 4558 cum
2841 4511 3161 4570 responsum
3185 4495 3408 4553 cuidam
3438 4494 3615 4551 amico
3640 4507 3705 4556 se
3733 4495 3905 4550 inter-

2320 4595 2532 4670 roganti
2563 4600 2794 4665 aptaret,
2820 4592 2980 4662 eique
3015 4585 3465 4658 reciprocationis
3491 4585 3757 4642 schedam
3779 4583 3906 4640 scri-

2319 4687 2495 4754 beret,
2525 4685 2697 4741 tribus
2721 4691 2816 4737 aut
2840 4689 3074 4752 quatuor
3091 4677 3206 4749 jam
3233 4674 3457 4747 digestis
3490 4672 3802 4739 versiculis,
3821 4687 3906 4728 su-

2319 4780 2435 4837 bito
2453 4777 2621 4835 nimia
2643 4775 2918 4831 hilaritate
2959 4771 3232 4844 perfusus,
3275 4766 3484 4823 cmlesti
3507 4765 3907 4836 quodammodo

2321 4869 2518 4944 gaudio
2559 4874 2859 4938 vegetatus,
2887 4875 2918 4920 e
2963 4863 3086 4919 loco
3123 4859 3388 4917 sessionis
3411 4872 3524 4913 sua
3550 4870 3904 4928 consul-guis,

2324 4964 2526 5021 astanti
2555 4977 2726 5034 puero
2753 4959 3027 5017 schedulm
3055 4955 3340 5030 portitori,
3369 4955 3458 5010 cui
3501 4952 3660 5008 miles
3707 4952 3906 5008 Christi

2324 5057 2651 5130 reciprocari
2669 5054 3000 5122 intendebat,
3015 5050 3431 5121 semiscﬂptam,
3453 5054 3514 5102 ut
3534 5055 3681 5114 erat,
3695 5061 3907 5103 accom-

2326 5235 2457 5304 iunii
2503 5234 2698 5304 horum
2752 5241 3050 5304 martyrum
3093 5228 3425 5304 passionem”
3447 5237 3900 5304 ροιῃῳοωοωξ.

2371 5245 2457 5290 mit
2505 5245 2698 5288 norum
2752 5245 2898 5290 mart
2931 5246 3050 5286 rum
3131 5245 3404 5298 asstoneut
3447 5245 3900 5286 WWIWWS.

2371 5323 2402 5361 a
2451 5303 2609 5360 nobis
2657 5247 3023 5359 transcribere
3054 5245 3255 5372 placuit
3296 5295 3351 5352 in
3391 5287 3650 5360 scholiis,
3696 5294 3904 5365 quando

2322 5375 2726 5447 Papebrochius
2763 5375 2833 5430 ad
2855 5390 2917 5447 ea
2949 5371 3282 5447 nosjreigitt;

2395 5433 2670 5501 5Litteris
2717 5439 3083 5501 incumbendi.
3128 5433 3538 5496 Heditationem
3588 5449 3692 5501 pro
3739 5433 3902 5489 studio

2325 5517 2679 5598 D.‘Eul_o_gius
2709 5522 2935 5598 usurpat
2963 5514 3051 5596 hic
3089 5507 3349 5598 ethinfra,
3391 5524 3514 5598 cap.
3547 5504 3638 5598 lg.
3668 5504 3902 5598 Sertori:

2395 5585 2422 5627 ἀ
2453 5574 2715 5642 Addimus
2746 5574 2950 5656 {uitiex
2989 5585 3106 5655 ipso
3136 5574 3508 5656 Papebrochio
3548 5576 3619 5632 ad
3663 5574 3902 5632 eumdem

2327 5659 2492 5722 diem,
2531 5673 2652 5714 cum
2685 5651 2901 5712 aliunde
2946 5651 3140 5724 sensus
3171 5651 3524 5724 imperfecth
3559 5657 3801 5724 [ueneatt

2403 5705 3310 5800 Sf'su[iiiiéaéiﬁéiiiériaiangﬁir
3319 5705 3450 5778 feeit
3470 5705 3897 5788 Papebrochius;

2330 5801 2416 5856 vel
2438 5791 2552 5872 lege
2571 5791 2713 5868 'dies,
2738 5807 2798 5854 ut
2823 5806 2982 5854 antea
3011 5791 3337 5862 monuimus.
