  <div class='ocr_page' id='page_1' title='image "/cluster/home/n/w/nwhite01/storage/ocr_20150623/115/hvd.32044015466873/390.png"; bbox 0 0 2047 3173; ppageno 0'>
   <div class='ocr_carea' id='block_1_1' title="bbox 142 167 195 195">
    <p class='ocr_par' dir='ltr' id='par_1_1' title="bbox 142 167 195 195">
     <span class='ocr_line' id='line_1_1' title="bbox 142 167 195 195; baseline -0.019 0"><span class='ocrx_word' id='word_1_1' title='bbox 142 167 195 195; x_wconf 80' lang='lat'><strong>713</strong></span> 
     </span>
    </p>
   </div>
   <div class='ocr_carea' id='block_1_2' title="bbox 640 161 1285 193">
    <p class='ocr_par' dir='ltr' id='par_1_2' title="bbox 640 161 1285 193">
     <span class='ocr_line' id='line_1_2' title="bbox 640 161 1285 193; baseline 0.003 -2"><span class='ocrx_word' id='word_1_2' title='bbox 640 161 853 192; x_wconf 80' lang='lat' dir='ltr'><strong>MEMORIALIS</strong></span> <span class='ocrx_word' id='word_1_3' title='bbox 872 163 1095 193; x_wconf 79' lang='lat' dir='ltr'><strong>SANCTORUM.</strong></span> <span class='ocrx_word' id='word_1_4' title='bbox 1118 181 1152 185; x_wconf 90' lang='lat'><strong><em>—</em></strong></span> <span class='ocrx_word' id='word_1_5' title='bbox 1170 165 1235 193; x_wconf 83' lang='lat' dir='ltr'><strong>LIB.</strong></span> <span class='ocrx_word' id='word_1_6' title='bbox 1252 165 1285 193; x_wconf 89' lang='grc' dir='ltr'><strong>ΙΙ.</strong></span> 
     </span>
    </p>
   </div>
   <div class='ocr_carea' id='block_1_3' title="bbox 1724 168 1776 196">
    <p class='ocr_par' dir='ltr' id='par_1_3' title="bbox 1724 168 1776 196">
     <span class='ocr_line' id='line_1_3' title="bbox 1724 168 1776 196; baseline 0 0"><span class='ocrx_word' id='word_1_7' title='bbox 1724 168 1776 196; x_wconf 71' lang='grc'><strong>774</strong></span> 
     </span>
    </p>
   </div>
   <div class='ocr_carea' id='block_1_4' title="bbox 140 216 1777 262">
    <p class='ocr_par' dir='ltr' id='par_1_4' title="bbox 140 216 1777 262">
     <span class='ocr_line' id='line_1_4' title="bbox 140 216 1777 262; baseline 0.001 -9"><span class='ocrx_word' id='word_1_8' title='bbox 140 224 266 256; x_wconf 89' lang='lat' dir='ltr'><strong>modans,</strong></span> <span class='ocrx_word' id='word_1_9' title='bbox 292 221 382 250; x_wconf 86' lang='lat' dir='ltr'><strong>multis</strong></span> <span class='ocrx_word' id='word_1_10' title='bbox 404 221 575 250; x_wconf 80' lang='lat' dir='ltr'><strong>audientibus</strong></span> <span class='ocrx_word' id='word_1_11' title='bbox 599 222 637 249; x_wconf 87' lang='lat' dir='ltr'><strong>ait</strong></span> <span class='ocrx_word' id='word_1_12' title='bbox 655 231 662 248; x_wconf 86' lang='lat'><strong>:</strong></span> <span class='ocrx_word' id='word_1_13' title='bbox 688 231 697 247; x_wconf 85' lang='grc'><strong><em>‹</em></strong></span> <span class='ocrx_word' id='word_1_14' title='bbox 715 216 821 249; x_wconf 81' lang='lat' dir='ltr'><strong>Recede</strong></span> <span class='ocrx_word' id='word_1_15' title='bbox 842 220 930 253; x_wconf 90' lang='lat' dir='ltr'><strong>modo,</strong></span> <span class='ocrx_word' id='word_1_16' title='bbox 948 224 971 253; x_wconf 82' lang='grc' dir='ltr'><strong>Α</strong></span> <span class='ocrx_word' id='word_1_17' title='bbox 985 222 1018 249; x_wconf 85' lang='lat' dir='ltr'><strong>de</strong></span> <span class='ocrx_word' id='word_1_18' title='bbox 1038 229 1138 250; x_wconf 87' lang='lat' dir='ltr'><strong>corona</strong></span> <span class='ocrx_word' id='word_1_19' title='bbox 1168 223 1288 250; x_wconf 69' lang='lat' dir='ltr'><strong>victoria:</strong></span> <span class='ocrx_word' id='word_1_20' title='bbox 1316 222 1445 257; x_wconf 86' lang='lat' dir='ltr'><strong>conlisus,</strong></span> <span class='ocrx_word' id='word_1_21' title='bbox 1472 224 1629 254; x_wconf 86' lang='lat' dir='ltr'><strong>satisfacere</strong></span> <span class='ocrx_word' id='word_1_22' title='bbox 1644 227 1658 246; x_wconf 72' lang='grc' dir='ltr'><strong>ιτ</strong></span> <span class='ocrx_word' id='word_1_23' title='bbox 1674 227 1777 262; x_wconf 92' lang='lat' dir='ltr'><strong>optioni</strong></span> 
     </span>
    </p>
   </div>
   <div class='ocr_carea' id='block_1_5' title="bbox 142 268 934 306">
    <p class='ocr_par' dir='ltr' id='par_1_5' title="bbox 142 268 934 306">
     <span class='ocr_line' id='line_1_5' title="bbox 142 268 934 306; baseline -0.005 -7"><span class='ocrx_word' id='word_1_24' title='bbox 142 271 191 305; x_wconf 84' lang='lat' dir='ltr'><strong>fili,</strong></span> <span class='ocrx_word' id='word_1_25' title='bbox 210 278 244 298; x_wconf 90' lang='lat' dir='ltr'><strong>ne</strong></span> <span class='ocrx_word' id='word_1_26' title='bbox 255 270 356 306; x_wconf 89' lang='lat' dir='ltr'><strong>impetu</strong></span> <span class='ocrx_word' id='word_1_27' title='bbox 370 268 517 297; x_wconf 81' lang='lat' dir='ltr'><strong>satellitum</strong></span> <span class='ocrx_word' id='word_1_28' title='bbox 537 268 719 304; x_wconf 87' lang='lat' dir='ltr'><strong>opprimaris;</strong></span> <span class='ocrx_word' id='word_1_29' title='bbox 737 268 861 304; x_wconf 88' lang='lat' dir='ltr'><strong>quoniam</strong></span> <span class='ocrx_word' id='word_1_30' title='bbox 880 268 934 304; x_wconf 84' lang='lat' dir='ltr'><strong>jam</strong></span> 
     </span>
    </p>
   </div>
   <div class='ocr_carea' id='block_1_6' title="bbox 142 314 935 354">
    <p class='ocr_par' dir='ltr' id='par_1_6' title="bbox 142 314 935 354">
     <span class='ocr_line' id='line_1_6' title="bbox 142 314 935 354; baseline -0.004 -10"><span class='ocrx_word' id='word_1_31' title='bbox 142 321 263 354; x_wconf 81' lang='lat' dir='ltr'><strong>potestas</strong></span> <span class='ocrx_word' id='word_1_32' title='bbox 291 315 462 344; x_wconf 82' lang='lat' dir='ltr'><strong>tenebrarum</strong></span> <span class='ocrx_word' id='word_1_33' title='bbox 488 314 602 350; x_wconf 79' lang='lat' dir='ltr'><strong>vinculis</strong></span> <span class='ocrx_word' id='word_1_34' title='bbox 615 321 658 342; x_wconf 90' lang='lat' dir='ltr'><strong>me</strong></span> <span class='ocrx_word' id='word_1_35' title='bbox 680 315 824 342; x_wconf 79' lang='lat' dir='ltr'><strong>extrahere</strong></span> <span class='ocrx_word' id='word_1_36' title='bbox 840 314 935 350; x_wconf 67' lang='lat' dir='ltr'><strong>prmci-</strong></span> 
     </span>
    </p>
   </div>
   <div class='ocr_carea' id='block_1_7' title="bbox 142 358 935 400">
    <p class='ocr_par' dir='ltr' id='par_1_7' title="bbox 142 358 935 400">
     <span class='ocr_line' id='line_1_7' title="bbox 142 358 935 400; baseline -0.004 -10"><span class='ocrx_word' id='word_1_37' title='bbox 142 363 231 400; x_wconf 87' lang='lat' dir='ltr'><strong>piens,</strong></span> <span class='ocrx_word' id='word_1_38' title='bbox 247 368 318 389; x_wconf 86' lang='lat' dir='ltr'><strong>nunc</strong></span> <span class='ocrx_word' id='word_1_39' title='bbox 337 361 521 389; x_wconf 89' lang='lat' dir='ltr'><strong>decollandum</strong></span> <span class='ocrx_word' id='word_1_40' title='bbox 546 361 654 388; x_wconf 87' lang='lat' dir='ltr'><strong>sibimet</strong></span> <span class='ocrx_word' id='word_1_41' title='bbox 674 359 823 388; x_wconf 80' lang='lat' dir='ltr'><strong>exhibebit.</strong></span> <span class='ocrx_word' id='word_1_42' title='bbox 839 369 848 386; x_wconf 72' lang='grc' dir='ltr'><strong><em>ι</em></strong></span> <span class='ocrx_word' id='word_1_43' title='bbox 870 358 935 387; x_wconf 85' lang='lat' dir='ltr'><strong>Post</strong></span> 
     </span>
    </p>
   </div>
   <div class='ocr_carea' id='block_1_8' title="bbox 141 405 935 447">
    <p class='ocr_par' dir='ltr' id='par_1_8' title="bbox 141 405 935 447">
     <span class='ocr_line' id='line_1_8' title="bbox 141 405 935 447; baseline -0.008 -7"><span class='ocrx_word' id='word_1_44' title='bbox 141 405 213 440; x_wconf 81' lang='lat' dir='ltr'><strong>hanc</strong></span> <span class='ocrx_word' id='word_1_45' title='bbox 227 409 396 447; x_wconf 83' lang='lat' dir='ltr'><strong>prophetiam</strong></span> <span class='ocrx_word' id='word_1_46' title='bbox 422 408 551 436; x_wconf 90' lang='lat' dir='ltr'><strong>immobili</strong></span> <span class='ocrx_word' id='word_1_47' title='bbox 575 415 681 443; x_wconf 83' lang='lat' dir='ltr'><strong>semper</strong></span> <span class='ocrx_word' id='word_1_48' title='bbox 696 414 788 443; x_wconf 80' lang='lat' dir='ltr'><strong>gressu</strong></span> <span class='ocrx_word' id='word_1_49' title='bbox 803 407 861 442; x_wconf 88' lang='lat' dir='ltr'><strong>ipso</strong></span> <span class='ocrx_word' id='word_1_50' title='bbox 874 414 935 441; x_wconf 89' lang='lat' dir='ltr'><strong>per-</strong></span> 
     </span>
    </p>
   </div>
   <div class='ocr_carea' id='block_1_9' title="bbox 143 449 935 489">
    <p class='ocr_par' dir='ltr' id='par_1_9' title="bbox 143 449 935 489">
     <span class='ocr_line' id='line_1_9' title="bbox 143 449 935 489; baseline -0.009 -3"><span class='ocrx_word' id='word_1_51' title='bbox 143 458 268 489; x_wconf 82' lang='lat' dir='ltr'><strong>sistenle,</strong></span> <span class='ocrx_word' id='word_1_52' title='bbox 283 449 378 485; x_wconf 85' lang='lat' dir='ltr'><strong>eodem</strong></span> <span class='ocrx_word' id='word_1_53' title='bbox 400 458 537 483; x_wconf 87' lang='lat' dir='ltr'><strong>momento</strong></span> <span class='ocrx_word' id='word_1_54' title='bbox 560 453 741 482; x_wconf 79' lang='lat' dir='ltr'><strong>vociferantes</strong></span> <span class='ocrx_word' id='word_1_55' title='bbox 762 453 872 480; x_wconf 84' lang='lat' dir='ltr'><strong>lictores</strong></span> <span class='ocrx_word' id='word_1_56' title='bbox 888 452 935 479; x_wconf 85' lang='lat' dir='ltr'><strong>ad-</strong></span> 
     </span>
    </p>
   </div>
   <div class='ocr_carea' id='block_1_10' title="bbox 141 494 934 538">
    <p class='ocr_par' dir='ltr' id='par_1_10' title="bbox 141 494 934 538">
     <span class='ocr_line' id='line_1_10' title="bbox 141 494 934 538; baseline -0.006 -8"><span class='ocrx_word' id='word_1_57' title='bbox 141 497 265 535; x_wconf 69' lang='lat' dir='ltr'><strong>veniunt,</strong></span> <span class='ocrx_word' id='word_1_58' title='bbox 292 508 408 538; x_wconf 86' lang='lat' dir='ltr'><strong>eumque</strong></span> <span class='ocrx_word' id='word_1_59' title='bbox 433 500 563 536; x_wconf 72' lang='lat' dir='ltr'><strong>praecipiti</strong></span> <span class='ocrx_word' id='word_1_60' title='bbox 585 499 675 527; x_wconf 91' lang='lat' dir='ltr'><strong>furore</strong></span> <span class='ocrx_word' id='word_1_61' title='bbox 698 494 734 526; x_wconf 82' lang='lat' dir='ltr'><strong>ad</strong></span> <span class='ocrx_word' id='word_1_62' title='bbox 755 499 855 531; x_wconf 92' lang='lat' dir='ltr'><strong>locum,</strong></span> <span class='ocrx_word' id='word_1_63' title='bbox 880 505 934 534; x_wconf 88' lang='lat' dir='ltr'><strong>quo</strong></span> 
     </span>
    </p>
   </div>
   <div class='ocr_carea' id='block_1_11' title="bbox 143 544 934 584">
    <p class='ocr_par' dir='ltr' id='par_1_11' title="bbox 143 544 934 584">
     <span class='ocr_line' id='line_1_11' title="bbox 143 544 934 584; baseline -0.005 -9"><span class='ocrx_word' id='word_1_64' title='bbox 143 548 304 584; x_wconf 82' lang='lat' dir='ltr'><strong>martyrium</strong></span> <span class='ocrx_word' id='word_1_65' title='bbox 327 551 384 575; x_wconf 84' lang='lat' dir='ltr'><strong>erat</strong></span> <span class='ocrx_word' id='word_1_66' title='bbox 409 549 654 578; x_wconf 80' lang='lat' dir='ltr'><strong>eonsununaturus,</strong></span> <span class='ocrx_word' id='word_1_67' title='bbox 678 544 774 581; x_wconf 78' lang='lat' dir='ltr'><strong>pugnis</strong></span> <span class='ocrx_word' id='word_1_68' title='bbox 797 544 934 580; x_wconf 88' lang='lat' dir='ltr'><strong>alapisque</strong></span> 
     </span>
    </p>
   </div>
   <div class='ocr_carea' id='block_1_12' title="bbox 143 585 933 627">
    <p class='ocr_par' dir='ltr' id='par_1_12' title="bbox 143 585 933 627">
     <span class='ocr_line' id='line_1_12' title="bbox 143 585 933 627; baseline -0.005 -7"><span class='ocrx_word' id='word_1_69' title='bbox 143 593 279 620; x_wconf 68' lang='lat' dir='ltr'><strong>caedentes</strong></span> <span class='ocrx_word' id='word_1_70' title='bbox 298 591 457 627; x_wconf 88' lang='lat' dir='ltr'><strong>perducunt.</strong></span> <span class='ocrx_word' id='word_1_71' title='bbox 473 589 564 626; x_wconf 84' lang='lat' dir='ltr'><strong>Pergit</strong></span> <span class='ocrx_word' id='word_1_72' title='bbox 583 589 633 618; x_wconf 81' lang='lat' dir='ltr'><strong>Dei</strong></span> <span class='ocrx_word' id='word_1_73' title='bbox 651 585 766 617; x_wconf 85' lang='lat' dir='ltr'><strong>famulus</strong></span> <span class='ocrx_word' id='word_1_74' title='bbox 780 589 933 617; x_wconf 74' lang='lat' dir='ltr'><strong>lzctantibus</strong></span> 
     </span>
    </p>
   </div>
   <div class='ocr_carea' id='block_1_13' title="bbox 143 634 934 672">
    <p class='ocr_par' dir='ltr' id='par_1_13' title="bbox 143 634 934 672">
     <span class='ocr_line' id='line_1_13' title="bbox 143 634 934 672; baseline -0.004 -6"><span class='ocrx_word' id='word_1_75' title='bbox 143 639 242 667; x_wconf 87' lang='lat' dir='ltr'><strong>animis</strong></span> <span class='ocrx_word' id='word_1_76' title='bbox 263 637 297 666; x_wconf 93' lang='lat' dir='ltr'><strong>de</strong></span> <span class='ocrx_word' id='word_1_77' title='bbox 319 634 420 666; x_wconf 78' lang='lat' dir='ltr'><strong>corona</strong></span> <span class='ocrx_word' id='word_1_78' title='bbox 442 637 562 665; x_wconf 61' lang='lat' dir='ltr'><strong>victoriae</strong></span> <span class='ocrx_word' id='word_1_79' title='bbox 586 637 688 670; x_wconf 70' lang='lat' dir='ltr'><strong>Certus,</strong></span> <span class='ocrx_word' id='word_1_80' title='bbox 712 637 757 672; x_wconf 91' lang='lat' dir='ltr'><strong>qui</strong></span> <span class='ocrx_word' id='word_1_81' title='bbox 778 637 811 664; x_wconf 89' lang='lat' dir='ltr'><strong>ad</strong></span> <span class='ocrx_word' id='word_1_82' title='bbox 826 636 934 664; x_wconf 71' lang='lat' dir='ltr'><strong>caeleste</strong></span> 
     </span>
    </p>
   </div>
   <div class='ocr_carea' id='block_1_14' title="bbox 146 676 931 712">
    <p class='ocr_par' dir='ltr' id='par_1_14' title="bbox 146 676 931 712">
     <span class='ocr_line' id='line_1_14' title="bbox 146 676 931 712; baseline -0.004 0"><span class='ocrx_word' id='word_1_83' title='bbox 146 684 300 712; x_wconf 76' lang='lat' dir='ltr'><strong>convivium</strong></span> <span class='ocrx_word' id='word_1_84' title='bbox 328 682 532 712; x_wconf 80' lang='lat' dir='ltr'><strong>exhortantibus</strong></span> <span class='ocrx_word' id='word_1_85' title='bbox 557 676 657 710; x_wconf 80' lang='lat' dir='ltr'><strong>sanctis</strong></span> <span class='ocrx_word' id='word_1_86' title='bbox 684 681 772 710; x_wconf 77' lang='lat' dir='ltr'><strong>fuerat</strong></span> <span class='ocrx_word' id='word_1_87' title='bbox 793 682 931 709; x_wconf 74' lang='lat' dir='ltr'><strong>imitatus.</strong></span> 
     </span>
    </p>
   </div>
   <div class='ocr_carea' id='block_1_15' title="bbox 143 725 933 766">
    <p class='ocr_par' dir='ltr' id='par_1_15' title="bbox 143 725 933 766">
     <span class='ocr_line' id='line_1_15' title="bbox 143 725 933 766; baseline -0.005 -7"><span class='ocrx_word' id='word_1_88' title='bbox 143 731 190 759; x_wconf 84' lang='lat' dir='ltr'><strong>Sic</strong></span> <span class='ocrx_word' id='word_1_89' title='bbox 217 729 333 766; x_wconf 86' lang='lat' dir='ltr'><strong>namque</strong></span> <span class='ocrx_word' id='word_1_90' title='bbox 353 725 437 764; x_wconf 70' lang='lat' dir='ltr'><strong>iudici</strong></span> <span class='ocrx_word' id='word_1_91' title='bbox 457 726 645 764; x_wconf 84' lang='lat' dir='ltr'><strong>praesentatus,</strong></span> <span class='ocrx_word' id='word_1_92' title='bbox 668 727 761 756; x_wconf 87' lang='lat' dir='ltr'><strong>eadem</strong></span> <span class='ocrx_word' id='word_1_93' title='bbox 785 735 838 764; x_wconf 88' lang='lat' dir='ltr'><strong>qua</strong></span> <span class='ocrx_word' id='word_1_94' title='bbox 857 727 933 763; x_wconf 87' lang='lat' dir='ltr'><strong>prius</strong></span> 
     </span>
    </p>
   </div>
   <div class='ocr_carea' id='block_1_16' title="bbox 143 767 934 810">
    <p class='ocr_par' dir='ltr' id='par_1_16' title="bbox 143 767 934 810">
     <span class='ocr_line' id='line_1_16' title="bbox 143 767 934 810; baseline -0.004 -5"><span class='ocrx_word' id='word_1_95' title='bbox 143 777 295 805; x_wconf 86' lang='lat' dir='ltr'><strong>constantia</strong></span> <span class='ocrx_word' id='word_1_96' title='bbox 313 776 340 804; x_wconf 93' lang='lat' dir='ltr'><strong>in</strong></span> <span class='ocrx_word' id='word_1_97' title='bbox 362 781 455 804; x_wconf 85' lang='lat' dir='ltr'><strong>sancta</strong></span> <span class='ocrx_word' id='word_1_98' title='bbox 472 767 641 803; x_wconf 70' lang='lat' dir='ltr'><strong>confessione</strong></span> <span class='ocrx_word' id='word_1_99' title='bbox 658 775 820 810; x_wconf 79' lang='lat' dir='ltr'><strong>perdurans,</strong></span> <span class='ocrx_word' id='word_1_100' title='bbox 838 773 934 802; x_wconf 81' lang='lat' dir='ltr'><strong>delica-</strong></span> 
     </span>
    </p>
   </div>
   <div class='ocr_carea' id='block_1_17' title="bbox 143 815 930 859">
    <p class='ocr_par' dir='ltr' id='par_1_17' title="bbox 143 815 930 859">
     <span class='ocr_line' id='line_1_17' title="bbox 143 815 930 859; baseline -0.005 -8"><span class='ocrx_word' id='word_1_101' title='bbox 143 827 187 851; x_wconf 89' lang='lat' dir='ltr'><strong>tus</strong></span> <span class='ocrx_word' id='word_1_102' title='bbox 203 820 323 859; x_wconf 78' lang='lat' dir='ltr'><strong>ephebus</strong></span> <span class='ocrx_word' id='word_1_103' title='bbox 338 815 453 859; x_wconf 84' lang='lat' dir='ltr'><strong>gloriosa</strong></span> <span class='ocrx_word' id='word_1_104' title='bbox 469 817 555 850; x_wconf 75' lang='lat' dir='ltr'><strong>morte</strong></span> <span class='ocrx_word' id='word_1_105' title='bbox 570 816 725 857; x_wconf 80' lang='lat' dir='ltr'><strong>peremptus</strong></span> <span class='ocrx_word' id='word_1_106' title='bbox 736 827 787 855; x_wconf 79' lang='lat' dir='ltr'><strong>est,</strong></span> <span class='ocrx_word' id='word_1_107' title='bbox 801 823 882 856; x_wconf 79' lang='lat' dir='ltr'><strong>atque</strong></span> <span class='ocrx_word' id='word_1_108' title='bbox 893 820 930 847; x_wconf 94' lang='lat' dir='ltr'><strong>in-</strong></span> 
     </span>
    </p>
   </div>
   <div class='ocr_carea' id='block_1_18' title="bbox 143 862 933 905">
    <p class='ocr_par' dir='ltr' id='par_1_18' title="bbox 143 862 933 905">
     <span class='ocr_line' id='line_1_18' title="bbox 143 862 933 905; baseline -0.004 -8"><span class='ocrx_word' id='word_1_109' title='bbox 143 870 269 897; x_wconf 83' lang='lat' dir='ltr'><strong>humatus</strong></span> <span class='ocrx_word' id='word_1_110' title='bbox 292 877 347 905; x_wconf 69' lang='lat' dir='ltr'><strong>pm</strong></span> <span class='ocrx_word' id='word_1_111' title='bbox 369 863 472 896; x_wconf 81' lang='lat' dir='ltr'><strong>foribus</strong></span> <span class='ocrx_word' id='word_1_112' title='bbox 494 863 587 904; x_wconf 82' lang='lat' dir='ltr'><strong>palatii</strong></span> <span class='ocrx_word' id='word_1_113' title='bbox 601 868 747 896; x_wconf 88' lang='lat' dir='ltr'><strong>derelictus</strong></span> <span class='ocrx_word' id='word_1_114' title='bbox 759 871 811 900; x_wconf 91' lang='lat' dir='ltr'><strong>est,</strong></span> <span class='ocrx_word' id='word_1_115' title='bbox 824 862 933 902; x_wconf 55' lang='grc' dir='ltr'><strong>(ἱμερ-</strong></span> 
     </span>
    </p>
   </div>
   <div class='ocr_carea' id='block_1_19' title="bbox 987 268 1776 308">
    <p class='ocr_par' dir='ltr' id='par_1_19' title="bbox 987 268 1776 308">
     <span class='ocr_line' id='line_1_19' title="bbox 987 268 1776 308; baseline 0.008 -14"><span class='ocrx_word' id='word_1_116' title='bbox 987 268 1045 303; x_wconf 87' lang='lat' dir='ltr'><strong>ejus</strong></span> <span class='ocrx_word' id='word_1_117' title='bbox 1075 268 1246 303; x_wconf 85' lang='lat' dir='ltr'><strong>promittens,</strong></span> <span class='ocrx_word' id='word_1_118' title='bbox 1273 276 1326 296; x_wconf 91' lang='lat' dir='ltr'><strong>non</strong></span> <span class='ocrx_word' id='word_1_119' title='bbox 1353 273 1416 304; x_wconf 88' lang='lat' dir='ltr'><strong>post</strong></span> <span class='ocrx_word' id='word_1_120' title='bbox 1439 269 1537 298; x_wconf 83' lang='lat' dir='ltr'><strong>multos</strong></span> <span class='ocrx_word' id='word_1_121' title='bbox 1564 271 1620 299; x_wconf 84' lang='lat' dir='ltr'><strong>dies</strong></span> <span class='ocrx_word' id='word_1_122' title='bbox 1651 273 1776 308; x_wconf 84' lang='lat' dir='ltr'><strong>martyrii</strong></span> 
     </span>
    </p>
   </div>
   <div class='ocr_carea' id='block_1_20' title="bbox 985 313 1778 351">
    <p class='ocr_par' dir='ltr' id='par_1_20' title="bbox 985 313 1778 351">
     <span class='ocr_line' id='line_1_20' title="bbox 985 313 1778 351; baseline 0.008 -11"><span class='ocrx_word' id='word_1_123' title='bbox 985 313 1040 346; x_wconf 90' lang='lat' dir='ltr'><strong>sui,</strong></span> <span class='ocrx_word' id='word_1_124' title='bbox 1062 313 1149 341; x_wconf 83' lang='lat' dir='ltr'><strong>fidelis</strong></span> <span class='ocrx_word' id='word_1_125' title='bbox 1175 322 1289 349; x_wconf 87' lang='lat' dir='ltr'><strong>sponsor</strong></span> <span class='ocrx_word' id='word_1_126' title='bbox 1311 322 1373 342; x_wconf 91' lang='lat' dir='ltr'><strong>eum</strong></span> <span class='ocrx_word' id='word_1_127' title='bbox 1402 322 1511 342; x_wconf 87' lang='lat' dir='ltr'><strong>carcere</strong></span> <span class='ocrx_word' id='word_1_128' title='bbox 1536 316 1699 351; x_wconf 87' lang='lat' dir='ltr'><strong>absolutum,</strong></span> <span class='ocrx_word' id='word_1_129' title='bbox 1722 318 1778 346; x_wconf 86' lang='lat' dir='ltr'><strong>Deo</strong></span> 
     </span>
    </p>
   </div>
   <div class='ocr_carea' id='block_1_21' title="bbox 985 359 1776 395">
    <p class='ocr_par' dir='ltr' id='par_1_21' title="bbox 985 359 1776 395">
     <span class='ocr_line' id='line_1_21' title="bbox 985 359 1776 395; baseline 0.006 -9"><span class='ocrx_word' id='word_1_130' title='bbox 985 359 1100 392; x_wconf 85' lang='lat' dir='ltr'><strong>fautore,</strong></span> <span class='ocrx_word' id='word_1_131' title='bbox 1117 360 1232 395; x_wconf 88' lang='lat' dir='ltr'><strong>propriae</strong></span> <span class='ocrx_word' id='word_1_132' title='bbox 1251 361 1311 388; x_wconf 92' lang='lat' dir='ltr'><strong>urbi</strong></span> <span class='ocrx_word' id='word_1_133' title='bbox 1325 360 1453 388; x_wconf 86' lang='lat' dir='ltr'><strong>restituit.</strong></span> <span class='ocrx_word' id='word_1_134' title='bbox 1466 360 1669 390; x_wconf 79' lang='lat' dir='ltr'><strong>Consummavit</strong></span> <span class='ocrx_word' id='word_1_135' title='bbox 1685 367 1776 391; x_wconf 80' lang='lat' dir='ltr'><strong>autem</strong></span> 
     </span>
    </p>
   </div>
   <div class='ocr_carea' id='block_1_22' title="bbox 984 404 1779 442">
    <p class='ocr_par' dir='ltr' id='par_1_22' title="bbox 984 404 1779 442">
     <span class='ocr_line' id='line_1_22' title="bbox 984 404 1779 442; baseline 0.005 -10"><span class='ocrx_word' id='word_1_136' title='bbox 984 404 1033 432; x_wconf 83' lang='lat' dir='ltr'><strong>Dei</strong></span> <span class='ocrx_word' id='word_1_137' title='bbox 1048 412 1142 432; x_wconf 86' lang='lat' dir='ltr'><strong>servus</strong></span> <span class='ocrx_word' id='word_1_138' title='bbox 1153 405 1312 441; x_wconf 85' lang='lat' dir='ltr'><strong>martyrium</strong></span> <span class='ocrx_word' id='word_1_139' title='bbox 1326 405 1443 433; x_wconf 79' lang='lat' dir='ltr'><strong>suum&#39;in</strong></span> <span class='ocrx_word' id='word_1_140' title='bbox 1452 406 1519 441; x_wconf 70' lang='lat' dir='ltr'><strong>pace</strong></span> <span class='ocrx_word' id='word_1_141' title='bbox 1529 407 1568 442; x_wconf 78' lang='grc'><strong>(5)</strong></span> <span class='ocrx_word' id='word_1_142' title='bbox 1580 408 1661 435; x_wconf 84' lang='lat' dir='ltr'><strong>tertio</strong></span> <span class='ocrx_word' id='word_1_143' title='bbox 1673 408 1779 436; x_wconf 88' lang='lat' dir='ltr'><strong>decimo</strong></span> 
     </span>
    </p>
   </div>
   <div class='ocr_carea' id='block_1_23' title="bbox 984 449 1776 488">
    <p class='ocr_par' dir='ltr' id='par_1_23' title="bbox 984 449 1776 488">
     <span class='ocr_line' id='line_1_23' title="bbox 984 449 1776 488; baseline 0.005 -12"><span class='ocrx_word' id='word_1_144' title='bbox 984 449 1113 478; x_wconf 83' lang='lat' dir='ltr'><strong>kalendas</strong></span> <span class='ocrx_word' id='word_1_145' title='bbox 1141 451 1256 485; x_wconf 75' lang='lat' dir='ltr'><strong>augusti,</strong></span> <span class='ocrx_word' id='word_1_146' title='bbox 1284 451 1353 478; x_wconf 75' lang='lat' dir='ltr'><strong>feria</strong></span> <span class='ocrx_word' id='word_1_147' title='bbox 1378 451 1508 484; x_wconf 82' lang='lat' dir='ltr'><strong>secunda,</strong></span> <span class='ocrx_word' id='word_1_148' title='bbox 1533 455 1587 479; x_wconf 71' lang='lat' dir='ltr'><strong>aera</strong></span> <span class='ocrx_word' id='word_1_149' title='bbox 1609 459 1662 487; x_wconf 87' lang='lat' dir='ltr'><strong>qua</strong></span> <span class='ocrx_word' id='word_1_150' title='bbox 1678 460 1776 488; x_wconf 82' lang='lat' dir='ltr'><strong>supra.</strong></span> 
     </span>
    </p>
   </div>
   <div class='ocr_carea' id='block_1_24' title="bbox 985 496 1776 534">
    <p class='ocr_par' dir='ltr' id='par_1_24' title="bbox 985 496 1776 534">
     <span class='ocr_line' id='line_1_24' title="bbox 985 496 1776 534; baseline 0.003 -10"><span class='ocrx_word' id='word_1_151' title='bbox 985 496 1067 531; x_wconf 86' lang='lat' dir='ltr'><strong>Cujus</strong></span> <span class='ocrx_word' id='word_1_152' title='bbox 1085 497 1201 524; x_wconf 85' lang='lat' dir='ltr'><strong>cadaver</strong></span> <span class='ocrx_word' id='word_1_153' title='bbox 1216 497 1385 525; x_wconf 87' lang='lat' dir='ltr'><strong>inhumatum</strong></span> <span class='ocrx_word' id='word_1_154' title='bbox 1395 518 1402 531; x_wconf 94' lang='lat'><strong>,</strong></span> <span class='ocrx_word' id='word_1_155' title='bbox 1415 501 1442 525; x_wconf 87' lang='lat' dir='ltr'><strong>et</strong></span> <span class='ocrx_word' id='word_1_156' title='bbox 1457 502 1521 526; x_wconf 85' lang='lat' dir='ltr'><strong>ante</strong></span> <span class='ocrx_word' id='word_1_157' title='bbox 1530 498 1605 526; x_wconf 78' lang='lat' dir='ltr'><strong>fores</strong></span> <span class='ocrx_word' id='word_1_158' title='bbox 1619 499 1714 534; x_wconf 78' lang='lat' dir='ltr'><strong>palatii</strong></span> <span class='ocrx_word' id='word_1_159' title='bbox 1727 499 1776 526; x_wconf 78' lang='lat' dir='ltr'><strong>de—</strong></span> 
     </span>
    </p>
   </div>
   <div class='ocr_carea' id='block_1_25' title="bbox 984 541 1775 578">
    <p class='ocr_par' dir='ltr' id='par_1_25' title="bbox 984 541 1775 578">
     <span class='ocr_line' id='line_1_25' title="bbox 984 541 1775 578; baseline 0.003 -9"><span class='ocrx_word' id='word_1_160' title='bbox 984 541 1118 572; x_wconf 76' lang='lat' dir='ltr'><strong>relictum,</strong></span> <span class='ocrx_word' id='word_1_161' title='bbox 1132 545 1194 577; x_wconf 89' lang='lat' dir='ltr'><strong>post</strong></span> <span class='ocrx_word' id='word_1_162' title='bbox 1213 542 1354 570; x_wconf 90' lang='lat' dir='ltr'><strong>nonnullos</strong></span> <span class='ocrx_word' id='word_1_163' title='bbox 1369 543 1426 571; x_wconf 82' lang='lat' dir='ltr'><strong>dies</strong></span> <span class='ocrx_word' id='word_1_164' title='bbox 1450 543 1629 578; x_wconf 80' lang='lat' dir='ltr'><strong>quorumdam</strong></span> <span class='ocrx_word' id='word_1_165' title='bbox 1653 544 1775 571; x_wconf 79' lang='lat' dir='ltr'><strong>ﬁdelium</strong></span> 
     </span>
    </p>
   </div>
   <div class='ocr_carea' id='block_1_26' title="bbox 985 588 1779 622">
    <p class='ocr_par' dir='ltr' id='par_1_26' title="bbox 985 588 1779 622">
     <span class='ocr_line' id='line_1_26' title="bbox 985 588 1779 622; baseline 0.003 -7"><span class='ocrx_word' id='word_1_166' title='bbox 985 588 1143 616; x_wconf 77' lang='lat' dir='ltr'><strong>‘curiositate</strong></span> <span class='ocrx_word' id='word_1_167' title='bbox 1168 588 1238 615; x_wconf 83' lang='lat' dir='ltr'><strong>clam</strong></span> <span class='ocrx_word' id='word_1_168' title='bbox 1261 588 1409 622; x_wconf 87' lang='lat' dir='ltr'><strong>sublatum,</strong></span> <span class='ocrx_word' id='word_1_169' title='bbox 1424 596 1486 616; x_wconf 93' lang='lat' dir='ltr'><strong>cum</strong></span> <span class='ocrx_word' id='word_1_170' title='bbox 1506 589 1578 617; x_wconf 86' lang='lat' dir='ltr'><strong>beati</strong></span> <span class='ocrx_word' id='word_1_171' title='bbox 1606 589 1779 617; x_wconf 81' lang='lat' dir='ltr'><strong>Theodemiri</strong></span> 
     </span>
    </p>
   </div>
   <div class='ocr_carea' id='block_1_27' title="bbox 984 633 1778 670">
    <p class='ocr_par' dir='ltr' id='par_1_27' title="bbox 984 633 1778 670">
     <span class='ocr_line' id='line_1_27' title="bbox 984 633 1778 670; baseline 0.003 -10"><span class='ocrx_word' id='word_1_172' title='bbox 984 633 1024 669; x_wconf 67' lang='grc'><strong>(4)</strong></span> <span class='ocrx_word' id='word_1_173' title='bbox 1035 633 1227 661; x_wconf 89' lang='lat' dir='ltr'><strong>Carmonensis</strong></span> <span class='ocrx_word' id='word_1_174' title='bbox 1241 635 1366 662; x_wconf 83' lang='lat' dir='ltr'><strong>monachi</strong></span> <span class='ocrx_word' id='word_1_175' title='bbox 1377 636 1500 670; x_wconf 79' lang='lat' dir='ltr'><strong>corpdre,</strong></span> <span class='ocrx_word' id='word_1_176' title='bbox 1513 635 1583 669; x_wconf 86' lang='lat' dir='ltr'><strong>apud</strong></span> <span class='ocrx_word' id='word_1_177' title='bbox 1596 635 1778 663; x_wconf 86' lang='lat' dir='ltr'><strong>sanctuarium</strong></span> 
     </span>
    </p>
   </div>
   <div class='ocr_carea' id='block_1_28' title="bbox 985 678 1779 715">
    <p class='ocr_par' dir='ltr' id='par_1_28' title="bbox 985 678 1779 715">
     <span class='ocr_line' id='line_1_28' title="bbox 985 678 1779 715; baseline 0.004 -9"><span class='ocrx_word' id='word_1_178' title='bbox 985 679 1107 715; x_wconf 73' lang='lat' dir='ltr'><strong>praedicti</strong></span> <span class='ocrx_word' id='word_1_179' title='bbox 1131 679 1259 715; x_wconf 78' lang='lat' dir='ltr'><strong>martyris</strong></span> <span class='ocrx_word' id='word_1_180' title='bbox 1279 678 1353 715; x_wconf 83' lang='lat' dir='ltr'><strong>Zoyli</strong></span> <span class='ocrx_word' id='word_1_181' title='bbox 1378 680 1516 708; x_wconf 89' lang='lat' dir='ltr'><strong>conditum</strong></span> <span class='ocrx_word' id='word_1_182' title='bbox 1537 685 1589 708; x_wconf 82' lang='lat' dir='ltr'><strong>est.</strong></span> <span class='ocrx_word' id='word_1_183' title='bbox 1613 680 1664 714; x_wconf 81' lang='lat' dir='ltr'><strong>Qui</strong></span> <span class='ocrx_word' id='word_1_184' title='bbox 1681 684 1709 709; x_wconf 85' lang='lat' dir='ltr'><strong>et</strong></span> <span class='ocrx_word' id='word_1_185' title='bbox 1721 680 1779 715; x_wconf 82' lang='lat' dir='ltr'><strong>ipse</strong></span> 
     </span>
    </p>
   </div>
   <div class='ocr_carea' id='block_1_29' title="bbox 982 725 1775 761">
    <p class='ocr_par' dir='ltr' id='par_1_29' title="bbox 982 725 1775 761">
     <span class='ocr_line' id='line_1_29' title="bbox 982 725 1775 761; baseline 0.003 -9"><span class='ocrx_word' id='word_1_186' title='bbox 982 725 1089 761; x_wconf 81' lang='lat' dir='ltr'><strong>juvenis</strong></span> <span class='ocrx_word' id='word_1_187' title='bbox 1103 729 1164 760; x_wconf 89' lang='lat' dir='ltr'><strong>post</strong></span> <span class='ocrx_word' id='word_1_188' title='bbox 1178 730 1254 753; x_wconf 80' lang='lat' dir='ltr'><strong>sexta</strong></span> <span class='ocrx_word' id='word_1_189' title='bbox 1271 726 1324 758; x_wconf 88' lang='lat' dir='ltr'><strong>die,</strong></span> <span class='ocrx_word' id='word_1_190' title='bbox 1346 734 1399 761; x_wconf 90' lang='lat' dir='ltr'><strong>qua</strong></span> <span class='ocrx_word' id='word_1_191' title='bbox 1424 731 1534 754; x_wconf 86' lang='lat' dir='ltr'><strong>sanctus</strong></span> <span class='ocrx_word' id='word_1_192' title='bbox 1553 727 1653 754; x_wconf 87' lang='lat' dir='ltr'><strong>decidit</strong></span> <span class='ocrx_word' id='word_1_193' title='bbox 1666 726 1775 760; x_wconf 79' lang='lat' dir='ltr'><strong>Paulus,</strong></span> 
     </span>
    </p>
   </div>
   <div class='ocr_carea' id='block_1_30' title="bbox 984 770 1777 808">
    <p class='ocr_par' dir='ltr' id='par_1_30' title="bbox 984 770 1777 808">
     <span class='ocr_line' id='line_1_30' title="bbox 984 770 1777 808; baseline 0.003 -10"><span class='ocrx_word' id='word_1_194' title='bbox 984 771 1011 799; x_wconf 89' lang='lat' dir='ltr'><strong>id</strong></span> <span class='ocrx_word' id='word_1_195' title='bbox 1025 775 1067 798; x_wconf 91' lang='lat' dir='ltr'><strong>est</strong></span> <span class='ocrx_word' id='word_1_196' title='bbox 1078 770 1116 807; x_wconf 83' lang='lat'><strong>(5)</strong></span> <span class='ocrx_word' id='word_1_197' title='bbox 1126 775 1224 799; x_wconf 87' lang='lat' dir='ltr'><strong>octavo</strong></span> <span class='ocrx_word' id='word_1_198' title='bbox 1236 771 1367 800; x_wconf 83' lang='lat' dir='ltr'><strong>kalendas</strong></span> <span class='ocrx_word' id='word_1_199' title='bbox 1379 773 1495 808; x_wconf 73' lang='lat' dir='ltr'><strong>augusti,</strong></span> <span class='ocrx_word' id='word_1_200' title='bbox 1508 772 1575 800; x_wconf 86' lang='lat' dir='ltr'><strong>feria</strong></span> <span class='ocrx_word' id='word_1_201' title='bbox 1586 773 1712 807; x_wconf 87' lang='lat' dir='ltr'><strong>septima,</strong></span> <span class='ocrx_word' id='word_1_202' title='bbox 1723 780 1777 800; x_wconf 72' lang='lat' dir='ltr'><strong>aera</strong></span> 
     </span>
    </p>
   </div>
   <div class='ocr_carea' id='block_1_31' title="bbox 985 816 1776 853">
    <p class='ocr_par' dir='ltr' id='par_1_31' title="bbox 985 816 1776 853">
     <span class='ocr_line' id='line_1_31' title="bbox 985 816 1776 853; baseline 0.004 -10"><span class='ocrx_word' id='word_1_203' title='bbox 985 823 1038 851; x_wconf 89' lang='lat' dir='ltr'><strong>qua</strong></span> <span class='ocrx_word' id='word_1_204' title='bbox 1057 816 1150 852; x_wconf 78' lang='lat' dir='ltr'><strong>supra,</strong></span> <span class='ocrx_word' id='word_1_205' title='bbox 1166 816 1303 850; x_wconf 83' lang='lat' dir='ltr'><strong>occubuit,</strong></span> <span class='ocrx_word' id='word_1_206' title='bbox 1319 817 1587 853; x_wconf 62' lang='lat' dir='ltr'><strong>regnantetDomino</strong></span> <span class='ocrx_word' id='word_1_207' title='bbox 1601 823 1694 846; x_wconf 90' lang='lat' dir='ltr'><strong>nostro</strong></span> <span class='ocrx_word' id='word_1_208' title='bbox 1713 818 1776 846; x_wconf 72' lang='lat' dir='ltr'><strong>Iesu</strong></span> 
     </span>
    </p>
   </div>
   <div class='ocr_carea' id='block_1_32' title="bbox 981 862 1776 899">
    <p class='ocr_par' dir='ltr' id='par_1_32' title="bbox 981 862 1776 899">
     <span class='ocr_line' id='line_1_32' title="bbox 981 862 1776 899; baseline 0.004 -10"><span class='ocrx_word' id='word_1_209' title='bbox 981 862 1103 895; x_wconf 80' lang='lat' dir='ltr'><strong>Christo,</strong></span> <span class='ocrx_word' id='word_1_210' title='bbox 1131 863 1175 897; x_wconf 90' lang='lat' dir='ltr'><strong>qui</strong></span> <span class='ocrx_word' id='word_1_211' title='bbox 1195 867 1304 890; x_wconf 87' lang='lat' dir='ltr'><strong>sanctos</strong></span> <span class='ocrx_word' id='word_1_212' title='bbox 1322 871 1385 891; x_wconf 90' lang='lat' dir='ltr'><strong>suos</strong></span> <span class='ocrx_word' id='word_1_213' title='bbox 1407 864 1522 899; x_wconf 78' lang='lat' dir='ltr'><strong>adjuvit,</strong></span> <span class='ocrx_word' id='word_1_214' title='bbox 1536 869 1564 892; x_wconf 87' lang='lat' dir='ltr'><strong>et</strong></span> <span class='ocrx_word' id='word_1_215' title='bbox 1583 865 1722 893; x_wconf 78' lang='lat' dir='ltr'><strong>coronavit</strong></span> <span class='ocrx_word' id='word_1_216' title='bbox 1750 865 1776 892; x_wconf 92' lang='lat' dir='ltr'><strong>in</strong></span> 
     </span>
    </p>
   </div>
   <div class='ocr_carea' id='block_1_33' title="bbox 143 904 1521 950">
    <p class='ocr_par' dir='ltr' id='par_1_33' title="bbox 143 904 1521 950">
     <span class='ocr_line' id='line_1_33' title="bbox 143 904 1521 950; baseline -0.004 -8"><span class='ocrx_word' id='word_1_217' title='bbox 143 916 209 942; x_wconf 90' lang='lat' dir='ltr'><strong>timo</strong></span> <span class='ocrx_word' id='word_1_218' title='bbox 240 904 345 942; x_wconf 87' lang='lat' dir='ltr'><strong>decimo</strong></span> <span class='ocrx_word' id='word_1_219' title='bbox 371 914 501 942; x_wconf 83' lang='lat' dir='ltr'><strong>kalendas</strong></span> <span class='ocrx_word' id='word_1_220' title='bbox 527 914 632 950; x_wconf 82' lang='lat' dir='ltr'><strong>augusti</strong></span> <span class='ocrx_word' id='word_1_221' title='bbox 661 913 727 941; x_wconf 82' lang='lat' dir='ltr'><strong>feria</strong></span> <span class='ocrx_word' id='word_1_222' title='bbox 751 914 859 948; x_wconf 90' lang='lat' dir='ltr'><strong>quinta,</strong></span> <span class='ocrx_word' id='word_1_223' title='bbox 878 920 932 940; x_wconf 68' lang='lat' dir='ltr'><strong>tera</strong></span> <span class='ocrx_word' id='word_1_224' title='bbox 946 904 970 934; x_wconf 83' lang='grc' dir='ltr'><strong>Β</strong></span> <span class='ocrx_word' id='word_1_225' title='bbox 982 915 1049 943; x_wconf 74' lang='lat' dir='ltr'><strong>pace</strong></span> <span class='ocrx_word' id='word_1_226' title='bbox 1068 907 1095 934; x_wconf 81' lang='lat' dir='ltr'><strong>in</strong></span> <span class='ocrx_word' id='word_1_227' title='bbox 1110 908 1207 935; x_wconf 64' lang='lat' dir='ltr'><strong>Saecula</strong></span> <span class='ocrx_word' id='word_1_228' title='bbox 1222 908 1392 936; x_wconf 62' lang='lat' dir='ltr'><strong>saeculorum.</strong></span> <span class='ocrx_word' id='word_1_229' title='bbox 1407 909 1493 937; x_wconf 80' lang='lat' dir='ltr'><strong>Amen</strong></span> <span class='ocrx_word' id='word_1_230' title='bbox 1508 908 1521 929; x_wconf 67' lang='grc' dir='ltr'><strong>ἰι</strong></span> 
     </span>
    </p>
   </div>
   <div class='ocr_carea' id='block_1_34' title="bbox 141 957 933 997">
    <p class='ocr_par' dir='ltr' id='par_1_34' title="bbox 141 957 933 997">
     <span class='ocr_line' id='line_1_34' title="bbox 141 957 933 997; baseline 0.001 -10"><span class='ocrx_word' id='word_1_231' title='bbox 141 969 194 996; x_wconf 88' lang='lat' dir='ltr'><strong>qua</strong></span> <span class='ocrx_word' id='word_1_232' title='bbox 214 969 308 997; x_wconf 88' lang='lat' dir='ltr'><strong>supra.</strong></span> <span class='ocrx_word' id='word_1_233' title='bbox 329 959 414 995; x_wconf 63' lang='lat' dir='ltr'><strong>&quot;Cujus</strong></span> <span class='ocrx_word' id='word_1_234' title='bbox 439 968 501 988; x_wconf 90' lang='lat' dir='ltr'><strong>ossa</strong></span> <span class='ocrx_word' id='word_1_235' title='bbox 525 957 587 996; x_wconf 85' lang='lat' dir='ltr'><strong>post</strong></span> <span class='ocrx_word' id='word_1_236' title='bbox 608 961 708 988; x_wconf 88' lang='lat' dir='ltr'><strong>multos</strong></span> <span class='ocrx_word' id='word_1_237' title='bbox 729 960 797 993; x_wconf 87' lang='lat' dir='ltr'><strong>dies,</strong></span> <span class='ocrx_word' id='word_1_238' title='bbox 815 960 933 988; x_wconf 88' lang='lat' dir='ltr'><strong>donante</strong></span> 
     </span>
    </p>
   </div>
   <div class='ocr_carea' id='block_1_35' title="bbox 141 1006 934 1042">
    <p class='ocr_par' dir='ltr' id='par_1_35' title="bbox 141 1006 934 1042">
     <span class='ocr_line' id='line_1_35' title="bbox 141 1006 934 1042; baseline 0.003 -9"><span class='ocrx_word' id='word_1_239' title='bbox 141 1006 207 1039; x_wconf 85' lang='lat' dir='ltr'><strong>Deo,</strong></span> <span class='ocrx_word' id='word_1_240' title='bbox 225 1014 239 1033; x_wconf 88' lang='lat' dir='ltr'><strong>a</strong></span> <span class='ocrx_word' id='word_1_241' title='bbox 252 1006 413 1042; x_wconf 89' lang='lat' dir='ltr'><strong>quibusdam</strong></span> <span class='ocrx_word' id='word_1_242' title='bbox 436 1007 594 1035; x_wconf 88' lang='lat' dir='ltr'><strong>mulieribus</strong></span> <span class='ocrx_word' id='word_1_243' title='bbox 612 1007 720 1035; x_wconf 90' lang='lat' dir='ltr'><strong>inventa</strong></span> <span class='ocrx_word' id='word_1_244' title='bbox 743 1007 814 1035; x_wconf 88' lang='lat' dir='ltr'><strong>inter</strong></span> <span class='ocrx_word' id='word_1_245' title='bbox 830 1007 934 1042; x_wconf 89' lang='lat' dir='ltr'><strong>lapillos</strong></span> 
     </span>
    </p>
   </div>
   <div class='ocr_carea' id='block_1_36' title="bbox 141 1051 934 1089">
    <p class='ocr_par' dir='ltr' id='par_1_36' title="bbox 141 1051 934 1089">
     <span class='ocr_line' id='line_1_36' title="bbox 141 1051 934 1089; baseline 0.003 -11"><span class='ocrx_word' id='word_1_246' title='bbox 141 1051 221 1084; x_wconf 87' lang='lat' dir='ltr'><strong>alvei,</strong></span> <span class='ocrx_word' id='word_1_247' title='bbox 234 1052 260 1079; x_wconf 92' lang='lat' dir='ltr'><strong>in</strong></span> <span class='ocrx_word' id='word_1_248' title='bbox 274 1051 395 1087; x_wconf 69' lang='lat' dir='ltr'><strong>przedicti</strong></span> <span class='ocrx_word' id='word_1_249' title='bbox 417 1053 545 1089; x_wconf 83' lang='lat' dir='ltr'><strong>martyris</strong></span> <span class='ocrx_word' id='word_1_250' title='bbox 564 1052 662 1080; x_wconf 86' lang='lat' dir='ltr'><strong>Aciscli</strong></span> <span class='ocrx_word' id='word_1_251' title='bbox 682 1052 771 1080; x_wconf 90' lang='lat' dir='ltr'><strong>aulam</strong></span> <span class='ocrx_word' id='word_1_252' title='bbox 794 1052 934 1088; x_wconf 85' lang='lat' dir='ltr'><strong>deportata</strong></span> 
     </span>
    </p>
   </div>
   <div class='ocr_carea' id='block_1_37' title="bbox 142 1096 337 1124">
    <p class='ocr_par' dir='ltr' id='par_1_37' title="bbox 142 1096 337 1124">
     <span class='ocr_line' id='line_1_37' title="bbox 142 1096 337 1124; baseline 0 -1"><span class='ocrx_word' id='word_1_253' title='bbox 142 1096 337 1124; x_wconf 86' lang='lat' dir='ltr'><strong>reconduntur.</strong></span> 
     </span>
    </p>
   </div>
   <div class='ocr_carea' id='block_1_38' title="bbox 456 1152 634 1182">
    <p class='ocr_par' dir='ltr' id='par_1_38' title="bbox 456 1152 634 1182">
     <span class='ocr_line' id='line_1_38' title="bbox 456 1152 634 1182; baseline -0.006 -1"><span class='ocrx_word' id='word_1_254' title='bbox 456 1152 570 1182; x_wconf 85' lang='lat' dir='ltr'><strong>CAPUT</strong></span> <span class='ocrx_word' id='word_1_255' title='bbox 590 1153 634 1181; x_wconf 83' lang='lat' dir='ltr'><strong>Vl.</strong></span> 
     </span>
    </p>
   </div>
   <div class='ocr_carea' id='block_1_39' title="bbox 141 1198 935 1240">
    <p class='ocr_par' dir='ltr' id='par_1_39' title="bbox 141 1198 935 1240">
     <span class='ocr_line' id='line_1_39' title="bbox 141 1198 935 1240; baseline 0.001 -15"><span class='ocrx_word' id='word_1_256' title='bbox 141 1198 223 1226; x_wconf 78' lang='lat' dir='ltr'><strong>Pauli</strong></span> <span class='ocrx_word' id='word_1_257' title='bbox 239 1199 344 1226; x_wconf 79' lang='lat' dir='ltr'><strong>diaconi</strong></span> <span class='ocrx_word' id='word_1_258' title='bbox 369 1198 595 1240; x_wconf 72' lang='lat' dir='ltr'><strong>Cordubensis,_et</strong></span> <span class='ocrx_word' id='word_1_259' title='bbox 622 1199 787 1227; x_wconf 82' lang='lat' dir='ltr'><strong>Theodemiri</strong></span> <span class='ocrx_word' id='word_1_260' title='bbox 813 1199 935 1227; x_wconf 79' lang='lat' dir='ltr'><strong>monachi</strong></span> 
     </span>
    </p>
   </div>
   <div class='ocr_carea' id='block_1_40' title="bbox 454 1239 620 1270">
    <p class='ocr_par' dir='ltr' id='par_1_40' title="bbox 454 1239 620 1270">
     <span class='ocr_line' id='line_1_40' title="bbox 454 1239 620 1270; baseline 0.006 -9"><span class='ocrx_word' id='word_1_261' title='bbox 454 1239 620 1270; x_wconf 76' lang='lat' dir='ltr'><strong>martyrium.</strong></span> 
     </span>
    </p>
   </div>
   <div class='ocr_carea' id='block_1_41' title="bbox 178 1278 935 1313">
    <p class='ocr_par' dir='ltr' id='par_1_41' title="bbox 178 1278 935 1313">
     <span class='ocr_line' id='line_1_41' title="bbox 178 1278 935 1313; baseline 0.001 -7"><span class='ocrx_word' id='word_1_262' title='bbox 178 1278 295 1307; x_wconf 84' lang='lat' dir='ltr'><strong>Sanctus</strong></span> <span class='ocrx_word' id='word_1_263' title='bbox 318 1287 382 1307; x_wconf 90' lang='lat' dir='ltr'><strong>vero</strong></span> <span class='ocrx_word' id='word_1_264' title='bbox 405 1279 505 1307; x_wconf 87' lang='lat' dir='ltr'><strong>Paulus</strong></span> <span class='ocrx_word' id='word_1_265' title='bbox 519 1285 532 1300; x_wconf 73' lang='grc' dir='ltr'>α</span> <span class='ocrx_word' id='word_1_266' title='bbox 548 1279 707 1308; x_wconf 90' lang='lat' dir='ltr'><strong>contribulis</strong></span> <span class='ocrx_word' id='word_1_267' title='bbox 731 1284 833 1313; x_wconf 87' lang='lat' dir='ltr'><strong>noster,</strong></span> <span class='ocrx_word' id='word_1_268' title='bbox 849 1283 876 1307; x_wconf 89' lang='lat' dir='ltr'><strong>et</strong></span> <span class='ocrx_word' id='word_1_269' title='bbox 891 1279 935 1307; x_wconf 89' lang='lat' dir='ltr'><strong>hic</strong></span> 
     </span>
    </p>
   </div>
   <div class='ocr_carea' id='block_1_42' title="bbox 141 1320 934 1363">
    <p class='ocr_par' dir='ltr' id='par_1_42' title="bbox 141 1320 934 1363">
     <span class='ocr_line' id='line_1_42' title="bbox 141 1320 934 1363; baseline 0.004 -11"><span class='ocrx_word' id='word_1_270' title='bbox 141 1326 225 1353; x_wconf 89' lang='lat' dir='ltr'><strong>levita</strong></span> <span class='ocrx_word' id='word_1_271' title='bbox 253 1326 437 1362; x_wconf 72' lang='lat' dir='ltr'><strong>dignissimus,</strong></span> <span class='ocrx_word' id='word_1_272' title='bbox 467 1334 528 1354; x_wconf 92' lang='lat' dir='ltr'><strong>cum</strong></span> <span class='ocrx_word' id='word_1_273' title='bbox 559 1320 647 1363; x_wconf 83' lang='lat' dir='ltr'><strong>primo</strong></span> <span class='ocrx_word' id='word_1_274' title='bbox 662 1327 852 1359; x_wconf 58' lang='lat' dir='ltr'><strong>adolescentiae</strong></span> <span class='ocrx_word' id='word_1_275' title='bbox 868 1327 934 1355; x_wconf 78' lang='lat' dir='ltr'><strong>[lore</strong></span> 
     </span>
    </p>
   </div>
   <div class='ocr_carea' id='block_1_43' title="bbox 137 1363 934 1409">
    <p class='ocr_par' dir='ltr' id='par_1_43' title="bbox 137 1363 934 1409">
     <span class='ocr_line' id='line_1_43' title="bbox 137 1363 934 1409; baseline 0.001 -11"><span class='ocrx_word' id='word_1_276' title='bbox 137 1363 345 1405; x_wconf 21' lang='lat' dir='ltr'><strong>~\‘enu&#39;staretur,</strong></span> <span class='ocrx_word' id='word_1_277' title='bbox 371 1371 504 1399; x_wconf 87' lang='lat' dir='ltr'><strong>ecivibus</strong></span> <span class='ocrx_word' id='word_1_278' title='bbox 524 1370 742 1400; x_wconf 79' lang='lat' dir='ltr'><strong>Cordubensibus</strong></span> <span class='ocrx_word' id='word_1_279' title='bbox 768 1373 934 1409; x_wconf 75' lang='lat' dir='ltr'><strong>progenitus,</strong></span> 
     </span>
    </p>
   </div>
   <div class='ocr_carea' id='block_1_44' title="bbox 141 1413 937 1458">
    <p class='ocr_par' dir='ltr' id='par_1_44' title="bbox 141 1413 937 1458">
     <span class='ocr_line' id='line_1_44' title="bbox 141 1413 937 1458; baseline 0.003 -14"><span class='ocrx_word' id='word_1_280' title='bbox 141 1417 257 1452; x_wconf 80' lang='lat' dir='ltr'><strong>simplex</strong></span> <span class='ocrx_word' id='word_1_281' title='bbox 287 1417 402 1458; x_wconf 70' lang='lat' dir='ltr'><strong>affatim,</strong></span> <span class='ocrx_word' id='word_1_282' title='bbox 429 1418 571 1452; x_wconf 88' lang='lat' dir='ltr'><strong>obediens,</strong></span> <span class='ocrx_word' id='word_1_283' title='bbox 597 1423 624 1456; x_wconf 80' lang='lat' dir='ltr'><strong>et</strong></span> <span class='ocrx_word' id='word_1_284' title='bbox 655 1419 801 1451; x_wconf 89' lang='lat' dir='ltr'><strong>humanus,</strong></span> <span class='ocrx_word' id='word_1_285' title='bbox 830 1413 937 1454; x_wconf 83' lang='lat' dir='ltr'><strong>semper</strong></span> 
     </span>
    </p>
   </div>
   <div class='ocr_carea' id='block_1_45' title="bbox 143 1457 937 1502">
    <p class='ocr_par' dir='ltr' id='par_1_45' title="bbox 143 1457 937 1502">
     <span class='ocr_line' id='line_1_45' title="bbox 143 1457 937 1502; baseline 0.003 -10"><span class='ocrx_word' id='word_1_286' title='bbox 143 1463 291 1493; x_wconf 80' lang='lat' dir='ltr'><strong>carceralis</strong></span> <span class='ocrx_word' id='word_1_287' title='bbox 309 1462 388 1500; x_wconf 81' lang='lat' dir='ltr'><strong>opem</strong></span> <span class='ocrx_word' id='word_1_288' title='bbox 410 1457 592 1493; x_wconf 79' lang='lat' dir='ltr'><strong>miserationis</strong></span> <span class='ocrx_word' id='word_1_289' title='bbox 609 1457 781 1501; x_wconf 79' lang='lat' dir='ltr'><strong>impendens,</strong></span> <span class='ocrx_word' id='word_1_290' title='bbox 805 1465 874 1502; x_wconf 85' lang='lat' dir='ltr'><strong>apud</strong></span> <span class='ocrx_word' id='word_1_291' title='bbox 890 1466 937 1494; x_wconf 83' lang='lat' dir='ltr'><strong>ba—</strong></span> 
     </span>
    </p>
   </div>
   <div class='ocr_carea' id='block_1_46' title="bbox 142 1509 937 1547">
    <p class='ocr_par' dir='ltr' id='par_1_46' title="bbox 142 1509 937 1547">
     <span class='ocr_line' id='line_1_46' title="bbox 142 1509 937 1547; baseline 0.001 -9"><span class='ocrx_word' id='word_1_292' title='bbox 142 1510 294 1546; x_wconf 65' lang='lat' dir='ltr'><strong>silicam“)</strong></span> <span class='ocrx_word' id='word_1_293' title='bbox 303 1518 363 1546; x_wconf 67' lang='lat' dir='ltr'><strong>quae</strong></span> <span class='ocrx_word' id='word_1_294' title='bbox 373 1511 494 1546; x_wconf 89' lang='lat' dir='ltr'><strong>corporis</strong></span> <span class='ocrx_word' id='word_1_295' title='bbox 504 1511 576 1539; x_wconf 81' lang='lat' dir='ltr'><strong>beati</strong></span> <span class='ocrx_word' id='word_1_296' title='bbox 590 1509 717 1547; x_wconf 80' lang='lat' dir='ltr'><strong>martyris</strong></span> <span class='ocrx_word' id='word_1_297' title='bbox 731 1511 805 1547; x_wconf 88' lang='lat' dir='ltr'><strong>Zoyli</strong></span> <span class='ocrx_word' id='word_1_298' title='bbox 819 1519 937 1547; x_wconf 74' lang='lat' dir='ltr'><strong>praesen-</strong></span> 
     </span>
    </p>
   </div>
   <div class='ocr_carea' id='block_1_47' title="bbox 144 1556 935 1593">
    <p class='ocr_par' dir='ltr' id='par_1_47' title="bbox 144 1556 935 1593">
     <span class='ocr_line' id='line_1_47' title="bbox 144 1556 935 1593; baseline 0.001 -8"><span class='ocrx_word' id='word_1_299' title='bbox 144 1558 183 1585; x_wconf 85' lang='lat' dir='ltr'><strong>tia</strong></span> <span class='ocrx_word' id='word_1_300' title='bbox 195 1558 355 1590; x_wconf 88' lang='lat' dir='ltr'><strong>illustratur,</strong></span> <span class='ocrx_word' id='word_1_301' title='bbox 379 1557 545 1593; x_wconf 86' lang='lat' dir='ltr'><strong>spiritalibus</strong></span> <span class='ocrx_word' id='word_1_302' title='bbox 567 1556 707 1586; x_wconf 80' lang='lat' dir='ltr'><strong>enutritus</strong></span> <span class='ocrx_word' id='word_1_303' title='bbox 718 1563 761 1586; x_wconf 90' lang='lat' dir='ltr'><strong>est</strong></span> <span class='ocrx_word' id='word_1_304' title='bbox 775 1558 935 1593; x_wconf 88' lang='lat' dir='ltr'><strong>disciplinis.</strong></span> 
     </span>
    </p>
   </div>
   <div class='ocr_carea' id='block_1_48' title="bbox 143 1595 973 1642">
    <p class='ocr_par' dir='ltr' id='par_1_48' title="bbox 143 1595 973 1642">
     <span class='ocr_line' id='line_1_48' title="bbox 143 1595 973 1642; baseline 0.002 -12"><span class='ocrx_word' id='word_1_305' title='bbox 143 1603 197 1638; x_wconf 83' lang='lat' dir='ltr'><strong>Qui</strong></span> <span class='ocrx_word' id='word_1_306' title='bbox 223 1602 345 1639; x_wconf 78' lang='lat' dir='ltr'><strong>exemplo</strong></span> <span class='ocrx_word' id='word_1_307' title='bbox 379 1600 544 1631; x_wconf 70' lang='lat' dir='ltr'><strong>sanctissimi</strong></span> <span class='ocrx_word' id='word_1_308' title='bbox 564 1599 710 1642; x_wconf 23' lang='lat' dir='ltr'><strong>[Siseuandi</strong></span> <span class='ocrx_word' id='word_1_309' title='bbox 736 1603 871 1640; x_wconf 88' lang='lat' dir='ltr'><strong>verboque</strong></span> <span class='ocrx_word' id='word_1_310' title='bbox 895 1595 973 1632; x_wconf 79' lang='lat' dir='ltr'><strong>in-C</strong></span> 
     </span>
    </p>
   </div>
   <div class='ocr_carea' id='block_1_49' title="bbox 138 1648 936 1690">
    <p class='ocr_par' dir='ltr' id='par_1_49' title="bbox 138 1648 936 1690">
     <span class='ocr_line' id='line_1_49' title="bbox 138 1648 936 1690; baseline 0.001 -13"><span class='ocrx_word' id='word_1_311' title='bbox 138 1653 278 1690; x_wconf 69' lang='lat' dir='ltr'><strong>structus,</strong></span> <span class='ocrx_word' id='word_1_312' title='bbox 294 1648 459 1686; x_wconf 86' lang='lat' dir='ltr'><strong>principibus</strong></span> <span class='ocrx_word' id='word_1_313' title='bbox 474 1655 501 1678; x_wconf 91' lang='lat' dir='ltr'><strong>et</strong></span> <span class='ocrx_word' id='word_1_314' title='bbox 513 1651 667 1690; x_wconf 80' lang='lat' dir='ltr'><strong>consulibus</strong></span> <span class='ocrx_word' id='word_1_315' title='bbox 681 1651 808 1679; x_wconf 86' lang='lat' dir='ltr'><strong>assistere</strong></span> <span class='ocrx_word' id='word_1_316' title='bbox 823 1659 877 1679; x_wconf 92' lang='lat' dir='ltr'><strong>non</strong></span> <span class='ocrx_word' id='word_1_317' title='bbox 888 1659 936 1689; x_wconf 50' lang='lat' dir='ltr'><strong>ex;</strong></span> 
     </span>
    </p>
   </div>
   <div class='ocr_carea' id='block_1_50' title="bbox 143 1686 935 1731">
    <p class='ocr_par' dir='ltr' id='par_1_50' title="bbox 143 1686 935 1731">
     <span class='ocr_line' id='line_1_50' title="bbox 143 1686 935 1731; baseline 0.001 -8"><span class='ocrx_word' id='word_1_318' title='bbox 143 1687 248 1729; x_wconf 80' lang='lat' dir='ltr'><strong>timuit,</strong></span> <span class='ocrx_word' id='word_1_319' title='bbox 263 1703 364 1731; x_wconf 82' lang='lat' dir='ltr'><strong>eosque</strong></span> <span class='ocrx_word' id='word_1_320' title='bbox 378 1696 411 1723; x_wconf 89' lang='lat' dir='ltr'><strong>de</strong></span> <span class='ocrx_word' id='word_1_321' title='bbox 427 1686 544 1724; x_wconf 72' lang='lat' dir='ltr'><strong>vaiiittiie</strong></span> <span class='ocrx_word' id='word_1_322' title='bbox 558 1697 670 1724; x_wconf 69' lang='lat' dir='ltr'><strong>culturae</strong></span> <span class='ocrx_word' id='word_1_323' title='bbox 683 1705 750 1730; x_wconf 68' lang='lat' dir='ltr'><strong>sum,</strong></span> <span class='ocrx_word' id='word_1_324' title='bbox 765 1701 792 1724; x_wconf 89' lang='lat' dir='ltr'><strong>et</strong></span> <span class='ocrx_word' id='word_1_325' title='bbox 805 1686 935 1725; x_wconf 83' lang='lat' dir='ltr'><strong>scelerosi</strong></span> 
     </span>
    </p>
   </div>
   <div class='ocr_carea' id='block_1_51' title="bbox 141 1742 937 1779">
    <p class='ocr_par' dir='ltr' id='par_1_51' title="bbox 141 1742 937 1779">
     <span class='ocr_line' id='line_1_51' title="bbox 141 1742 937 1779; baseline 0.003 -10"><span class='ocrx_word' id='word_1_326' title='bbox 141 1742 217 1770; x_wconf 82' lang='lat' dir='ltr'><strong>vatis</strong></span> <span class='ocrx_word' id='word_1_327' title='bbox 238 1742 342 1770; x_wconf 80' lang='lat' dir='ltr'><strong>insania</strong></span> <span class='ocrx_word' id='word_1_328' title='bbox 359 1749 487 1777; x_wconf 71' lang='lat' dir='ltr'><strong>arguens,</strong></span> <span class='ocrx_word' id='word_1_329' title='bbox 505 1742 642 1770; x_wconf 84' lang='lat' dir='ltr'><strong>Christum</strong></span> <span class='ocrx_word' id='word_1_330' title='bbox 666 1750 774 1779; x_wconf 87' lang='lat' dir='ltr'><strong>quoque</strong></span> <span class='ocrx_word' id='word_1_331' title='bbox 788 1744 873 1772; x_wconf 90' lang='lat' dir='ltr'><strong>Deum</strong></span> <span class='ocrx_word' id='word_1_332' title='bbox 891 1751 937 1771; x_wconf 91' lang='lat' dir='ltr'><strong>ve-</strong></span> 
     </span>
    </p>
   </div>
   <div class='ocr_carea' id='block_1_52' title="bbox 142 1787 935 1825">
    <p class='ocr_par' dir='ltr' id='par_1_52' title="bbox 142 1787 935 1825">
     <span class='ocr_line' id='line_1_52' title="bbox 142 1787 935 1825; baseline 0.003 -9"><span class='ocrx_word' id='word_1_333' title='bbox 142 1788 247 1816; x_wconf 84' lang='lat' dir='ltr'><strong>raciter</strong></span> <span class='ocrx_word' id='word_1_334' title='bbox 271 1787 435 1821; x_wconf 86' lang='lat' dir='ltr'><strong>confitendo,</strong></span> <span class='ocrx_word' id='word_1_335' title='bbox 461 1793 618 1825; x_wconf 88' lang='lat' dir='ltr'><strong>peremptus</strong></span> <span class='ocrx_word' id='word_1_336' title='bbox 638 1793 690 1817; x_wconf 88' lang='lat' dir='ltr'><strong>est.</strong></span> <span class='ocrx_word' id='word_1_337' title='bbox 717 1790 814 1817; x_wconf 86' lang='lat' dir='ltr'><strong>Fertur</strong></span> <span class='ocrx_word' id='word_1_338' title='bbox 835 1792 935 1823; x_wconf 87' lang='lat' dir='ltr'><strong>tamen,</strong></span> 
     </span>
    </p>
   </div>
   <div class='ocr_carea' id='block_1_53' title="bbox 143 1827 937 1876">
    <p class='ocr_par' dir='ltr' id='par_1_53' title="bbox 143 1827 937 1876">
     <span class='ocr_line' id='line_1_53' title="bbox 143 1827 937 1876; baseline 0.001 -13"><span class='ocrx_word' id='word_1_339' title='bbox 143 1841 209 1863; x_wconf 86' lang='lat' dir='ltr'><strong>cum</strong></span> <span class='ocrx_word' id='word_1_340' title='bbox 224 1834 312 1872; x_wconf 89' lang='lat' dir='ltr'><strong>adhuc</strong></span> <span class='ocrx_word' id='word_1_341' title='bbox 327 1841 435 1861; x_wconf 88' lang='lat' dir='ltr'><strong>carcere</strong></span> <span class='ocrx_word' id='word_1_342' title='bbox 449 1827 626 1868; x_wconf 69' lang='lat' dir='ltr'><strong>detineretur,</strong></span> <span class='ocrx_word' id='word_1_343' title='bbox 647 1835 807 1876; x_wconf 84' lang='lat' dir='ltr'><strong>imploratus</strong></span> <span class='ocrx_word' id='word_1_344' title='bbox 822 1844 837 1864; x_wconf 90' lang='lat' dir='ltr'><strong>a</strong></span> <span class='ocrx_word' id='word_1_345' title='bbox 858 1836 937 1864; x_wconf 89' lang='lat' dir='ltr'><strong>Tibe-</strong></span> 
     </span>
    </p>
   </div>
   <div class='ocr_carea' id='block_1_54' title="bbox 144 1879 938 1916">
    <p class='ocr_par' dir='ltr' id='par_1_54' title="bbox 144 1879 938 1916">
     <span class='ocr_line' id='line_1_54' title="bbox 144 1879 938 1916; baseline 0.001 -8"><span class='ocrx_word' id='word_1_346' title='bbox 144 1881 208 1908; x_wconf 85' lang='lat' dir='ltr'><strong>rino</strong></span> <span class='ocrx_word' id='word_1_347' title='bbox 220 1879 332 1908; x_wconf 82' lang='lat' dir='ltr'><strong>Pacensi</strong></span> <span class='ocrx_word' id='word_1_348' title='bbox 346 1879 513 1915; x_wconf 80' lang='lat' dir='ltr'><strong>presbytero,</strong></span> <span class='ocrx_word' id='word_1_349' title='bbox 529 1880 575 1916; x_wconf 92' lang='lat' dir='ltr'><strong>qui</strong></span> <span class='ocrx_word' id='word_1_350' title='bbox 588 1880 613 1908; x_wconf 90' lang='lat' dir='ltr'><strong>ei</strong></span> <span class='ocrx_word' id='word_1_351' title='bbox 628 1881 664 1908; x_wconf 87' lang='lat' dir='ltr'><strong>ita</strong></span> <span class='ocrx_word' id='word_1_352' title='bbox 675 1881 780 1909; x_wconf 84' lang='lat' dir='ltr'><strong>dicebat</strong></span> <span class='ocrx_word' id='word_1_353' title='bbox 795 1891 801 1909; x_wconf 88' lang='lat'><strong>:</strong></span> <span class='ocrx_word' id='word_1_354' title='bbox 817 1890 826 1907; x_wconf 72' lang='grc' dir='ltr'><strong><em>ι</em></strong></span> <span class='ocrx_word' id='word_1_355' title='bbox 840 1880 938 1909; x_wconf 88' lang='lat' dir='ltr'><strong>Obtine</strong></span> 
     </span>
    </p>
   </div>
   <div class='ocr_carea' id='block_1_55' title="bbox 144 1925 935 1960">
    <p class='ocr_par' dir='ltr' id='par_1_55' title="bbox 144 1925 935 1960">
     <span class='ocr_line' id='line_1_55' title="bbox 144 1925 935 1960; baseline 0 -6"><span class='ocrx_word' id='word_1_356' title='bbox 144 1925 311 1954; x_wconf 83' lang='lat' dir='ltr'><strong>solutionem</strong></span> <span class='ocrx_word' id='word_1_357' title='bbox 325 1933 412 1954; x_wconf 88' lang='lat' dir='ltr'><strong>meam</strong></span> <span class='ocrx_word' id='word_1_358' title='bbox 430 1928 523 1953; x_wconf 81' lang='lat' dir='ltr'><strong>coram</strong></span> <span class='ocrx_word' id='word_1_359' title='bbox 548 1926 673 1960; x_wconf 89' lang='lat' dir='ltr'><strong>Domino,</strong></span> <span class='ocrx_word' id='word_1_360' title='bbox 698 1928 778 1956; x_wconf 88' lang='lat' dir='ltr'><strong>beate</strong></span> <span class='ocrx_word' id='word_1_361' title='bbox 803 1929 935 1960; x_wconf 63' lang='lat' dir='ltr'><strong>minister,</strong></span> 
     </span>
    </p>
   </div>
   <div class='ocr_carea' id='block_1_56' title="bbox 144 1969 938 2009">
    <p class='ocr_par' dir='ltr' id='par_1_56' title="bbox 144 1969 938 2009">
     <span class='ocr_line' id='line_1_56' title="bbox 144 1969 938 2009; baseline 0.003 -10"><span class='ocrx_word' id='word_1_362' title='bbox 144 1975 176 1999; x_wconf 84' lang='lat' dir='ltr'><strong>et</strong></span> <span class='ocrx_word' id='word_1_363' title='bbox 188 1971 268 2007; x_wconf 80' lang='lat' dir='ltr'><strong>digno</strong></span> <span class='ocrx_word' id='word_1_364' title='bbox 281 1971 434 1999; x_wconf 81' lang='lat' dir='ltr'><strong>inlerVenttl</strong></span> <span class='ocrx_word' id='word_1_365' title='bbox 448 1976 503 2004; x_wconf 86' lang='lat' dir='ltr'><strong>tuo,</strong></span> <span class='ocrx_word' id='word_1_366' title='bbox 520 1969 582 2000; x_wconf 85' lang='lat' dir='ltr'><strong>dum</strong></span> <span class='ocrx_word' id='word_1_367' title='bbox 595 1977 738 2001; x_wconf 88' lang='lat' dir='ltr'><strong>coronatus</strong></span> <span class='ocrx_word' id='word_1_368' title='bbox 753 1973 864 2001; x_wconf 90' lang='lat' dir='ltr'><strong>Christo</strong></span> <span class='ocrx_word' id='word_1_369' title='bbox 877 1981 938 2009; x_wconf 92' lang='lat' dir='ltr'><strong>per-</strong></span> 
     </span>
    </p>
   </div>
   <div class='ocr_carea' id='block_1_57' title="bbox 146 2015 936 2055">
    <p class='ocr_par' dir='ltr' id='par_1_57' title="bbox 146 2015 936 2055">
     <span class='ocr_line' id='line_1_57' title="bbox 146 2015 936 2055; baseline 0.003 -10"><span class='ocrx_word' id='word_1_370' title='bbox 146 2019 265 2052; x_wconf 76' lang='lat' dir='ltr'><strong>veneris,</strong></span> <span class='ocrx_word' id='word_1_371' title='bbox 276 2015 426 2054; x_wconf 74' lang='lat' dir='ltr'><strong>lengaevum</strong></span> <span class='ocrx_word' id='word_1_372' title='bbox 438 2027 453 2046; x_wconf 85' lang='lat' dir='ltr'><strong>a</strong></span> <span class='ocrx_word' id='word_1_373' title='bbox 466 2026 509 2046; x_wconf 88' lang='lat' dir='ltr'><strong>me</strong></span> <span class='ocrx_word' id='word_1_374' title='bbox 519 2020 638 2047; x_wconf 85' lang='lat' dir='ltr'><strong>carceris</strong></span> <span class='ocrx_word' id='word_1_375' title='bbox 648 2020 802 2055; x_wconf 84' lang='lat' dir='ltr'><strong>squalorem</strong></span> <span class='ocrx_word' id='word_1_376' title='bbox 814 2028 936 2047; x_wconf 62' lang='lat' dir='ltr'><strong>amove.»</strong></span> 
     </span>
    </p>
   </div>
   <div class='ocr_carea' id='block_1_58' title="bbox 146 2062 939 2101">
    <p class='ocr_par' dir='ltr' id='par_1_58' title="bbox 146 2062 939 2101">
     <span class='ocr_line' id='line_1_58' title="bbox 146 2062 939 2101; baseline 0.005 -11"><span class='ocrx_word' id='word_1_377' title='bbox 146 2063 214 2091; x_wconf 85' lang='lat' dir='ltr'><strong>Erat</strong></span> <span class='ocrx_word' id='word_1_378' title='bbox 227 2063 299 2091; x_wconf 83' lang='lat' dir='ltr'><strong>enim</strong></span> <span class='ocrx_word' id='word_1_379' title='bbox 317 2064 386 2091; x_wconf 91' lang='lat' dir='ltr'><strong>idem</strong></span> <span class='ocrx_word' id='word_1_380' title='bbox 400 2064 527 2092; x_wconf 88' lang='lat' dir='ltr'><strong>sacerdos</strong></span> <span class='ocrx_word' id='word_1_381' title='bbox 541 2067 610 2099; x_wconf 89' lang='lat' dir='ltr'><strong>pene</strong></span> <span class='ocrx_word' id='word_1_382' title='bbox 631 2065 725 2101; x_wconf 83' lang='lat' dir='ltr'><strong>viginti</strong></span> <span class='ocrx_word' id='word_1_383' title='bbox 744 2063 830 2094; x_wconf 81' lang='lat' dir='ltr'><strong>annos</strong></span> <span class='ocrx_word' id='word_1_384' title='bbox 844 2062 939 2101; x_wconf 77' lang='lat' dir='ltr'><strong>ergas-</strong></span> 
     </span>
    </p>
   </div>
   <div class='ocr_carea' id='block_1_59' title="bbox 147 2109 940 2145">
    <p class='ocr_par' dir='ltr' id='par_1_59' title="bbox 147 2109 940 2145">
     <span class='ocr_line' id='line_1_59' title="bbox 147 2109 940 2145; baseline 0.003 -8"><span class='ocrx_word' id='word_1_385' title='bbox 147 2109 205 2137; x_wconf 88' lang='lat' dir='ltr'><strong>tulo</strong></span> <span class='ocrx_word' id='word_1_386' title='bbox 218 2109 398 2144; x_wconf 87' lang='lat' dir='ltr'><strong>mancipatus,</strong></span> <span class='ocrx_word' id='word_1_387' title='bbox 422 2110 514 2138; x_wconf 88' lang='lat' dir='ltr'><strong>nescio</strong></span> <span class='ocrx_word' id='word_1_388' title='bbox 530 2110 564 2138; x_wconf 92' lang='lat' dir='ltr'><strong>ob</strong></span> <span class='ocrx_word' id='word_1_389' title='bbox 584 2110 655 2145; x_wconf 89' lang='lat' dir='ltr'><strong>quod</strong></span> <span class='ocrx_word' id='word_1_390' title='bbox 678 2111 780 2139; x_wconf 89' lang='lat' dir='ltr'><strong>crimen</strong></span> <span class='ocrx_word' id='word_1_391' title='bbox 796 2117 940 2140; x_wconf 86' lang='lat' dir='ltr'><strong>accusatus</strong></span> 
     </span>
    </p>
   </div>
   <div class='ocr_carea' id='block_1_60' title="bbox 148 2152 940 2192">
    <p class='ocr_par' dir='ltr' id='par_1_60' title="bbox 148 2152 940 2192">
     <span class='ocr_line' id='line_1_60' title="bbox 148 2152 940 2192; baseline 0.005 -11"><span class='ocrx_word' id='word_1_392' title='bbox 148 2154 186 2182; x_wconf 84' lang='lat' dir='ltr'><strong>ab</strong></span> <span class='ocrx_word' id='word_1_393' title='bbox 205 2154 322 2181; x_wconf 85' lang='lat' dir='ltr'><strong>inimicis</strong></span> <span class='ocrx_word' id='word_1_394' title='bbox 336 2152 428 2182; x_wconf 86' lang='lat' dir='ltr'><strong>coram</strong></span> <span class='ocrx_word' id='word_1_395' title='bbox 441 2162 514 2190; x_wconf 81' lang='lat' dir='ltr'><strong>rege.</strong></span> <span class='ocrx_word' id='word_1_396' title='bbox 528 2155 580 2189; x_wconf 82' lang='lat' dir='ltr'><strong>Qui</strong></span> <span class='ocrx_word' id='word_1_397' title='bbox 593 2156 734 2192; x_wconf 87' lang='lat' dir='ltr'><strong>presbyter</strong></span> <span class='ocrx_word' id='word_1_398' title='bbox 750 2156 940 2186; x_wconf 83' lang='lat' dir='ltr'><strong>ﬂorentissima</strong></span> 
     </span>
    </p>
   </div>
   <div class='ocr_carea' id='block_1_61' title="bbox 147 2200 942 2237">
    <p class='ocr_par' dir='ltr' id='par_1_61' title="bbox 147 2200 942 2237">
     <span class='ocr_line' id='line_1_61' title="bbox 147 2200 942 2237; baseline 0.006 -10"><span class='ocrx_word' id='word_1_399' title='bbox 147 2200 238 2228; x_wconf 74' lang='lat' dir='ltr'><strong>adhuc</strong></span> <span class='ocrx_word' id='word_1_400' title='bbox 248 2200 388 2234; x_wconf 77' lang='lat' dir='ltr'><strong>iuventute</strong></span> <span class='ocrx_word' id='word_1_401' title='bbox 401 2201 570 2236; x_wconf 64' lang='lat' dir='ltr'><strong>prmpollens,</strong></span> <span class='ocrx_word' id='word_1_402' title='bbox 585 2209 617 2229; x_wconf 90' lang='lat' dir='ltr'><strong>ac</strong></span> <span class='ocrx_word' id='word_1_403' title='bbox 627 2200 697 2229; x_wconf 90' lang='lat' dir='ltr'><strong>virili</strong></span> <span class='ocrx_word' id='word_1_404' title='bbox 711 2203 838 2237; x_wconf 62' lang='lat' dir='ltr'><strong>praeditus</strong></span> <span class='ocrx_word' id='word_1_405' title='bbox 847 2211 942 2232; x_wconf 88' lang='lat' dir='ltr'><strong>venus-</strong></span> 
     </span>
    </p>
   </div>
   <div class='ocr_carea' id='block_1_62' title="bbox 147 2246 939 2284">
    <p class='ocr_par' dir='ltr' id='par_1_62' title="bbox 147 2246 939 2284">
     <span class='ocr_line' id='line_1_62' title="bbox 147 2246 939 2284; baseline 0.005 -11"><span class='ocrx_word' id='word_1_406' title='bbox 147 2251 206 2274; x_wconf 88' lang='lat' dir='ltr'><strong>tate</strong></span> <span class='ocrx_word' id='word_1_407' title='bbox 218 2246 267 2282; x_wconf 68' lang='grc' dir='ltr'><strong>(Ξ),</strong></span> <span class='ocrx_word' id='word_1_408' title='bbox 279 2246 317 2274; x_wconf 89' lang='lat' dir='ltr'><strong>illi</strong></span> <span class='ocrx_word' id='word_1_409' title='bbox 325 2246 500 2274; x_wconf 86' lang='lat' dir='ltr'><strong>subterraneo</strong></span> <span class='ocrx_word' id='word_1_410' title='bbox 508 2247 599 2282; x_wconf 89' lang='lat' dir='ltr'><strong>specui</strong></span> <span class='ocrx_word' id='word_1_411' title='bbox 610 2247 761 2283; x_wconf 84' lang='lat' dir='ltr'><strong>deputatus,</strong></span> <span class='ocrx_word' id='word_1_412' title='bbox 771 2256 838 2284; x_wconf 91' lang='lat' dir='ltr'><strong>pene</strong></span> <span class='ocrx_word' id='word_1_413' title='bbox 849 2250 939 2277; x_wconf 86' lang='lat' dir='ltr'><strong>decre-</strong></span> 
     </span>
    </p>
   </div>
   <div class='ocr_carea' id='block_1_63' title="bbox 148 2289 940 2330">
    <p class='ocr_par' dir='ltr' id='par_1_63' title="bbox 148 2289 940 2330">
     <span class='ocr_line' id='line_1_63' title="bbox 148 2289 940 2330; baseline 0.006 -11"><span class='ocrx_word' id='word_1_414' title='bbox 148 2293 234 2329; x_wconf 82' lang='lat' dir='ltr'><strong>pitus,</strong></span> <span class='ocrx_word' id='word_1_415' title='bbox 247 2297 274 2320; x_wconf 91' lang='lat' dir='ltr'><strong>et</strong></span> <span class='ocrx_word' id='word_1_416' title='bbox 291 2293 368 2320; x_wconf 86' lang='lat' dir='ltr'><strong>senio</strong></span> <span class='ocrx_word' id='word_1_417' title='bbox 380 2293 517 2321; x_wconf 86' lang='lat' dir='ltr'><strong>cenfectus</strong></span> <span class='ocrx_word' id='word_1_418' title='bbox 535 2293 596 2321; x_wconf 90' lang='lat' dir='ltr'><strong>inde</strong></span> <span class='ocrx_word' id='word_1_419' title='bbox 619 2289 741 2327; x_wconf 85' lang='lat' dir='ltr'><strong>eductus,</strong></span> <span class='ocrx_word' id='word_1_420' title='bbox 754 2295 871 2330; x_wconf 87' lang='lat' dir='ltr'><strong>publicis</strong></span> <span class='ocrx_word' id='word_1_421' title='bbox 893 2297 940 2324; x_wconf 85' lang='lat' dir='ltr'><strong>de-</strong></span> 
     </span>
    </p>
   </div>
   <div class='ocr_carea' id='block_1_64' title="bbox 149 2335 941 2378">
    <p class='ocr_par' dir='ltr' id='par_1_64' title="bbox 149 2335 941 2378">
     <span class='ocr_line' id='line_1_64' title="bbox 149 2335 941 2378; baseline 0.005 -13"><span class='ocrx_word' id='word_1_422' title='bbox 149 2346 226 2366; x_wconf 92' lang='lat' dir='ltr'><strong>mum</strong></span> <span class='ocrx_word' id='word_1_423' title='bbox 241 2338 395 2366; x_wconf 85' lang='lat' dir='ltr'><strong>carceribus</strong></span> <span class='ocrx_word' id='word_1_424' title='bbox 416 2335 595 2378; x_wconf 77' lang='lat' dir='ltr'><strong>mancipatur.</strong></span> <span class='ocrx_word' id='word_1_425' title='bbox 612 2338 639 2366; x_wconf 91' lang='lat' dir='ltr'><strong>In</strong></span> <span class='ocrx_word' id='word_1_426' title='bbox 656 2339 697 2367; x_wconf 92' lang='lat' dir='ltr'><strong>his</strong></span> <span class='ocrx_word' id='word_1_427' title='bbox 713 2345 846 2377; x_wconf 86' lang='lat' dir='ltr'><strong>martyres</strong></span> <span class='ocrx_word' id='word_1_428' title='bbox 859 2341 941 2369; x_wconf 79' lang='lat' dir='ltr'><strong>Chri-</strong></span> 
     </span>
    </p>
   </div>
   <div class='ocr_carea' id='block_1_65' title="bbox 150 2380 943 2422">
    <p class='ocr_par' dir='ltr' id='par_1_65' title="bbox 150 2380 943 2422">
     <span class='ocr_line' id='line_1_65' title="bbox 150 2380 943 2422; baseline 0.005 -11"><span class='ocrx_word' id='word_1_429' title='bbox 150 2384 187 2412; x_wconf 86' lang='lat' dir='ltr'><strong>sti</strong></span> <span class='ocrx_word' id='word_1_430' title='bbox 201 2391 286 2419; x_wconf 91' lang='lat' dir='ltr'><strong>usque</strong></span> <span class='ocrx_word' id='word_1_431' title='bbox 300 2385 328 2411; x_wconf 89' lang='lat' dir='ltr'><strong>in</strong></span> <span class='ocrx_word' id='word_1_432' title='bbox 341 2380 435 2412; x_wconf 78' lang='lat' dir='ltr'><strong>horam</strong></span> <span class='ocrx_word' id='word_1_433' title='bbox 448 2384 542 2412; x_wconf 85' lang='lat' dir='ltr'><strong>mortis</strong></span> <span class='ocrx_word' id='word_1_434' title='bbox 557 2385 689 2420; x_wconf 83' lang='lat' dir='ltr'><strong>degebant</strong></span> <span class='ocrx_word' id='word_1_435' title='bbox 705 2395 711 2412; x_wconf 94' lang='lat'>:</span> <span class='ocrx_word' id='word_1_436' title='bbox 729 2386 755 2414; x_wconf 92' lang='lat' dir='ltr'><strong>in</strong></span> <span class='ocrx_word' id='word_1_437' title='bbox 773 2387 815 2414; x_wconf 90' lang='lat' dir='ltr'><strong>bis</strong></span> <span class='ocrx_word' id='word_1_438' title='bbox 828 2386 943 2422; x_wconf 87' lang='lat' dir='ltr'><strong>parrici-</strong></span> 
     </span>
    </p>
   </div>
   <div class='ocr_carea' id='block_1_66' title="bbox 151 2427 941 2462">
    <p class='ocr_par' dir='ltr' id='par_1_66' title="bbox 151 2427 941 2462">
     <span class='ocr_line' id='line_1_66' title="bbox 151 2427 941 2462; baseline 0.005 -6"><span class='ocrx_word' id='word_1_439' title='bbox 151 2430 260 2462; x_wconf 88' lang='lat' dir='ltr'><strong>darum,</strong></span> <span class='ocrx_word' id='word_1_440' title='bbox 275 2429 478 2462; x_wconf 89' lang='lat' dir='ltr'><strong>homicidarum,</strong></span> <span class='ocrx_word' id='word_1_441' title='bbox 493 2427 635 2462; x_wconf 85' lang='lat' dir='ltr'><strong>latronum,</strong></span> <span class='ocrx_word' id='word_1_442' title='bbox 651 2434 677 2458; x_wconf 90' lang='lat' dir='ltr'><strong>et</strong></span> <span class='ocrx_word' id='word_1_443' title='bbox 689 2435 869 2459; x_wconf 88' lang='lat' dir='ltr'><strong>scortatorum</strong></span> <span class='ocrx_word' id='word_1_444' title='bbox 892 2433 941 2460; x_wconf 90' lang='lat' dir='ltr'><strong>im-</strong></span> 
     </span>
    </p>
   </div>
   <div class='ocr_carea' id='block_1_67' title="bbox 149 2472 942 2510">
    <p class='ocr_par' dir='ltr' id='par_1_67' title="bbox 149 2472 942 2510">
     <span class='ocr_line' id='line_1_67' title="bbox 149 2472 942 2510; baseline 0.005 -9"><span class='ocrx_word' id='word_1_445' title='bbox 149 2474 231 2510; x_wconf 87' lang='lat' dir='ltr'><strong>probi</strong></span> <span class='ocrx_word' id='word_1_446' title='bbox 244 2482 336 2507; x_wconf 78' lang='lat' dir='ltr'><strong>ausus,</strong></span> <span class='ocrx_word' id='word_1_447' title='bbox 356 2478 383 2501; x_wconf 90' lang='lat' dir='ltr'><strong>et</strong></span> <span class='ocrx_word' id='word_1_448' title='bbox 401 2474 550 2502; x_wconf 84' lang='lat' dir='ltr'><strong>execranda</strong></span> <span class='ocrx_word' id='word_1_449' title='bbox 564 2475 713 2509; x_wconf 85' lang='lat' dir='ltr'><strong>temeritas,</strong></span> <span class='ocrx_word' id='word_1_450' title='bbox 729 2482 760 2504; x_wconf 89' lang='lat' dir='ltr'><strong>ac</strong></span> <span class='ocrx_word' id='word_1_451' title='bbox 773 2472 942 2505; x_wconf 80' lang='lat' dir='ltr'><strong>diversorum</strong></span> 
     </span>
    </p>
   </div>
   <div class='ocr_carea' id='block_1_68' title="bbox 116 2518 942 2551">
    <p class='ocr_par' dir='ltr' id='par_1_68' title="bbox 116 2518 942 2551">
     <span class='ocr_line' id='line_1_68' title="bbox 116 2518 942 2551; baseline 0.004 -3"><span class='ocrx_word' id='word_1_452' title='bbox 116 2533 120 2536; x_wconf 91' lang='lat'><strong>-</strong></span> <span class='ocrx_word' id='word_1_453' title='bbox 150 2520 297 2548; x_wconf 89' lang='lat' dir='ltr'><strong>criminum</strong></span> <span class='ocrx_word' id='word_1_454' title='bbox 320 2521 360 2547; x_wconf 89' lang='lat' dir='ltr'><strong>rei</strong></span> <span class='ocrx_word' id='word_1_455' title='bbox 385 2520 438 2548; x_wconf 72' lang='lat' dir='ltr'><strong>sub</strong></span> <span class='ocrx_word' id='word_1_456' title='bbox 453 2518 605 2548; x_wconf 86' lang='lat' dir='ltr'><strong>arctissima</strong></span> <span class='ocrx_word' id='word_1_457' title='bbox 622 2522 829 2550; x_wconf 86' lang='lat' dir='ltr'><strong>macerabantur</strong></span> <span class='ocrx_word' id='word_1_458' title='bbox 852 2528 942 2551; x_wconf 85' lang='lat' dir='ltr'><strong>custo-</strong></span> 
     </span>
    </p>
   </div>
   <div class='ocr_carea' id='block_1_69' title="bbox 153 2564 942 2602">
    <p class='ocr_par' dir='ltr' id='par_1_69' title="bbox 153 2564 942 2602">
     <span class='ocr_line' id='line_1_69' title="bbox 153 2564 942 2602; baseline 0.005 -8"><span class='ocrx_word' id='word_1_459' title='bbox 153 2565 199 2594; x_wconf 84' lang='lat' dir='ltr'><strong>dia</strong></span> <span class='ocrx_word' id='word_1_460' title='bbox 212 2575 219 2592; x_wconf 88' lang='lat'><strong>:</strong></span> <span class='ocrx_word' id='word_1_461' title='bbox 235 2566 263 2593; x_wconf 96' lang='lat' dir='ltr'><strong>in</strong></span> <span class='ocrx_word' id='word_1_462' title='bbox 280 2566 321 2594; x_wconf 89' lang='lat' dir='ltr'><strong>his</strong></span> <span class='ocrx_word' id='word_1_463' title='bbox 335 2566 440 2602; x_wconf 89' lang='lat' dir='ltr'><strong>positus</strong></span> <span class='ocrx_word' id='word_1_464' title='bbox 455 2564 599 2602; x_wconf 82' lang='lat' dir='ltr'><strong>praedictus</strong></span> <span class='ocrx_word' id='word_1_465' title='bbox 624 2568 761 2601; x_wconf 82' lang='lat' dir='ltr'><strong>sacerdos,</strong></span> <span class='ocrx_word' id='word_1_466' title='bbox 776 2576 886 2598; x_wconf 89' lang='lat' dir='ltr'><strong>causam</strong></span> <span class='ocrx_word' id='word_1_467' title='bbox 900 2571 942 2598; x_wconf 91' lang='lat' dir='ltr'><strong>sui</strong></span> 
     </span>
    </p>
   </div>
   <div class='ocr_carea' id='block_1_70' title="bbox 151 2611 942 2650">
    <p class='ocr_par' dir='ltr' id='par_1_70' title="bbox 151 2611 942 2650">
     <span class='ocr_line' id='line_1_70' title="bbox 151 2611 942 2650; baseline 0.006 -10"><span class='ocrx_word' id='word_1_468' title='bbox 151 2611 274 2640; x_wconf 84' lang='lat' dir='ltr'><strong>carceris</strong></span> <span class='ocrx_word' id='word_1_469' title='bbox 285 2611 367 2640; x_wconf 85' lang='lat' dir='ltr'><strong>beato</strong></span> <span class='ocrx_word' id='word_1_470' title='bbox 380 2611 464 2640; x_wconf 81' lang='lat' dir='ltr'><strong>Paulo</strong></span> <span class='ocrx_word' id='word_1_471' title='bbox 479 2613 625 2640; x_wconf 89' lang='lat' dir='ltr'><strong>commisit.</strong></span> <span class='ocrx_word' id='word_1_472' title='bbox 644 2612 694 2641; x_wconf 90' lang='lat' dir='ltr'><strong>Cui</strong></span> <span class='ocrx_word' id='word_1_473' title='bbox 713 2618 817 2650; x_wconf 86' lang='lat' dir='ltr'><strong>martyr</strong></span> <span class='ocrx_word' id='word_1_474' title='bbox 831 2613 942 2645; x_wconf 70' lang='lat' dir='ltr'><strong>Sanctus</strong></span> 
     </span>
    </p>
   </div>
   <div class='ocr_carea' id='block_1_71' title="bbox 163 2702 954 2746">
    <p class='ocr_par' dir='ltr' id='par_1_71' title="bbox 163 2702 954 2746">
     <span class='ocr_line' id='line_1_71' title="bbox 163 2702 954 2746; baseline 0.019 -17"><span class='ocrx_word' id='word_1_475' title='bbox 163 2702 365 2746; x_wconf 16' lang='lat' dir='ltr'><strong>LfVSanauine</strong></span> <span class='ocrx_word' id='word_1_476' title='bbox 377 2710 422 2733; x_wconf 89' lang='lat' dir='ltr'><strong>aut</strong></span> <span class='ocrx_word' id='word_1_477' title='bbox 432 2709 593 2746; x_wconf 79' lang='lat' dir='ltr'><strong>cognatione</strong></span> <span class='ocrx_word' id='word_1_478' title='bbox 603 2709 701 2745; x_wconf 81' lang='lat' dir='ltr'><strong>aliinis,</strong></span> <span class='ocrx_word' id='word_1_479' title='bbox 717 2721 777 2740; x_wconf 88' lang='lat' dir='ltr'><strong>cum</strong></span> <span class='ocrx_word' id='word_1_480' title='bbox 789 2713 834 2741; x_wconf 84' lang='lat' dir='ltr'><strong>lib.</strong></span> <span class='ocrx_word' id='word_1_481' title='bbox 848 2723 854 2741; x_wconf 89' lang='grc' dir='ltr'>ι</span> <span class='ocrx_word' id='word_1_482' title='bbox 871 2723 954 2744; x_wconf 81' lang='lat' dir='ltr'><strong>carne</strong></span> 
     </span>
    </p>
   </div>
   <div class='ocr_carea' id='block_1_72' title="bbox 162 2740 954 2783">
    <p class='ocr_par' dir='ltr' id='par_1_72' title="bbox 162 2740 954 2783">
     <span class='ocr_line' id='line_1_72' title="bbox 162 2740 954 2783; baseline 0.018 -19"><span class='ocrx_word' id='word_1_483' title='bbox 162 2740 325 2783; x_wconf 31' lang='lat' dir='ltr'><strong>ipsumAsibi</strong></span> <span class='ocrx_word' id='word_1_484' title='bbox 347 2740 497 2783; x_wconf 64' lang='lat' dir='ltr'><strong>connexum</strong></span> <span class='ocrx_word' id='word_1_485' title='bbox 521 2745 635 2783; x_wconf 82' lang='lat' dir='ltr'><strong>dixerit;</strong></span> <span class='ocrx_word' id='word_1_486' title='bbox 652 2740 816 2783; x_wconf 76' lang='lat' dir='ltr'><strong>fratremque</strong></span> <span class='ocrx_word' id='word_1_487' title='bbox 830 2740 954 2778; x_wconf 56' lang='lat' dir='ltr'><strong>L’mih‘di</strong></span> 
     </span>
    </p>
   </div>
   <div class='ocr_carea' id='block_1_73' title="bbox 158 2774 951 2816">
    <p class='ocr_par' dir='ltr' id='par_1_73' title="bbox 158 2774 951 2816">
     <span class='ocr_line' id='line_1_73' title="bbox 158 2774 951 2816; baseline 0.019 -17"><span class='ocrx_word' id='word_1_488' title='bbox 158 2779 222 2816; x_wconf 67' lang='lat' dir='ltr'><strong>cum</strong></span> <span class='ocrx_word' id='word_1_489' title='bbox 234 2774 330 2816; x_wconf 60' lang='lat' dir='ltr'><strong>eodem</strong></span> <span class='ocrx_word' id='word_1_490' title='bbox 340 2777 419 2816; x_wconf 63' lang='lat' dir='ltr'><strong>modo</strong></span> <span class='ocrx_word' id='word_1_491' title='bbox 432 2783 527 2816; x_wconf 83' lang='lat' dir='ltr'><strong>postea</strong></span> <span class='ocrx_word' id='word_1_492' title='bbox 545 2774 722 2810; x_wconf 81' lang='lat' dir='ltr'><strong>contribulem</strong></span> <span class='ocrx_word' id='word_1_493' title='bbox 733 2774 951 2816; x_wconf 50' lang='lat' dir='ltr'><strong>nomina—Iit:</strong></span> 
     </span>
    </p>
   </div>
   <div class='ocr_carea' id='block_1_74' title="bbox 157 2809 950 2856">
    <p class='ocr_par' dir='ltr' id='par_1_74' title="bbox 157 2809 950 2856">
     <span class='ocr_line' id='line_1_74' title="bbox 157 2809 950 2856; baseline 0.023 -23"><span class='ocrx_word' id='word_1_494' title='bbox 215 2809 444 2856; x_wconf 47' lang='lat' dir='ltr'><strong>“nfuanmi</strong></span> <span class='ocrx_word' id='word_1_495' title='bbox 453 2815 534 2856; x_wconf 83' lang='lat' dir='ltr'><strong>etiam</strong></span> <span class='ocrx_word' id='word_1_496' title='bbox 559 2822 666 2856; x_wconf 81' lang='lat' dir='ltr'><strong>constat</strong></span> <span class='ocrx_word' id='word_1_497' title='bbox 683 2809 721 2846; x_wconf 56' lang='lat' dir='ltr'><strong>ei</strong></span> 
     </span>
    </p>
   </div>
   <div class='ocr_carea' id='block_1_75' title="bbox 154 2841 949 2912">
    <p class='ocr_par' dir='ltr' id='par_1_75' title="bbox 154 2841 949 2912">
     <span class='ocr_line' id='line_1_75' title="bbox 154 2841 949 2912; baseline 0.021 -43"><span class='ocrx_word' id='word_1_498' title='bbox 154 2841 328 2912; x_wconf 37' lang='lat' dir='ltr'><strong>(nisum</strong></span> <span class='ocrx_word' id='word_1_499' title='bbox 344 2841 478 2877; x_wconf 44' lang='lat' dir='ltr'><strong>STAurea</strong></span> <span class='ocrx_word' id='word_1_500' title='bbox 495 2841 800 2882; x_wconf 28' lang='lat' dir='ltr'><strong>ansuis&#39;ut—c&#39;ontribb&#39;ia</strong></span> 
     </span>
    </p>
   </div>
   <div class='ocr_carea' id='block_1_76' title="bbox 953 2274 978 2304">
    <p class='ocr_par' dir='ltr' id='par_1_76' title="bbox 953 2274 978 2304">
     <span class='ocr_line' id='line_1_76' title="bbox 953 2274 978 2304; baseline -0.04 0"><span class='ocrx_word' id='word_1_501' title='bbox 953 2274 978 2304; x_wconf 86' lang='lat' dir='ltr'><strong>D</strong></span> 
     </span>
    </p>
   </div>
   <div class='ocr_carea' id='block_1_77' title="bbox 1286 954 1481 991">
    <p class='ocr_par' dir='ltr' id='par_1_77' title="bbox 1286 954 1481 991">
     <span class='ocr_line' id='line_1_77' title="bbox 1286 954 1481 991; baseline 0.005 -1"><span class='ocrx_word' id='word_1_502' title='bbox 1286 960 1400 991; x_wconf 77' lang='lat' dir='ltr'><strong>CAPUT</strong></span> <span class='ocrx_word' id='word_1_503' title='bbox 1425 954 1481 991; x_wconf 66' lang='lat' dir='ltr'><strong>Vn.</strong></span> 
     </span>
    </p>
   </div>
   <div class='ocr_carea' id='block_1_78' title="bbox 1081 1007 1688 1045">
    <p class='ocr_par' dir='ltr' id='par_1_78' title="bbox 1081 1007 1688 1045">
     <span class='ocr_line' id='line_1_78' title="bbox 1081 1007 1688 1045; baseline 0.003 -10"><span class='ocrx_word' id='word_1_504' title='bbox 1081 1007 1181 1035; x_wconf 85' lang='lat' dir='ltr'><strong>Nunilo</strong></span> <span class='ocrx_word' id='word_1_505' title='bbox 1196 1013 1218 1035; x_wconf 85' lang='lat' dir='ltr'><strong>el</strong></span> <span class='ocrx_word' id='word_1_506' title='bbox 1244 1008 1349 1040; x_wconf 71' lang='lat' dir='ltr'><strong>Alodia,</strong></span> <span class='ocrx_word' id='word_1_507' title='bbox 1374 1009 1484 1044; x_wconf 74' lang='lat' dir='ltr'><strong>virgines</strong></span> <span class='ocrx_word' id='word_1_508' title='bbox 1502 1015 1526 1037; x_wconf 81' lang='lat' dir='ltr'><strong>et</strong></span> <span class='ocrx_word' id='word_1_509' title='bbox 1550 1014 1688 1045; x_wconf 79' lang='lat' dir='ltr'><strong>martyres.</strong></span> 
     </span>
    </p>
   </div>
   <div class='ocr_carea' id='block_1_79' title="bbox 1021 1067 1776 1102">
    <p class='ocr_par' dir='ltr' id='par_1_79' title="bbox 1021 1067 1776 1102">
     <span class='ocr_line' id='line_1_79' title="bbox 1021 1067 1776 1102; baseline 0 -7"><span class='ocrx_word' id='word_1_510' title='bbox 1021 1067 1165 1102; x_wconf 82' lang='lat' dir='ltr'><strong>ﬂuensque</strong></span> <span class='ocrx_word' id='word_1_511' title='bbox 1186 1068 1265 1095; x_wconf 87' lang='lat' dir='ltr'><strong>linem</strong></span> <span class='ocrx_word' id='word_1_512' title='bbox 1289 1067 1351 1094; x_wconf 90' lang='lat' dir='ltr'><strong>libri</strong></span> <span class='ocrx_word' id='word_1_513' title='bbox 1376 1068 1487 1095; x_wconf 90' lang='lat' dir='ltr'><strong>secundi</strong></span> <span class='ocrx_word' id='word_1_514' title='bbox 1509 1076 1568 1096; x_wconf 89' lang='lat' dir='ltr'><strong>esse</strong></span> <span class='ocrx_word' id='word_1_515' title='bbox 1592 1068 1776 1101; x_wconf 83' lang='lat' dir='ltr'><strong>decreveram,</strong></span> 
     </span>
    </p>
   </div>
   <div class='ocr_carea' id='block_1_80' title="bbox 986 1113 1780 1149">
    <p class='ocr_par' dir='ltr' id='par_1_80' title="bbox 986 1113 1780 1149">
     <span class='ocr_line' id='line_1_80' title="bbox 986 1113 1780 1149; baseline 0 -7"><span class='ocrx_word' id='word_1_516' title='bbox 986 1113 1126 1149; x_wconf 87' lang='lat' dir='ltr'><strong>hucusque</strong></span> <span class='ocrx_word' id='word_1_517' title='bbox 1141 1114 1285 1141; x_wconf 88' lang='lat' dir='ltr'><strong>terminum</strong></span> <span class='ocrx_word' id='word_1_518' title='bbox 1300 1118 1455 1141; x_wconf 86' lang='lat' dir='ltr'><strong>sanctorum</strong></span> <span class='ocrx_word' id='word_1_519' title='bbox 1471 1114 1503 1142; x_wconf 87' lang='lat' dir='ltr'><strong>ad</strong></span> <span class='ocrx_word' id='word_1_520' title='bbox 1517 1113 1673 1148; x_wconf 69' lang='lat' dir='ltr'><strong>huiusmodi</strong></span> <span class='ocrx_word' id='word_1_521' title='bbox 1685 1114 1780 1149; x_wconf 69' lang='lat' dir='ltr'><strong>pultes-</strong></span> 
     </span>
    </p>
   </div>
   <div class='ocr_carea' id='block_1_81' title="bbox 986 1160 1779 1196">
    <p class='ocr_par' dir='ltr' id='par_1_81' title="bbox 986 1160 1779 1196">
     <span class='ocr_line' id='line_1_81' title="bbox 986 1160 1779 1196; baseline 0 -8"><span class='ocrx_word' id='word_1_522' title='bbox 986 1165 1056 1188; x_wconf 80' lang='lat' dir='ltr'><strong>tram</strong></span> <span class='ocrx_word' id='word_1_523' title='bbox 1076 1160 1242 1187; x_wconf 86' lang='lat' dir='ltr'><strong>currentium</strong></span> <span class='ocrx_word' id='word_1_524' title='bbox 1259 1167 1318 1187; x_wconf 86' lang='lat' dir='ltr'><strong>esse</strong></span> <span class='ocrx_word' id='word_1_525' title='bbox 1343 1163 1512 1195; x_wconf 85' lang='lat' dir='ltr'><strong>putaveram.</strong></span> <span class='ocrx_word' id='word_1_526' title='bbox 1537 1161 1591 1188; x_wconf 80' lang='lat' dir='ltr'><strong>Nec</strong></span> <span class='ocrx_word' id='word_1_527' title='bbox 1616 1168 1779 1196; x_wconf 87' lang='lat' dir='ltr'><strong>quemquam</strong></span> 
     </span>
    </p>
   </div>
   <div class='ocr_carea' id='block_1_82' title="bbox 984 1204 1779 1243">
    <p class='ocr_par' dir='ltr' id='par_1_82' title="bbox 984 1204 1779 1243">
     <span class='ocr_line' id='line_1_82' title="bbox 984 1204 1779 1243; baseline 0 -11"><span class='ocrx_word' id='word_1_528' title='bbox 984 1209 1048 1243; x_wconf 87' lang='lat' dir='ltr'><strong>post</strong></span> <span class='ocrx_word' id='word_1_529' title='bbox 1060 1208 1099 1232; x_wconf 89' lang='lat' dir='ltr'><strong>tot</strong></span> <span class='ocrx_word' id='word_1_530' title='bbox 1125 1205 1282 1232; x_wconf 87' lang='lat' dir='ltr'><strong>discrimina</strong></span> <span class='ocrx_word' id='word_1_531' title='bbox 1300 1204 1481 1232; x_wconf 83' lang='lat' dir='ltr'><strong>Ecclesiarum</strong></span> <span class='ocrx_word' id='word_1_532' title='bbox 1499 1210 1675 1240; x_wconf 88' lang='lat' dir='ltr'><strong>nostrumque</strong></span> <span class='ocrx_word' id='word_1_533' title='bbox 1688 1212 1779 1232; x_wconf 82' lang='lat' dir='ltr'><strong>carce-</strong></span> 
     </span>
    </p>
   </div>
   <div class='ocr_carea' id='block_1_83' title="bbox 986 1249 1778 1286">
    <p class='ocr_par' dir='ltr' id='par_1_83' title="bbox 986 1249 1778 1286">
     <span class='ocr_line' id='line_1_83' title="bbox 986 1249 1778 1286; baseline 0.001 -9"><span class='ocrx_word' id='word_1_534' title='bbox 986 1257 1044 1277; x_wconf 81' lang='lat' dir='ltr'><strong>rem</strong></span> <span class='ocrx_word' id='word_1_535' title='bbox 1061 1249 1124 1277; x_wconf 84' lang='lat' dir='ltr'><strong>talia</strong></span> <span class='ocrx_word' id='word_1_536' title='bbox 1140 1250 1287 1277; x_wconf 82' lang='lat' dir='ltr'><strong>certamina</strong></span> <span class='ocrx_word' id='word_1_537' title='bbox 1302 1250 1425 1285; x_wconf 83' lang='lat' dir='ltr'><strong>opinatus</strong></span> <span class='ocrx_word' id='word_1_538' title='bbox 1440 1259 1498 1277; x_wconf 87' lang='lat' dir='ltr'><strong>sum</strong></span> <span class='ocrx_word' id='word_1_539' title='bbox 1514 1258 1713 1286; x_wconf 76' lang='lat' dir='ltr'><strong>aggressurum.</strong></span> <span class='ocrx_word' id='word_1_540' title='bbox 1727 1251 1778 1278; x_wconf 82' lang='lat' dir='ltr'><strong>Ve-</strong></span> 
     </span>
    </p>
   </div>
   <div class='ocr_carea' id='block_1_84' title="bbox 987 1294 1780 1332">
    <p class='ocr_par' dir='ltr' id='par_1_84' title="bbox 987 1294 1780 1332">
     <span class='ocr_line' id='line_1_84' title="bbox 987 1294 1780 1332; baseline 0 -10"><span class='ocrx_word' id='word_1_541' title='bbox 987 1302 1047 1322; x_wconf 87' lang='lat' dir='ltr'><strong>rum</strong></span> <span class='ocrx_word' id='word_1_542' title='bbox 1069 1295 1132 1330; x_wconf 88' lang='lat' dir='ltr'><strong>quia</strong></span> <span class='ocrx_word' id='word_1_543' title='bbox 1156 1299 1311 1322; x_wconf 87' lang='lat' dir='ltr'><strong>sanctorum</strong></span> <span class='ocrx_word' id='word_1_544' title='bbox 1340 1302 1481 1322; x_wconf 85' lang='lat' dir='ltr'><strong>numerum</strong></span> <span class='ocrx_word' id='word_1_545' title='bbox 1506 1294 1629 1332; x_wconf 64' lang='lat' dir='ltr'><strong>priesaga</strong></span> <span class='ocrx_word' id='word_1_546' title='bbox 1652 1296 1780 1323; x_wconf 60' lang='lat' dir='ltr'><strong>divinans</strong></span> 
     </span>
    </p>
   </div>
   <div class='ocr_carea' id='block_1_85' title="bbox 987 1340 1779 1376">
    <p class='ocr_par' dir='ltr' id='par_1_85' title="bbox 987 1340 1779 1376">
     <span class='ocr_line' id='line_1_85' title="bbox 987 1340 1779 1376; baseline 0.001 -9"><span class='ocrx_word' id='word_1_547' title='bbox 987 1340 1076 1367; x_wconf 90' lang='lat' dir='ltr'><strong>adhuc</strong></span> <span class='ocrx_word' id='word_1_548' title='bbox 1096 1340 1257 1375; x_wconf 79' lang='lat' dir='ltr'><strong>disponebat</strong></span> <span class='ocrx_word' id='word_1_549' title='bbox 1282 1341 1373 1376; x_wconf 81' lang='lat' dir='ltr'><strong>augeri</strong></span> <span class='ocrx_word' id='word_1_550' title='bbox 1406 1340 1496 1367; x_wconf 90' lang='lat' dir='ltr'><strong>talium</strong></span> <span class='ocrx_word' id='word_1_551' title='bbox 1522 1340 1700 1376; x_wconf 87' lang='lat' dir='ltr'><strong>professione,</strong></span> <span class='ocrx_word' id='word_1_552' title='bbox 1719 1342 1779 1368; x_wconf 82' lang='lat' dir='ltr'><strong>ideo</strong></span> 
     </span>
    </p>
   </div>
   <div class='ocr_carea' id='block_1_86' title="bbox 989 1384 1779 1422">
    <p class='ocr_par' dir='ltr' id='par_1_86' title="bbox 989 1384 1779 1422">
     <span class='ocr_line' id='line_1_86' title="bbox 989 1384 1779 1422; baseline 0.001 -11"><span class='ocrx_word' id='word_1_553' title='bbox 989 1384 1161 1419; x_wconf 88' lang='lat' dir='ltr'><strong>postmodum</strong></span> <span class='ocrx_word' id='word_1_554' title='bbox 1183 1385 1360 1419; x_wconf 83' lang='lat' dir='ltr'><strong>quorumdam</strong></span> <span class='ocrx_word' id='word_1_555' title='bbox 1388 1389 1492 1412; x_wconf 83' lang='lat' dir='ltr'><strong>mentes</strong></span> <span class='ocrx_word' id='word_1_556' title='bbox 1514 1385 1654 1421; x_wconf 81' lang='lat' dir='ltr'><strong>umltiplici</strong></span> <span class='ocrx_word' id='word_1_557' title='bbox 1674 1385 1779 1422; x_wconf 40' lang='lat' dir='ltr'><strong>.ardore</strong></span> 
     </span>
    </p>
   </div>
   <div class='ocr_carea' id='block_1_87' title="bbox 989 1430 1780 1465">
    <p class='ocr_par' dir='ltr' id='par_1_87' title="bbox 989 1430 1780 1465">
     <span class='ocr_line' id='line_1_87' title="bbox 989 1430 1780 1465; baseline 0 -7"><span class='ocrx_word' id='word_1_558' title='bbox 989 1430 1169 1463; x_wconf 87' lang='lat' dir='ltr'><strong>inﬂammans,</strong></span> <span class='ocrx_word' id='word_1_559' title='bbox 1194 1430 1285 1464; x_wconf 88' lang='lat' dir='ltr'><strong>plures</strong></span> <span class='ocrx_word' id='word_1_560' title='bbox 1311 1430 1446 1465; x_wconf 87' lang='lat' dir='ltr'><strong>prioribus</strong></span> <span class='ocrx_word' id='word_1_561' title='bbox 1476 1430 1509 1458; x_wconf 88' lang='lat' dir='ltr'><strong>ad</strong></span> <span class='ocrx_word' id='word_1_562' title='bbox 1538 1431 1602 1458; x_wconf 92' lang='lat' dir='ltr'><strong>illud</strong></span> <span class='ocrx_word' id='word_1_563' title='bbox 1635 1431 1780 1459; x_wconf 86' lang='lat' dir='ltr'><strong>destinavit</strong></span> 
     </span>
    </p>
   </div>
   <div class='ocr_carea' id='block_1_88' title="bbox 988 1476 1779 1514">
    <p class='ocr_par' dir='ltr' id='par_1_88' title="bbox 988 1476 1779 1514">
     <span class='ocr_line' id='line_1_88' title="bbox 988 1476 1779 1514; baseline 0 -10"><span class='ocrx_word' id='word_1_564' title='bbox 988 1480 1138 1504; x_wconf 89' lang='lat' dir='ltr'><strong>certamen.</strong></span> <span class='ocrx_word' id='word_1_565' title='bbox 1155 1476 1188 1512; x_wconf 79' lang='lat' dir='ltr'><strong>Et</strong></span> <span class='ocrx_word' id='word_1_566' title='bbox 1203 1476 1282 1503; x_wconf 91' lang='lat' dir='ltr'><strong>simili</strong></span> <span class='ocrx_word' id='word_1_567' title='bbox 1300 1476 1408 1511; x_wconf 84' lang='lat' dir='ltr'><strong>quidem</strong></span> <span class='ocrx_word' id='word_1_568' title='bbox 1430 1480 1493 1504; x_wconf 88' lang='lat' dir='ltr'><strong>voto</strong></span> <span class='ocrx_word' id='word_1_569' title='bbox 1513 1485 1543 1505; x_wconf 90' lang='lat' dir='ltr'><strong>ac</strong></span> <span class='ocrx_word' id='word_1_570' title='bbox 1558 1477 1779 1514; x_wconf 76' lang='lat' dir='ltr'><strong>magnanimitate</strong></span> 
     </span>
    </p>
   </div>
   <div class='ocr_carea' id='block_1_89' title="bbox 989 1514 1779 1556">
    <p class='ocr_par' dir='ltr' id='par_1_89' title="bbox 989 1514 1779 1556">
     <span class='ocr_line' id='line_1_89' title="bbox 989 1514 1779 1556; baseline 0.003 -9"><span class='ocrx_word' id='word_1_571' title='bbox 989 1524 1101 1548; x_wconf 62' lang='lat' dir='ltr'><strong>caeteros</strong></span> <span class='ocrx_word' id='word_1_572' title='bbox 1123 1514 1256 1552; x_wconf 83' lang='lat' dir='ltr'><strong>imbuens,</strong></span> <span class='ocrx_word' id='word_1_573' title='bbox 1282 1520 1366 1554; x_wconf 90' lang='lat' dir='ltr'><strong>viros,</strong></span> <span class='ocrx_word' id='word_1_574' title='bbox 1392 1521 1527 1553; x_wconf 87' lang='lat' dir='ltr'><strong>mulieres,</strong></span> <span class='ocrx_word' id='word_1_575' title='bbox 1551 1521 1578 1549; x_wconf 85' lang='lat' dir='ltr'><strong>et</strong></span> <span class='ocrx_word' id='word_1_576' title='bbox 1596 1521 1722 1556; x_wconf 86' lang='lat' dir='ltr'><strong>parvulos</strong></span> <span class='ocrx_word' id='word_1_577' title='bbox 1746 1520 1779 1548; x_wconf 88' lang='lat' dir='ltr'><strong>ad</strong></span> 
     </span>
    </p>
   </div>
   <div class='ocr_carea' id='block_1_90' title="bbox 995 1560 1779 1602">
    <p class='ocr_par' dir='ltr' id='par_1_90' title="bbox 995 1560 1779 1602">
     <span class='ocr_line' id='line_1_90' title="bbox 995 1560 1779 1602; baseline 0 -8"><span class='ocrx_word' id='word_1_578' title='bbox 995 1560 1155 1595; x_wconf 83' lang='lat' dir='ltr'><strong>exercitium</strong></span> <span class='ocrx_word' id='word_1_579' title='bbox 1173 1567 1327 1601; x_wconf 62' lang='lat' dir='ltr'><strong>prwliorum</strong></span> <span class='ocrx_word' id='word_1_580' title='bbox 1347 1576 1455 1595; x_wconf 91' lang='lat' dir='ltr'><strong>suorum</strong></span> <span class='ocrx_word' id='word_1_581' title='bbox 1479 1569 1604 1596; x_wconf 87' lang='lat' dir='ltr'><strong>armavit.</strong></span> <span class='ocrx_word' id='word_1_582' title='bbox 1629 1567 1682 1596; x_wconf 88' lang='lat' dir='ltr'><strong>Nec</strong></span> <span class='ocrx_word' id='word_1_583' title='bbox 1705 1568 1779 1602; x_wconf 84' lang='lat' dir='ltr'><strong>quis-</strong></span> 
     </span>
    </p>
   </div>
   <div class='ocr_carea' id='block_1_91' title="bbox 988 1614 1776 1651">
    <p class='ocr_par' dir='ltr' id='par_1_91' title="bbox 988 1614 1776 1651">
     <span class='ocr_line' id='line_1_91' title="bbox 988 1614 1776 1651; baseline 0 -10"><span class='ocrx_word' id='word_1_584' title='bbox 988 1622 1069 1651; x_wconf 81' lang='lat' dir='ltr'><strong>quam</strong></span> <span class='ocrx_word' id='word_1_585' title='bbox 1095 1614 1128 1641; x_wconf 91' lang='lat' dir='ltr'><strong>ad</strong></span> <span class='ocrx_word' id='word_1_586' title='bbox 1154 1614 1235 1642; x_wconf 86' lang='lat' dir='ltr'><strong>talem</strong></span> <span class='ocrx_word' id='word_1_587' title='bbox 1259 1618 1415 1649; x_wconf 86' lang='lat' dir='ltr'><strong>tantamque</strong></span> <span class='ocrx_word' id='word_1_588' title='bbox 1446 1615 1622 1650; x_wconf 68' lang='lat' dir='ltr'><strong>prtescriptus</strong></span> <span class='ocrx_word' id='word_1_589' title='bbox 1643 1614 1776 1647; x_wconf 86' lang='lat' dir='ltr'><strong>militiam,</strong></span> 
     </span>
    </p>
   </div>
   <div class='ocr_carea' id='block_1_92' title="bbox 987 1659 1779 1702">
    <p class='ocr_par' dir='ltr' id='par_1_92' title="bbox 987 1659 1779 1702">
     <span class='ocr_line' id='line_1_92' title="bbox 987 1659 1779 1702; baseline 0 -14"><span class='ocrx_word' id='word_1_590' title='bbox 987 1660 1093 1688; x_wconf 88' lang='lat' dir='ltr'><strong>resilire</strong></span> <span class='ocrx_word' id='word_1_591' title='bbox 1110 1668 1125 1687; x_wconf 87' lang='lat' dir='ltr'><strong>a</strong></span> <span class='ocrx_word' id='word_1_592' title='bbox 1137 1660 1285 1688; x_wconf 88' lang='lat' dir='ltr'><strong>certamine</strong></span> <span class='ocrx_word' id='word_1_593' title='bbox 1301 1665 1415 1695; x_wconf 87' lang='lat' dir='ltr'><strong>poterat.</strong></span> <span class='ocrx_word' id='word_1_594' title='bbox 1443 1659 1526 1702; x_wconf 72' lang='lat' dir='ltr'><strong>Cujus</strong></span> <span class='ocrx_word' id='word_1_595' title='bbox 1543 1661 1701 1688; x_wconf 90' lang='lat' dir='ltr'><strong>vocabulum</strong></span> <span class='ocrx_word' id='word_1_596' title='bbox 1725 1669 1779 1689; x_wconf 65' lang='lat' dir='ltr'><strong>coa-</strong></span> 
     </span>
    </p>
   </div>
   <div class='ocr_carea' id='block_1_93' title="bbox 986 1702 1780 1741">
    <p class='ocr_par' dir='ltr' id='par_1_93' title="bbox 986 1702 1780 1741">
     <span class='ocr_line' id='line_1_93' title="bbox 986 1702 1780 1741; baseline -0.001 -8"><span class='ocrx_word' id='word_1_597' title='bbox 986 1702 1064 1733; x_wconf 86' lang='lat' dir='ltr'><strong>lestis</strong></span> <span class='ocrx_word' id='word_1_598' title='bbox 1085 1705 1154 1741; x_wconf 87' lang='lat' dir='ltr'><strong>liber</strong></span> <span class='ocrx_word' id='word_1_599' title='bbox 1183 1709 1303 1732; x_wconf 89' lang='lat' dir='ltr'><strong>notatum</strong></span> <span class='ocrx_word' id='word_1_600' title='bbox 1323 1714 1337 1732; x_wconf 92' lang='lat' dir='ltr'><strong>a</strong></span> <span class='ocrx_word' id='word_1_601' title='bbox 1360 1706 1494 1741; x_wconf 90' lang='lat' dir='ltr'><strong>principio</strong></span> <span class='ocrx_word' id='word_1_602' title='bbox 1515 1705 1605 1733; x_wconf 72' lang='lat' dir='ltr'><strong>srcculi</strong></span> <span class='ocrx_word' id='word_1_603' title='bbox 1633 1706 1780 1739; x_wconf 89' lang='lat' dir='ltr'><strong>retinebat,</strong></span> 
     </span>
    </p>
   </div>
   <div class='ocr_carea' id='block_1_94' title="bbox 987 1750 1781 1789">
    <p class='ocr_par' dir='ltr' id='par_1_94' title="bbox 987 1750 1781 1789">
     <span class='ocr_line' id='line_1_94' title="bbox 987 1750 1781 1789; baseline 0 -10"><span class='ocrx_word' id='word_1_604' title='bbox 987 1759 1103 1787; x_wconf 85' lang='lat' dir='ltr'><strong>suasque</strong></span> <span class='ocrx_word' id='word_1_605' title='bbox 1125 1752 1197 1779; x_wconf 89' lang='lat' dir='ltr'><strong>vires</strong></span> <span class='ocrx_word' id='word_1_606' title='bbox 1212 1752 1245 1779; x_wconf 90' lang='lat' dir='ltr'><strong>ad</strong></span> <span class='ocrx_word' id='word_1_607' title='bbox 1258 1750 1410 1789; x_wconf 86' lang='lat' dir='ltr'><strong>hujusmodi</strong></span> <span class='ocrx_word' id='word_1_608' title='bbox 1426 1752 1577 1788; x_wconf 72' lang='lat' dir='ltr'><strong>palazstram</strong></span> <span class='ocrx_word' id='word_1_609' title='bbox 1599 1751 1697 1780; x_wconf 74' lang='lat' dir='ltr'><strong>divinis</strong></span> <span class='ocrx_word' id='word_1_610' title='bbox 1709 1752 1781 1779; x_wconf 84' lang='lat' dir='ltr'><strong>ausi-</strong></span> 
     </span>
    </p>
   </div>
   <div class='ocr_carea' id='block_1_95' title="bbox 987 1787 1779 1830">
    <p class='ocr_par' dir='ltr' id='par_1_95' title="bbox 987 1787 1779 1830">
     <span class='ocr_line' id='line_1_95' title="bbox 987 1787 1779 1830; baseline -0.003 -6"><span class='ocrx_word' id='word_1_611' title='bbox 987 1787 1037 1824; x_wconf 87' lang='lat' dir='ltr'><strong>bus</strong></span> <span class='ocrx_word' id='word_1_612' title='bbox 1065 1804 1189 1824; x_wconf 88' lang='lat' dir='ltr'><strong>crescere</strong></span> <span class='ocrx_word' id='word_1_613' title='bbox 1216 1797 1353 1824; x_wconf 87' lang='lat' dir='ltr'><strong>cernebat.</strong></span> <span class='ocrx_word' id='word_1_614' title='bbox 1386 1787 1505 1830; x_wconf 78' lang='lat' dir='ltr'><strong>Quorum</strong></span> <span class='ocrx_word' id='word_1_615' title='bbox 1531 1796 1648 1828; x_wconf 88' lang='lat' dir='ltr'><strong>nomina,</strong></span> <span class='ocrx_word' id='word_1_616' title='bbox 1674 1800 1779 1829; x_wconf 63' lang='lat' dir='ltr'><strong>aetates,</strong></span> 
     </span>
    </p>
   </div>
   <div class='ocr_carea' id='block_1_96' title="bbox 987 1832 1778 1877">
    <p class='ocr_par' dir='ltr' id='par_1_96' title="bbox 987 1832 1778 1877">
     <span class='ocr_line' id='line_1_96' title="bbox 987 1832 1778 1877; baseline -0.001 -9"><span class='ocrx_word' id='word_1_617' title='bbox 987 1845 1116 1877; x_wconf 78' lang='lat' dir='ltr'><strong>gestaque</strong></span> <span class='ocrx_word' id='word_1_618' title='bbox 1131 1836 1262 1868; x_wconf 82' lang='lat' dir='ltr'><strong>bellorum</strong></span> <span class='ocrx_word' id='word_1_619' title='bbox 1279 1849 1327 1868; x_wconf 89' lang='lat' dir='ltr'><strong>suo</strong></span> <span class='ocrx_word' id='word_1_620' title='bbox 1349 1838 1408 1869; x_wconf 84' lang='lat' dir='ltr'><strong>loco</strong></span> <span class='ocrx_word' id='word_1_621' title='bbox 1430 1849 1460 1868; x_wconf 87' lang='lat' dir='ltr'><strong>ac</strong></span> <span class='ocrx_word' id='word_1_622' title='bbox 1478 1846 1598 1876; x_wconf 90' lang='lat' dir='ltr'><strong>tempore</strong></span> <span class='ocrx_word' id='word_1_623' title='bbox 1613 1832 1778 1877; x_wconf 84' lang='lat' dir='ltr'><strong>disponenda</strong></span> 
     </span>
    </p>
   </div>
   <div class='ocr_carea' id='block_1_97' title="bbox 988 1886 1779 1923">
    <p class='ocr_par' dir='ltr' id='par_1_97' title="bbox 988 1886 1779 1923">
     <span class='ocr_line' id='line_1_97' title="bbox 988 1886 1779 1923; baseline 0 -10"><span class='ocrx_word' id='word_1_624' title='bbox 988 1891 1060 1914; x_wconf 85' lang='lat' dir='ltr'><strong>sunt.</strong></span> <span class='ocrx_word' id='word_1_625' title='bbox 1074 1887 1153 1915; x_wconf 88' lang='lat' dir='ltr'><strong>Prius</strong></span> <span class='ocrx_word' id='word_1_626' title='bbox 1164 1892 1252 1914; x_wconf 84' lang='lat' dir='ltr'><strong>autem</strong></span> <span class='ocrx_word' id='word_1_627' title='bbox 1267 1887 1310 1914; x_wconf 82' lang='lat' dir='ltr'><strong>illa</strong></span> <span class='ocrx_word' id='word_1_628' title='bbox 1324 1892 1476 1915; x_wconf 85' lang='lat' dir='ltr'><strong>sanctorum</strong></span> <span class='ocrx_word' id='word_1_629' title='bbox 1488 1892 1586 1923; x_wconf 61' lang='lat' dir='ltr'><strong>tropma</strong></span> <span class='ocrx_word' id='word_1_630' title='bbox 1598 1886 1779 1915; x_wconf 88' lang='lat' dir='ltr'><strong>elucubranda</strong></span> 
     </span>
    </p>
   </div>
   <div class='ocr_carea' id='block_1_98' title="bbox 988 1930 1778 1969">
    <p class='ocr_par' dir='ltr' id='par_1_98' title="bbox 988 1930 1778 1969">
     <span class='ocr_line' id='line_1_98' title="bbox 988 1930 1778 1969; baseline -0.001 -10"><span class='ocrx_word' id='word_1_631' title='bbox 988 1937 1061 1966; x_wconf 90' lang='lat' dir='ltr'><strong>sunt,</strong></span> <span class='ocrx_word' id='word_1_632' title='bbox 1074 1930 1134 1968; x_wconf 83' lang='lat' dir='ltr'><strong>quae</strong></span> <span class='ocrx_word' id='word_1_633' title='bbox 1151 1933 1221 1960; x_wconf 87' lang='lat' dir='ltr'><strong>ratio</strong></span> <span class='ocrx_word' id='word_1_634' title='bbox 1236 1933 1274 1969; x_wconf 88' lang='lat' dir='ltr'><strong>(l)</strong></span> <span class='ocrx_word' id='word_1_635' title='bbox 1287 1938 1314 1960; x_wconf 93' lang='lat' dir='ltr'><strong>ct</strong></span> <span class='ocrx_word' id='word_1_636' title='bbox 1328 1930 1423 1960; x_wconf 71' lang='lat' dir='ltr'><strong>cursus</strong></span> <span class='ocrx_word' id='word_1_637' title='bbox 1444 1933 1576 1960; x_wconf 80' lang='lat' dir='ltr'><strong>mens&#39;nun</strong></span> <span class='ocrx_word' id='word_1_638' title='bbox 1591 1932 1734 1959; x_wconf 89' lang='lat' dir='ltr'><strong>ordinatim</strong></span> <span class='ocrx_word' id='word_1_639' title='bbox 1749 1936 1778 1959; x_wconf 94' lang='lat' dir='ltr'><strong>ut</strong></span> 
     </span>
    </p>
   </div>
   <div class='ocr_carea' id='block_1_99' title="bbox 989 1977 1776 2014">
    <p class='ocr_par' dir='ltr' id='par_1_99' title="bbox 989 1977 1776 2014">
     <span class='ocr_line' id='line_1_99' title="bbox 989 1977 1776 2014; baseline 0 -9"><span class='ocrx_word' id='word_1_640' title='bbox 989 1984 1048 2006; x_wconf 85' lang='lat' dir='ltr'><strong>aeta</strong></span> <span class='ocrx_word' id='word_1_641' title='bbox 1070 1977 1180 2005; x_wconf 83' lang='lat' dir='ltr'><strong>fuerunt</strong></span> <span class='ocrx_word' id='word_1_642' title='bbox 1196 1979 1314 2011; x_wconf 86' lang='lat' dir='ltr'><strong>adducit,</strong></span> <span class='ocrx_word' id='word_1_643' title='bbox 1336 1978 1398 2006; x_wconf 88' lang='lat' dir='ltr'><strong>licet</strong></span> <span class='ocrx_word' id='word_1_644' title='bbox 1411 1979 1437 2005; x_wconf 93' lang='lat' dir='ltr'><strong>in</strong></span> <span class='ocrx_word' id='word_1_645' title='bbox 1460 1978 1519 2006; x_wconf 91' lang='lat' dir='ltr'><strong>aliis</strong></span> <span class='ocrx_word' id='word_1_646' title='bbox 1533 1978 1686 2014; x_wconf 78' lang='lat' dir='ltr'><strong>regionibus</strong></span> <span class='ocrx_word' id='word_1_647' title='bbox 1700 1982 1776 2013; x_wconf 84' lang='lat' dir='ltr'><strong>gesta</strong></span> 
     </span>
    </p>
   </div>
   <div class='ocr_carea' id='block_1_100' title="bbox 991 2020 1779 2059">
    <p class='ocr_par' dir='ltr' id='par_1_100' title="bbox 991 2020 1779 2059">
     <span class='ocr_line' id='line_1_100' title="bbox 991 2020 1779 2059; baseline 0 -8"><span class='ocrx_word' id='word_1_648' title='bbox 991 2020 1154 2051; x_wconf 79' lang='lat' dir='ltr'><strong>exstiterint.</strong></span> <span class='ocrx_word' id='word_1_649' title='bbox 1172 2023 1223 2051; x_wconf 90' lang='lat' dir='ltr'><strong>Sed</strong></span> <span class='ocrx_word' id='word_1_650' title='bbox 1242 2024 1303 2058; x_wconf 86' lang='lat' dir='ltr'><strong>quia</strong></span> <span class='ocrx_word' id='word_1_651' title='bbox 1317 2032 1368 2051; x_wconf 87' lang='lat' dir='ltr'><strong>una</strong></span> <span class='ocrx_word' id='word_1_652' title='bbox 1392 2028 1434 2051; x_wconf 86' lang='lat' dir='ltr'><strong>est</strong></span> <span class='ocrx_word' id='word_1_653' title='bbox 1459 2023 1593 2052; x_wconf 80' lang='lat' dir='ltr'><strong>confessio</strong></span> <span class='ocrx_word' id='word_1_654' title='bbox 1618 2031 1677 2059; x_wconf 78' lang='lat' dir='ltr'><strong>qua:</strong></span> <span class='ocrx_word' id='word_1_655' title='bbox 1691 2027 1779 2051; x_wconf 83' lang='lat' dir='ltr'><strong>utros-</strong></span> 
     </span>
    </p>
   </div>
   <div class='ocr_carea' id='block_1_101' title="bbox 989 2067 1780 2105">
    <p class='ocr_par' dir='ltr' id='par_1_101' title="bbox 989 2067 1780 2105">
     <span class='ocr_line' id='line_1_101' title="bbox 989 2067 1780 2105; baseline -0.003 -8"><span class='ocrx_word' id='word_1_656' title='bbox 989 2077 1042 2105; x_wconf 89' lang='lat' dir='ltr'><strong>que</strong></span> <span class='ocrx_word' id='word_1_657' title='bbox 1056 2069 1206 2101; x_wconf 84' lang='lat' dir='ltr'><strong>coronavit,</strong></span> <span class='ocrx_word' id='word_1_658' title='bbox 1233 2067 1355 2104; x_wconf 78' lang='lat' dir='ltr'><strong>idemque</strong></span> <span class='ocrx_word' id='word_1_659' title='bbox 1372 2074 1477 2104; x_wconf 86' lang='lat' dir='ltr'><strong>tempus</strong></span> <span class='ocrx_word' id='word_1_660' title='bbox 1503 2069 1574 2104; x_wconf 84' lang='lat' dir='ltr'><strong>quod</strong></span> <span class='ocrx_word' id='word_1_661' title='bbox 1590 2073 1718 2104; x_wconf 87' lang='lat' dir='ltr'><strong>utrosque</strong></span> <span class='ocrx_word' id='word_1_662' title='bbox 1733 2074 1780 2104; x_wconf 86' lang='lat' dir='ltr'><strong>per</strong></span> 
     </span>
    </p>
   </div>
   <div class='ocr_carea' id='block_1_102' title="bbox 990 2115 1781 2151">
    <p class='ocr_par' dir='ltr' id='par_1_102' title="bbox 990 2115 1781 2151">
     <span class='ocr_line' id='line_1_102' title="bbox 990 2115 1781 2151; baseline 0 -9"><span class='ocrx_word' id='word_1_663' title='bbox 990 2115 1100 2143; x_wconf 86' lang='lat' dir='ltr'><strong>feralem</strong></span> <span class='ocrx_word' id='word_1_664' title='bbox 1113 2116 1277 2151; x_wconf 87' lang='lat' dir='ltr'><strong>impietatem</strong></span> <span class='ocrx_word' id='word_1_665' title='bbox 1292 2116 1318 2142; x_wconf 91' lang='lat' dir='ltr'><strong>iu</strong></span> <span class='ocrx_word' id='word_1_666' title='bbox 1330 2115 1426 2143; x_wconf 85' lang='lat' dir='ltr'><strong>coelum</strong></span> <span class='ocrx_word' id='word_1_667' title='bbox 1439 2116 1584 2151; x_wconf 66' lang='lat' dir='ltr'><strong>prmmisit;</strong></span> <span class='ocrx_word' id='word_1_668' title='bbox 1605 2123 1667 2142; x_wconf 91' lang='lat' dir='ltr'><strong>reor</strong></span> <span class='ocrx_word' id='word_1_669' title='bbox 1687 2115 1781 2142; x_wconf 69' lang='lat' dir='ltr'><strong>absur~</strong></span> 
     </span>
    </p>
   </div>
   <div class='ocr_carea' id='block_1_103' title="bbox 990 2157 1779 2197">
    <p class='ocr_par' dir='ltr' id='par_1_103' title="bbox 990 2157 1779 2197">
     <span class='ocr_line' id='line_1_103' title="bbox 990 2157 1779 2197; baseline 0 -9"><span class='ocrx_word' id='word_1_670' title='bbox 990 2160 1052 2189; x_wconf 87' lang='lat' dir='ltr'><strong>dum</strong></span> <span class='ocrx_word' id='word_1_671' title='bbox 1076 2169 1128 2188; x_wconf 93' lang='lat' dir='ltr'><strong>non</strong></span> <span class='ocrx_word' id='word_1_672' title='bbox 1151 2168 1219 2194; x_wconf 83' lang='lat' dir='ltr'><strong>esse,</strong></span> <span class='ocrx_word' id='word_1_673' title='bbox 1247 2161 1318 2197; x_wconf 88' lang='lat' dir='ltr'><strong>quod</strong></span> <span class='ocrx_word' id='word_1_674' title='bbox 1346 2157 1500 2197; x_wconf 85' lang='lat' dir='ltr'><strong>competens</strong></span> <span class='ocrx_word' id='word_1_675' title='bbox 1526 2162 1665 2189; x_wconf 85' lang='lat' dir='ltr'><strong>annotatio</strong></span> <span class='ocrx_word' id='word_1_676' title='bbox 1688 2166 1779 2189; x_wconf 88' lang='lat' dir='ltr'><strong>nostra</strong></span> 
     </span>
    </p>
   </div>
   <div class='ocr_carea' id='block_1_104' title="bbox 991 2203 1779 2244">
    <p class='ocr_par' dir='ltr' id='par_1_104' title="bbox 991 2203 1779 2244">
     <span class='ocr_line' id='line_1_104' title="bbox 991 2203 1779 2244; baseline 0 -9"><span class='ocrx_word' id='word_1_677' title='bbox 991 2212 1144 2236; x_wconf 90' lang='lat' dir='ltr'><strong>sanctorum</strong></span> <span class='ocrx_word' id='word_1_678' title='bbox 1160 2208 1312 2244; x_wconf 83' lang='lat' dir='ltr'><strong>agminibus</strong></span> <span class='ocrx_word' id='word_1_679' title='bbox 1333 2216 1379 2236; x_wconf 90' lang='lat' dir='ltr'><strong>eos</strong></span> <span class='ocrx_word' id='word_1_680' title='bbox 1402 2208 1524 2242; x_wconf 92' lang='lat' dir='ltr'><strong>inseruit,</strong></span> <span class='ocrx_word' id='word_1_681' title='bbox 1550 2203 1576 2235; x_wconf 84' lang='lat' dir='ltr'><strong>et</strong></span> <span class='ocrx_word' id='word_1_682' title='bbox 1599 2207 1779 2236; x_wconf 82' lang='lat' dir='ltr'><strong>coelectorum</strong></span> 
     </span>
    </p>
   </div>
   <div class='ocr_carea' id='block_1_105' title="bbox 991 2250 1781 2289">
    <p class='ocr_par' dir='ltr' id='par_1_105' title="bbox 991 2250 1781 2289">
     <span class='ocr_line' id='line_1_105' title="bbox 991 2250 1781 2289; baseline 0 -8"><span class='ocrx_word' id='word_1_683' title='bbox 991 2252 1072 2281; x_wconf 60' lang='lat' dir='ltr'><strong>coetui</strong></span> <span class='ocrx_word' id='word_1_684' title='bbox 1097 2253 1232 2280; x_wconf 88' lang='lat' dir='ltr'><strong>adunavit.</strong></span> <span class='ocrx_word' id='word_1_685' title='bbox 1254 2253 1289 2281; x_wconf 90' lang='lat' dir='ltr'><strong>Ut</strong></span> <span class='ocrx_word' id='word_1_686' title='bbox 1302 2253 1358 2289; x_wconf 85' lang='lat' dir='ltr'><strong>pari</strong></span> <span class='ocrx_word' id='word_1_687' title='bbox 1371 2250 1690 2289; x_wconf 80' lang='lat' dir='ltr'><strong>magnificentialaudisa</strong></span> <span class='ocrx_word' id='word_1_688' title='bbox 1705 2254 1781 2282; x_wconf 86' lang='lat' dir='ltr'><strong>nobis</strong></span> 
     </span>
    </p>
   </div>
   <div class='ocr_carea' id='block_1_106' title="bbox 992 2294 1780 2334">
    <p class='ocr_par' dir='ltr' id='par_1_106' title="bbox 992 2294 1780 2334">
     <span class='ocr_line' id='line_1_106' title="bbox 992 2294 1780 2334; baseline 0.001 -9"><span class='ocrx_word' id='word_1_689' title='bbox 992 2298 1178 2326; x_wconf 88' lang='lat' dir='ltr'><strong>attollerentur</strong></span> <span class='ocrx_word' id='word_1_690' title='bbox 1197 2299 1222 2326; x_wconf 91' lang='lat' dir='ltr'><strong>in</strong></span> <span class='ocrx_word' id='word_1_691' title='bbox 1238 2300 1327 2332; x_wconf 85' lang='lat' dir='ltr'><strong>terris,</strong></span> <span class='ocrx_word' id='word_1_692' title='bbox 1348 2299 1394 2334; x_wconf 89' lang='lat' dir='ltr'><strong>qui</strong></span> <span class='ocrx_word' id='word_1_693' title='bbox 1409 2307 1462 2326; x_wconf 88' lang='lat' dir='ltr'><strong>uno</strong></span> <span class='ocrx_word' id='word_1_694' title='bbox 1475 2304 1537 2326; x_wconf 87' lang='lat' dir='ltr'><strong>sunt</strong></span> <span class='ocrx_word' id='word_1_695' title='bbox 1551 2294 1671 2327; x_wconf 30' lang='lat' dir='ltr'><strong>an‘notati</strong></span> <span class='ocrx_word' id='word_1_696' title='bbox 1687 2300 1780 2334; x_wconf 84' lang='lat' dir='ltr'><strong>codice</strong></span> 
     </span>
    </p>
   </div>
   <div class='ocr_carea' id='block_1_107' title="bbox 992 2340 1781 2380">
    <p class='ocr_par' dir='ltr' id='par_1_107' title="bbox 992 2340 1781 2380">
     <span class='ocr_line' id='line_1_107' title="bbox 992 2340 1781 2380; baseline 0.001 -10"><span class='ocrx_word' id='word_1_697' title='bbox 992 2344 1020 2371; x_wconf 91' lang='lat' dir='ltr'><strong>in</strong></span> <span class='ocrx_word' id='word_1_698' title='bbox 1036 2340 1169 2380; x_wconf 84' lang='lat' dir='ltr'><strong>supernis.</strong></span> <span class='ocrx_word' id='word_1_699' title='bbox 1193 2344 1247 2371; x_wconf 88' lang='lat' dir='ltr'><strong>Hac</strong></span> <span class='ocrx_word' id='word_1_700' title='bbox 1268 2346 1299 2371; x_wconf 91' lang='lat' dir='ltr'><strong>de</strong></span> <span class='ocrx_word' id='word_1_701' title='bbox 1314 2352 1343 2372; x_wconf 87' lang='lat' dir='ltr'><strong>re</strong></span> <span class='ocrx_word' id='word_1_702' title='bbox 1365 2349 1453 2372; x_wconf 84' lang='lat' dir='ltr'><strong>actum</strong></span> <span class='ocrx_word' id='word_1_703' title='bbox 1469 2348 1520 2377; x_wconf 86' lang='lat' dir='ltr'><strong>est,</strong></span> <span class='ocrx_word' id='word_1_704' title='bbox 1532 2348 1562 2371; x_wconf 92' lang='lat' dir='ltr'><strong>ut</strong></span> <span class='ocrx_word' id='word_1_705' title='bbox 1577 2344 1695 2371; x_wconf 87' lang='lat' dir='ltr'><strong>brevitas</strong></span> <span class='ocrx_word' id='word_1_706' title='bbox 1721 2351 1781 2371; x_wconf 89' lang='lat' dir='ltr'><strong>suc-</strong></span> 
     </span>
    </p>
   </div>
   <div class='ocr_carea' id='block_1_108' title="bbox 993 2383 1783 2425">
    <p class='ocr_par' dir='ltr' id='par_1_108' title="bbox 993 2383 1783 2425">
     <span class='ocr_line' id='line_1_108' title="bbox 993 2383 1783 2425; baseline -0.001 -9"><span class='ocrx_word' id='word_1_707' title='bbox 993 2388 1081 2416; x_wconf 86' lang='lat' dir='ltr'><strong>cincta</strong></span> <span class='ocrx_word' id='word_1_708' title='bbox 1104 2386 1183 2424; x_wconf 79' lang='lat' dir='ltr'><strong>hujus</strong></span> <span class='ocrx_word' id='word_1_709' title='bbox 1202 2389 1322 2423; x_wconf 85' lang='lat' dir='ltr'><strong>opusculi</strong></span> <span class='ocrx_word' id='word_1_710' title='bbox 1339 2383 1446 2417; x_wconf 83' lang='lat' dir='ltr'><strong>modum</strong></span> <span class='ocrx_word' id='word_1_711' title='bbox 1464 2390 1603 2425; x_wconf 67' lang='lat' dir='ltr'><strong>promissa:</strong></span> <span class='ocrx_word' id='word_1_712' title='bbox 1622 2389 1783 2424; x_wconf 47' lang='lat' dir='ltr'><strong>contiguita’</strong></span> 
     </span>
    </p>
   </div>
   <div class='ocr_carea' id='block_1_109' title="bbox 994 2429 1781 2470">
    <p class='ocr_par' dir='ltr' id='par_1_109' title="bbox 994 2429 1781 2470">
     <span class='ocr_line' id='line_1_109' title="bbox 994 2429 1781 2470; baseline 0 -9"><span class='ocrx_word' id='word_1_713' title='bbox 994 2434 1030 2461; x_wconf 91' lang='lat' dir='ltr'><strong>tis</strong></span> <span class='ocrx_word' id='word_1_714' title='bbox 1053 2434 1204 2462; x_wconf 81' lang='lat' dir='ltr'><strong>excederet.</strong></span> <span class='ocrx_word' id='word_1_715' title='bbox 1227 2434 1259 2461; x_wconf 84' lang='lat' dir='ltr'><strong>Et</strong></span> <span class='ocrx_word' id='word_1_716' title='bbox 1277 2434 1355 2466; x_wconf 88' lang='lat' dir='ltr'><strong>liber,</strong></span> <span class='ocrx_word' id='word_1_717' title='bbox 1380 2435 1424 2470; x_wconf 86' lang='lat' dir='ltr'><strong>qui</strong></span> <span class='ocrx_word' id='word_1_718' title='bbox 1442 2429 1541 2462; x_wconf 83' lang='lat' dir='ltr'><strong>dudum</strong></span> <span class='ocrx_word' id='word_1_719' title='bbox 1562 2435 1670 2470; x_wconf 88' lang='lat' dir='ltr'><strong>parcius</strong></span> <span class='ocrx_word' id='word_1_720' title='bbox 1691 2442 1719 2461; x_wconf 89' lang='lat' dir='ltr'><strong>se</strong></span> <span class='ocrx_word' id='word_1_721' title='bbox 1740 2434 1781 2461; x_wconf 90' lang='lat' dir='ltr'><strong>lo-</strong></span> 
     </span>
    </p>
   </div>
   <div class='ocr_carea' id='block_1_110' title="bbox 994 2479 1783 2516">
    <p class='ocr_par' dir='ltr' id='par_1_110' title="bbox 994 2479 1783 2516">
     <span class='ocr_line' id='line_1_110' title="bbox 994 2479 1783 2516; baseline 0 -10"><span class='ocrx_word' id='word_1_722' title='bbox 994 2484 1118 2507; x_wconf 89' lang='lat' dir='ltr'><strong>cuturum</strong></span> <span class='ocrx_word' id='word_1_723' title='bbox 1140 2480 1282 2514; x_wconf 87' lang='lat' dir='ltr'><strong>sperabat,</strong></span> <span class='ocrx_word' id='word_1_724' title='bbox 1306 2479 1365 2507; x_wconf 84' lang='lat' dir='ltr'><strong>aliis</strong></span> <span class='ocrx_word' id='word_1_725' title='bbox 1390 2481 1654 2516; x_wconf 87' lang='lat' dir='ltr'><strong>supercrescentihus</strong></span> <span class='ocrx_word' id='word_1_726' title='bbox 1677 2487 1711 2506; x_wconf 82' lang='lat' dir='ltr'><strong>ex</strong></span> <span class='ocrx_word' id='word_1_727' title='bbox 1734 2480 1783 2506; x_wconf 91' lang='lat' dir='ltr'><strong>im-</strong></span> 
     </span>
    </p>
   </div>
   <div class='ocr_carea' id='block_1_111' title="bbox 995 2523 1783 2561">
    <p class='ocr_par' dir='ltr' id='par_1_111' title="bbox 995 2523 1783 2561">
     <span class='ocr_line' id='line_1_111' title="bbox 995 2523 1783 2561; baseline 0 -9"><span class='ocrx_word' id='word_1_728' title='bbox 995 2525 1105 2560; x_wconf 90' lang='lat' dir='ltr'><strong>proviso</strong></span> <span class='ocrx_word' id='word_1_729' title='bbox 1117 2523 1206 2557; x_wconf 88' lang='lat' dir='ltr'><strong>rebus,</strong></span> <span class='ocrx_word' id='word_1_730' title='bbox 1219 2525 1245 2552; x_wconf 92' lang='lat' dir='ltr'><strong>in</strong></span> <span class='ocrx_word' id='word_1_731' title='bbox 1268 2525 1374 2561; x_wconf 77' lang='lat' dir='ltr'><strong>longam</strong></span> <span class='ocrx_word' id='word_1_732' title='bbox 1390 2525 1576 2554; x_wconf 87' lang='lat' dir='ltr'><strong>devolveretur</strong></span> <span class='ocrx_word' id='word_1_733' title='bbox 1599 2526 1696 2553; x_wconf 89' lang='lat' dir='ltr'><strong>seriem</strong></span> <span class='ocrx_word' id='word_1_734' title='bbox 1716 2525 1783 2553; x_wconf 84' lang='lat' dir='ltr'><strong>scri-</strong></span> 
     </span>
    </p>
   </div>
   <div class='ocr_carea' id='block_1_112' title="bbox 995 2575 1089 2607">
    <p class='ocr_par' dir='ltr' id='par_1_112' title="bbox 995 2575 1089 2607">
     <span class='ocr_line' id='line_1_112' title="bbox 995 2575 1089 2607; baseline 0 -9"><span class='ocrx_word' id='word_1_735' title='bbox 995 2575 1089 2607; x_wconf 64' lang='lat' dir='ltr'><strong>plura.</strong></span> 
     </span>
    </p>
   </div>
   <div class='ocr_carea' id='block_1_113' title="bbox 1030 2608 1783 2659">
    <p class='ocr_par' dir='ltr' id='par_1_113' title="bbox 1030 2608 1783 2659">
     <span class='ocr_line' id='line_1_113' title="bbox 1030 2608 1783 2659; baseline 0.001 -13"><span class='ocrx_word' id='word_1_736' title='bbox 1030 2618 1058 2646; x_wconf 72' lang='lat'><strong>2.</strong></span> <span class='ocrx_word' id='word_1_737' title='bbox 1074 2615 1158 2654; x_wconf 81' lang='lat' dir='ltr'><strong>igitur</strong></span> <span class='ocrx_word' id='word_1_738' title='bbox 1171 2619 1304 2650; x_wconf 82' lang='lat' dir='ltr'><strong>referente</strong></span> <span class='ocrx_word' id='word_1_739' title='bbox 1318 2608 1378 2648; x_wconf 77' lang='lat' dir='ltr'><strong>viro</strong></span> <span class='ocrx_word' id='word_1_740' title='bbox 1391 2611 1562 2659; x_wconf 78' lang='lat' dir='ltr'><strong>sanctissimo</strong></span> <span class='ocrx_word' id='word_1_741' title='bbox 1576 2627 1607 2647; x_wconf 88' lang='lat' dir='ltr'><strong>ac</strong></span> <span class='ocrx_word' id='word_1_742' title='bbox 1622 2619 1783 2657; x_wconf 63' lang='lat' dir='ltr'><strong>venerandae</strong></span> 
     </span>
    </p>
   </div>
   <div class='ocr_carea' id='block_1_114' title="bbox 1015 2684 1779 2726">
    <p class='ocr_par' dir='ltr' id='par_1_114' title="bbox 1015 2684 1779 2726">
     <span class='ocr_line' id='line_1_114' title="bbox 1015 2684 1779 2726; baseline 0.003 -14"><span class='ocrx_word' id='word_1_743' title='bbox 1015 2684 1047 2725; x_wconf 37' lang='grc' dir='ltr'><strong>’δ</strong></span> <span class='ocrx_word' id='word_1_744' title='bbox 1070 2684 1329 2726; x_wconf 48' lang='lat' dir='ltr'><strong>Fgrsar‘inoptatioui,</strong></span> <span class='ocrx_word' id='word_1_745' title='bbox 1349 2686 1373 2713; x_wconf 85' lang='lat' dir='ltr'><strong>si</strong></span> <span class='ocrx_word' id='word_1_746' title='bbox 1401 2685 1535 2713; x_wconf 81' lang='lat' dir='ltr'><strong>credimus</strong></span> <span class='ocrx_word' id='word_1_747' title='bbox 1556 2684 1715 2713; x_wconf 74' lang='lat' dir='ltr'><strong>Bollandist.</strong></span> <span class='ocrx_word' id='word_1_748' title='bbox 1743 2685 1779 2714; x_wconf 89' lang='lat' dir='ltr'><strong>ad</strong></span> 
     </span>
    </p>
   </div>
   <div class='ocr_carea' id='block_1_115' title="bbox 996 2719 1781 2818">
    <p class='ocr_par' dir='ltr' id='par_1_115' title="bbox 996 2719 1781 2818">
     <span class='ocr_line' id='line_1_115' title="bbox 996 2719 1661 2755; baseline 0.011 -9"><span class='ocrx_word' id='word_1_749' title='bbox 996 2719 1066 2747; x_wconf 89' lang='lat' dir='ltr'><strong>diem</strong></span> <span class='ocrx_word' id='word_1_750' title='bbox 1086 2719 1212 2755; x_wconf 32' lang='lat' dir='ltr'><strong>ﬁtijulii.‘</strong></span> <span class='ocrx_word' id='word_1_751' title='bbox 1379 2751 1383 2754; x_wconf 65' lang='grc'>,</span> <span class='ocrx_word' id='word_1_752' title='bbox 1454 2745 1456 2753; x_wconf 82' lang='lat'><strong>,</strong></span> <span class='ocrx_word' id='word_1_753' title='bbox 1530 2750 1532 2753; x_wconf 88' lang='lat'><strong><em>_</em></strong></span> <span class='ocrx_word' id='word_1_754' title='bbox 1581 2744 1584 2750; x_wconf 90' lang='lat'><strong>.</strong></span> <span class='ocrx_word' id='word_1_755' title='bbox 1659 2749 1661 2753; x_wconf 73' lang='grc'>,</span> 
     </span>
     <span class='ocr_line' id='line_1_116' title="bbox 1032 2754 1781 2798; baseline 0.003 -17"><span class='ocrx_word' id='word_1_756' title='bbox 1032 2760 1043 2774; x_wconf 77' lang='grc' dir='ltr'><strong>ο</strong></span> <span class='ocrx_word' id='word_1_757' title='bbox 1061 2754 1146 2788; x_wconf 88' lang='lat' dir='ltr'><strong>Quam</strong></span> <span class='ocrx_word' id='word_1_758' title='bbox 1171 2756 1271 2790; x_wconf 88' lang='lat' dir='ltr'><strong>optime</strong></span> <span class='ocrx_word' id='word_1_759' title='bbox 1295 2755 1426 2792; x_wconf 79' lang='lat' dir='ltr'><strong>Henricus</strong></span> <span class='ocrx_word' id='word_1_760' title='bbox 1438 2756 1636 2798; x_wconf 25' lang='lat' dir='ltr'><strong>&#39;Florea,l_tom</strong></span> <span class='ocrx_word' id='word_1_761' title='bbox 1655 2756 1688 2784; x_wconf 81' lang='grc'><strong>10</strong></span> <span class='ocrx_word' id='word_1_762' title='bbox 1705 2755 1781 2792; x_wconf 79' lang='lat' dir='ltr'><strong>Hisp.</strong></span> 
     </span>
     <span class='ocr_line' id='line_1_117' title="bbox 997 2787 1781 2818; baseline 0 0"><span class='ocrx_word' id='word_1_763' title='bbox 997 2787 1086 2818; x_wconf 85' lang='lat' dir='ltr'><strong>Sacr..-</strong></span> <span class='ocrx_word' id='word_1_764' title='bbox 1101 2798 1161 2818; x_wconf 68' lang='lat' dir='ltr'><strong>nae.</strong></span> <span class='ocrx_word' id='word_1_765' title='bbox 1176 2791 1237 2818; x_wconf 70' lang='grc'><strong>455.</strong></span> <span class='ocrx_word' id='word_1_766' title='bbox 1252 2792 1321 2818; x_wconf 88' lang='lat' dir='ltr'><strong>hanc</strong></span> <span class='ocrx_word' id='word_1_767' title='bbox 1341 2791 1399 2818; x_wconf 85' lang='lat' dir='ltr'><strong>vult</strong></span> <span class='ocrx_word' id='word_1_768' title='bbox 1418 2793 1462 2818; x_wconf 84' lang='lat' dir='ltr'><strong>hic</strong></span> <span class='ocrx_word' id='word_1_769' title='bbox 1485 2792 1580 2818; x_wconf 77' lang='lat' dir='ltr'><strong>subner</strong></span> <span class='ocrx_word' id='word_1_770' title='bbox 1601 2796 1691 2818; x_wconf 86' lang='lat' dir='ltr'><strong>notam</strong></span> <span class='ocrx_word' id='word_1_771' title='bbox 1708 2801 1714 2818; x_wconf 75' lang='grc' dir='ltr'>ε</span> <span class='ocrx_word' id='word_1_772' title='bbox 1728 2791 1781 2818; x_wconf 89' lang='lat' dir='ltr'><strong>Hu-</strong></span> 
     </span>
    </p>
   </div>
   <div class='ocr_carea' id='block_1_116' title="bbox 996 2791 1786 2862">
    <p class='ocr_par' dir='ltr' id='par_1_116' title="bbox 996 2791 1786 2862">
     <span class='ocr_line' id='line_1_118' title="bbox 997 2791 1784 2827; baseline 0 -9"><span class='ocrx_word' id='word_1_773' title='bbox 997 2791 1086 2822; x_wconf 86' lang='lat' dir='ltr'><strong>Sacr.,-</strong></span> <span class='ocrx_word' id='word_1_774' title='bbox 1101 2798 1161 2826; x_wconf 75' lang='lat' dir='ltr'><strong>pag.</strong></span> <span class='ocrx_word' id='word_1_775' title='bbox 1176 2791 1237 2824; x_wconf 70' lang='grc'><strong>455,</strong></span> <span class='ocrx_word' id='word_1_776' title='bbox 1252 2792 1321 2819; x_wconf 88' lang='lat' dir='ltr'><strong>hanc</strong></span> <span class='ocrx_word' id='word_1_777' title='bbox 1341 2791 1399 2819; x_wconf 85' lang='lat' dir='ltr'><strong>vult</strong></span> <span class='ocrx_word' id='word_1_778' title='bbox 1418 2792 1462 2819; x_wconf 86' lang='lat' dir='ltr'><strong>hic</strong></span> <span class='ocrx_word' id='word_1_779' title='bbox 1485 2792 1580 2827; x_wconf 82' lang='lat' dir='ltr'><strong>subjici</strong></span> <span class='ocrx_word' id='word_1_780' title='bbox 1601 2796 1691 2819; x_wconf 87' lang='lat' dir='ltr'><strong>notam</strong></span> <span class='ocrx_word' id='word_1_781' title='bbox 1708 2801 1714 2819; x_wconf 72' lang='grc' dir='ltr'>ε</span> <span class='ocrx_word' id='word_1_782' title='bbox 1728 2791 1784 2818; x_wconf 87' lang='lat' dir='ltr'><strong>Hu-</strong></span> 
     </span>
     <span class='ocr_line' id='line_1_119' title="bbox 996 2826 1786 2862; baseline 0.001 -9"><span class='ocrx_word' id='word_1_783' title='bbox 996 2833 1098 2862; x_wconf 66' lang='lat' dir='ltr'><strong>easque</strong></span> <span class='ocrx_word' id='word_1_784' title='bbox 1113 2827 1220 2862; x_wconf 81' lang='lat' dir='ltr'><strong>scripsit</strong></span> <span class='ocrx_word' id='word_1_785' title='bbox 1236 2826 1363 2862; x_wconf 74' lang='lat' dir='ltr'><strong>Eulogius</strong></span> <span class='ocrx_word' id='word_1_786' title='bbox 1375 2831 1438 2855; x_wconf 77' lang='lat' dir='ltr'><strong>ante</strong></span> <span class='ocrx_word' id='word_1_787' title='bbox 1455 2827 1535 2855; x_wconf 77' lang='lat' dir='ltr'><strong>finem</strong></span> <span class='ocrx_word' id='word_1_788' title='bbox 1550 2828 1705 2855; x_wconf 74' lang='lat' dir='ltr'><strong>novembris</strong></span> <span class='ocrx_word' id='word_1_789' title='bbox 1720 2827 1786 2854; x_wconf 77' lang='lat' dir='ltr'><strong>anni</strong></span> 
     </span>
    </p>
   </div>
   <div class='ocr_carea' id='block_1_117' title="bbox 998 2861 1782 2899">
    <p class='ocr_par' dir='ltr' id='par_1_117' title="bbox 998 2861 1782 2899">
     <span class='ocr_line' id='line_1_120' title="bbox 998 2861 1782 2899; baseline 0.001 -11"><span class='ocrx_word' id='word_1_790' title='bbox 998 2861 1059 2888; x_wconf 83' lang='grc'><strong>851.</strong></span> <span class='ocrx_word' id='word_1_791' title='bbox 1081 2861 1156 2899; x_wconf 79' lang='lat' dir='ltr'><strong>Quod</strong></span> <span class='ocrx_word' id='word_1_792' title='bbox 1170 2862 1290 2899; x_wconf 73' lang='lat' dir='ltr'><strong>sequitur</strong></span> <span class='ocrx_word' id='word_1_793' title='bbox 1305 2861 1386 2891; x_wconf 77' lang='lat' dir='ltr'><strong>Omne</strong></span> <span class='ocrx_word' id='word_1_794' title='bbox 1413 2863 1549 2899; x_wconf 89' lang='lat' dir='ltr'><strong>posterius</strong></span> <span class='ocrx_word' id='word_1_795' title='bbox 1573 2868 1613 2891; x_wconf 87' lang='lat' dir='ltr'><strong>est</strong></span> <span class='ocrx_word' id='word_1_796' title='bbox 1627 2871 1697 2894; x_wconf 88' lang='lat' dir='ltr'><strong>anno</strong></span> <span class='ocrx_word' id='word_1_797' title='bbox 1719 2862 1782 2896; x_wconf 64' lang='lat'><strong>855,</strong></span> 
     </span>
    </p>
   </div>
   <div class='ocr_carea' id='block_1_118' title="bbox 997 2897 1242 2924">
    <p class='ocr_par' dir='ltr' id='par_1_118' title="bbox 997 2897 1242 2924">
     <span class='ocr_line' id='line_1_121' title="bbox 997 2897 1242 2924; baseline 0 0"><span class='ocrx_word' id='word_1_798' title='bbox 997 2899 1026 2924; x_wconf 85' lang='lat' dir='ltr'><strong>et</strong></span> <span class='ocrx_word' id='word_1_799' title='bbox 1046 2897 1164 2924; x_wconf 86' lang='lat' dir='ltr'><strong>anterius</strong></span> <span class='ocrx_word' id='word_1_800' title='bbox 1181 2898 1242 2924; x_wconf 76' lang='grc'><strong>857.</strong></span> 
     </span>
    </p>
   </div>
  </div>
