4094 6346
681 381 789 437 775

1785 373 1846 428 8.
1885 368 2164 428 EULOGII
2203 367 2528 426 ARCHIEP.
2570 367 2811 426 TOLET.

3780 381 3851 439 ΠΕ

682 492 1028 568 paternitatis
1054 490 1286 549 Venerio
1306 487 1670 559 Complutensi
1693 486 1944 557 episcopo
1972 485 2051 556 (2)
2081 482 2273 539 didici-
2298 485 2352 546 Α
2381 490 2463 538 ter
2492 455 2790 537 ad'coelum
2829 480 3147 545 ascendere,
3191 480 3460 537 Christum
3508 484 3657 553 adire,
3696 487 3857 565 ejusque

683 601 806 644 mus
835 584 942 655 (3),
989 583 1042 638 in
1086 583 1220 637 urbe
1264 580 1401 638 Osca
1429 579 1568 649 apud
1617 577 1869 647 oppidum
1917 575 2272 629 Barbitanum

684 679 819 735 duas
847 690 1061 732 sorores
1090 674 1325 745 virgines
1353 671 1520 726 fuisse
1540 670 1790 741 (quarum
1816 683 1921 723 una
1950 668 2026 739 (4)
2052 665 2270 733 Nunilo,

682 768 854 823 altera
886 767 1182 822 vocabatur
1207 762 1417 833 Alodia)
1451 770 1608 832 patre
1637 760 1854 830 quidem
1895 759 2113 830 gentili,
2151 774 2271 814 ma-

682 866 764 914 tre
798 872 929 914 vero
955 855 1262 918 Christiana
1289 853 1623 925 progenitas.
1659 852 1792 919 Quae
1826 852 1954 906 dum
1980 859 2102 920 post
2127 865 2273 906 mor-

684 959 792 1006 tem
823 949 970 1020 impii
994 947 1253 1018 parentis;
1274 954 1449 1002 mater
1469 960 1656 1001 earum
1685 944 1979 1001 secundum
1997 951 2052 997 et
2080 954 2106 983 ι
2132 956 2271 1014 gen-

683 1041 901 1097 tilitium
928 1038 1068 1095 inire
1091 1037 1419 1095 connuhium
1445 1077 1460 1102 ,
1510 1050 1614 1092 nec
1646 1035 1816 1092 libere
1857 1043 2080 1107 possent
2110 1035 2271 1090 ﬁdem

682 1133 883 1190 Christi
911 1141 1117 1196 tenere,
1142 1131 1395 1186 obstante
1424 1129 1702 1184 cervicoso
1725 1127 1935 1183 victrici
1955 1126 2272 1198 paganismo

682 1226 814 1298 (jam
836 1225 979 1280 enim
1013 1222 1180 1278 animi
1208 1221 1505 1294 puellarum
1537 1236 1567 1276 a
1601 1223 1691 1291 pio
1719 1219 1920 1276 Christi
1958 1219 2103 1275 fonte
2148 1217 2274 1273 irri-

681 1314 1007 1388 gabantur);
1036 1321 1219 1385 spreto
1245 1321 1494 1368 materno
1522 1312 1685 1369 cubili
1717 1312 1794 1384 (5)
1824 1311 2120 1366 nutritione
2149 1324 2268 1364 ma-

679 1414 894 1463 tertera:
916 1422 1028 1462 sua:
1063 1404 1373 1460 ﬁdelissime
1395 1405 1725 1461 refoventur.
1757 1403 1905 1460 Illico
1933 1417 2122 1459 earum
2146 1416 2272 1457 san-

679 1506 765 1556 cta
789 1497 1013 1554 infantia
1039 1497 1257 1554 Christo
1278 1497 1509 1553 Domino
1529 1496 1698 1567 cmpit
1719 1494 1951 1551 ﬁdeliter
1968 1494 2270 1559 adhaerere,

679 1597 735 1645 et
769 1587 980 1658 paterni
1007 1586 1187 1643 oblitae
1216 1588 1375 1654 ritus,
1401 1586 1656 1643 Cruciﬁxi
1699 1586 2012 1658 religionem
2041 1585 2271 1640 tenerri-

678 1679 785 1734 mis
821 1686 876 1734 et
904 1677 1258 1735 sanctiﬁcatis
1283 1678 1558 1733 mentibus
1589 1685 1931 1748 reponentes,
1961 1675 2162 1730 illibate
2182 1689 2270 1729 cu-

676 1769 902 1826 stodire.
951 1769 1021 1826 Et
1055 1769 1313 1840 quoniam
1344 1769 1603 1824 natalium
1642 1768 1823 1823 infulis
1851 1765 2265 1837 praapollebant,

2372 569 2858 625 inconvulsibiliter
2918 570 3184 625 inhzerere
3249 572 3630 642 amplexibus.»
3684 579 3855 646 Quarum

2372 662 2734 719 constantiam
2779 662 2902 718 ﬁdei
2946 678 3150 734 praeses
3196 664 3555 736 virtutemque
3593 672 3856 740 professionis

2369 759 2678 824 advertens,
2707 758 3031 828 quibusdam
3059 757 3388 814 mulierculis
3415 760 3610 831 profani
3635 766 3743 821 ritus
3762 772 3858 838 peri.

2371 851 2446 905 tia
2472 849 2747 920 praeditis,
2775 849 3052 921 sigillatim
3081 863 3176 906 eas
3205 851 3542 908 instruendas
3565 860 3855 928 commendat,

2370 949 2426 996 et
2451 941 2755 997 terroribus
2779 939 2978 1012 quibus
3013 949 3193 1012 potest
3217 983 3231 1009 ,
3272 959 3340 998 ne
3363 944 3575 1001 alternis
3605 957 3684 1002 aut
3701 951 3854 1019 cujusli-

2369 1031 2464 1088 bet
2491 1031 2729 1088 ﬁdelium
2757 1028 3053 1086 lulciantur
3092 1032 3401 1104 colloquiis,
3440 1035 3684 1092 admonet.
3709 1039 3856 1097 Mulier-

2371 1126 2506 1183 cula:
2525 1142 2655 1182 vero
2676 1125 3034 1197 suscipientes
3059 1127 3298 1200 virgines
3319 1129 3538 1198 Christi,
3565 1136 3766 1208 sacrilegi
3787 1141 3855 1194 cu].

2370 1226 2458 1273 tus
2509 1217 2752 1287 quotidie
2796 1232 3129 1274 venenosum
3177 1221 3370 1292 dogma
3414 1222 3492 1278 eis
3536 1238 3782 1294 exponunt,
3814 1247 3854 1286 ac

2370 1308 2616 1379 pervigili
2639 1324 2770 1364 cura
2797 1309 3008 1366 caelesti
3026 1310 3140 1380 jam
3164 1327 3365 1368 manna
3401 1313 3607 1372 refectis
3625 1318 3778 1376 cloaca
3790 1337 3851 1390 pu-

2370 1399 2587 1456 trientis
2619 1400 2874 1471 poculum
2919 1402 3269 1474 propinantes
3299 1443 3316 1470 ,
3372 1420 3522 1462 casso
3557 1423 3856 1468 consumuntur

2368 1489 2574 1548 labore.
2599 1491 2706 1548 Sed
2735 1493 2876 1548 hanc
2907 1493 3123 1550 illarum
3167 1495 3518 1565 pertinaciam
3546 1501 3727 1570 praesidi
3762 1503 3852 1559 rele-

2370 1583 2619 1640 rentibus
2650 1583 3015 1651 mulierculis,
3046 1594 3167 1657 post
3192 1588 3480 1646 nonnullos
3503 1589 3609 1647 dies
3626 1593 3852 1664 virginesin

2370 1673 2546 1730 forum
2578 1675 2785 1731 eductae
2806 1717 2821 1744 ,
2848 1676 2903 1732 in
2925 1677 3296 1746 spectaculum
3325 1679 3585 1750 publicum
3605 1685 3852 1740 constituun-

2371 1772 2482 1831 tur,
2512 1774 2570 1820 et
2599 1765 2876 1822 Christum
2917 1767 3240 1824 conﬁtentes
3261 1810 3275 1832 ,
3321 1778 3376 1824 et
3405 1771 3601 1827 hostem
3638 1773 3735 1827 ﬁdei
3757 1775 3853 1829 dete-

677 1859 1012 1929 summisque
1033 1858 1356 1930 dignitatum
1386 1859 1596 1916 facibus
1623 1859 2008 1922 enitescebant,
2042 1872 2148 1912 non
2169 1871 2265 1926 po-
2291 1853 2342 1914 B
2368 1863 2573 1912 stantes
2598 1856 2696 1927 (6),
2721 1859 2820 1914 sub
2843 1858 2951 1914 ictu
2975 1859 3138 1932 gladii
3155 1860 3185 1902 Β
3213 1872 3532 1948 corruerunt
3556 1861 3625 1935 (7)
3647 1865 3849 1920 undecimo

675 1949 782 2004 tuit
805 1949 1122 2006 delitescere
1166 1950 1290 2006 urbi
1324 1949 1536 2004 illarum
1585 1951 1923 2020 propositum
1950 1990 1964 2015 ,
1986 1947 2264 2004 redolente

676 2057 743 2098 ac
771 2042 1044 2098 relucente
1071 2041 1487 2098 conversatione
1515 2050 1716 2098 sanctae
1747 2041 1870 2097 ﬁdei
1901 2056 2063 2112 quam
2110 2054 2265 2113 gere-

675 2134 826 2189 bant.
865 2131 1142 2204 Siquidcm
1179 2131 1495 2204 primaevum
1534 2132 1915 2187 adolescentiae
1939 2129 2126 2186 ﬁorem
2147 2129 2263 2199 jam

672 2223 983 2294 attigerant,
1014 2231 1070 2279 et
1093 2230 1260 2279 totam
1284 2237 1422 2294 pene
1451 2223 1784 2293 provinciam
1831 2238 2018 2278 rumor
2059 2221 2264 2278 sancti-

672 2315 800 2371 tatis
827 2329 1015 2370 earum
1043 2313 1360 2372 impleverat
1388 2331 1402 2368 :
1436 2314 1726 2383 cunctique
1759 2312 2070 2383 stupebant,
2097 2311 2262 2384 gemi-

671 2407 876 2462 minum
898 2420 1144 2461 rosarum
1167 2405 1464 2475 prosiliisse
1476 2407 1727 2461 decorem
1744 2421 1811 2460 ex
1825 2405 2102 2474 vepribus.
2120 2403 2258 2460 Hinc

670 2497 948 2568 zelotypus
966 2495 1138 2552 hostis
1156 2497 1411 2566 antiquus
1439 2511 1660 2552 suorum
1679 2496 2046 2551 membrorum
2070 2495 2258 2551 dolens

662 2589 960 2661 jacturam,
1002 2590 1127 2645 dum
1157 2603 1254 2658 per
1278 2597 1517 2645 terrores
1549 2588 1841 2659 praesidum
1882 2587 2069 2643 invido
2114 2588 2257 2644 arbi-

667 2689 808 2736 tratu
836 2696 994 2752 posse
1029 2682 1303 2737 immutari
1328 2683 1442 2754 jam
1468 2683 1824 2753 przesignatas
1860 2683 1928 2738 ad
1955 2683 2255 2738 thalamum

662 2772 847 2842 θροηδί
871 2773 1055 2828 aeterni
1081 2773 1323 2839 conﬁdit,
1357 2774 1580 2828 dilatum
1611 2774 1893 2844 praemium
1922 2789 2020 2844 per
2047 2783 2254 2830 mortes

663 2879 887 2934 asperas
912 2865 1286 2932 accelerando,
1308 2865 1608 2938 virginibus
1633 2866 1802 2922 sacris
1829 2866 2071 2922 adducit.
2101 2865 2253 2922 ldeo-

663 2968 772 3027 que
791 2966 1101 3014 sanctarum
1126 2957 1394 3031 virginum
1417 2975 1637 3015 causam
1663 2959 1922 3024 instantia
1951 2959 2248 3016 satellitum

661 3062 882 3103 suorum
913 3050 1171 3120 praefecto
1194 3051 1344 3106 urbis
1383 3051 1643 3118 insinuat,
1673 3053 1766 3122 qui
1811 3052 1957 3108 illico
2000 3053 2118 3109 suis
2156 3067 2250 3108 eas

659 3139 918 3195 assistere
963 3140 1241 3197 obtutibus
1278 3141 1454 3212 jubet.
1516 3141 1663 3210 Quas
1685 3158 1824 3198 vana
1885 3144 2246 3214 promissione

663 3247 950 3288 munerum
991 3233 1202 3289 illicere‘
1226 3242 1460 3301 tentans,
1506 3250 1571 3290 ac
1595 3235 1818 3306 perinde
1845 3247 1912 3292 ae
1941 3252 2123 3292 rerum
2148 3253 2244 3293 co-

659 3324 789 3395 piis,
811 3333 865 3378 et
887 3325 1304 3381 clarissimorum
1320 3325 1583 3396 juvenum
1605 3316 1885 3382 connubiis
1905 3327 2244 3396 adhortatur,

662 3414 710 3470 si
736 3415 804 3470 ab
834 3413 936 3472 hac
983 3415 1242 3487 religione
1265 3416 1466 3472 Christi
1499 3416 1708 3472 animos
1751 3428 2090 3486 avocassent,
2120 3436 2241 3490 pro«

657 3502 792 3574 priis
821 3503 1008 3575 utique
1056 3505 1328 3561 natalibus
1360 3505 1580 3560 redditae
1605 3545 1621 3571 ,
1681 3507 1902 3578 insuper
1947 3510 2241 3568 multarum

657 3595 966 3651 divitiarum
998 3593 1268 3652 allluentia
1302 3596 1624 3652 ditarentur.
1658 3597 1716 3654 Si
1746 3615 1874 3657 vero
1895 3603 2242 3672 pertinaciori

655 3686 850 3757 spiritu
877 3688 1184 3743 consultum
1213 3689 1461 3760 praesidis
1491 3691 1932 3759 conculcassent,
1970 3694 2025 3748 in
2056 3695 2246 3751 ultimo

656 3777 744 3832 die
777 3778 1178 3834 excruciatione
1207 3786 1595 3835 tormentorum
1623 3779 1871 3848 addicta',
1896 3781 1964 3837 ad
1994 3781 2244 3839 ultimum

657 3866 835 3937 gladio
860 3869 1075 3924 vindice
1104 3869 1410 3925 interirent.
1451 3869 1549 3925 Cui
1575 3871 1749 3926 beata:
1785 3871 2024 3944 virgines
2054 3881 2244 3930 sancto

656 3955 861 4028 Spiritu
880 3958 1152 4026 animatae,
1168 3970 1483 4016 constantes
1496 3971 1551 4016 et
1566 3963 1846 4035 intrepidae
1876 3965 1976 4020 sub
1993 3981 2099 4020 una
2115 3982 2245 4022 con-

654 4044 893 4102 fessione
917 4047 1172 4103 dixerunt
1198 4066 1212 4104 :
1241 4069 1259 4102 ι
1290 4049 1568 4118 Quomodo
1590 4069 1710 4122 nos,
1734 4071 1958 4126 praeses,
1983 4072 2012 4111 a
2041 4058 2242 4129 pietate

659 4135 756 4191 Dei
798 4138 958 4210 jubes
1006 4149 1286 4207 avertere,
1340 4159 1476 4213 quas
1519 4145 1690 4216 pietas
1754 4156 1940 4202 sancta
1989 4164 2086 4204 suo
2155 4149 2259 4204 lu--

657 4226 804 4282 mine
825 4229 1204 4298 perlustrando
1228 4231 1358 4288 fecit
1383 4249 1713 4306 cognoscere
1761 4238 1894 4292 nihil
1926 4255 2047 4295 esse
2077 4241 2240 4296 Chri-

655 4323 742 4370 sto
769 4317 988 4374 divitius
1008 4361 1023 4387 ,
1065 4321 1200 4376 nihil
1240 4322 1347 4378 ﬁde
1375 4323 1682 4380 Christiana
1719 4326 1930 4383 felicius
1954 4345 2050 4400 per
2077 4346 2242 4400 quam

647 4407 781 4480 justi
805 4409 1029 4475 vivunt,
1078 4426 1176 4483 per
1213 4431 1378 4485 quam
1404 4417 1575 4473 sancti
1605 4432 1770 4488 regna
1794 4420 2080 4477 vicerunt?
2113 4423 2242 4481 Sine

654 4511 763 4585 quo
807 4498 916 4554 vita
958 4501 1104 4556 nulla
1151 4512 1257 4570 est,
1305 4505 1422 4561 sine
1458 4521 1564 4576 quo
1603 4523 1750 4564 mors
1773 4522 2032 4580 perpetua
2076 4515 2236 4585 viget.

653 4582 790 4641 Cum
815 4602 922 4658 quo
943 4604 1194 4658 manere,
1237 4601 1292 4647 et
1319 4594 1372 4648 in
1400 4609 1507 4664 quo
1529 4595 1732 4662 vivere,
1765 4598 2016 4656 solatium
2054 4582 2240 4661 verum

651 4684 778 4744 est;
809 4693 839 4732 a
872 4696 980 4750 quo
1017 4683 1276 4738 recedere
1312 4691 1517 4740 aeterna
1562 4688 1795 4757 perditio
1833 4701 1917 4746 est
1960 4711 1973 4747 :
2027 4709 2057 4748 a
2088 4696 2244 4767 cujus

652 4769 932 4824 consortio
964 4771 1078 4842 jam
1123 4787 1222 4827 nos
1264 4773 1316 4827 in
1361 4774 1463 4830 hac
1479 4776 1610 4831 "vita
1651 4779 1960 4839 nullatenus
1988 4786 2240 4844 discede-

658 4877 798 4928 mus,
833 4863 961 4934 quia
996 4865 1100 4935 ipsi
1129 4865 1492 4938 integritatem
1519 4879 1760 4930 nostram
1787 4878 2095 4949 credentes,
2123 4883 2242 4953 ejus

651 4955 978 5025 quandoque
1008 4956 1260 5014 thalamis
1281 4973 1562 5029 speramus
1595 4965 1977 5025 admittendas.
2002 4970 2136 5026 Nam
2159 4990 2244 5030 re-

652 5057 771 5098 rum
802 5044 1098 5100 labentium
1138 5049 1456 5118 commoda,
1498 5053 1696 5124 quibus
1734 5047 1832 5112 nos
1856 5058 2058 5116 illicere
2083 5077 2238 5119 autu-

651 5151 801 5202 mas,
846 5151 945 5206 pro
963 5138 1132 5194 nihilo
1172 5147 1514 5212 reputantes,
1543 5161 1610 5201 eo
1656 5147 1851 5205 intuitu
1901 5155 2236 5225 spernimus,

650 5226 776 5298 quia
803 5231 1151 5300 cognovimus
1178 5234 1361 5289 omnia
1384 5251 1522 5291 vana
1565 5253 1686 5295 esse
1715 5243 1816 5298 sub
1851 5245 1979 5300 sole.
2032 5246 2139 5305 Nec
2170 5251 2239 5306 de

649 5332 931 5388 poenarum
959 5325 1379 5382 comminatione
1419 5329 1703 5387 turbamur
1722 5375 1738 5401 ,
1783 5352 1944 5407 quam
1975 5341 2041 5395 ad
2069 5344 2238 5398 modi-

651 5423 773 5465 cum
805 5411 987 5467 valere
1013 5418 1391 5486 cognoscimus
1416 5436 1430 5473 :
1476 5421 1720 5492 quinimo
1763 5427 1934 5498 ipsam
1965 5445 2193 5489 mortem
2217 5475 2233 5501 ,

650 5515 811 5570 quam
838 5503 1028 5560 ultimo
1053 5514 1261 5564 terrore
1283 5513 1572 5582 proponis,
1597 5529 1662 5571 eo
1688 5521 1996 5588 gratissimo
2008 5535 2236 5595 exopta-

650 5607 772 5650 mus
799 5593 1024 5664 affectu,
1055 5613 1162 5668 quo
1187 5602 1462 5662 credimus
1483 5621 1584 5664 nos
1609 5623 1709 5680 per
1731 5610 1876 5668 illam
1910 5593 2230 5676 incunctan-

722 5715 750 5777 ξ
791 5702 999 5777 Schott.
1030 5709 1320 5777 gentilium.

722 5773 752 5830 ι»
791 5773 1000 5832 Scholt.
1028 5773 1306 5835 corruunt.

2315 1947 2318 1952 ’
2366 1947 2625 2005 kalendas
2671 1951 3016 2019 novembris,
3064 1969 3173 2009 aera
3214 1970 3322 2026 qua
3361 1970 3517 2026 supra
3565 1957 3648 2028 (8).
3685 1955 3848 2024 Quarum

2365 2055 2594 2113 corpora
2617 2041 2756 2108 loco,
2781 2058 2888 2112 quo
2910 2044 3259 2113 deciderant,
3292 2047 3542 2103 derelicta
3561 2090 3574 2112 ,
3596 2063 3763 2103 summo
3782 2037 3860 2101 mi?

2365 2128 2519 2186 litum
2549 2131 2916 2187 observantur
2955 2134 3134 2189 studio
3154 2175 3169 2200 ,
3219 2150 3290 2191 ne
3317 2135 3594 2192 Christiani
3622 2137 3677 2191 ad
3711 2137 3848 2192 emolu-

2362 2227 2603 2275 mentum
2633 2223 3085 2291 patrocinationis
3132 2223 3321 2280 furtim
3351 2239 3444 2282 eas
3484 2227 3784 2298 surriperent,
3810 2237 3844 2280 et

2362 2309 2740 2365 reconderent.
2774 2311 2979 2366 Ferunt
3005 2321 3185 2368 tamen
3231 2316 3376 2386 quod
3406 2315 3490 2370 illa
3525 2317 3754 2387 virginalia
3782 2331 3842 2370 ca-

2360 2399 2557 2456 davera
2586 2401 2643 2456 in
2677 2401 2819 2469 loco,
2851 2418 2958 2473 quo
2987 2405 3056 2459 ab
3085 2405 3328 2463 ethnicis
3366 2406 3486 2462 altis
3525 2407 3754 2463 scrobibus
3771 2420 3843 2459 ma-

2358 2491 2442 2563 gis
2464 2492 2777 2550 abscondita
2806 2511 2967 2566 quam
2997 2498 3216 2553 humata
3241 2509 3388 2566 sunt,
3410 2501 3566 2572 signis
3587 2509 3634 2554 et
3650 2498 3842 2554 miraculis

2357 2593 2678 2652 coruscant,
2711 2598 2766 2642 ct
2793 2587 3020 2660 gloriam
3064 2591 3312 2646 emerita:
3345 2591 3694 2648 consolationis
3728 2591 3840 2645 virtu-

2356 2682 2470 2730 tum
2504 2675 2795 2733 efﬁcientia
2835 2686 2944 2734 tam
2970 2680 3219 2738 ﬁdelibus
3261 2699 3420 2754 quam
3451 2685 3700 2756 gentilibus
3717 2693 3839 2739 osten-

2355 2773 2490 2821 tant.
2529 2767 2635 2822 Per
2675 2770 2962 2826 Dominum
3005 2782 3254 2829 nostrum
3297 2775 3477 2831 Iesum
3508 2774 3838 2845 Christutn,qui

2351 2854 2486 2910 vivit
2508 2871 2630 2911 cum
2670 2856 2832 2913 Patre
2872 2868 2928 2915 et
2967 2857 3176 2931 Spiritu
3203 2873 3396 2922 sancto
3432 2879 3562 2921 unus
3580 2865 3696 2922 Deus
3714 2864 3835 2920 insa-

2350 2946 2469 3002 cula
2501 2948 2849 3006 saeculorum.
2875 2951 3072 3009 Amen.

2938 3063 3170 3124 CAPUT
3218 3068 3353 3126 VIII.

2413 3146 2586 3205 Vitam
2611 3154 2837 3210 continet
2877 3158 3260 3233 eLpassionep}
3297 3171 3583 3217 sanctorum
3607 3161 3799 3233 virginum

2893 3225 3070 3283 Flora:
3097 3239 3146 3283 et
3190 3230 3402 3288 Maria.

2349 3308 2608 3393 Consulto
2635 3315 2937 3393 omittim_us
2965 3333 3204 3388 praesens
3233 3331 3396 3393 caput
3423 3317 3831 3393 illudinferiusedi-

2419 3383 2528 3462 turi
2555 3399 2659 3438 una
2686 3401 2809 3465 cum
2854 3383 3192 3465 Documento
3219 3383 3518 3465 ma‘rtyriali
3538 3392 3589 3447 S.
3614 3389 3826 3465 Doctoris:

2417 3451 2573 3578 cuqu
2599 3457 2811 3513 consilii
2834 3460 3102 3516 rationem
3131 3451 3677 3536 suprareildidimusin
3687 3460 3830 3518 monito

2417 3538 2518 3578 nos
2545 3539 2625 3578 ro.

2417 3538 2625 3581 ιιοειτο.

2948 3623 3180 3681 CAPUT
3227 3625 3323 3683 IX.

2418 3705 2768 3765 Gumeaindus
2803 3709 3104 3782 Toletanus,
3131 3725 3178 3770 et
3215 3716 3411 3776 Servus
3444 3717 3552 3784 Dei,
3583 3714 3784 3773 Cordubae

3059 3803 3226 3856 passi.

2419 3887 2652 3945 Sanctus
2699 3890 3066 3951 Gumesindus
3108 3899 3396 3972 presbyter
3433 3916 3496 3956 ex
3534 3898 3698 3972 nppido
3727 3893 3832 3952 Τοιε·

2348 3984 2474 4033 tano
2507 3978 2636 4034 olim
2657 3994 2780 4035 cum
2808 3990 3039 4053 utroque
3067 3998 3296 4056 parente
3315 4005 3448 4061 puer
3474 3989 3629 4044 adhuc
3651 3981 3832 4058 parvulus

2345 4067 2650 4125 Cordubam
2689 4072 2930 4139 veniens,
2959 4075 3138 4132 votivo
3162 4080 3463 4150 genitorum
3492 4079 3660 4135 affectu
3682 4089 3756 4147 per
3767 4075 3828 4126 SI-

2343 4175 2496 4215 crum
2537 4161 2823 4220 clericatus
2865 4167 3110 4224 ordinem
3153 4171 3360 4229 caelesti
3409 4173 3648 4242 ascriptus
3690 4162 3831 4222 militia

2343 4253 2486 4321 apud
2533 4253 2811 4311 basilicam
2839 4269 3150 4318 sanctorum
3185 4265 3348 4320 trium
3385 4266 3482 4338 (1),
3525 4279 3615 4335 qua
3645 4261 3827 4316 Faustus.

2341 4341 2646 4408 Januarius,
2675 4354 2730 4400 et
2755 4346 3014 4406 Martialis
3047 4363 3320 4426 martyres
3342 4353 3722 4429 prtesentialibus
3749 4360 3829 4409 cor;

2340 4449 2532 4504 porum
2573 4452 2797 4493 suorum
2835 4440 3036 4498 favillis
3065 4445 3370 4515 quiescunt,
3414 4449 3563 4519 digna
3597 4443 3828 4516 ρωάεεοείμ

2347 4541 2466 4580 rum
2504 4528 2823 4587 educatione
2866 4531 2921 4588 in
2973 4533 3068 4590 Dei
3115 4536 3310 4594 timore
3352 4539 3600 4594 clarescit.
3638 4533 3714 4589 Ubi
3749 4532 3830 4597 P0“

2345 4618 2562 4688 aliquod
2591 4630 2799 4692 tempus
2829 4625 2883 4679 in
2916 4635 3104 4684 sancto
3137 4630 3369 4687 diaconii
3408 4627 3676 4687 ministerio
3699 4633 3828 4677 consc-

2341 4718 2546 4777 cratus,
2574 4711 2790 4767 demum
2814 4712 3096 4784 cujusdam
3120 4719 3198 4791 (2)
3223 4720 3524 4792 Campania:
3550 4705 3828 4774 Cordubensis

2339 4799 2597 4857 Ecclesia:
2649 4805 2906 4862 sacerdos
2957 4809 3271 4868 adolescens
3311 4812 3605 4883 praeﬁcitur.
3653 4802 3747 4859 [nde
3781 4795 3824 4849 ad

2338 4891 2527 4946 urbem
2561 4894 2893 4952 descendens
2921 4913 3045 4953 cum
3097 4901 3257 4958 beato
3299 4903 3466 4959 Servo
3494 4901 3579 4957 Dei
3611 4891 3822 4954 monacho.

2339 4984 2434 5055 qui
2491 4994 2618 5041 tunc
2664 4987 2720 5041 in
2759 4991 3070 5060 supradicto
3116 4997 3467 5052 sanctuarioc
3498 4995 3650 5051 adhuc
3672 4980 3824 5056 juvenis

2342 5090 2462 5130 cum
2493 5074 2663 5132 Paulo
2689 5081 3004 5152 presbytero
3027 5085 3265 5143 reclusus
3291 5087 3550 5156 manebat,
3578 5074 3822 5154 principibui

2343 5174 2396 5221 et
2417 5166 2690 5237 judicibus
2719 5169 2877 5226 ambo
2906 5175 3244 5244 assistentes,
3275 5180 3373 5234 sub
3397 5176 3692 5234 confessione
3713 5173 3819 5220 ανξιε-

2341 5272 2525 5312 rorum
2560 5262 2863 5317 occubuere
2902 5264 3079 5321 idibus
3095 5267 3329 5336 januarii
3352 5271 3455 5342 (5),
3484 5283 3578 5323 :era
3619 5261 3817 5326 οςιίιιεεη·

2343 5351 2533 5406 tesima
2565 5356 2932 5423 nonagesima.
2965 5359 3202 5426 Quorum
3229 5380 3449 5435 corpora
3482 5362 3638 5418 furtim
3663 5372 3686 5410 a
3710 5346 3814 5407 Chfi'

2343 5443 2535 5498 stianis
2565 5446 2795 5513 sublata,
2837 5449 2888 5504 in
2916 5451 3139 5508 basilica
3171 5458 3339 5514 sancti
3366 5449 3690 5524 Christophori
3717 5452 3812 5498 mar-

2344 5533 2495 5602 ιγτίε.
2527 5551 2646 5605 qua:
2673 5547 2757 5593 est
2800 5539 2937 5596 ultra
2968 5559 3181 5601 amnem
3221 5550 3272 5604 in
3297 5558 3445 5620 parte
3471 5544 3732 5603 meridiana,
3753 5546 3807 5588 ιἐ·

2339 5624 2530 5695 ligioso
2568 5628 2713 5684 cultu
2741 5643 2959 5690 exstant
2987 5641 3283 5697 recondita.

2341 5807 2352 5818 ο
2403 5751 2431 5821 Ac
2455 5738 2785 5821 Sanctorum
2822 5748 2986 5806 trium
3018 5749 3206 5812 Fausti
3251 5765 3302 5813 et
3337 5753 3582 5814 Comitum
3619 5734 3802 5814 temle

2337 5809 2606 5888 intelligit.
2635 5813 2848 5874 MOltAL.
