4094 6346
330 377 432 434 777

291 445 296 450 ’
445 567 448 570 ρ
675 561 682 570 η
947 492 1174 572 CAPUT
1215 494 1280 548 x.

412 585 490 642 De
521 585 716 642 sanctis
752 573 1070 663 martyribus
1107 587 1563 663 Aurelio,_Felice,
1591 589 1831 663 Georgio,

758 656 1131 726 Sabigothone,
1170 668 1218 712 et
1256 658 1475 714 Liliosa.

405 774 454 828 l.
480 767 605 828 Fuit
630 780 892 841 praeterea
918 771 994 843 (l)
1017 773 1233 842 quidam
1243 774 1477 844 juvenis,
1499 775 1715 829 nomine
1738 774 1906 829 Aure-

348 865 454 930 ius,
492 863 761 918 natalibus
788 871 842 917 et
872 863 1032 918 rebus
1061 863 1307 934 plurimis
1342 863 1690 920 antecellens.
1723 864 1821 920 llic
1850 863 1904 918 in

349 953 558 1008 nfantia
598 961 770 1008 matre
794 952 1124 1019 Christiana,
1171 962 1224 1008 et
1251 963 1408 1024 patre
1437 954 1623 1026 gentili
1659 949 1902 1019 orbatus,

328 1045 496 1101 tutela
524 1043 702 1100 amitae
729 1061 839 1100 sua:
868 1046 1181 1101 fidelissime
1220 1051 1392 1117 usque
1441 1047 1494 1100 in
1525 1047 1696 1102 annos
1721 1035 1903 1102 adole-

327 1127 549 1192 scentiae
587 1130 888 1202 fovebatur,
918 1138 1309 1196 docebaturaue
1344 1137 1617 1193 Christum
1641 1137 1907 1193 veraciter

328 1228 557 1284 credere
590 1226 757 1281 Deum
784 1245 797 1280 :
829 1242 926 1282 nec
972 1237 1167 1298 praeter
1194 1229 1493 1284 Ecclesiam
1523 1229 1712 1286 salutis
1742 1227 1904 1293 viam,

326 1326 385 1373 et
406 1318 510 1374 iter
543 1317 696 1389 regni
723 1317 958 1373 cmlestis
995 1317 1121 1374 alibi
1147 1334 1306 1390 posse
1345 1320 1592 1391 reperiri,
1626 1321 1904 1376 imbuitur.

325 1399 482 1474 Quod
507 1405 883 1462 documentum
922 1409 1242 1464 venerabilis
1269 1409 1404 1479 puer
1442 1410 1684 1480 apprime
1717 1411 1906 1474 ebibit,

326 1497 404 1552 ita
428 1506 489 1553 ut
511 1497 638 1552 licet
662 1491 891 1552 Arabica
917 1494 1242 1553 erudiendus
1267 1499 1572 1553 litteratura
1604 1499 1910 1554 traderetur

325 1588 647 1658 cogentibus
673 1585 940 1650 amnibus,
968 1585 1267 1642 insontibus
1294 1596 1471 1642 tamen
1497 1581 1774 1658 praefixam
1801 1601 1910 1644 c02-

324 1671 458 1729 litus
507 1674 702 1729 animis
751 1674 875 1729 ﬁdei
919 1672 1120 1730 sanctae
1167 1677 1416 1731 notitiam
1465 1676 1609 1730 nulla
1655 1678 1910 1731 vanitatis

329 1761 584 1834 ﬁgmenta
635 1764 921 1817 immutare
968 1761 1256 1833 quiverunt
1298 1780 1306 1788 ’
1345 1763 1440 1819 sed
1485 1764 1649 1818 corde
1698 1769 1911 1833 semper

1335 364 1758 438 unimanus
1801 358 2243 444 sancronuii.
2284 414 2352 426 —
2388 369 2510 442 Lm.
2555 387 2614 444 ιι.

1927 506 1974 565 Α
2003 499 2295 569 appellans,
2344 493 2468 554 licet
2495 494 2706 568 publice
2745 498 2971 571 paganis
2999 500 3445 573 admiscerentur,
3489 517 3581 579 ge.

3469 336 3576 454 iis

2009 590 2224 644 stabant
2243 605 2372 645 vero
2399 590 2580 645 animo
2601 589 2825 645 flrmiori
2869 592 3082 662 utrique
3121 594 3335 664 pietatis
3365 597 3580 668 religio-

2007 696 2151 735 nem.
2199 679 2351 736 Hanc
2396 680 2497 737 sibi
2539 681 2771 752 puellam
2817 683 3141 739 venerabilis
3177 683 3413 752 juvenis,
3455 687 3580 755 jure

2007 773 2404 845 conjugalitatis
2429 776 2721 839 asciscens,
2749 775 3030 846 completis
3075 778 3405 846 sponsalium
3445 779 3576 834 titu-

2008 859 2095 929 lis,
2124 865 2517 934 arrharumque
2540 865 2762 935 pignore
2788 866 3073 920 alternanti
3115 866 3167 921 in
3219 867 3450 922 invicem
3494 885 3584 923 ex-

2011 954 2276 1009 hibitione
2303 955 2605 1010 contradita
2633 955 2886 1027 legitima,
2920 955 2986 1010 ad
3015 956 3261 1010 ultimum
3277 957 3580 1013 ministerio

2008 1043 2348 1100 sacerdotum
2394 1059 2461 1098 ex
2505 1060 2656 1099 more
2699 1054 3003 1109 sacrantur,
3050 1045 3234 1115 sicque
3274 1062 3389 1115 pari
3433 1062 3580 1102 como

2009 1133 2214 1188 mercio
2261 1133 2441 1204 aliquo
2468 1141 2712 1204 tempore
2760 1134 3002 1189 claucule
3046 1135 3204 1188 [idem
3249 1135 3448 1191 Christi
3486 1153 3581 1208 ge—

2009 1229 2210 1285 rentes,
2248 1237 2353 1276 non
2384 1223 2633 1277 Omnibus
2661 1237 2915 1277 arcanum
2953 1239 3063 1278 suae
3114 1223 3236 1279 fidei
3280 1226 3587 1284 revelabant

2010 1313 2188 1368 carnis
2234 1313 2548 1369 infirmitate
2590 1314 2848 1384 depressi,
2882 1331 2987 1370 non
3019 1316 3374 1372 diminutione
3401 1319 3588 1389 utique

2009 1403 2137 1457 voti.

2079 1494 2134 1549 4.
2176 1493 2301 1551 Fuit
2329 1505 2511 1552 autem
2542 1496 2702 1552 beato
2727 1497 2945 1554 Aurelio
2976 1498 3256 1570 proximus
3284 1504 3481 1572 genere
3505 1500 3590 1556 vir

2011 1583 2248 1654 quidam,
2282 1587 2498 1641 nomine
2531 1586 2699 1653 Felix,
2749 1599 2933 1644 sancta
2985 1590 3206 1660 insuper
3243 1591 3417 1646 eidem
3457 1590 3590 1646 dile-

2011 1674 2188 1728 ctione
2215 1690 2506 1742 connexus,
2549 1678 2642 1747 qui
2665 1680 2948 1734 occasione
2975 1680 3172 1734 diaboli
3200 1680 3255 1733 in
3287 1679 3392 1735 fide
3419 1679 3591 1735 vacil-

2011 1764 2149 1830 lans,
2179 1783 2302 1820 cum
2346 1778 2532 1837 postea
2564 1768 2767 1837 lapsum
2794 1772 3254 1839 praevaricationis
3281 1787 3392 1826 suae
3430 1771 3592 1826 altius

327 1857 790 1913 Christianismum
820 1855 976 1911 suum
1005 1864 1303 1922 retentans,
1335 1871 1458 1911 cum
1504 1854 1572 1909 ad
1611 1853 1782 1910 solam
1819 1855 1910 1910 de-
1941 1841 1985 1899 Β
2015 1854 2333 1924 suspiraret,
2385 1855 2672 1910 ultranon
2704 1859 2878 1927 potuit
2927 1858 3109 1928 patulo
3137 1874 3428 1929 congressu
3474 1861 3594 1915 reli-

325 1949 588 2003 risionem
609 1959 635 1986 ι
663 1939 998 2001 meditationi
1027 1945 1390 2016 perituraruin
1415 1946 1686 2001 insisteret
1707 1946 1912 2000 litterae

327 2053 476 2103 rum,
499 2051 565 2092 eo
593 2036 822 2105 amplius
846 2028 898 2090 iii
925 2041 1165 2091 amorem
1193 2036 1510 2090 Chris‘tianze
1539 2036 1659 2090 fidei
1690 2036 1914 2092 exarde-

323 2132 535 2197 scebat,
580 2145 688 2201 quo
715 2129 973 2199 liquidius
1019 2129 1372 2184 deliramenta
1406 2128 1649 2198 perversi
1693 2128 1914 2199 dogma-

327 2222 402 2276 tis
452 2221 707 2292 probans,
761 2219 1012 2275 subtilem
1045 2219 1412 2275 1>dazmoniosi
1460 2219 1602 2274 illius
1643 2217 1910 2273 fallaciam

323 2310 662 2379 advertebat.
710 2310 778 2364 Et
809 2325 930 2365 cum
960 2326 1069 2365 non
1107 2317 1290 2380 posset
1316 2308 1527 2379 publice
1554 2308 1759 2364 cultum
1787 2307 1909 2363 fidei

323 2415 538 2471 gerere,
579 2401 778 2471 ubique
819 2410 997 2457 tamen
1043 2402 1139 2456 Dei
1183 2400 1555 2456 sacerdotibus
1601 2415 1720 2456 sese
1769 2416 1912 2455 com-

322 2491 611 2557 mendans,
635 2507 734 2560 pro
763 2505 821 2546 se
849 2489 1118 2546 ellicacius
1141 2491 1354 2545 exorari
1385 2491 1660 2560 poscebat.

397 2579 450 2634 2.
491 2580 699 2635 Interea
723 2577 1038 2649 prot'ehitur
1061 2581 1113 2635 in
1135 2579 1290 2636 annis
1308 2577 1634 2652 juvenilibus
1652 2581 1905 2637 strenuus

322 2671 661 2736 adolescens,
690 2669 746 2726 et
766 2669 1081 2728 florentibus
1109 2673 1281 2742 genis,
1312 2662 1647 2744 viriliqfacies
1671 2675 1907 2728 exernao

323 2769 416 2814 tur
456 2761 670 2816 decore.
705 2759 842 2815 Hinc
890 2759 1267 2816 adhortatione
1309 2758 1548 2815 allinium
1583 2761 1906 2833 condigntim

320 2866 436 2905 suae
495 2839 758 2906 nobilitati
814 2851 1139 2906 connubium
1190 2855 1443 2920 appetere
1491 2851 1720 2920 cogitur.
1772 2850 1910 2905 llinc

320 2935 696 3010 unusquisque
729 2943 969 3006 suorhm,
997 2949 1154 3010 prout
1177 2950 1419 3007 noverat,
1447 2940 1590 2996 illius
1612 2941 1694 2996 vel
1724 2941 1902 2996 illiusc

317 3032 582 3100 optimam
609 3033 728 3086 esse
774 3021 1014 3086 sobolem
1057 3032 1368 3097 asserebat;
1399 3032 1512 3101 ipse
1557 3040 1739 3087 autem
1769 3032 1906 3088 inte-

320 3121 438 3174 rius
469 3119 625 3174 aliter
653 3121 954 3186 ruminans,
983 3120 1200 3178 Christo
1231 3123 1310 3177 sui
1340 3121 1593 3178 connubii
1630 3123 1901 3194 negotium

319 3211 718 3278 committebat,
765 3212 971 3267 crebris
999 3213 1392 3268 interventibus
1417 3212 1640 3284 precum
1681 3215 1902 3270 caeleste
1931 3185 1974 3246 Ο

325 3315 525 3354 numen
558 3315 808 3367 exorans,
842 3310 900 3356 ut
946 3303 1141 3358 talibus
1170 3305 1486 3374 praepollens
1533 3305 1672 3360 votis
1706 3305 1903 3375 conjux

317 3388 427 3444 sibi
476 3392 725 3456 daretur,
788 3407 908 3462 qua:
956 3403 1221 3448 secretum
1265 3409 1420 3448 suum
1459 3395 1512 3448 in
1556 3394 1747 3450 melius
1781 3393 1905 3465 pro-

319 3479 494 3534 ficere
517 3476 882 3546 contenderet,
913 3482 1222 3552 faveretque
1243 3491 1421 3538 mente
1448 3489 1502 3539 et
1531 3499 1754 3554 corpore
1788 3485 1904 3539 cul-

320 3572 430 3624 tori
472 3561 676 3626 latenti.
729 3569 892 3642 Cujus
937 3572 1122 3629 fa'vbre
1159 3574 1376 3630 tandem
1428 3575 1662 3644 adjutus,
1701 3577 1905 3648 reperit

319 3655 554 3714 honesto
585 3661 826 3730 germine
874 3657 1138 3732 virginem
1184 3665 1560 3734 conslipatam,
1611 3666 1773 3722 rebus
1820 3667 1902 3721 ln-

317 3747 555 3819 cly'tam,
611 3750 850 3807 moribus
910 3763 1219 3822 comptam,
1271 3757 1556 3825 specieque
1602 3756 1901 3826 pulcherri-

319 3843 492 3892 mam.
531 3839 660 3906 Qua:
689 3855 809 3894 cum
843 3844 1114 3912 praecipuo
1141 3845 1437 3900 venustatis
1471 3845 1656 3900 habitu
1695 3846 1901 3900 extrin-

321 3940 484 3980 secus
513 3927 884 3995 decoraretur,
925 3933 1266 4000 priestantius
1295 3942 1473 3988 tamen
1505 3935 1771 3990 introrsus
1797 3935 1902 4005 spi-

319 4014 468 4068 ritali
496 4017 737 4072 enitebat
763 4020 975 4076 decore.
1010 4021 1144 4088 Quia
1183 4024 1358 4078 omnis
1389 4008 1559 4094 gloria
1591 4024 1714 4080 illia:
1755 4027 1898 4097 regis

317 4103 392 4156 ab
431 4103 575 4159 intus
619 4103 791 4175 (Ρεαι.
848 4123 990 4173 xuv,
1048 4110 1157 4180 l4),
1211 4111 1264 4166 id
1312 4121 1394 4165 est
1442 4113 1495 4167 in
1534 4114 1898 4182 penetralibus

316 4196 538 4250 mentis.
566 4197 639 4252 lbi
667 4199 809 4252 enim
837 4202 1143 4265 sanctitate,
1177 4201 1229 4255 in
1267 4201 1474 4258 [imbris
1497 4204 1699 4270 aureis,
1727 4206 1898 4260 varie-

316 4293 433 4339 tate
459 4286 663 4342 scilicet
689 4289 884 4344 amicta
920 4291 1200 4358 virtutum,
1229 4292 1445 4349 Christo
1474 4295 1590 4365 regi
1636 4295 1900 4366 placitum

315 4371 610 4434 Exhibebat
634 4380 972 4437 famulatum.

391 4466 445 4521 ὅ.
487 4467 614 4524 Haec
635 4487 865 4541 namque
891 4473 1067 4544 puella
1101 4469 1416 4546 parentibus
1444 4479 1667 4549 paganis
1696 4495 1890 4550 proge-

315 4557 456 4622 nita,-
505 4559 681 4617 adhuc
719 4564 1000 4621 cunabulis
1033 4566 1316 4634 incubans,
1356 4547 1536 4638 patrei
1559 4547 1748 4626 orbata
1785 4547 1888 4627 est.
1926 4547 1972 4606 D

315 4646 482 4714 Cujds
536 4652 766 4720 genitrix
819 4655 982 4710 alium
1033 4657 1209 4712 virum
1257 4659 1675 4732 ducens,dqui
1732 4664 1890 4718 [idem

313 4738 518 4794 Christi
565 4742 778 4798 occulte
825 4746 1118 4809 retinebat,
1166 4750 1446 4820 conjugem
1479 4752 1769 4822 impietatis
1808 4771 1895 4810 er-

314 4843 443 4885 rore
494 4834 823 4904 exstirpans,
865 4838 1163 4908 privignam
1203 4839 1418 4895 Christo
1465 4843 1741 4912 assignare
1779 4855 1892 4898 stu-

314 4920 455 4986 duit,
486 4937 713 4994 eamque
732 4937 797 4980 ex
821 4937 1158 4984 sacramento
1183 4929 1518 5000 baptismatis
1543 4946 1564 4971 υ
1597 4932 1890 5006 Sabigotho

387 5063 412 5131 ξ
440 5054 663 5131 §tttdio,_
683 5067 743 5131 ut
770 5075 918 5131 supr.
958 5076 1076 5131 cap.
1103 5062 1156 5115 4.
1189 5063 1385 5118 Scuo'r.

387 5124 584 5205 {Bene
632 5124 1089 5205 Sollerius__not"at
1140 5133 1240 5205 hoc
1287 5135 1352 5186 ad
1398 5133 1758 5190 Mahometum
1801 5151 1889 5192 re-

311 5193 466 5256 ferri,
504 5204 557 5249 et
601 5200 740 5267 apud
775 5201 934 5273 medii
963 5203 1062 5273 arvi
1111 5203 1403 5273 scriptores
1447 5221 1544 5273 pro
1583 5207 1892 5262 da'mom'nci

308 5275 632 5346 usurpatum
673 5283 794 5346 esse
823 5269 1148 5346 ᾴμιηιοηὶοσὶ.
1183 5269 1296 5339 Qua
1323 5274 1401 5346 de
1436 5269 1492 5326 re
1515 5275 1672 5346 rvide,
1706 5277 1749 5329 si
1780 5278 1892 5346 pla-

309 5341 417 5412 cet,
457 5333 782 5412 Glossarium
828 5333 1269 5412 Cangeanumfet
1317 5342 1525 5398 Schotti
1554 5333 1892 5401 animadver-

307 5407 542 5477 sionfni,
574 5421 734 5477 supra
766 5407 820 5461 in
853 5423 969 5477 cap.
1004 5411 1052 5471 1,
1083 5427 1230 5464 num.
1271 5412 1325 5465 4.

387 5482 407 5550 ς
436 5471 591 5550 illius
615 5471 697 5530 vel
728 5477 894 5550 illius,
917 5471 1310 5550 Hispanismus.
1344 5481 1555 5537 MoaAL.

381 5539 834 5612 f‘hlatrimonium
876 5539 1033 5602 inter'
1072 5551 1245 5604 virum
1291 5562 1344 5606 et
1400 5565 1622 5608 uxorem
1668 5554 1889 5612 alterius

305 5605 606 5686 religionis,
643 5623 702 5686 ut
730 5632 878 5685 supr.
907 5633 1026 5686 cap.
1061 5619 1114 5682 7,
1146 5637 1290 5674 num.
1324 5621 1376 5676 Ξ.
1407 5605 1645 5679 sciui}.

387 5692 409 5762 ξ
435 5680 880 5766 δψὶςοιὶιοῃθὶιι,
892 5680 1060 5766 quam
1087 5680 1302 5766 semper
1318 5691 1580 5766 lflataliam
1610 5696 1885 5766 appellant

306 5748 424 5816 alii,
456 5761 515 5806 ut
551 5748 847 5817 Usuardus,
869 5748 1118 5822 'S'urius,
1141 5748 1406 5816 Baronius
1429 5770 1484 5817 et
1529 5748 1878 5837 quique—pas;

709 5846 981 5906 PATROL.
1026 5848 1216 5911 CXV.

2015 1943 2227 2013 gionem
2260 1943 2461 1998 Christi
2492 1955 2768 2000 exercere.
2798 1946 2900 2012 Qui
2931 1956 2986 2000 et
3019 1947 3132 2015 ipse
3163 1946 3326 2002 tiliam
3355 1947 3594 2003 occulto;

2015 2047 2134 2086 rum
2162 2031 2619 2098 Christianorum,
2650 2035 2869 2088 nomine
2914 2034 3197 2100 Liliosam,
3224 2036 3276 2090 in
3305 2039 3592 2108 conjugent

2013 2123 2237 2188 ducens,
2279 2121 2555 2178 Christum
2586 2125 2640 2178 in
2667 2125 2865 2180 abditis
2892 2127 3087 2182 tectius
3112 2127 3414 2184 excolebat.
3447 2129 3596 2196 Quas

2012 2221 2233 2281 propter
2263 2212 2752 2268 inconvulsibiliter
2781 2214 3012 2270 invicem
3043 2217 3404 2284 adhaerentes,
3450 2233 3594 2273 sem-

2011 2317 2044 2372 p
2067 2319 2108 2356 -r
2138 2313 2304 2358 unam
2352 2303 2607 2360 habuere.
2640 2304 3086 2372 familiaritatem,
3133 2307 3378 2364 eamdem
3413 2324 3595 2380 gesse-

2013 2403 2140 2449 runt
2187 2394 2548 2462 dulcedinem,
2595 2412 2696 2453 nec
2723 2398 3000 2467 prosperis
3043 2413 3144 2454 nec
3173 2401 3415 2455 adversis
3450 2401 3594 2455 casi-

2009 2488 2111 2542 bus
2137 2503 2194 2542 se
2233 2487 2596 2558 disparantes,
2630 2489 2772 2543 idem
2805 2489 2911 2543 illis
2941 2489 3150 2544 exstitit
3174 2490 3437 2555 affectus;
3471 2496 3600 2545 tan-'

2013 2586 2172 2648 taque
2232 2577 2319 2631 illa
2385 2579 2606 2648 pietatis
2663 2579 2962 2634 necessitas
3028 2580 3081 2633 in
3137 2588 3368 2650 utroque
3424 2580 3594 2634 fratre

2009 2668 2394 2737 perfectionem
2442 2669 2669 2724 contulit
2717 2669 3018 2731 charitatis,
3063 2677 3122 2722 ut
3187 2685 3287 2724 nec
3332 2670 3439 2724 vita
3493 2685 3595 2725 nec

2010 2767 2184 2814 morte
2218 2759 2606 2825 dividerentur,
2639 2774 2774 2828 quos
2801 2774 2897 2826 par
2926 2758 3202 2829 religionis
3233 2760 3448 2814 occasio
3475 2759 3593 2829 gica

2009 2858 2334 2912 meraverat,
2365 2851 2431 2904 de
2461 2851 2655 2920 quibus
2681 2850 2876 2903 merito
2906 2849 3271 2903 enarrandum
3303 2857 3386 2903 est
3413 2867 3425 2902 :
3453 2849 3593 2902 San-

2009 2942 2104 3005 cti,
2145 2941 2427 3007 amabiles,
2476 2950 2533 2998 et
2577 2941 2782 3005 decori,
2833 2940 3103 3010 quomodo
3145 2940 3340 2994 invita
3383 2955 3479 2996 sua
3513 2941 3594 2996 di-

2009 3035 2258 3092 lexerunt
2287 3052 2346 3092 se
2372 3035 2625 3100 invicem,
2661 3035 2736 3089 ita
2760 3043 2815 3088 et
2845 3034 2898 3088 in
2927 3042 3102 3089 morte
3132 3047 3240 3088 non
3269 3041 3396 3089 sunt
3432 3033 3593 3090 divisi

2010 3127 2094 3197 (Il
2125 3127 2248 3200 Reg.
2283 3146 2324 3194 ι,
2351 3129 2463 3200 23).

2079 3220 2132 3274 5.
2163 3219 2382 3276 Exactis
2413 3221 2576 3292 igitur
2595 3223 2703 3277 non
2725 3207 2972 3292 plurimis
3007 3221 3193 3286 ahnis,
3224 3220 3420 3276 accidit
3444 3227 3502 3275 ut
3527 3221 3592 3276 eo

2009 3311 2094 3365 die
2144 3310 2196 3364 in
2242 3309 2420 3365 forum
2467 3311 2904 3380 proficisceretur
2944 3312 3194 3366 Aurelius
3231 3311 3590 3376 venerabilis,

2007 3415 2114 3470 quo
2139 3400 2376 3456 Joannes
2406 3401 2494 3457 ille
2519 3402 2692 3473 (cujus
2722 3403 2774 3456 in
2798 3401 2965 3474 priori
2996 3401 3133 3456 libro
3160 3401 3361 3471 (Num.
3388 3400 3454 3470 9)
3487 3415 3595 3456 me-

2006 3491 2295 3562 minimus)
2325 3492 2450 3548 odio
2481 3495 2714 3548 nominis
2734 3493 2934 3548 Christi
2960 3508 3130 3562 usque
3157 3494 3224 3547 ad
3252 3508 3442 3549 necem
3463 3507 3589 3548 ver-

2004 3582 2225 3638 beribus
2251 3591 2588 3649 cruentatus,
2606 3593 2902 3639 retrorsum
2930 3584 3095 3638 asello
3116 3592 3353 3648 evectus,
3369 3583 3593 3638 immen-

2004 3687 2170 3742 soque
2191 3673 2528 3729 vinculorum
2557 3675 2794 3744 pondere
2813 3683 3122 3730 coarctatus
3153 3674 3256 3743 (2),
3279 3684 3338 3729 ut
3360 3673 3412 3728 in
3436 3682 3590 3743 parte

2003 3771 2360 3818 stramentum
2409 3763 2768 3819 reclinaretur
2803 3761 3067 3832 jutnenti,
3114 3780 3219 3834 qua
3264 3764 3381 3833 ejus
3427 3775 3589 3818 crura

2000 3854 2345 3923 pendebant;
2403 3855 2832 3925 praicedentibus
2880 3856 3159 3909 illusoruln
3206 3855 3587 3924 przeconibus.

2003 3953 2170 3998 totam
2198 3945 2583 4002 circumeundo
2613 3947 2798 4001 urbem
2817 3987 2830 4009 ,
2867 3945 3157 4002 satellitum
3185 3944 3486 4001 ministerio
3520 3947 3589 3999 ad

2003 4035 2369 4106 Spectaculum
2397 4035 2540 4104 vulgi
2573 4045 2876 4107 pertractus
2905 4045 3007 4091 est.
3055 4036 3119 4090 Et
3149 4050 3271 4090 cum
3297 4035 3425 4089 hinc
3462 4033 3590 4089 inde

2000 4136 2159 4180 voces
2198 4125 2638 4196 exprobrantium
2678 4127 3034 4191 resultarent,
3073 4125 3315 4180 dicentes
3365 4123 3590 4178 nullatea

2001 4233 2102 4271 nus
2127 4217 2342 4286 dignam
2370 4217 2452 4271 sui
2481 4213 2702 4272 sceleris
2729 4230 2946 4286 poenam
2979 4214 3228 4270 eumdem
3258 4203 3435 4269 adhuc
3465 4229 3590 4284 per-

2001 4305 2246 4369 solvisse,
2275 4305 2474 4375 quippe
2511 4320 2672 4374 quem
2711 4312 2873 4359 tanta:
2911 4304 3230 4359 reverentia:
3258 4313 3435 4359 vatem
3461 4303 3588 4357 sub-

2002 4395 2323 4450 sannatione
2349 4395 2608 4465 impetere
2639 4410 2745 4450 non
2771 4403 3046 4450 verentem
3068 4434 3083 4460 ,
3114 4393 3455 4464 plectendum
3484 4408 3584 4462 po-

2004 4475 2107 4542 tius
2134 4495 2304 4542 morte
2333 4475 2642 4556 turpissima
2667 4485 3034 4556 congruebat;
3075 4485 3345 4554 extemplo
3373 4483 3585 4540 futurus

2000 4577 2223 4647 belliger
2243 4593 2427 4632 amore
2447 4586 2802 4646 compunctus
2825 4572 3092 4647 martyrii,
3109 4573 3310 4631 cmlesti
3328 4571 3585 4645 quodam-

2001 4669 2160 4722 modo
2185 4666 2403 4722 flamine
2434 4670 2724 4737 aspiratur,
2758 4677 2816 4722 tit
2843 4667 2971 4722 illud
3001 4683 3099 4737 pro
3127 4683 3187 4723 se
3219 4666 3335 4722 fieri
3364 4675 3581 4735 specta-

1999 4758 2177 4814 culum
2213 4759 2482 4823 crederet,
2524 4766 2792 4829 Causaque
2835 4759 3220 4814 admonitionis
3261 4758 3364 4812 sibi
3412 4755 3580 4810 fuisse

1999 4858 2296 4912 ostensum,
2327 4861 2394 4901 ne
2426 4849 2632 4904 scilicet
2654 4849 2949 4904 formidare
2978 4851 3199 4906 deberet
3219 4864 3312 4904 eos
3345 4847 3436 4916 qui
3467 4863 3584 4902 cor-

1998 4944 2130 5008 pora
2155 4938 2446 5006 trucidant,
2479 4955 2604 4996 cum
2645 4941 2780 4994 nihil
2819 4943 3106 4998 anxietatis
3132 4939 3413 4996 animabus
3450 4953 3577 5008 pos-
3628 4932 3638 4942 ’

1995 5069 2097 5124 sim
2127 5077 2375 5141 auctores
2405 5073 2597 5137 exteri,
2640 5073 2932 5130 binomiam
2966 5074 3128 5129 fuisse
3151 5079 3297 5128 recte
3335 5067 3578 5141 suspica-

1998 5148 2086 5212 tur
2129 5139 2390 5212 llenricns
2433 5142 2730 5208 Florezius,
2766 5154 2897 5200 tom.
2940 5145 3006 5198 Χ.
3048 5143 3204 5212 Ηὶερ.
3235 5139 3576 5212 citumere-

1997 5210 2130 5262 dens
2156 5209 2379 5265 Natalia:
2414 5228 2608 5268 nomen
2639 5230 2758 5268 eam
2791 5215 3041 5269 habuisse
3078 5229 3106 5266 a
3137 5209 3437 5272 nativitate,
3476 5210 3579 5265 Sa—

1995 5279 2465 5352 bigothonisivero
2506 5299 2536 5336 a
2570 5284 2914 5352 baptismate,
2955 5285 3096 5338 sicut
3122 5282 3208 5352 hic
3230 5281 3445 5352 Vindicat
3470 5281 3578 5352 Eu:-

1996 5347 2190 5416 logins.
2221 5349 2562 5407 Bollandistie
2580 5347 2807 5408 Sollerio
2836 5347 3007 5408 visum
3035 5361 3120 5405 est
3145 5350 3304 5406 ferire
3330 5349 3576 5408 nonnihil

1997 5417 2418 5489 Sabigothonem
2458 5438 2651 5478 nomen
2684 5423 3070 5477 Christianum.
3101 5420 3417 5489 Quicunque
3437 5434 3576 5489 vero

1993 5487 2277 5560 historiam
2308 5501 2546 5546 nostram
2568 5501 2771 5546 attente
2801 5491 3010 5560 legerit,
3050 5490 3206 5546 facile
3233 5487 3576 5560 animadver-

1993 5563 2069 5632 te_t
2109 5556 2444 5632 Baddonam,
2494 5556 2964 5632 Liubigothoném,
2995 5557 3572 5632 Baldegothonempfee

1989 5627 2166 5700 minas
2199 5627 2536 5685 Christianas
2579 5625 2694 5688 huic
2734 5632 2852 5700 ipsa
2897 5632 3116 5686 nomina
3141 5625 3370 5688 Gothica
3407 5625 3572 5690 etiam

1987 5708 2108 5765 post
2137 5698 2462 5771 baptismum
2499 5698 2835 5771 abquoulla
2865 5701 3160 5759 offensione
3191 5700 3500 5760 retinuisse.

3095 5860 3174 5925 25
