4094 6346
621 401 725 481 779

1727 423 1783 476 8.
1827 423 2103 480 EULOGll
2140 425 2460 482 ARCHIEP.
2505 423 2745 485 TOLET.

3775 443 3874 506 780

616 541 727 594 sint
755 535 974 602 inferre,
1003 537 1096 592 sed
1144 537 1288 591 illum
1327 537 1502 606 potius
1555 533 1960 605 pertimesceret
1988 539 2077 606 qui
2107 553 2194 608 po~
2221 546 2263 600 Α
2297 555 2666 610 prOperemus.
2698 541 2818 596 Fiat
2863 559 3003 599 nunc
3044 562 3227 614 soror,
3259 565 3376 620 quae
3407 556 3617 612 exstitit
3645 559 3870 630 coniux;

617 639 722 686 test
748 644 942 698 corpus
965 637 1020 683 et
1049 629 1281 682 animam
1304 628 1552 698 perdere,
1582 636 1636 682 et
1663 627 1878 684 mittere
1912 627 1966 682 in
1997 629 2192 700 gehen-

614 736 740 777 nam
773 720 926 793 (Luc.
957 736 1056 786 xu,
1087 719 1164 790 i).

684 813 736 867 6.
753 812 918 882 Cujus
945 810 1067 865 fidei
1090 808 1436 864 stabilitatem
1459 809 1765 864 admirans:
1789 808 1980 875 «Vere,
1997 809 2191 880 inquit,

612 919 778 974 super
810 902 1108 972 angelicam
1155 907 1363 970 petram
1413 900 1814 955 tabernaculum
1861 900 2194 956 credulitatis

610 995 772 1066 hujus
798 994 901 1049 viri
931 992 1210 1046 fundatum
1235 1001 1338 1057 est,
1359 992 1501 1062 quod
1524 1000 1671 1047 tanta
1693 991 1775 1047 vis
1798 1000 2189 1049 tormentorum

609 1099 718 1138 non
745 1081 974 1152 impulit,
1008 1095 1107 1136 nec
1139 1080 1376 1135 labilium
1402 1094 1684 1150 poenarum
1723 1097 1854 1136 aura
1896 1083 2187 1138 concussit.

597 1171 760 1239 Quod
798 1170 844 1226 si
885 1169 976 1240 qui
1004 1169 1256 1224 vexillum
1291 1168 1493 1225 Christi
1526 1169 1776 1226 revelatis
1797 1171 1935 1240 gerit
1962 1171 2190 1240 aspecti-

591 1266 738 1328 .bns,
772 1271 854 1318 tot
896 1264 1036 1318 seria
1067 1264 1437 1319 cruciamenta
1471 1263 1587 1319 zelo
1626 1263 2004 1334 Redemptoris
2029 1267 2190 1321 susti-

602 1353 738 1418 nuit,
761 1367 882 1406 cum
908 1350 1095 1420 utique
1116 1350 1323 1405 cladem
1349 1351 1491 1406 illius
1519 1352 1765 1423 supplicii
1787 1355 2187 1422 przevaricando

597 1448 780 1510 posset
807 1439 1057 1504 evadere,
1083 1447 1140 1493 et
1159 1438 1351 1494 melius
1396 1441 1577 1495 carnis
1604 1456 1714 1495 suae
1731 1439 2001 1508 jacturam
2022 1459 2183 1512 quam

597 1529 896 1599 perniciem
937 1528 1128 1582 animae
1153 1526 1436 1595 judicans,
1469 1544 1575 1582 non
1616 1544 1673 1584 se
1717 1545 1908 1599 passus
1954 1541 2036 1586 est
2082 1533 2184 1588 sub

598 1623 759 1680 unius
785 1623 937 1679 vocis
963 1622 1193 1678 articulo
1225 1637 1255 1676 a
1285 1621 1490 1676 Christi
1530 1623 1788 1693 religione
1823 1625 2138 1679 abstrahere
2165 1643 2179 1691 ;

581 1716 793 1784 quibus
816 1725 902 1768 me
923 1728 1024 1782 ego
1046 1713 1265 1782 dignum
1287 1712 1547 1766 conviciis
1568 1713 1785 1766 credam
1807 1713 2177 1778 erudiendum,

583 1806 679 1862 vel
709 1821 816 1875 quo
847 1820 933 1860 me
961 1803 1295 1874 arguendum
1342 1803 1602 1872 supplicio
1633 1803 1800 1857 debeo
1845 1805 2090 1871 tradere,
2121 1814 2181 1859 ut

2297 629 2350 682 in
2392 629 2583 684 affectu
2628 633 3000 700 germanitatis
3044 645 3194 692 torus
3233 650 3430 696 nostra:
3484 629 3876 714 conjunctionis

2294 728 2670 788 pertranseat;
2703 723 2989 789 proficiant
3029 728 3242 784 soboles
3287 734 3622 800 animarum;
3665 741 3877 796 subcre-

2293 820 2412 866 scat
2440 812 2798 879 spiritualium
2851 819 3159 883 generatio,
3207 831 3261 875 et
3308 834 3490 893 spreta
3527 827 3877 897 glutinatione

2292 903 2654 958 membrorum
2678 918 2914 972 cmnosa,
2948 912 3155 965 noverit
3183 927 3334 969 mens
3371 922 3726 985 praastantius
3759 922 3877 992 (ad-

2291 1002 2469 1062 empta
2511 994 2691 1049 carnis
2735 995 3126 1068 delectatione)
3181 1013 3451 1072 perpetua:
3496 1007 3878 1065 incolumitatis

2290 1083 2584 1152 producere
2608 1083 2870 1153 germina.
2903 1086 2974 1142 Ut
3015 1103 3230 1158 quoquo
3259 1093 3418 1148 modo
3451 1097 3712 1166 condigni
3746 1113 3880 1152 mare

2292 1171 2414 1241 tyrii
2460 1174 2684 1241 praemio
2734 1175 3032 1232 habeamur
3079 1179 3263 1234 talium
3319 1185 3680 1243 meditatione
3729 1187 3877 1246 labo-

2287 1277 2427 1317 rum.
2464 1281 2483 1314 ι

2357 1355 2408 1410 8.
2445 1354 2682 1424 Suscipit
2719 1355 3027 1415 laetantibus
3073 1361 3270 1417 animis
3309 1367 3645 1424 venerabilis
3687 1369 3881 1427 mulier

2285 1442 2432 1512 pium
2464 1445 2564 1498 viri
2592 1446 2915 1514 consultum,
2945 1451 3293 1522 gaudensque
3320 1455 3699 1526 multipliciter
3719 1462 3776 1515 in
3797 1477 3880 1518 su-

2286 1534 2550 1589 bitatione
2575 1535 3114 1606 insperatzesalutis:
3159 1563 3177 1594 ι
3211 1545 3334 1602 Hcce
3359 1558 3463 1614 est,
3497 1551 3595 1615 ait,
3637 1551 3882 1608 immuta-

2286 1622 2360 1675 tio
2388 1621 2625 1677 dextera:
2649 1625 2908 1682 Altissimi
2933 1646 2946 1695 ;
2989 1631 3103 1686 hsce
3123 1644 3247 1687 sunt
3271 1634 3380 1702 jam
3407 1649 3612 1694 nostra:
3641 1644 3881 1697 vocatio-

2283 1711 2367 1764 nis
2388 1713 2654 1780 auspicia;
2678 1712 2946 1773 luec‘sunt
2985 1735 3104 1789 qua:
3145 1739 3357 1794 semper
3375 1730 3662 1798 Optabam,
3694 1733 3880 1788 aeterni

2283 1803 2425 1871 regis
2452 1806 2810 1872 commercia;
2857 1817 2919 1863 ut
2943 1825 3107 1866 carne
3144 1815 3458 1882 morientes,
3488 1819 3748 1875 vivamus
3778 1823 3880 1892 spi-

592 1898 833 1968 vigorem
900 1896 1044 1950 illius
1098 1894 1336 1949 damnati
1389 1909 1548 1963 quem
1611 1894 1771 1949 hodie
1809 1895 2034 1951 intuitus
2063 1912 2179 1952 sum
2211 1892 2256 1951 B
2286 1893 2425 1960 ritu,
2465 1910 2572 1964 quo
2595 1896 2669 1950 illi
2699 1896 2908 1956 facilius
2932 1902 3184 1958 uniamur
3211 1905 3277 1961 de
3307 1922 3413 1976 quo
3441 1911 3716 1980 scriptum
3757 1923 3875 1966 est:

594 1987 826 2057 capiam,
862 1983 1119 2053 fruorque
1142 1984 1446 2038 constantia
1465 1985 1490 2037 ?
1525 2003 1544 2038 ›

668 2076 722 2132 7.
754 2076 882 2131 Ηωε
923 2076 1050 2130 dum
1092 2075 1561 2130 crebrescentibus
1593 2077 1838 2147 supernis
1873 2080 1984 2149 jam
2013 2095 2177 2136 voca-

571 2168 755 2223 ..tionis
787 2166 1034 2234 suspiriis
1078 2165 1352 2220 ruminare
1382 2166 1564 2222 animo
1603 2167 1876 2238 coepisset,
1903 2186 2180 2242 regressus

581 2261 832 2329 domum,
847 2261 1031 2316 retulit
1053 2262 1154 2332 pia:
1174 2261 1342 2318 sodali
1359 2271 1551 2319 cuncta
1572 2279 1691 2334 quae
1706 2265 1930 2328 viderat.
1952 2268 2179 2338 laetoque

592 2353 788 2423 spiritu
820 2351 969 2408 addit
996 2371 1008 2406 :
1047 2373 1064 2405 ι
1099 2353 1179 2407 Tu
1206 2369 1444 2425 semper,
1467 2354 1779 2411 dulcissima
1809 2359 2025 2429 conjux,
2054 2377 2175 2415 cum

527 2445 535 2452 '
589 2457 691 2514 ego
719 2443 968 2498 mihimet
995 2443 1247 2508 viverem,
1276 2454 1332 2500 et
1360 2446 1469 2500 Deo
1491 2455 1736 2502 mortuus
1764 2463 1962 2514 essem,
1991 2450 2176 2505 sedulo

590 2547 679 2587 me
713 2535 999 2589 adhortata
1050 2535 1118 2589 ad
1163 2534 1559 2590 confessionem
1608 2537 1895 2602 trahebas;
1937 2539 2176 2596 instabas

585 2625 828 2695 quotidie
849 2641 936 2680 me
961 2625 1141 2680 sreculi
1171 2627 1539 2697 voluptatibus
1565 2620 1745 2684 nitens
1785 2629 2045 2696 avellere;
2097 2639 2176 2685 te-

585 2715 834 2770 nebrosis
875 2715 1061 2769 mundi
1109 2715 1390 2772 affectibus
1437 2715 1749 2774 felicitatem
1795 2722 1984 2774 aeterni
2024 2723 2172 2791 regni

577 2801 944 2872 praeferebas;
999 2803 1235 2860 labentia
1266 2815 1479 2870 cuncta,
1510 2816 1564 2861 et
1597 2823 1757 2863 omne
1785 2809 1926 2877 quod
1956 2809 2062 2865 fine
2086 2827 2174 2865 ar-

577 2900 780 2957 .ctatur,
809 2893 1073 2948 suadebas
1108 2894 1440 2964 relinquere;
1483 2898 1814 2964 praedicabas
1854 2902 2168 2966 monachos,

553 3033 558 3039 .
583 2983 843 3042 mundum
863 2984 1237 3040 renuntiantes
1259 2985 1536 3051 laudabas,
1555 2987 2031 3058 rcligiosarumquc
2051 3006 2172 3045 con-

585 3074 948 3128 versationem
978 3075 1279 3142 obleclans,
1303 3076 1470 3130 vitam
1499 3077 1693 3146 saepius
1722 3079 2030 3148 suspirabas
2055 3096 2172 3136 san-

577 3177 820 3223 ctorum.
873 3168 980 3223 Sed
1025 3184 1122 3239 ego
1153 3170 1382 3226 necdum
1409 3187 1654 3240 superna:
1689 3174 1876 3242 gratia:
1913 3190 2170 3245 compun-

2284 1983 2514 2055 Spiritus
2551 1999 2624 2043 est
2667 1989 2831 2058 Deus,
2862 2002 2911 2047 et
2941 2011 3027 2049 eos
3056 2013 3142 2065 qui
3173 1998 3397 2054 adorant
3429 2019 3571 2068 eum,
3606 2006 3665 2058 in
3689 2006 3878 2073 spiritu

2281 2083 2330 2126 et
2355 2077 2568 2130 veritate
2598 2090 2796 2148 oportet
2818 2082 3044 2139 adorare
3061 2086 3239 2154 (Joan.
3259 2104 3331 2154 tv,
3348 2090 3464 2160 24).
3481 2092 3871 2158 Quamobrem.

2281 2161 2495 2218 domine
2531 2166 2627 2230 mi,
2666 2169 2790 2236 quia
2819 2170 2921 2224 hoc
2947 2173 3043 2227 tibi
3086 2190 3193 2230 non
3233 2176 3544 2235 humanitus
3570 2182 3874 2238 revelatum

2280 2261 2384 2317 est,
2411 2255 2504 2308 sed
2530 2255 2690 2312 Pater
2716 2259 2955 2317 cmlestis
2987 2273 3038 2318 te
3069 2265 3195 2320 olim
3229 2269 3296 2322 ad
3329 2278 3591 2326 aeternam
3619 2276 3872 2343 praescri-

2277 2350 2427 2411 ptum
2449 2344 2713 2412 militiam,
2732 2352 2959 2408 concitis
2980 2355 3093 2409 vult
3111 2355 3219 2423 jam
3252 2359 3528 2428 gressibus
3547 2377 3870 2432 properare,

2277 2434 2487 2488 cunctis
2516 2451 2616 2491 nos
2641 2438 2871 2496 vinculis
2899 2444 3274 2513 absolvamur,
3319 2452 3668 2508 excutiamur
3693 2469 3728 2508 ει
3757 2454 3873 2525 pul-

2277 2536 2425 2589 vere,
2451 2524 2723 2582 desiderio
2747 2531 2871 2584 vita:
2901 2536 3158 2602 perennis
3178 2551 3483 2608 surgamus.
3526 2560 3545 2594 ι

2345 2614 2396 2668 9.
2426 2613 2511 2669 Fit
2534 2616 2716 2686 itaque
2740 2629 3091 2694 utrorumque
3120 2630 3422 2684 communis
3452 2630 3508 2684 in
3546 2631 3644 2687 Dei
3690 2634 3872 2688 servi-

2275 2711 2388 2760 tute
2416 2717 2686 2763 assensus.
2714 2710 3034 2768 Dividuntur
3065 2716 3359 2781 cubilibus,
3390 2720 3528 2774 votis
3559 2722 3874 2778 concilian-

2274 2803 2380 2849 tur.
2425 2798 2752 2870 Prtel‘ulgent
2794 2802 2972 2858 lectuli
3021 2806 3190 2861 fulcra
3226 2809 3456 2864 veStium
3505 2810 3876 2882 colorumqe

2272 2886 2552 2952 varietate,
2586 2905 2690 2958 qua
2720 2907 2874 2946 suam
2904 2898 3368 2953 conversationem
3407 2901 3567 2972 vulgo
3597 2901 3870 2958 celarent.

2271 2974 2349 3029 llli
2390 2987 2572 3032 autem
2608 2981 2663 3034 in
2694 2981 3044 3040 interioribus
3085 2989 3296 3058 angulis
3338 2992 3668 3046 tabernaculi
3700 3009 3875 3064 super

2272 3075 2535 3123 structum
2597 3073 2766 3127 crudo
2801 3086 2828 3115 ιι
2859 3073 3030 3131 latere
3092 3088 3299 3145 torum,
3344 3083 3568 3152 hispidis
3615 3094 3878 3141 tantum-

2272 3159 2432 3211 modo
2483 3159 2808 3216 instruc‘tum
2857 3165 3086 3233 ciliciis,
3141 3169 3381 3238 dispares
3428 3171 3454 3211 δ
3504 3173 3872 3228 incubabant.

572 3256 766 3312 ctione
811 3257 1103 3322 lustratus,
1135 3260 1356 3314 omnino
1401 3261 1730 3316 salutaribus
1775 3279 1881 3316 non
1926 3274 2166 3333 poteram
2197 3233 2240 3295 C
2273 3259 2297 3287 °
2325 3248 2649 3319 δθὶιιηδῧθηι
2691 3269 2862 3325 533W;
2893 3257 3012 3312 Sine
3048 3259 3444 3317 ίηιεηηῖδείοηθ
3488 3264 3762 3330 orabant.
3818 3274 3878 3321 ει

581 3350 933 3418 acquiescere
962 3350 1344 3414 hortamentis;
1375 3360 1467 3405 aut
1494 3351 1630 3406 forte
1654 3354 2008 3409 correctionis
2038 3372 2170 3410 mea:

579 3439 904 3509 prtefinitam
929 3455 959 3493 a
985 3440 1094 3495 Deo
1120 3439 1280 3495 Patre
1310 3443 1547 3495 nondum
1570 3441 1827 3498 insistens
1853 3444 2168 3502 admonitio-

581 3545 731 3596 nem,
767 3530 1078 3586 dill‘ercbam
1108 3531 1363 3601 operibus
1401 3533 1642 3601 exsequi,
1675 3535 1817 3603 quod
1845 3534 1971 3589 licet
1999 3539 2169 3592 tenui-

583 3632 700 3688 ter,
740 3625 922 3678 animo
953 3623 1272 3678 meditabar.
1311 3623 1450 3678 Ecce
1474 3625 1585 3694 jam
1616 3640 1790 3689 nunc,
1825 3627 2166 3696 charissima,

577 3721 796 3780 tempus
824 3711 1152 3783 acceptabile
1180 3713 1357 3766 venit:
1389 3713 1586 3768 adsunt
1609 3714 1722 3768 dies
1745 3715 1954 3781 salutis,
1976 3717 2027 3770 in
2051 3719 2168 3788 qui-

585 3801 689 3856 bus
709 3818 737 3854 a
772 3803 1058 3856 retroactis
1080 3810 1135 3857 et
1151 3802 1509 3857 exterioribus
1534 3803 1856 3870 resilientes,
1880 3806 1931 3859 in
1954 3806 2004 3861 id
2025 3809 2168 3876 quod

583 3892 638 3944 in
669 3900 794 3946 ante
823 3900 905 3946 est
933 3907 1031 3946 nos
1057 3892 1428 3947 extendamus.
1458 3892 1524 3946 Et
1547 3894 1722 3962 primo
1742 3895 1981 3949 omnium
2013 3912 2167 3950 mun-

573 3983 727 4036 ditiae
774 3991 829 4035 et
874 3983 1217 4038 continentiae
1258 3984 1548 4053 perfectius
1584 3987 1878 4050 studentes,
1915 4001 2168 4042 vacemus

584 4072 840 4136 orationi,
865 4086 973 4141 quo
1001 4071 1214 4129 facilius
1247 4073 1315 4129 ad
1342 4074 1546 4145 reliqua
1573 4075 1878 4130 sanctitatis
1903 4075 2165 4130 industria

581 4224 682 4337 seu
714 4210 1086 4282 llispanismus
1109 4225 1209 4282 pro
1238 4211 1381 4266 nullo
1409 4210 1678 4282 strangulo
1699 4217 1793 4264 aut
1818 4217 1952 4264 veste
1972 4217 2158 4264 strato.

659 4298 824 4337 uorr.

659 4298 689 4336 ιι
731 4299 824 4336 ττ.

656 4298 966 4406 boSeorsum
997 4350 1133 4407 alter
1160 4352 1227 4407 ab
1261 4351 1450 4407 altero.
1482 4351 1557 4404 In.

587 4491 598 4503 _
656 4432 677 4459 ε
706 4421 763 4476 In
789 4422 948 4503 surio
971 4421 1198 4503 legimus
1222 4421 1524 4503 multa__lioc
1553 4419 1670 4503 loco
1708 4419 2012 4503 interiecta,
2042 4433 2164 4488 qua:

587 4491 639 4543 in
667 4491 915 4545 omnibus
959 4489 1152 4554 editis,
1194 4500 1250 4545 et
1293 4491 1346 4544 in
1381 4490 1479 4543 Ms.
1531 4497 1716 4542 nostro
1766 4489 2160 4543 desiderantur.

2267 3359 2618 3414 quoscunque
2641 3358 2902 3402 noverant
2929 3351 3168 3418 psalmos
3189 3393 3202 3416 ,
3241 3362 3400 3407 noctu
3431 3355 3872 3410 meditabantur.

2273 3437 2571 3494 Vincebant
2620 3441 2964 3496 tenebrarum
3014 3443 3180 3499 chaos
3225 3445 3506 3515 interiecto
3545 3446 3876 3516 vigiliarum

2268 3529 2805 3601 labore,omnemque
2829 3535 3214 3590 dmmoniornm
3237 3537 3474 3592 fraudem
3499 3538 3692 3592 talibus
3714 3543 3880 3594 evin-

2267 3623 2463 3675 cebant
2484 3624 2697 3678 studiis.
2718 3625 3090 3680 Ministrahant
3110 3628 3314 3697 egenis.
3343 3644 3525 3682 curam
3551 3644 3876 3698 pauperum

2269 3711 2489 3764 omnino
2540 3713 2817 3782 gerebant.
2881 3714 2947 3767 Et
2996 3716 3251 3784 quoniam
3299 3716 3472 3770 adhuc
3511 3717 3625 3783 jam
3673 3717 3878 3772 dictus

2266 3799 2502 3855 Joannes
2529 3817 2746 3857 carcere
2776 3805 3151 3870 detinebatur,
3198 3823 3298 3860 nos
3335 3822 3544 3876 quoque
3588 3823 3655 3861 cx
3697 3818 3880 3863 antro

2267 3893 2446 3946 educti
2471 3892 2552 3946 his
2569 3892 2794 3947 vinculis
2817 3894 3188 3949 detinebamur
3208 3912 3224 3959 ;
3248 3905 3472 3964 utraque
3492 3896 3650 3949 etiam
3672 3896 3874 3966 virgo.

2267 3983 2432 4039 Maria
2478 3985 2684 4040 scilicet
2718 3995 2771 4039 et
2799 3986 2988 4051 Flora,
3038 3996 3163 4042 tunc
3205 3986 3526 4042 feminarum
3551 3987 3579 4026 δ
3611 3987 3876 4044 latibulis

2266 4091 2428 4130 causa
2465 4076 2586 4130 fidei
2627 4076 2934 4132 incolebant
2959 4098 2972 4131 ε
3001 4079 3191 4133 aderat
3222 4079 3474 4148 frequens
3501 4091 3687 4131 eorum
3725 4091 3870 4149 erga

2267 4212 2486 4298 arbitrio
2522 4211 2834 4294 censendum
2867 4212 3247 4298 relinquimus:
3288 4227 3390 4266 non
3421 4210 3872 4298 tiamenla‘bsurde

2264 4282 2353 4334 ille
2392 4283 2481 4351 qui
2527 4283 2582 4334 in
2615 4298 2710 4334 suo
2749 4293 2929 4334 sancto
2971 4278 3254 4351 Evangelia
3277 4278 3700 4351 promittitsrljbi
3750 4281 3868 4351 duo

2264 4351 2342 4403 vel
2371 4349 2473 4403 tres
2497 4353 2794 4418 congregati
2827 4361 2945 4403 sunt
2974 4353 3028 4404 in
3058 4349 3285 4404 nomine
3305 4352 3498 4418 ipsius.
3531 4350 3602 4400 ibi
3639 4363 3705 4418 se
3739 4349 3868 4415 [ore

2264 4421 2318 4474 in
2341 4421 2510 4473 medio
2531 4415 2706 4472 eorum
2732 4419 2941 4486 (Matth.
2967 4436 3124 4482 xvttt,
3149 4420 3263 4489 ‘20),
3286 4415 3408 4472 suos
3431 4419 3617 4470 milites
3635 4415 3708 4489 qd
3735 4428 3866 4470 tan-

2267 4499 2376 4541 tum
2419 4505 2637 4558 agonem
2678 4485 2963 4542 destinatos
2994 4485 3229 4542 visitasse
3267 4489 3594 4558 intelligitur.
3639 4485 3862 4553 Siquis

575 4559 749 4629 .(lujus
769 4562 974 4635 codicis
998 4560 1325 4635 auctoritate
1347 4560 1612 4635 nitantur,
1638 4559 1977 4635 ignoramus:
2003 4559 2159 4635 digna
2188 4575 2240 4635 Ῑ)
2267 4557 2472 4635 autem,
2511 4558 2649 4635 quod
2677 4559 2888 4611 minime
2914 4561 3203 4635 credimus,
3234 4559 3330 4610 hoc
3365 4557 3668 4635 fabulosum
3688 4567 3866 4635 antu-

584 4627 762 4684 tamen
797 4632 1102 4699 putavimus
1145 4645 1278 4698 qua:
1313 4628 1603 4699 lectoribus
1629 4627 2160 4699 exhiberemus._lta-

579 4715 685 4767 que
707 4695 1071 4754 narrationem
1096 4695 1196 4754 hoc
1216 4698 1374 4751 modo
1394 4697 1736 4765 prosequitur
1759 4695 1981 4767 Sttrius:
2008 4696 2160 4760 Quod

579 4766 862 4822 divortium
907 4768 1074 4821 sancti
1105 4768 1353 4836 propositi
1390 4767 1566 4818 divino
1607 4776 1681 4818 est
1724 4766 1819 4836 tali
1859 4766 2159 4819 decoratum

579 4838 876 4890 miraculo:
919 4838 1160 4901 Quadam
1201 4846 1369 4898 nocte,
1398 4852 1515 4888 eum
1547 4836 1599 4887 in
1643 4835 1944 4904 lmjusmodi
1982 4839 2160 4888 stratis

582 4907 811 4960 membra
835 4906 993 4975 quieti
1023 4906 1303 4975 dedissent,
1333 4906 1448 4973 jam
1473 4905 1636 4958 noctis
1665 4904 1834 4975 medio
1857 4920 1972 4957 ecce
1990 4904 2159 4958 subito

580 4976 714 5027 ridet
742 4973 1045 5027 venerabilis
1074 4974 1264 5026 mulier
1292 4990 1474 5042 agmen
1505 4973 1905 5042 candidatorum
1924 5013 1938 5036 ,
1977 4984 2160 5039 paten-

580 5045 718 5096 tibus
749 5044 968 5113 {oribus,
991 5043 1044 5095 in
1066 5043 1278 5095 domum
1299 5041 1449 5113 suam
1481 5042 1700 5113 ingredi.
1733 5041 1863 5113 Quae
1889 5043 2042 5113 turba
2063 5058 2160 5094 co:-

583 5111 756 5174 festis,
771 5114 894 5166 dum
925 5113 1277 5183 pavimentum
1316 5112 1487 5183 linteis
1519 5111 1924 5183 nireocandore
1951 5111 2161 5183 mican—

583 5183 720 5236 tibus
760 5179 976 5247 sternit,
1015 5182 1123 5235 sole
1148 5179 1342 5234 clarior
1388 5180 1543 5234 simul
1590 5180 1859 5233 inducitur
1880 5180 2162 5247 splendor;

583 5251 770 5305 dehinc
795 5263 907 5320 post
936 5251 1234 5321 paululum,
1263 5251 1565 5304 subsecutus
1587 5249 1797 5321 juvenis
1826 5250 2161 5321 incompara-

583 5321 675 5390 bili
711 5317 875 5374 nitorc
903 5317 1174 5374 redimitus
1196 5361 1210 5384 ,
1249 5336 1398 5390 quem
1431 5334 1582 5373 nemo
1611 5319 1724 5390 sine
1766 5317 1934 5390 multo
1969 5317 2164 5372 terrore

585 5389 828 5444 humanis
865 5391 1031 5445 oculis
1056 5390 1247 5444 intueri
1262 5388 1468 5458 posset,
1509 5388 1722 5442 accessit
1750 5388 1820 5441 ad
1859 5397 2032 5441 torum
2072 5403 2164 5440 no-

584 5459 700 5538 bilis
731 5461 950 5538 A__u_relii,
983 5458 1676 5538 muniensque_illum_signo
1704 5458 1874 5538 crucis
1899 5459 2159 5538 undique,

582 5528 715 5582 dixit
749 5530 819 5582 ibi
846 5531 1088 5602 quadarn
1128 5526 1380 5602 solemnia
1418 5526 1598 5602 verba,
1645 5544 1771 5602 quin
1792 5526 1886 5602 illa
1925 5526 2161 5602 professa

583 5609 661 5652 est
686 5615 794 5668 prae
835 5595 994 5652 nimio
1035 5608 1176 5653 metu
1215 5616 1270 5653 se
1303 5598 1589 5668 intelligere
1619 5595 1925 5668 nequivisse.
1968 5595 2161 5668 Postea

569 5665 702 5722 vero
731 5668 800 5722 ad
823 5669 1056 5722 Natalia:
1086 5678 1312 5722 stratum
1343 5665 1614 5730 accedens.
1642 5665 1916 5721 celebravit
1944 5665 2124 5718 eadem
2141 5705 2157 5730 ,

583 5738 877 5816 pariterque
900 5753 1017 5790 cum
1049 5739 1162 5816 ipso
1197 5737 1480 5816 splendore.
1494 5737 1720 5816 recessit.
1739 5735 1886 5816 ,Νύξ
1911 5735 2118 5816 quidem
2141 5773 2157 5798 ,

581 5802 803 5868 iuvenis
827 5816 982 5868 tanto.
1013 5802 1232 5874 stipatus
1273 5805 1544 5876 obsequio,
1576 5806 1692 5877 quis
1729 5802 2157 5874 fuerit,lectorts

2268 4628 2502 4688 maverit,
2524 4625 2657 4680 sciat
2679 4637 2853 4679 testem
2883 4644 2990 4680 esse
3009 4626 3341 4679 Conditorem
3370 4627 3602 4679 omnium
3625 4634 3670 4676 et
3703 4625 3863 4677 arbi-

2267 4706 2425 4757 trum,
2449 4697 2520 4749 ita
2549 4713 2627 4766 me
2653 4698 2716 4748 ab
2744 4697 2847 4748 illis
2879 4696 3152 4764 accepisse.
3179 4698 3267 4766 qui
3287 4695 3639 4766 sciilanrhtvc
3660 4696 3858 4746 eadem

2269 4782 2403 4833 sirpe
2451 4765 2660 4818 audisse
2703 4775 3002 4818 narrantem
3037 4764 3294 4818 dicebant.
3342 4764 3656 4817 Testabatur
3691 4767 3860 4814 etiam

2267 4837 2447 4888 eadem
2475 4835 2668 4887 Christi
2701 4834 2882 4897 electa,
2912 4838 3035 4902 quia
3061 4835 3240 4888 viderit
3265 4851 3428 4900 nuper
3455 4835 3668 4886 domum
3693 4848 3862 4902 pene-

2269 4905 2399 4956 trari
2427 4905 2661 4956 eamdem
2699 4921 2730 4956 a
2757 4904 2906 4955 turba
2926 4901 3309 4956 intonat/torum
3344 4903 3628 4955 dicentium
3651 4916 3670 4952 :
3713 4901 3861 4954 Ecce

2268 4973 2414 5026 venit
2437 4973 2682 5037 Domina,
2708 4987 2832 5026 ecce
2853 4974 2999 5026 venit
3021 4973 3263 5025 Domina.
3288 4973 3519 5038 Cumque
3541 4971 3654 5022 lucc
3676 4968 3864 5038 loque—

2269 5052 2466 5106 rentur,
2499 5042 2639 5095 illico
2666 5045 2970 5095 successisse
3007 5043 3287 5111 quamdam
3333 5041 3586 5109 virginem
3607 5079 3622 5102 ,
3650 5041 3744 5090 ina
3763 5043 3860 5090 sti-

2266 5112 2447 5164 mobili
2481 5111 2646 5180 specie
2668 5111 2912 5179 cultuque
2947 5113 3162 5164 vestium
3193 5111 3343 5163 nimis
3378 5121 3704 5180 vernantem,
3732 5125 3860 5175 qua:

2264 5178 2535 5246 confestim
2562 5181 2741 5233 adiens
2765 5178 2933 5232 virum
2963 5181 3144 5248 ipsius,
3188 5181 3360 5232 arrisit
3400 5178 3446 5231 ei
3469 5217 3483 5240 .
3523 5179 3756 5248 hincque
3779 5195 3860 5230 rc-

2265 5251 2435 5302 cessit.
2472 5248 2624 5302 Hanc
2663 5249 2926 5315 fatebatur
2948 5246 3258 5303 Genitricem
3286 5248 3495 5300 Domini
3528 5248 3695 5299 nostri
3720 5246 3858 5299 εἴτε.

2265 5318 2458 5372 Christi
2491 5319 2672 5388 fuisse,
2701 5334 2816 5387 qua:
2838 5335 3045 5388 semper?
3064 5318 3320 5371 castitatis
3345 5317 3603 5388 amatrix,
3633 5326 3856 5368 Cunctos

2263 5389 2422 5458 ltujus
2455 5385 2638 5458 gratim
2664 5385 2954 5458 sectatores
2979 5387 3278 5458 adjuvando
3321 5387 3528 5458 circuit,
3574 5385 3749 5458 fovet,
3791 5401 3858 5458 ac

2267 5455 2832 5525 blande-amplectitur.
2860 5455 3149 5526 Igitur'ltis
3187 5467 3290 5509 tam
3317 5457 3522 5526 magnis
3553 5455 3704 5526 rebus
3726 5456 3852 5526 ani-

2264 5529 2412 5592 mati,
2441 5545 2545 5582 non
2572 5523 2812 5580 elationis
2839 5523 3055 5596 permoti
3077 5537 3194 5596 sunt
3221 5523 3452 5596 stimulo,
3478 5524 3569 5596 s_ed
3595 5523 3766 5596 magis
3789 5539 3850 5574 ac

2264 5599 2430 5667 magis
2461 5599 2514 5652 in
2553 5596 2662 5652 dies
2693 5598 2745 5650 in
2777 5593 2874 5650 Dei
2911 5597 3118 5652 servitio
3160 5595 3446 5666 fervebant.
3485 5593 3846 5663 Jejunabant,

2262 5676 2370 5722 etc.
2597 5709 2602 5712 -

2330 5736 2359 5776 ἀ
2387 5735 2598 5793 Mallem
2632 5739 2832 5809 legere,
2857 5738 3097 5796 latibula.
3123 5737 3354 5796 Somn.

3089 5941 3106 5967 3
