4094 6346
312 371 411 440 78l

1295 337 1718 425 humanus
1759 359 2197 419 mucronum.
2236 387 2306 402 -
2341 356 2469 414 ua.
2507 327 2567 412 ll.

3443 317 3551 402 ibi

313 489 646 561 compeditos
689 462 960 544 discursus
976 521 992 550 ,
1033 495 1099 538 ex
1123 494 1188 536 eo
1215 478 1462 535 videlicet
1489 486 1727 546 tempore
1771 488 1878 543 quo
1905 478 1952 536 Α
1979 472 2190 528 licatius
2212 461 2446 532 educati,
2469 469 2524 520 in
2545 459 2810 520 deteriora
2829 456 3152 561 deveniunt!
3178 455 3348 525 Quam
3364 454 3552 561 plures

311 584 504 641 beatus
525 575 677 635 lsaac
701 576 1015 639 monachus,
1043 588 1138 628 seu
1164 572 1346 627 caeteri
1385 569 1588 633 sancti,
1630 567 1720 637 qui
1749 579 1885 636 prae-

312 675 484 731 ditam
510 669 751 726 veritatis
775 665 1043 739 praeconio
1069 663 1325 735 linguam,
1350 659 1684 742 principibus
1723 665 1777 711 ct
1802 655 1886 726 ju-

314 765 526 821 dicibus
553 758 876 823 confessori,
909 772 1031 827 quae
1058 769 1185 810 vera
1211 761 1354 817 sunt,
1379 739 1680 812 astiterant,
1696 754 1752 802 et
1770 759 1886 816 pro-

312 864 437 924 pter
463 851 710 907 eamdem
747 848 1028 903 veritatem
1062 843 1442 899 occubuerant.
1484 839 1722 907 Quorum
1753 836 1886 892 con-‘-

313 941 517 998 stantia
539 937 883 1011 perdurabili,
900 933 1181 1004 multiplici
1201 932 1455 986 virtutum
1481 930 1675 984 robore
1694 928 1885 982 horum

313 1041 489 1088 auctte
533 1037 658 1086 sunt
701 1027 866 1082 vires.
912 1023 1044 1079 Nam
1085 1023 1176 1078 ille
1217 1022 1365 1077 viros
1399 1020 1767 1092 perlustrans,
1797 1014 1888 1070 illa

312 1122 429 1180 Suis
457 1118 701 1177 retentas
729 1117 982 1174 claustris
1005 1114 1236 1170 feminas
1264 1111 1592 1183 requirebat.

369 1211 476 1268 ‘10.
513 1209 592 1264 ibi
629 1222 726 1280 ego
774 1222 900 1262 eum
944 1203 1174 1273 agnovi;
1217 1203 1291 1257 ibi
1330 1199 1620 1256 amicitiam
1656 1196 1772 1265 ejus
1799 1193 1892 1250 ad-

322 1297 483 1374 e'ptus
504 1316 646 1365 sum,
668 1299 850 1367 ibique
869 1305 928 1351 s’e
944 1311 975 1350 a
999 1293 1154 1350 nobis
1179 1291 1387 1348 institui
1414 1284 1891 1360 deprecaturgquid

321 1393 411 1463 agi
435 1391 654 1446 deberet
687 1395 794 1442 tam
821 1387 886 1442 de
908 1384 1070 1439 rebus
1117 1396 1279 1452 quam
1306 1380 1372 1434 de
1400 1379 1612 1449 gemino
1639 1376 1888 1446 pignore,

323 1483 470 1555 quod
505 1483 617 1537 Deo
644 1479 877 1534 donante
911 1480 1210 1544 acceperat.
1250 1469 1308 1526 Si
1347 1469 1535 1524 liceret
1564 1467 1697 1522 tales
1729 1466 1892 1521 desti—

320 1577 424 1639 tui,
451 1589 586 1644 quas
613 1571 796 1641 utique
822 1565 945 1641 post
972 1563 1157 1623 necem
1181 1567 1334 1620 suam
1360 1559 1586 1633 profano
1607 1559 1894 1615 tradendas

315 1665 447 1721 ritui
471 1656 632 1718 altius
651 1655 996 1723 coniioleba't;
1018 1655 1103 1711 vel
1127 1656 1171 1710 si
1193 1654 1337 1710 illam
1359 1646 1664 1707 divitiarum
1686 1649 1894 1719 copiam

311 1754 564 1826 pratinus
600 1751 730 1806 ﬁsco
771 1745 1274 1820 agglomerandam,
1323 1741 1683 1798 inordinatam
1727 1739 1893 1792 relin-

1983 561 2167 634 pupilli
2205 560 2272 615 ab
2306 553 2549 614 horribili
2593 559 2829 623 egestate
2875 549 2930 604 in
2974 561 3291 618 magnarum
3329 541 3552 600 aﬂiuen-

1985 654 2117 708 tiam
2157 665 2319 722 opum
2362 653 2713 708 excrescunt,
2759 651 2814 703 et
2841 640 2974 696 ﬁunt
3011 639 3298 695 multarum
3338 635 3553 693 Domini

1986 754 2189 809 rerum,
2213 742 2304 812 qui
2332 740 2418 794 vix
2443 735 2788 809 pauperrimo
2814 747 2952 803 pane
2968 732 3208 802 provecti
3230 737 3374 808 sunt.
3401 725 3555 784 Multi

1986 830 2054 892 ex
2083 833 2406 890 Christianis
2437 823 2733 902 progeniti,
2770 815 3131 906 praepediente
3157 821 3418 906 deliquio,
3447 818 3556 902 Ec-

1988 923 2165 979 ‘clesite
2189 899 2776 988 membro—privamur;
2827 919 2880 967 et
2918 901 3158 968 nonnulli
3199 906 3294 964 ﬁlii
3322 899 3559 977 pagano-

1974 1014 2130 1087 ,rum,
2160 1001 2520 1085 praeveniente
2556 1005 2728 1077 gratia
2765 1002 3007 1064 Domini,
3041 1001 3106 1058 ad
3137 997 3556 1068 redemptionem

1989 1085 2112 1157 fidei
2137 1097 2388 1154 salutaris
2419 1101 2720 1152 recurrunt.
2754 1090 2865 1146 Nec
2887 1090 3004 1145 istis
3040 1087 3376 1158 sacrilegium
3405 1085 3560 1140 obest

1989 1199 2308 1260 parentum;
2351 1191 2450 1240 nec
2484 1183 2588 1239 illis
2625 1180 2843 1252 prodest
2867 1178 3189 1250 religiositas
3213 1171 3556 1246 genitorum:

1990 1295 2112 1334 cum
2139 1287 2194 1332 et
2221 1277 2278 1332 bi
2306 1291 2337 1330 a
2375 1267 2479 1330 ﬁde
2516 1263 2828 1328 recedentes
2867 1267 2977 1324 Deo
3019 1267 3356 1330 alienantur,
3391 1269 3447 1316 et
3481 1261 3557 1316 illi

1991 1368 2273 1423 credentes
2304 1365 2358 1420 in
2393 1362 2668 1418 Christum
2715 1358 2846 1430 (per
2871 1360 3029 1428 Quem
3049 1355 3182 1424 justi
3209 1353 3426 1420 vivunt)
3455 1351 3561 1407 eri-

1992 1459 2212 1528 piuntur
2237 1453 2448 1510 diabolo
2469 1493 2484 1518 ,
2529 1449 2836 1527 perenniter
2863 1447 2973 1502 Deo
3001 1447 3350 1520 cohaerentes.
3397 1441 3563 1512 Cujus

1995 1547 2072 1602 rei
2097 1545 2249 1600 testis
2270 1551 2354 1600 est
2385 1543 2647 1598 Dominus
2665 1581 2679 1607 ,
2717 1539 2809 1610 qui
2838 1538 2891 1592 in
2935 1535 3226 1607 Evangelio
3250 1543 3563 1604 protervam

1993 1636 2300 1693 Iudaeorum
2329 1647 2558 1704 arguens
2583 1631 2894 1692 vanitatem,
2921 1627 3030 1683 ait:
3068 1619 3343 1704 Genimina
3370 1623 3568 1692 vipereo

1998 1728 2136 1794 rum,
2172 1727 2288 1797 quis
2316 1723 2536 1792 ostendit
2562 1722 2704 1777 vobis
2733 1721 2911 1790 fugare
2940 1737 2971 1773 a
3005 1717 3184 1785 futura
3207 1709 3341 1797 ira?
3377 1712 3566 1768 Facite

313 1795 488 1915 gnere
513 1795 870 1913 congruebant?
896 1838 997 1895 Cui
1022 1839 1144 1894 eum
1169 1834 1352 1891 omnia
1377 1833 1576 1889 intuitu
1602 1830 1753 1902 regni
1780 1843 1882 1884 coe-
1922 1833 1968 1892 Β
1995 1815 2116 1887 εῗθο
2145 1817 2347 1915 Ῑηιτιξι
2375 1808 2559 1915 dignes
2577 1803 2982 1915 fwllllen‘lfd’i'ﬂ
3010 1823 3072 1861 ηε
3093 1795 3265 1915 filim
3289 1803 3569 1915 ἰξίεενειίαηο

315 1931 472 1988 lestis
489 1972 506 1998 ,
537 1940 593 1987 et
619 1940 784 1987 causa
821 1923 1189 1985 retributionis
1217 1921 1432 1980 aetcrhre
1460 1929 1567 1978 nun
1609 1921 1781 1976 solum
1809 1933 1894 1973 re-

312 2021 646 2092 linQuenda;
680 2035 869 2076 verum
913 2009 1076 2073 etiam
1122 2011 1373 2084 fugienda
1421 2005 1538 2066 fore
1583 2023 1892 2074 censerem,

310 2111 766 2186 potissimumque
793 2105 1014 2166 suarum
1051 2106 1232 2177 potius
1253 2097 1554 2158 animarum
1571 2115 1742 2175 quam
1764 2099 1897 2154 libe-

310 2211 500 2256 rorum
529 2207 650 2256 esSe
683 2198 979 2255 Commodis
1012 2193 1430 2258 consulendum;
1473 2191 1668 2262 quibus
1710 2189 1897 2260 utique
1975 2243 1978 2246 .

313 2288 564 2345 Christus
590 2289 808 2353 vindex,
837 2290 992 2358 pater
1015 2293 1070 2340 et
1095 2277 1241 2338 tuter
1263 2291 1348 2337 est
1376 2272 1390 2335 ξ
1417 2279 1658 2350 nihilque
1676 2291 1896 2350 prorsus

315 2397 500 2436 rerum
543 2379 919 2450 temporalium
960 2374 1200 2447 praeponi
1247 2372 1444 2428 debere
1483 2369 1750 2425 desiderio
1793 2367 1899 2421 Re-

315 2470 646 2540 demptoris,
694 2481 789 2523 seu
824 2464 1036 2520 fruendi
1065 2469 1375 2516 sanctorum
1419 2458 1695 2514 c‘onsorti'o
1740 2456 1900 2510 doce-

315 2538 472 2626 rem;
500 2559 785 2615 confestim
808 2549 1059 2624 subjunxi
1086 2571 1099 2606 :
1137 2571 1155 2604 ι
1189 2548 1248 2607 Si
1272 2549 1495 2621 pravida
1525 2543 1757 2604 facilitas
1775 2538 1900 2616 sup.

314 2653 473 2724 petit,
500 2666 608 2722 qua
631 2651 745 2706 haec
769 2648 972 2712 omnia,
1005 2644 1262 2715 magistra
1293 2639 1660 2696 intemedente
1696 2635 1901 2694 discrer

317 2743 498 2805 tione,
539 2740 894 2802 ordinentur;
936 2735 1068 2790 utile
1095 2734 1272 2803 primo
1309 2729 1617 2800 iudicamus
1659 2725 1899 2782 sobolem

319 2831 510 2885 tutiori
536 2830 655 2885 loco
683 2826 991 2898 transponi,
1027 2824 1117 2880 ubi
1146 2821 1363 2878 Christo
1399 2815 1622 2875 liberius
1663 2817 1902 2888 assigne-

317 2933 451 2988 tur;
486 2921 646 2976 rebus
674 2929 888 2990 quoque
911 2919 1066 2989 juxta
1093 2915 1406 2970 mandatum
1433 2905 1641 2966 Domini
1669 2907 1902 2964 venditis

317 3013 650 3086 pauperibus
670 3011 902 3083 erogari,
918 3025 1024 3081 quo
1045 3006 1346 3079 expeditior
1372 3005 1526 3060 vobis
1551 3010 1734 3073 pateat
1759 3001 1904 3056 dein-

319 3119 454 3173 ceps
489 3111 608 3174 post
651 3102 924 3158 Christum
954 3103 1248 3172 ingressus.
1290 3096 1382 3153 Sic
1422 3095 1652 3166 denique
1689 3093 1902 3151 Veritas

318 3203 512 3250 sancta
540 3193 835 3249 sciscitanti
861 3208 920 3250 se
943 3191 1128 3261 juveni
1155 3197 1422 3260 quatenus
1445 3187 1612 3242 vitam
1641 3196 1899 3243 aeternam
1928 3181 1972 3242 C
2003 3165 2318 3222 οηιίδδίπηεθ

321 3284 662 3355 possideret:
705 3282 767 3338 Si
794 3285 888 3348 vis,
915 3283 1108 3352 inquit,
1137 3279 1395 3350 perfectus
1417 3294 1545 3343 esse,
1576 3276 1901 3342 vade,oende

321 3375 503 3428 omnia
527 3390 642 3448 quae
663 3375 841 3438 habes,
862 3382 910 3426 et
939 3373 1010 3426 da
1041 3369 1355 3442 pauperibus
1378 3383 1397 3422 :
1433 3378 1482 3421 et
1518 3367 1662 3434 ueni,
1693 3380 1902 3436 sequere

319 3481 441 3529 me,
481 3467 530 3518 et
566 3461 774 3517 habebis
801 3463 1103 3516 thesaurum
1138 3460 1194 3514 in
1231 3457 1370 3512 caelis
1393 3455 1611 3528 (Matth.
1642 3473 1757 3522 xu,
1787 3455 1900 3526 2i).

324 3552 439 3607 Sed
463 3551 563 3607 ctsi
592 3566 721 3622 pars
754 3552 933 3620 aliqua
960 3551 1013 3604 in
1044 3547 1071 3591 ἀ
1099 3549 1426 3619 stipendium
1460 3545 1796 3618 relinquatur
1821 3544 1903 3600 ih-

322 3639 580 3706 fantium,
604 3639 868 3710 culpabile
893 3653 1012 3693 esse
1043 3653 1150 3692 non
1177 3636 1395 3707 poterit,
1434 3636 1578 3705 quod
1613 3633 1778 3688 multa
1804 3631 1906 3688 Pa-

327 3737 476 3782 trum
506 3728 780 3810 insinuant
805 3728 1149 3783 documenta.
1196 3725 1427 3794 ideoque
1461 3725 1505 3778 si
1542 3723 1608 3778 ad
1632 3724 1772 3779 hanc
1801 3723 1905 3779 dis-

325 3817 697 3886 pensationem
719 3815 943 3885 potestis
971 3815 1272 3885 attingere,
1321 3813 1522 3882 Optima
1561 3827 1668 3877 res,
1701 3819 1756 3866 et
1785 3825 1908 3882 per-

328 3904 528 3959 fectius
553 3917 688 3974 Opus
713 3913 812 3969 est,
854 3904 998 3975 quad
1036 3919 1153 3969 vos,
1184 3903 1434 3958 omnibus
1460 3903 1720 3972 expeditis
1745 3917 1908 3972 nego-

327 3995 454 4060 tiis,
497 3995 742 4050 securius
776 3996 842 4050 ad
884 3994 1130 4049 militiam
1175 3993 1298 4049 coeli
1343 3993 1424 4049 ire
1465 3993 1766 4063 compellet.
1812 3992 1906 4046 Sin

325 4099 462 4139 vero
484 4087 838 4156 quorumdam
872 4085 1240 4142 difﬁcultatum
1285 4085 1549 4155 repagulis
1592 4085 1909 4140 oblatranti-

327 4173 456 4240 bus,
483 4175 600 4230 bazc
636 4175 964 4246 dispensatio
989 4175 1284 4240 revellitur,
1314 4183 1369 4230 et
1395 4175 1536 4230 nulla
1579 4175 1808 4230 interest
1845 4174 1910 4228 li-

327 4263 543 4330 bertas,
594 4280 698 4334 qua
741 4267 857 4320 inec
892 4265 1355 4335 indulgentissime
1381 4257 1750 4335 suppleantur,
1778 4281 1912 4334 prae-

328 4351 519 4404 sertim
547 4367 668 4406 cum
696 4353 864 4422 magis
893 4368 958 4408 ex
979 4353 1158 4422 aliquo
1181 4353 1614 4422 perturbationes
1633 4367 1910 4422 emergere

329 4437 662 4504 formidatis,
715 4457 833 4510 qua:
874 4450 1070 4496 vestrae
1116 4441 1401 4496 intentioni
1447 4441 1748 4505 obsistant;
1802 4455 1907 4494 non

1995 1919 2077 1962 (ra
2105 1901 2232 1961 ros:
2271 1904 2483 1958 Patrem
2503 1900 2751 1955 habemus
2775 1897 3057 1950 Abraham.
3086 1894 3216 1948 Dico
3235 1893 3373 1947 enim
3402 1891 3563 1965 vobis,

1991 1995 2115 2066 quia
2145 2001 2322 2064 potens
2356 2001 2430 2045 est
2457 1989 2598 2044 Deus
2621 1988 2684 2042 de
2721 1984 2980 2066 lapidibus
3015 1983 3128 2038 istis
3153 1983 3404 2037 suscitare
3430 1980 3567 2048 ﬁlios

1994 2061 2217 2136 Abrahae
2245 2079 2456 2152 (Matth.
2487 2093 2572 2143 ιιι,
2603 2077 2634 2130 'i
2660 2085 2706 2129 et
2741 2061 2925 2145 seum).
2965 2073 3030 2128 Et
3061 2073 3252 2128 iterum
3279 2088 3294 2124 :
3324 2068 3484 2123 Multi
3503 2068 3569 2122 ab

1997 2171 2208 2228 Oriente
2230 2181 2278 2225 et
2309 2168 2587 2224 Occidente
2607 2160 2831 2230 venient,
2854 2173 2902 2218 et
2938 2163 3228 2217 recumbent
3257 2176 3373 2214 cum
3401 2159 3570 2213 Abra-

1995 2263 2117 2317 ham
2139 2301 2157 2327 ,
2199 2259 2373 2322 Isaac,
2405 2267 2454 2313 "et
2483 2256 2648 2312 Iacob
2675 2256 2730 2310 in
2758 2271 2912 2325 regno
2940 2251 3185 2307 calorum
3206 2269 3225 2306 :
3263 2250 3361 2321 ﬁlii
3396 2258 3570 2302 autem

1996 2351 2141 2425 regni
2167 2347 2509 2422 projicientur
2532 2349 2588 2402 in
2622 2345 2856 2402 tenebras
2877 2345 3156 2398 exteriores
3180 2361 3192 2395 :
3225 2341 3335 2396 illic
3355 2340 3450 2395 erit
3476 2339 3571 2406 Παλ

1996 2455 2104 2510 tus,
2129 2453 2178 2499 et
2210 2442 2408 2497 stridor
2425 2439 2657 2494 dentium
2687 2435 3046 2508 (Mantuam,
3078 2434 3162 2498 ii,
3191 2431 3303 2502 i2).
3519 2495 3526 2504 ⁸

2069 2536 2156 2591 ii.
2195 2535 2490 2588 instructus
2516 2531 2678 2600 igitur
2705 2527 3030 2584 venerabilis
3051 2525 3269 2594 juvenis
3292 2516 3564 2594 quomodo

1998 2637 2310 2697 processum
2361 2617 2687 2690 martyrialis
2733 2615 2905 2686 praelii
2957 2614 3329 2678 meditaretur,
3366 2611 3572 2666 vincto-

2000 2729 2122 2771 rum
2152 2727 2212 2768 se
2249 2711 2502 2782 precibus
2540 2707 2897 2770 solatiandiJm
2929 2703 3240 2774 implorans,
3270 2703 3449 2772 animo
3476 2700 3590 2754 l:e-'

2003 2802 2126 2858 tiori
2171 2801 2227 2856 in
2255 2814 2388 2870 pace
2432 2796 2696 2854 discessit.
2743 2795 2808 2849 Et
2857 2803 2977 2848 eum
3031 2808 3128 2848 nos
3170 2793 3367 2862 saepius
3406 2791 3572 2866 idem,

2001 2890 2236 2962 qnandiu
2264 2887 2354 2944 illa
2374 2887 2710 2944 itorrihilium
2743 2886 2980 2940 claustra
3005 2898 3280 2961 carcerum
3312 2881 3571 2957 habuere,

2003 2995 2109 3036 non
2135 2978 2418 3036 desiSteret
2443 2975 2684 3044 visitare,
2716 2975 3025 3046 frequenter
3056 2982 3233 3028 tamen
3269 2965 3518 3045 prudenti
3549 2976 3575 3011 -'

2004 3073 2140 3131 sima
2167 3072 2458 3145 Sabigotho
2484 3069 2762 3128 latibulum
2787 3068 2915 3123 illud
2962 3065 3304 3132 feminarum,
3345 3079 3451 3134 quo
3490 3077 3578 3118 sa-

2365 3161 2602 3231 virgines
2652 3158 2811 3214 Flora
2854 3165 2910 3212 et
2958 3151 3124 3210 Maria
3171 3154 3574 3228 detinebantur,

2001 3264 2162 3312 noctu
2188 3253 2342 3325 quasi
2372 3267 2478 3308 una
2505 3266 2540 3307 e
2570 3247 2890 3320 compeditis
2917 3247 3160 3312 incoluit,
3185 3254 3246 3300 ut
3279 3243 3363 3300 vel
3387 3235 3584 3298 consoo

2001 3346 2204 3402 laretur
2227 3352 2516 3411 certantes,
2541 3341 2627 3399 vel
2661 3357 2720 3398 se
2759 3341 2972 3398 aifectui
3017 3340 3420 3396 commendaret
3457 3353 3580 3395 cera

2004 3428 2264 3502 tantium;
2309 3437 2417 3492 imo
2445 3435 2622 3505 potius
2665 3441 2726 3488 ut
2757 3432 3028 3504 pugnandi
3063 3446 3163 3503 pro
3191 3430 3407 3486 Christo
3456 3443 3582 3500 rege

2004 3528 2188 3584 usibus
2239 3527 2268 3568 ι’
2320 3527 2690 3591 imbueretur,
2739 3525 3069 3594 haberetque
3135 3521 3581 3579 consuetudinem

2003 3617 2302 3691 proeliandi.
2352 3617 2590 3673 instabat
2619 3615 2894 3686 precibus,
2929 3612 3398 3670 obsecrationibus
3428 3595 3582 3666 labo'é

2005 3710 2186 3776 r—abat,
2213 3716 2272 3764 ut
2290 3723 2558 3763 memores
2592 3707 2674 3762 sui
2699 3707 3011 3771 existerent,
3029 3706 3222 3776 adepto
3247 3712 3367 3775 post
3392 3703 3580 3758 trium-

2007 3801 2174 3870 phum
2221 3799 2403 3869 sponsi
2460 3798 2770 3864 consortio,
2803 3805 2910 3868 quo
2956 3797 3132 3852 saltim
3181 3795 3350 3853 eﬁ‘uso
3391 3809 3585 3850 cruore

2009 3891 2206 3944 omium
2233 3889 2434 3961 ingredi
2466 3896 2824 3944 mererentur.
2858 3889 2998 3943 Dant
3025 3888 3168 3943 illico
3196 3887 3447 3943 ﬁduciam
3477 3887 3582 3941 hoc

2009 3981 2298 4050 praestandi
2335 3980 2654 4035 beneﬁcium
2677 3989 2877 4036 sanctae
2901 3980 3158 4051 virgines,
3185 3993 3303 4049 quae
3331 3993 3456 4034 suas
3482 3985 3583 4032 no:

2011 4076 2198 4124 verant
2228 4068 2281 4123 in
2323 4069 2468 4123 nullo
2502 4079 2524 4108 ε
2560 4069 2846 4138 repugnari
2883 4077 3004 4139 post
3045 4068 3326 4122 victoriam
3373 4073 3582 4138 preces,

2012 4171 2112 4213 nec
2138 4166 2383 4228 poterant
2409 4157 2864 4214 commilitonibus
2889 4157 3180 4228 quidquam
3210 4171 3430 4229 negare,
3463 4153 3584 4226 quas

2011 4259 2072 4304 se
2095 4265 2201 4304 non
2232 4249 2547 4304 dubitabant
2581 4249 2776 4303 audiri.

2084 4343 2173 4398 12.
2217 4343 2352 4397 Dum
2377 4357 2507 4413 ergo
2536 4341 2729 4396 ancilla
2758 4340 2968 4396 Domini
2999 4339 3317 4411 Sabigotho,
3345 4341 3588 4412 proxime

2013 4440 2135 4502 post
2161 4433 2476 4502 martyrium
2516 4430 2801 4497 virginum,
2828 4427 2964 4484 infra
2994 4429 3316 4486 domesticos
3356 4431 3592 4501 parietes

331 4531 696 4584 cunctandum
724 4539 808 4584 est
844 4543 1102 4599 spernere
1138 4530 1540 4598 patrimonium,
1571 4531 1713 4599 quod
1742 4529 1910 4584 multo
1937 4522 1988 4581 D
2015 4523 2230 4580 Christo
2267 4523 2582 4577 servitutem
2611 4522 2790 4576 minus
2825 4532 3070 4592 suspecta
3108 4523 3458 4592 persolveret,
3485 4521 3593 4577 fes-

331 4617 528 4672 melius
553 4622 606 4672 et
633 4618 793 4673 latius
820 4619 872 4673 in
905 4619 1063 4681 cmlo,
1094 4635 1201 4688 quo
1230 4633 1328 4675 vos
1358 4619 1588 4673 nitimini
1615 4619 1909 4689 proﬁcisci,

333 4709 619 4773 reperitur.-
649 4709 765 4764 Non
800 4708 1030 4763 ﬁliarum
1067 4710 1290 4765 allectus
1320 4710 1570 4765 societati
1598 4720 1908 4766 sanctorum

333 4800 418 4850 est
445 4799 853 4867 prmponendus,
883 4815 1004 4854 cum
1033 4809 1087 4854 et
1115 4800 1233 4855 illas
1263 4807 1442 4869 potest
1469 4800 1608 4854 Deus
1632 4801 1686 4854 in
1716 4801 1912 4856 szecnlo

331 4884 594 4949 enutrirc,
625 4885 713 4954 qui
743 4887 1106 4956 compactavit
1137 4887 1192 4940 in
1219 4899 1406 4952 utero;
1432 4887 1694 4956 siquidem
1717 4887 1764 4942 ei
1789 4903 1910 4958 pro-

330 4973 457 5027 vida
493 4973 558 5028 de
588 4975 838 5030 omnibus
866 4992 997 5031 cura
1020 4985 1124 5032 est.
1153 4975 1268 5031 Non
1290 4992 1479 5032 omnes
1499 4977 1702 5046 parvuli
1727 4993 1914 5049 paren-

335 5071 449 5117 tum
475 5063 738 5119 industria
765 5065 1091 5132 refoventur,
1127 5082 1228 5122 nec
1253 5076 1458 5122 cunctae
1483 5068 1661 5136 proles
1689 5069 1913 5123 nutritio

331 5155 633 5210 educantur
657 5156 860 5212 labore.
893 5157 1148 5213 Nascitur
1173 5159 1364 5224 homo,
1401 5158 1624 5212 orbatur
1655 5159 1708 5212 in
1741 5175 1910 5214 cuna-

328 5241 474 5298 bulis
500 5245 692 5300 solatio
711 5246 990 5316 genitoris,
1024 5263 1128 5301 non
1154 5255 1330 5302 tamen
1357 5246 1628 5303 Creatoris
1650 5248 1912 5317 guberna-

331 5335 456 5391 culo
478 5336 808 5402 destituitur,
834 5339 923 5408 qui
954 5347 1038 5393 est
1073 5350 1230 5409 pater
1255 5339 1639 5408 orphanorum,
1670 5347 1725 5392 et
1746 5338 1911 5406 judex

332 5425 634 5483 viduarum.
663 5427 708 5484 Ο
734 5444 893 5500 quam
921 5430 1072 5486 multi
1101 5428 1308 5500 parvuli
1350 5429 1619 5484 nutricum
1661 5445 1789 5485 cura
1820 5430 1913 5486 de-

408 5551 435 5614 3
462 5538 570 5614 Pro
600 5542 736 5614 victu
763 5544 1109 5614 quotidiana:
1126 5542 1360 5598 Scaena.

404 5607 436 5684 ἓ)
477 5609 602 5666 Vult
631 5601 830 5684 dicere,
861 5614 1038 5683 inquit
1075 5601 1760 5684 Sollerius,_experimentis
1794 5613 1920 5668 edo-

337 5681 423 5736 ιιά
451 5690 650 5754 certare
677 5682 921 5754 disceret,
938 5681 1090 5754 quod
1117 5685 1282 5754 etiam
1310 5681 1464 5754 infra
1483 5684 1738 5740 recurrit.

410 5759 436 5809 °.
473 5751 556 5805 An
582 5767 689 5808 non
728 5746 920 5810 melius
945 5746 1280 5838 repugnare?
1309 5746 1387 5808 In.

2012 4625 2180 4680 soque
2224 4609 2611 4664 exercitatione
2657 4609 2960 4680 vigiliarum
3009 4610 3220 4678 corpori
3273 4609 3581 4671 consulens,

2016 4702 2288 4772 paulutum
2337 4701 2669 4770 quievisset:
2709 4699 2925 4766 ferunt,
2973 4711 3257 4770 utramque
3307 4699 3590 4770 virginem;

2016 4791 2240 4845 Mariam
2273 4791 2478 4846 scilicet
2520 4799 2575 4845 et
2605 4789 2843 4855 Florum,
2880 4791 3050 4847 niveis
3096 4791 3322 4846 a‘mictas
3359 4789 3594 4860 cycladi-
3663 4851 3666 4854 ,

2014 4883 2138 4946 bus,
2160 4881 2493 4936 diversarum
2541 4880 2844 4950 ligustrium
2875 4881 3124 4936 manibus
3161 4889 3432 4951 gestantes
3475 4894 3591 4932 ma-

2017 4969 2247 5038 nipulos,-
2271 4975 2392 5023 cum‘
2419 4966 2586 5025 cbo’ro
2613 4969 2922 5024 sanctorum
2944 4962 3153 5039 phialas
3185 4969 3378 5038 palmis
3406 4983 3593 5038 geren-

2018 5057 2150 5113 tium
2197 5057 2450 5128 (quibus,
2491 5066 2553 5112 ut
2595 5067 2765 5129 puto,
2808 5059 3082 5114 orationes
3125 5071 3351 5121 eorum,
3381 5056 3472 5125 qui
3523 5055 3588 5110 ad

2014 5148 2256 5220 prtelium
2284 5156 2542 5204 venerant
2580 5148 2884 5214 informari,
2914 5149 2968 5204 in
2999 5155 3342 5217 conspectum
3381 5147 3594 5202 Domini

2016 5238 2242 5310 ferrent)
2287 5255 2476 5295 omnes
2520 5239 2825 5296 caelestium
2881 5239 3294 5294 iuminariorum
3349 5238 3596 5294 claritate

2017 5330 2302 5403 fulgentes,
2329 5333 2501 5388 cidem
2548 5349 2644 5404 per
2682 5333 2950 5388 somnium
2979 5329 3237 5386 astitisse.
3286 5327 3432 5399 Quas
3470 5346 3590 5387 cum

2015 5424 2125 5490 illa,
2155 5431 2214 5478 ut
2251 5424 2637 5490 arbitrabatur,
2678 5423 2706 5464 ἀ
2751 5423 2954 5479 sediiiis
2996 5430 3056 5478 se
3101 5408 3351 5478 reclinari
3400 5421 3598 5478 humile

2087 5539 2122 5612 ἦ
2157 5525 2256 5593 Hic
2275 5537 2496 5602 sediliis,
2528 5533 2702 5612 inquit
2726 5525 2886 5612 idem,
2922 5549 3082 5612 supra
3104 5535 3432 5612 ligustrittm,
3455 5534 3596 5612 infra

2019 5609 2270 5679 deflorate
2300 5582 2396 5679 pro
2432 5582 2672 5675 erponite
2690 5646 2706 5674 ,
2727 5582 2811 5662 "ei"

2023 5678 2109 5736 isti
2135 5678 2490 5736 condenanda
2515 5685 2660 5732 sunt.
