4094 6346
595 414 698 480 78$

1713 409 1770 468 s.
1811 379 2087 465 sumen
2121 397 2436 458 meumr.
2479 387 2725 457 roLnr.

3741 386 3856 451 788

593 543 722 595 lima
749 534 1156 608 supplicatione
1195 533 1430 599 optaret,
1462 523 1647 580 territa
1677 519 1960 590 majestate
2009 514 2159 572 coeli-
2187 517 2240 578 Α
2265 519 2380 566 tant
2401 513 2799 578 universa,quo
2820 504 3100 561 liberiores
3127 505 3180 560 in
3201 495 3540 574 assequendo
3567 503 3856 561 Christum

593 632 771 686 colum
799 669 816 693 ,
843 628 935 682 vix
995 623 1144 680 tenui
1188 617 1504 676 allocutione
1551 611 1893 684 aggreditur,
1922 609 2110 664 dicens
2141 623 2155 660 :

595 743 615 776 ι
647 723 822 791 Quam
849 718 1099 774 ﬁduciam
1117 713 1245 769 olim
1269 707 1561 779 praemissae
1585 701 1978 761 obsecrationis
2006 695 2161 753 vobis

591 813 646 868 in
676 789 922 874 carcere,
943 822 978 862 ο
1019 799 1390 860 sacratissima
1433 795 1692 866 virgines,
1720 807 1807 848 me
1843 790 2042 846 habere
2075 789 2162 858 ju-

593 902 777 957 betis?
817 899 884 954 Et
914 898 962 951 si
1006 904 1255 950 votorum
1297 902 1540 944 meorum
1580 883 1878 942 commodis
1925 881 2160 952 petitura

594 1006 733 1055 sum,
759 983 1077 1060 gratissimis
1104 979 1362 1037 deﬂorate
1389 976 1692 1048 responsis;
1725 989 1794 1029 ne
1816 973 2015 1028 frustra
2037 985 2162 1026 eur-

594 1086 796 1142 rentes,
827 1076 880 1130 in
907 1084 1136 1128 vacuum
1169 1067 1481 1124 decidamus
1512 1082 1528 1132 ;
1555 1079 1624 1120 ne
1676 1063 1820 1118 vires
1862 1060 2038 1117 nostri
2070 1073 2161 1114 co-

592 1177 751 1225 natus
778 1178 916 1220 vano
933 1165 1378 1217 consummantur
1401 1155 1602 1218 labore,
1621 1155 1747 1207 dum
1771 1151 1915 1206 aliud
1935 1147 2161 1204 intentio

591 1263 818 1327 quzerat,
843 1252 988 1308 aliud
1021 1249 1214 1305 merita
1243 1254 1516 1318 expetant.
1547 1244 1831 1312 Quia,cum
1861 1241 2000 1296 Deus
2039 1239 2158 1310 plus

590 1344 798 1399 meritis
841 1356 1004 1412 quam
1040 1338 1307 1411 praecibus
1345 1335 1564 1401 faveat,
1595 1333 1745 1388 novit
1793 1340 1969 1386 tamen
2018 1329 2159 1384 idem

556 1435 840 1495 .abdicare
871 1430 1393 1502 congeminationem
1427 1427 1818 1498 precaminum,
1847 1437 2010 1494 quam
2048 1435 2158 1476 non

578 1526 737 1595 juvat
774 1524 1008 1594 dignitas
1054 1519 1394 1576 meritorum.
1444 1515 1684 1579 Idcirco,
1709 1513 1941 1568 dominae
2001 1525 2156 1575 mem,

585 1627 795 1683 sponsae
847 1609 1090 1676 Christi,
1137 1607 1184 1663 si
1231 1606 1491 1661 hactenus
1528 1600 1827 1658 sustinendi
1877 1598 2160 1670 praemium

578 1703 897 1776 sponsionis
927 1708 1119 1756 vestrae
1147 1711 1270 1767 spes
1296 1695 1452 1750 nobis
1473 1693 1579 1749 ﬁda
1611 1690 1878 1756 subsistit,
1901 1703 2159 1758 enarrare

575 1799 765 1868 iubete
795 1815 810 1850 :
840 1809 946 1865 quo
992 1789 1290 1863 promptius
1321 1788 1388 1844 ad
1414 1800 1648 1856 superna
1691 1782 1976 1840 tendamus
1998 1821 2014 1848 ,
2049 1795 2159 1851 quo

577 1888 815 1944 ‘validius
848 1885 902 1940 in
926 1882 1224 1940 certamine
1247 1880 1584 1936 roborentur.
1617 1895 1636 1928 ι

655 1975 746 2038 15.
774 1981 924 2036 Tunc
944 1992 1065 2034 eam
1085 1983 1285 2032 sanctae
1303 1971 1537 2044 virgines
1557 1967 1856 2025 caelestium
1876 1963 2160 2022 diﬁ‘usione

586 2073 880 2146 gratiarum
895 2067 1146 2125 affatibus
1159 2063 1395 2136 praeditis
1409 2060 1777 2118 demulcentes
1791 2075 1805 2112 :
1817 2075 1836 2109 ί
1846 2054 2157 2120 Commoda,

585 2167 858 2239 inquiunt,
891 2161 1056 2219 vestri
1089 2159 1292 2216 laboris
1342 2157 1395 2212 in
1442 2153 1693 2211 aethereis
1720 2150 1978 2222 reposita,
2021 2155 2159 2202 tem-

586 2234 718 2331 pore
753 2253 1062 2312 necessario
1109 2249 1263 2306 vobis
1291 2246 1582 2309 metienda,
1613 2249 1828 2298 servata
1857 2245 2000 2294 sunt.
2048 2234 2161 2291 Nec

584 2325 797 2406 labetur
843 2342 1281 2418 praescriptorum
1333 2349 1543 2392 merces
1593 2333 1664 2388 ad
1709 2325 2162 2401 praelium,quod

583 2441 729 2513 cogit
755 2417 986 2493 athletas
1033 2429 1417 2488 invictissimos
1446 2428 1526 2482 ire
1552 2425 1622 2481 ad
1663 2437 1906 2494 regnum.
1962 2417 2161 2488 Many-

582 2509 726 2589 riu'm
751 2529 983 2600 denique
1017 2525 1171 2581 vobis
1201 2537 1234 2577 a
1258 2517 1647 2577 Constitutione
1679 2513 1864 2571 mundi
1905 2509 2162 2568 divinitus

547 2619 556 2624 ’
582 2622 888 2696 praeﬁxum,
913 2625 968 2674 et
993 2614 1433 2688 praedestinatum
1455 2617 1556 2664 est.
1590 2605 1743 2674 Quod
1768 2618 1865 2660 vos
1891 2608 2012 2674 post
2032 2614 2162 2670 pau-

589 2693 758 2769 lulum
808 2710 1144 2782 impleturas,
1175 2702 1422 2774 congruit
1473 2697 1804 2754 felicioribus
1843 2693 2002 2748 solito
2031 2706 2162 2746 san-

585 2790 788 2860 ctitatis
809 2799 1001 2857 studiis
1033 2796 1303 2852 insistere.
1333 2791 1671 2859 Quapropter
1697 2783 1953 2840 libamina
1983 2795 2166 2836 sacer-

545 2905 552 2912 '
585 2895 778 2952 dotum
807 2890 1082 2948 laboribus
1117 2885 1313 2943 vestris
1342 2881 1591 2938 asciscite
1621 2897 1637 2946 ;
1676 2875 1930 2948 suffragia
1975 2872 2164 2944 implo-

587 2997 710 3044 rate
757 2991 1110 3046 sanctorum;
1151 2977 1352 3046 ubique
1377 2987 1473 3030 vos
1518 2970 1769 3042 precibus
1809 2964 2160 3021 servientium

583 3075 805 3134 Christo
835 3068 1154 3128 committite
1184 3083 1200 3132 ;
1239 3065 1419 3120 votivo
1447 3056 1752 3117 veneranda
1780 3055 1878 3110 Dei
1907 3062 2166 3110 sanctua-

542 3175 548 3180 ‘
575 3169 670 3224 "ria
699 3165 946 3222 discursu
973 3157 1282 3223 incolite,et
1304 3155 1542 3211 omnium
1570 3149 1950 3222 religiosorum
1985 3145 2163 3215 inqui-

571 3258 693 3312 ‘rite
713 3251 1134 3311 obsecrationes.
1165 3246 1300 3313 Quia
1327 3241 1622 3314 quamlibet
1665 3237 1980 3310 praescripta
2011 3235 2163 3290 vobis

580 3347 910 3420 quandoque
963 3341 1144 3397 futura
1198 3337 1307 3392 sint
1347 3332 1563 3406 praemia
1598 3369 1614 3396 ,
1652 3343 1749 3399 per
1793 3329 1934 3383 hanc
1983 3333 2165 3379 tamen

567 3417 911 3495 industriam
954 3430 1122 3489 veluti
1170 3425 1490 3498 quibusdam
1549 3418 1803 3492 gradibus
1847 3417 2163 3481 innitentes,

589 3536 756 3585 tantae
795 3523 1054 3580 bonitatis
1082 3533 1264 3575 arcem
1291 3530 1388 3570 vos
1421 3528 1609 3568 verum
1637 3518 1722 3566 est
1750 3521 1910 3580 posse
1955 3505 2166 3562 contin-

587 3635 714 3694 gere
742 3636 766 3686 ,'
787 3625 1139 3684 nostrumque
1171 3621 1486 3666 «sermonem
1537 3599 1906 3672 hujuscemodi
1955 3605 2166 3653 certum

589 3690 741 3778 esse;
785 3697 984 3765 indicio
1005 3709 1390 3767 contestantes,
1415 3697 1637 3752 instanti
1663 3694 1816 3750 vobis
1841 3690 2163 3754 certamine,

589 3806 932 3860 adhaesurum
979 3793 1348 3856 contuberniis
1391 3789 1584 3845 vestris
1639 3784 1966 3841 ccenobitam
2003 3792 2028 3821 α
2063 3795 2163 3834 ηο-

571 3905 764 3950 ‘strum
814 3891 1093 3946 mittemus
1121 3925 1139 3952 ,
1190 3883 1282 3953 qui
1326 3880 1603 3936 vobiscum
1669 3875 1846 3944 palma
1899 3870 2166 3943 petiturus

589 3983 838 4056 martyrii
867 3979 1078 4037 coalitus
1105 3975 1384 4031 ordinatus
1403 3979 1506 4027 est.
1545 3988 1562 4022 ι

664 4099 753 4155 li.
785 4097 914 4152 Post
933 4091 1079 4150 hanc
1097 4090 1358 4146 visionem
1384 4087 1552 4142 oculis
1578 4083 1836 4140 intuentis
1858 4079 2162 4144 abductam,

590 4189 964 4248 vehementius
996 4192 1157 4240 tanta:
1187 4181 1264 4238 rei
1293 4178 1550 4236 miraculo
1589 4175 2068 4246 beata'Sabigotho
2100 4173 2168 4228 ad

590 4281 916 4354 perﬁcienda
940 4277 1083 4334 bella
1113 4275 1322 4333 Domini
1345 4271 1663 4330 coneitatur.
1712 4268 1842 4336 Quae
1877 4281 2001 4323 mox
2032 4265 2170 4319 hila-

593 4376 706 4430 rior
749 4388 781 4428 e
815 4385 1004 4428 somno
1048 4381 1343 4438 exsurgens
1369 4405 1383 4430 ,
1422 4369 1582 4433 auget
1623 4374 1787 4430 opera
1835 4355 2164 4419 sanctitatis,

591 4465 836 4538 fragilem
877 4463 945 4517 ad
968 4475 1200 4532 pugnam
1230 4457 1394 4528 erigit
1425 4468 1634 4517 sexum,
1673 4463 2010 4520 supernoque
2047 4462 2168 4501 niu-

2187 1854 2235 1914 B

2191 3206 2236 3268 C

2262 604 2616 666 exsisterent;
2658 615 2724 655 ex
2751 614 2858 669 quo
2893 599 3067 669 pretio
3097 598 3388 668 quidquam
3436 596 3724 654 infantulis
3765 612 3854 654 re-

2262 696 2587 766 linquentes,
2619 701 2789 749 totum
2819 690 2966 746 aliud
2995 689 3281 760 stipendiis
3327 688 3610 759 applicant
3651 703 3860 758 egeno-

2261 801 2420 850 rum;
2480 785 2716 838 virorum
2767 797 2834 836 ac
2880 779 3166 835 mulierum
3213 779 3436 834 visitant
3493 779 3857 842 monasteria,

2259 879 2528 949 praecipue
2573 863 2751 931 tamen
2801 873 3116 930 Tabanense
3142 871 3477 937 coenobium,
3506 869 3578 925 de
3607 885 3721 940 quo
3752 885 3858 925 sa:-

2250 969 2380 1040 pius
2409 966 2849 1043 memorabimus,
2880 965 3008 1034 quia
3037 965 3264 1018 summis
3289 961 3611 1017 monasticae
3641 961 3860 1030 regulis

2259 1060 2555 1130 disciplinae
2591 1066 2842 1113 cunctum
2870 1057 3110 1111 honestae
3148 1054 3306 1110 famce
3354 1054 3679 1108 rumoribus
3729 1052 3855 1106 illu-

2259 1152 2471 1206 strabat
2497 1148 2814 1204 Occiduum.
2860 1146 2990 1200 lude
3016 1145 3230 1200 athleta:
3280 1143 3564 1198 fortissimi
3595 1142 3866 1196 hauriunt

2260 1241 2670 1303 documentum;
2729 1235 2852 1292 inde
2886 1235 3128 1290 instituta
3158 1233 3502 1304 percipiunt;
3560 1232 3636 1286 ibi
3666 1246 3730 1286 se
3767 1246 3868 1301 po-

2260 1329 2382 1386 culo
2426 1329 2550 1383 vita:
2606 1327 2860 1398 perennis
2927 1324 3298 1394 ingurgitant;
3375 1322 3448 1377 ibi
3502 1322 3866 1377 sanctissima

2263 1417 2557 1489 Sabigotbo
2609 1416 2924 1486 frequenter
2971 1428 3093 1468 cum
3137 1410 3351 1468 ancillis
3396 1409 3494 1467 Dei
3557 1421 3862 1475 moratur;

2261 1510 2420 1566 discit
2443 1509 2514 1564 ibi
2541 1508 2704 1587 totius
2727 1490 2902 1562 sancti
2933 1505 3143 1560 timoris
3159 1499 3484 1573 industriam
3517 1519 3533 1567 ;
3575 1501 3652 1558 ibi
3688 1502 3867 1572 gemi-

2261 1616 2390 1668 num
2418 1600 2612 1672 pignus
2637 1600 2738 1654 sub
2768 1599 3051 1654 beatarum
3084 1595 3250 1651 tutela
3285 1594 3647 1651 constituunt.

2331 1714 2418 1768 l6.
2458 1712 2502 1768 Ο
2531 1711 2792 1781 stupenda
2816 1708 3004 1763 mundi
3032 1707 3384 1772 renuntiatio,
3412 1713 3471 1761 et
3503 1703 3862 1760 admirabilis

2261 1803 2426 1858 ardor
2453 1802 2682 1867 divinus,
2711 1815 2817 1870 quo
2862 1798 3097 1853 ﬁliorum
3131 1796 3355 1852 affectus
3401 1796 3714 1867 respuitur,
3753 1812 3862 1866 quo

2262 1909 2426 1964 opum
2455 1890 2724 1948 afﬂuentia
2767 1898 3119 1959 repugnatur,
3157 1888 3694 1957 quoiproximorum
3745 1886 3862 1941 dolo

2261 1985 2394 2043 cedo
2437 1982 2724 2046 refellitur,
2774 1995 2882 2050 quo
2935 1993 3084 2034 mors
3125 1993 3224 2047 pro
3281 1977 3392 2032 vita
3444 1977 3700 2048 eligitur,
3751 1989 3862 2045 quo

2261 2079 2495 2134 labentia
2525 2083 2720 2133 cuncta
2772 2080 3207 2138 contemnuntur,
3237 2085 3344 2140 quo
3382 2069 3589 2125 intuitu
3634 2079 3860 2125 reterns:

2263 2169 2537 2227 felicitatis
2559 2166 2764 2232 ‘vincla,
2787 2165 2985 2230 caedes,
3009 2177 3220 2230 cruces,
3245 2177 3516 2228 carceres,
3543 2162 3784 2216 verbera
3803 2168 3858 2213 et

2263 2270 2531 2319 tormenta
2583 2275 2683 2331 pro
2735 2257 2962 2314 summis
2995 2250 3265 2310 habentur
3317 2252 3564 2310 deliciis!
3615 2251 3740 2307 Una
3785 2251 3857 2306 si-

2263 2354 2481 2425 quidem
2527 2351 2762 2407 ﬁliarum
2800 2347 3074 2411 oetennio,
3103 2345 3274 2400 lustro
3320 2344 3492 2399 altera
3525 2341 3852 2398 ducebatur.

2263 2445 2306 2500 E
2333 2444 2528 2515 quibus
2549 2458 2649 2513 ego
2675 2447 2798 2511 post
2825 2452 3018 2493 necem
3063 2444 3349 2506 parentum
3373 2435 3672 2512 minorem
3699 2446 3853 2503 rape.

2264 2535 2431 2600 riens,
2458 2533 2548 2587 vix
2581 2529 2875 2586 tenerrimo
2902 2542 3000 2583 ore
3035 2524 3337 2585 facundiam
3389 2510 3736 2598 exprimens,
3765 2537 3852 2577 me

2265 2627 2295 2668 ιι
2325 2625 2694 2681 infantissime
2713 2623 3050 2686 abhortatur,
3081 2629 3142 2674 ut
3172 2619 3477 2687 genitorem
3525 2625 3682 2687 gesta
3721 2617 3855 2670 scri-

2264 2721 2449 2776 berem
2478 2759 2492 2783 ,
2530 2716 2816 2787 proderem
2863 2719 3016 2766 actus
3044 2751 3059 2776 ,
3087 2709 3464 2764 elucubrarem
3519 2720 3748 2778 tropaea.
3785 2707 3852 2762 Et

2265 2825 2387 2867 cum
2413 2816 2635 2880 propter
2664 2807 2766 2860 hoc
2812 2803 2942 2873 quid
2975 2801 3044 2856 ab
3073 2805 3137 2856 ea
3183 2798 3431 2854 beneﬁcii
3476 2797 3850 2868 prmstolarer,

2265 2901 2608 2971 exquirerem
2657 2896 2819 2967 (mira
2863 2893 3105 2947 dicturus
3149 2905 3289 2953 sum,
3320 2889 3588 2944 tantillam
3633 2898 3851 2946 etatem

2265 2991 2394 3046 talia
2423 2989 2658 3060 quivisse
2680 2986 2736 3040 in
2783 2989 3046 3054 promptu
3076 2979 3378 3042 advertere,
3408 2979 3514 3033 nisi
3560 2978 3707 3033 forte
3735 2993 3852 3032 cre-

2269 3082 2503 3138 dendum
2527 3079 2619 3142 sit,
2644 3074 2788 3146 quod
2815 3073 2884 3128 ab
2910 3071 3002 3126 illo
3024 3072 3364 3127 imbuebatur
3385 3070 3634 3134 interius,
3656 3072 3753 3140 qui
3786 3086 3856 3124 ex

2267 3188 2363 3228 ore
2401 3169 2711 3230 infantium,
2731 3173 2786 3218 et
2831 3161 3145 3216 lactentium
3183 3162 3392 3231 perﬁcit
3439 3160 3653 3215 laudem
3693 3175 3852 3214 suam

2269 3259 2447 3332 [PsaL
2490 3273 2610 3322 vui,
2633 3253 2689 3325 5]
2730 3255 2747 3324 )
2781 3269 2794 3305 :
2825 3250 3131 3320 lmpetrabo
3153 3289 3168 3317 ,
3202 3249 3414 3320 inquit,
3443 3257 3634 3320 pater,
3663 3249 3768 3305 tibi
3821 3264 3854 3303 a

2267 3350 2495 3408 Domino
2520 3347 2848 3419 paradisum.

2336 3463 2422 3516 l7.
2482 3462 2680 3516 Verum
2735 3460 2862 3528 quia
2927 3458 3253 3530 competenti
3307 3455 3611 3518 occasione,
3669 3453 3856 3524 gratia

2267 3555 2564 3611 disserendi
2619 3555 2940 3622 parvitatem
2979 3549 3388 3614 infantularum,
3443 3545 3722 3618 paululum
3785 3544 3856 3600 ab

2267 3645 2455 3700 ordine
2493 3643 2700 3698 directo
2735 3643 3061 3698 recessimus
3085 3683 3100 3708 ,
3137 3655 3242 3710 quo
3289 3653 3406 3694 rem
3459 3637 3664 3692 scilicet
3727 3643 3858 3704 post

2266 3747 2534 3788 novenum
2571 3726 2814 3801 martyrii
2837 3743 3027 3786 eorum
3063 3743 3299 3784 mensem
3328 3733 3592 3796 patratam
3624 3721 3858 3788 subjun-

2265 3839 2546 3894 geremus,
2579 3839 2722 3878 nunc
2750 3837 3068 3878 mrumnosae
3113 3829 3167 3877 et
3206 3821 3305 3876 sub
3339 3815 3624 3872 mundanis
3668 3814 3860 3867 adhuc

2266 3916 2529 3972 molestiis
2573 3915 2841 3970 laboranti
2889 3914 3217 3969 inseruimus
3265 3909 3525 3981 historiae.
3575 3903 3692 3958 Non
3752 3919 3860 3957 nos

2266 4007 2463 4062 obinde
2510 4007 2748 4060 fraterna
2780 4003 3047 4059 infamare
3083 4002 3243 4057 debet
3267 3993 3649 4068 reprehensio,
3703 3993 3862 4046 unde

2267 4095 2564 4167 culpabiles
2589 4095 2744 4165 argui
2775 4109 2881 4149 non
2907 4106 3158 4148 veremur
3195 4105 3225 4143 a
3252 4083 3500 4143 Domino.
3531 4083 3640 4138 Nec
3667 4081 3862 4135 obstat

2267 4188 2484 4252 ultimo,
2523 4201 2588 4240 an
2620 4183 2810 4255 priori,
2857 4184 3100 4242 mediove
3132 4180 3253 4235 loco
3278 4178 3480 4233 veritas
3507 4175 3820 4228 disseratur
3843 4189 3860 4224 :

2267 4277 2701 4350 quandoquidem
2756 4275 3002 4330 veritatis
3046 4281 3286 4328 assertor
3321 4262 3624 4323 nullatenus
3677 4263 3860 4318 bene-

2271 4369 2507 4424 dictione
2540 4367 2804 4436 privatur.
2840 4365 3044 4418 ldcirco
3071 4377 3100 4417 c
3129 4359 3358 4430 vestigio
3388 4355 3737 4425 repedantes,
3791 4352 3864 4406 ad

2271 4457 2477 4526 reliqua
2531 4455 2816 4511 beatorum
2872 4452 3165 4509 studiosius
3203 4458 3352 4522 gesta
3394 4443 3675 4503 referenda
3721 4457 3863 4497 cur-

591 4573 722 4616 nere
747 4557 900 4612 vires
917 4555 984 4609 ad
1008 4551 1324 4609 certandum
1357 4553 1689 4604 corronorat.
1716 4543 1853 4597 Hinc
1873 4540 1987 4610 jam
2017 4539 2158 4593 ﬁdu-
2187 4550 2240 4610 1)
2269 4564 2470 4603 ι-ειηιυε,

587 4652 732 4706 ciata
749 4664 842 4720 spe
880 4644 1105 4701 ﬁrmiori
1131 4643 1304 4696 virum
1338 4638 1653 4702 in'formans,
1686 4635 1907 4692 omnino
1935 4629 2167 4687 terrenis

525 4727 528 4734 ’
585 4739 715 4794 exui
745 4739 958 4800 edocet,
989 4732 1243 4803 quoniam
1290 4744 1318 4782 a
1345 4726 1608 4799 principio
1636 4725 1820 4781 mundi
1849 4720 2168 4778 caélestibus

525 4891 534 4896 _
591 4829 821 4887 dedicati
868 4823 1096 4889 militiis,
1125 4820 1380 4878 continuo
1411 4825 1540 4889 post
1585 4814 1870 4872 victoriam
1910 4811 2168 4869 coelicolis

591 4919 1041 4976 admiseeren‘lur.

663 5032 766 5092 l5.
792 5029 931 5086 Hinc
960 5025 1131 5096 magis
1153 5021 1430 5094 magisque
1465 5019 1677 5076 fruendi
1707 5018 2088 5088 Redemptorc,
2118 5024 2174 5072 et

593 5123 815 5194 collegis
843 5119 1046 5177 sanctis
1068 5115 1236 5186 ignito
1263 5111 1529 5170 desiderio
1557 5109 1894 5180 conﬁagrati,
1923 5115 2172 5163 natorum

597 5220 983 5287 postponentes
1009 5207 1280 5272 allectum,
1313 5211 1572 5275 spernunt
1599 5201 1860 5270 quidquid
1886 5198 2175 5254 mundialis

597 5308 840 5380 peritura
865 5303 1074 5376 species
1107 5298 1368 5356 continet.
1401 5294 1594 5352 Omnia
1625 5292 1955 5356 distrahunt,
1986 5290 2174 5344 vendi-

671 5498 699 5527 ι
737 5483 1028 5554 Georgium
1058 5478 1328 5554 intelligit:
1367 5475 1444 5531 ιω
1475 5484 1622 5554 recte
1653 5474 1842 5529 Sehot.

670 5557 700 5597 ιι
731 5552 829 5609 Sic
847 5540 1131 5608 ediderunt
1158 5540 1388 5604 Morales
1409 5557 1462 5602 et
1483 5545 1769 5608 Schottus;
1798 5541 1890 5597 sed
1920 5540 2178 5596 Sollerius

601 5625 975 5682 instantissime
988 5622 1132 5693 legit.
1150 5618 1444 5693 Infantium
1459 5614 1868 5693 infantissimus)
1889 5610 2180 5693 disitPau-

601 5681 748 5751 linus
773 5695 965 5748 Nolan.
993 5681 1150 5761 epist.
1183 5690 1252 5744 12
1275 5681 1536 5761 (.41.,21),
1554 5702 1609 5740 n.
1641 5681 2180 5761 §,ctinfentissimnm

606 5782 668 5823 se
696 5762 1014 5821 Prudentius
1029 5752 1303 5829 nuncupat
1331 5752 1616 5827 in'hyinno
1646 5753 1870 5809 Romani
1905 5752 2178 5823 martyris,

1035 5891 1062 5914 ἢ

2343 4663 2428 4718 l8.
2457 4661 2592 4718 Cum
2639 4676 2768 4732 ergo
2797 4658 2988 4714 intenti
3030 4655 3374 4721 caelestibus,
3413 4651 3560 4708 omni
3613 4658 3865 4718 tempore

2273 4756 2488 4826 vigiliis,
2517 4754 2875 4816 orationibus,
2906 4747 3282 4817 eleemosynis,
3313 4754 3368 4800 et
3397 4741 3619 4812 jejuniis
3641 4741 3862 4794 incum-

2277 4847 2467 4901 berent
2493 4845 2825 4916 (frequenter
2855 4851 3034 4896 tamen
3061 4851 3298 4908 superno
3317 4835 3493 4889 sidere
3525 4833 3579 4886 in
3606 4829 3866 4886 cubiculo

2265 4951 2400 5002 suo,
2430 4951 2537 5005 quo
2567 4935 2671 4988 ista
2713 4932 3131 4993 meditabantur,
3164 4925 3398 4995 respersi
3428 4931 3576 4987 sunt,
3609 4922 3748 4975 adeo
3803 4931 3865 4976 ut

2279 5023 2708 5096 illapsumjubar
2735 5008 3026 5077 aetherenm
3055 5032 3272 5073 omnem
3301 5014 3582 5086 praesentis
3617 5013 3861 5082 speciem

2279 5117 2562 5172 luminaris
2611 5113 2961 5183 interpellans
2993 5153 3008 5178 ,
3061 5109 3339 5166 horridum
3385 5123 3506 5163 esse
3552 5107 3720 5161 chaos
3777 5105 3864 5159 sui

2280 5208 2681 5280 comparatione
2729 5205 2997 5260 autumari
3026 5199 3432 5271 compelleret);
3464 5197 3668 5252 divinis
3715 5209 3866 5264 sape

2283 5297 2698 5356 revelationibus
2741 5297 3022 5366 eriguntur
3054 5311 3067 5347 :
3101 5291 3351 5347 fruuntur
3377 5287 3663 5357 colloquiis
3691 5299 3862 5356 ange-

2320 5486 2441 5526 uam
2469 5483 2656 5524 vocem
2680 5483 2779 5538 pro
2806 5465 3342 5538 ineloqnentissimuin
3367 5459 3626 5538 magister:
3646 5457 3768 5538 lson
3788 5456 3860 5538 lin

2331 5542 2488 5596 lossis
2511 5527 2723 5607 accipit.
2762 5527 2968 5592 Vernm'
3005 5551 3103 5590 nec
3138 5533 3346 5607 Paulini
3383 5527 3486 5607 nec
3522 5528 3736 5607 Eulogii
3782 5527 3858 5606 (si

2283 5596 2364 5667 ita
2389 5596 2642 5679 scripsitf
2666 5609 2781 5664 luce
2807 5622 2927 5662 esse
2953 5621 3107 5679 mens
3133 5604 3365 5659 videtur.
3381 5596 3770 5679 Quamobrem
3805 5596 3858 5676 in

2285 5665 2554 5737 Cloisario
2582 5665 2869 5749 Congeano
2919 5677 3082 5730 alium
3133 5688 3351 5749 sensum
3381 5665 3508 5726 huic
3533 5671 3652 5749 τρεῖ
3673 5665 3856 5749 _ap_tari

2285 5751 2542 5824 oportuit,
2571 5737 2753 5807 saltifn
2779 5747 2848 5804 ad
2875 5746 3246 5819 exponendam
3283 5752 3519 5802 mentem
3555 5737 3788 5799 Paulini.
