4094 6346
289 371 398 428 785

1281 361 1708 424 MEMORIALIS
1745 359 2188 424 SKNCTORUM.
2232 363 2466 420 -—'LlB.
2507 363 2568 418 ll.

3442 365 3556 422 786..

287 484 466 541 lorum
487 519 512 548 ,
549 479 736 536 laetitia
771 477 1030 538 coelicolis
1057 487 1238 536 mente
1289 489 1346 538 et
1377 481 1570 550 spiritu
1598 480 1818 536 adunati
1849 519 1864 546 ,
1895 483 1944 542 Α
1968 457 2134 536 vestri
2155 477 2408 536 Montesis
2435 494 2576 544 sum,
2609 491 2768 547 quam
2809 487 2865 534 tu
2897 477 3260 536 mundialibus
3287 483 3544 539 aerumnis

277 593 398 638 non
425 575 554 632 sine
583 575 734 646 gravi
775 574 1020 630 molestia
1071 573 1354 646 corporale
1411 589 1550 630 onus
1601 573 1866 628 ferebant.

283 669 536 738 Quodam
565 683 798 738 namque
813 668 898 724 die
909 683 1034 724 cum
1061 669 1258 722 atrium
1275 663 1702 738 (5)3erenissimi
1727 679 1868 734 prae-

281 762 526 832 ceptoris
557 759 726 816 nostri
751 772 778 802 ι
807 759 990 814 Alvari
1027 767 1140 816 toto
1167 759 1220 812 in
1247 755 1650 826 Scripturarum
1693 749 1868 810 scien-

287 853 364 908 tia
395 851 634 908 Occidno
679 849 900 916 laudati,
937 851 1114 922 gratia
1147 845 1452 906 collationis
1495 855 1714 912 mutuae,
1767 861 1866 902 no-

283 953 512 1014 straque
551 941 838 998 alternanti
885 941 1252 1012 propositione
1305 949 1544 996 mentem
1587 935 1866 994 erudiendi

279 1031 346 1090 in
405 1033 808 1104 Scripturarum
837 1033 1280 1104 problematibus,
1307 1031 1656 1102 petivissem,
1689 1029 1865 1100 reperi

279 1139 476 1182 coram
506 1139 574 1180 eo
597 1123 824 1178 militem
853 1121 1055 1178 Christi
1075 1121 1374 1186 Aurelium,
1405 1119 1710 1176 consultum
1742 1135 1868 1190 ago-

281 1219 506 1276 nizandi
525 1225 865 1288 quaerentem
893 1252 914 1282 ,
959 1223 1016 1270 et
1061 1223 1330 1286 quatenus
1367 1215 1636 1284 arriperet
1665 1223 1868 1282 marty-

281 1309 425 1366 riale
469 1307 770 1378 auspicium
809 1305 1210 1376 implorantem.
1264 1303 1438 1372 Quem
1485 1301 1630 1358 idem
1681 1301 1869 1358 doctor

277 1399 562 1471 egregius,
585 1405 642 1452 et
669 1396 926 1466 temporis
949 1395 1122 1450 nostri
1149 1393 1270 1450 fons
1297 1391 1580 1462 sapientiai
1606 1389 1865 1462 protinus,

283 1485 514 1544 Palmm
537 1483 800 1554 exemplis
837 1483 1142 1550 instituens,
1167 1481 1322 1554 jubet
1347 1481 1522 1552 primo
1549 1477 1868 1536 constantiae

283 1583 434 1636 vires
459 1579 814 1650 perpendere,
843 1584 1114 1632 secretum
1167 1589 1322 1630 suum
1377 1573 1656 1628 advertere
1681 1611 1696 1638 ,
1737 1585 1868 1624 con-

279 1657 532 1728 siderare
579 1683 869 1734 arcanum,
936 1675 994 1722 et
1067 1673 1248 1720 utrum
1299 1661 1636 1718 imminentia
1695 1657 1868 1730 magis

277 1769 474 1818 nosset
519 1760 680 1824 ferre,
719 1773 882 1828 quam
934 1755 1206 1812 declinare
1235 1753 1514 1824 supplicia,
1553 1751 1744 1806 ultimo
1771 1765 1866 1814 ex-

1971 569 2080 626 scis
2113 571 2240 626 olim
2271 577 2598 640 exemptam,
2628 583 2896 639 quamque
2933 569 3120 626 eadem
3143 571 3298 640 hora,
3329 587 3434 641 qua
3459 589 3548 629 su-

1969 663 2172 734 premis
2227 663 2528 718 vexabatur
2599 663 2862 734 angustiis
2891 703 2905 728 ,
2959 663 3272 735 priusquam
3325 667 3550 740 propius

1969 751 2238 818 visitares,
2265 751 2512 822 reperisti
2539 751 2862 808 exanimem.
2895 753 3108 808 Etcum
3147 763 3198 810 te
3227 769 3327 826 ego
3349 755 3548 814 saeculo

1965 857 2104 914 pene
2123 841 2394 898 eliminata
2423 859 2530 900 non
2549 843 2838 910 novissem,
2865 843 2980 914 ipso
3001 853 3180 902 tamen
3211 845 3391 902 obitus
3441 845 3550 908 mei

1967 945 2240 992 momento
2265 933 2386 1006 quis
2415 951 2584 1002 esses,
2629 935 2860 992 Domino
2889 935 3194 1004 revelante,
3224 938 3424 1010 agnovi
3449 955 3462 992 :
3493 947 3550 994 et

1967 1023 2134 1093 nunc,
2185 1042 2249 1082 eo
2284 1025 2570 1094 mittente,
2614 1027 2814 1099 praevia
2859 1029 3160 1084 nuntiatrix
3199 1029 3393 1100 palmae
3445 1037 3550 1084 tua:

1968 1117 2194 1172 accessi.
2221 1113 2390 1172 Instat
2419 1129 2654 1188 namque
2677 1116 2788 1187 jam
2815 1117 2968 1172 vobis
2995 1125 3208 1188 tempus
3251 1133 3550 1188 exsequen—

1969 1207 2050 1264 dae
2076 1207 2348 1274 victoriae;
2393 1207 2590 1264 adsunt
2636 1208 2750 1264 dies
2801 1207 3014 1278 publice
3049 1208 3334 1278 profitendi
3389 1209 3546 1282 fidem

1968 1297 2312 1362 catholicam,
2341 1298 2660 1368 hostemque
2699 1297 2992 1367 repellendi
3035 1297 3548 1366 teterrimum._Qui-

1967 1389 2070 1444 bus
2121 1389 2322 1444 sedatis
2369 1387 2864 1454 litibus,'c(elorum
2915 1389 3212 1466 penetralia
3257 1405 3352 1445 vos
3395 1405 3548 1447 cero-

1970 1481 2176 1537 nandos
2237 1487 2550 1546 assument,
2601 1487 2861 1562 perpetua
2923 1479 3176 1550 deinceps
3237 1496 3372 1551 pace
3427 1479 3550 1536 fun-

1969 1571 2142 1626 datos.
2182 1589 2200 1622 ι

2039 1661 2130 1724 21,
2157 1659 2324 1734 igitur
2355 1669 2728 1724 scrutanscor
2779 1675 2935 1722 suum
2963 1659 3286 1722 venerabilis
3323 1661 3544 1727 femina,

1971 1769 2263 1824 secumque
2289 1753 2560 1809 meditans
2587 1753 2858 1824 eloquium
2889 1753 3213 1820 assistentis,
3261 1754 3546 1810 confestim

275 1861 546 1922 cepturus
599 1849 846 1904 delicatis
885 1849 1196 1904 cervicibus
1219 1845 1454 1918 gladium
1505 1859 1522 1898 :
1553 1845 1656 1902 etsi
1697 1841 1868 1912 magis
1899 1835 1944 1894 Β
1971 1843 2210 1900 revoluta
2231 1845 2638 1908 memoria,rem
2657 1853 2860 1914 gestam
2883 1845 3143 1914 agnoscit,
3161 1853 3216 1900 et
3231 1845 3548 1915 priusquam
3623 1883 3626 1888 -

281 1943 484 2000 merita
533 1951 830 2012 martyrum
899 1939 1168 2010 adipisci,
1213 1953 1380 2008 quam
1435 1936 1616 1994 vocari
1661 1943 1870 2006 martyr
1969 1943 2148 2006 grates
2176 1935 2568 2006 evangelizanti
2611 1935 2714 1990 sibi
2755 1935 2944 2004 puellae
2973 1933 3230 2000 referret,
3281 1935 3480 1990 labitur
3516 1952 3548 1990 a

191 2057 196 2060 ι
279 2034 636 2090 contenderet
667 2071 682 2095 ,
711 2031 814 2090 etsi
843 2029 1014 2098 magis
1069 2027 1228 2084 terris
1283 2027 1528 2098 ignotus,
1555 2023 1869 2082 ﬂorentibus
1969 2035 2260 2098 conspectu
2289 2027 2406 2098 ejus
2432 2025 2520 2082 illa
2549 2025 2828 2098 virginalis
2853 2027 3062 2096 species
3081 2027 3304 2084 aetheris
3337 2029 3546 2094 nuntia,

279 2121 430 2180 caelo
483 2119 694 2176 meritis
751 2119 1000 2190 catalogo
1055 2117 1352 2176 electorum
1407 2129 1528 2171 sese
1589 2113 1870 2170 ail'ectaret
1969 2127 2024 2174 et
2068 2133 2244 2188 praeco
2271 2119 2352 2174 sui
2381 2119 2646 2192 martyrii.
2677 2119 2768 2176 Fit
2797 2119 2918 2174 laeta
2949 2120 3042 2176 tali
3073 2121 3390 2194 prteconio;
3431 2121 3550 2194 ani-

275 2209 549 2274 describi,
577 2223 740 2278 quam
765 2207 818 2262 in
837 2205 1090 2278 supernis
1135 2205 1400 2265 diminuto
1430 2203 1672 2274 praemio,
1703 2201 1870 2256 famo-

277 2315 408 2358 sum
441 2297 756 2368 temporalis
779 2299 1022 2368 martyrii
1045 2295 1328 2352 anhelaret
1352 2309 1546 2350 nomen
1575 2295 1796 2350 habere.

363 2387 454 2444 l9.
479 2387 632 2444 Tunc
679 2386 768 2448 ille
817 2401 880 2460 se
913 2401 1088 2458 usque
1123 2385 1192 2440 ad
1229 2393 1456 2440 mortem
1489 2384 1868 2440 dimicaturum

281 2477 558 2549 spondens
589 2517 603 2542 ,
651 2475 798 2530 nulla
829 2490 1052 2546 prorsus
1087 2475 1138 2532 vi
1175 2483 1568 2530 tormentorum
1617 2473 1869 2530 intentio-

281 2583 414 2628 nem
439 2581 590 2624 suam
623 2567 984 2638 superandam
1015 2583 1134 2623 esse
1165 2567 1386 2622 fatetur.
1422 2585 1440 2617 ι
1487 2566 1654 2632 Mihi,
1693 2567 1824 2620 mihi
1855 2607 1868 2632 ,

283 2659 508 2729 inquit,
563 2659 860 2712 maximum
895 2659 1018 2714 vita:
1077 2659 1328 2714 solatium
1389 2657 1636 2712 Christus
1673 2665 1774 2722 est,
1815 2665 1871 2712 et

281 2747 428 2802 mori
465 2747 696 2802 lucrum.
745 2745 844 2802 Cui
901 2755 1120 2802 terrena
1175 2747 1518 2802 conversatio
1581 2747 1872 2802 teterrima:

281 2837 462 2896 noctis
515 2837 690 2908 caligo
727 2845 830 2902 est,
860 2845 916 2890 et
951 2837 1212 2892 memoria
1269 2837 1532 2892 transitus
1581 2837 1870 2896 mundialis

279 2933 560 2998 perpetuae
607 2925 1020 2994 lucisodorem
1077 2926 1300 2998 aspirat.
1349 2945 1368 2978 ι
1427 2925 1516 2986 Fit
1583 2941 1870 2992 commune

279 3017 542 3090 deinceps
565 3019 816 3088 gaudium
843 3033 1006 3074 causa
1033 3019 1204 3082 nostri
1228 3017 1494 3074 adventus
1529 3037 1541 3072 :
1572 3019 1646 3098 de]
1663 3019 1870 3074 alterno

281 3110 576 3166 admodum
607 3109 806 3166 intuitu
835 3109 1102 3174 laetamur.
1135 3109 1422 3166 Credimus
1445 3111 1706 3166 interesse
1735 3125 1866 3172 con-

1949 2217 2148 2280 matur
2190 2209 2395 2265 caelesti
2448 2209 2710 2276 oraculo;
2771 2219 2828 2266 et
2875 2218 3023 2266 tanto
3067 2225 3162 2284 spe
3209 2209 3433 2286 tiri_niori
3477 2213 3550 2266 ad

1969 2301 2212 2374 praelium
2235 2303 2500 2360 excitatur
2522 2343 2538 2370 ,
2579 2311 2780 2374 quanto
2809 2317 2928 2360 sese
2955 2313 3178 2378 patratae
3203 2303 3434 2376 actionis
3459 2318 3550 2378 ve-

1969 2397 2128 2452 ritate
2154 2397 2330 2452 cernit
2351 2395 2654 2453 informari.

2041 2489 2128 2543 22.
2167 2489 2360 2545 Verum
2383 2497 2442 2544 ut
2461 2489 2634 2560 magis
2661 2489 2940 2560 magisque
2986 2502 3149 2560 scepo
3191 2481 3552 2560 praedestinan-

1969 2579 2134 2636 tionis
2192 2593 2304 2638 suae
2349 2579 2734 2644 intenderent,
2787 2589 3075 2648 essentque
3133 2595 3240 2634 non
3290 2579 3438 2636 dubii
3485 2579 3553 2634 de

1971 2667 2220 2724 mercede
2267 2669 2506 2738 reposita
2531 2709 2546 2736 ,
2592 2669 2704 2724 sive
2730 2677 2790 2724 ut
2818 2679 3126 2740 sanctarum
3158 2669 3424 2740 virginum
3458 2667 3552 2722 im-

1971 2761 2210 2830 pleretur
2271 2759 2532 2826 edictum;
2593 2759 2804 2836 octonis
2855 2767 2980 2814 ante
3029 2773 3180 2822 suam
3245 2759 3552 2828 captionem

1971 2851 2180 2918 diebus,
2209 2850 2410 2906 dudum
2437 2850 2736 2920 promissus
2763 2849 2851 2911 ille
2879 2849 3156 2906 confessor
3181 2849 3554 2912 contuberniis

1971 2959 2160 3000 eorum
2192 2943 2500 3012 asciscitur,
2533 2951 2590 2998 et
2631 2941 3112 2999 inconvulsibiliter
3157 2943 3242 2998 his
3285 2943 3549 3012 quodam-

1973 3036 2132 3092 modo
2157 3035 2438 3102 alligatus,
2475 3033 2616 3088 felici
2647 3033 2908 3104 martyrio
2945 3048 3136 3090 omnes
3165 3031 3264 3089 sub
3293 3049 3400 3088 uno
3435 3047 3555 3100 mo-

1973 3131 2158 3180 mento
2189 3125 2395 3196 pariter
2423 3133 2790 3182 coronantur..
2823 3123 3028 3188 idcirco
3070 3137 3368 3194 congruum
3405 3119 3554 3192 judi-

281 3199 412 3256 cilio
455 3209 644 3256 nostro
695 3201 932 3256 Verbum
969 3201 1148 3258 Patris
1197 3201 1480 3268 Altissimi,
1529 3203 1620 3272 qui
1667 3201 1868 3274 ubique
1896 3191 1942 3254 C
1975 3191 2238 3284 cavimug,
2287 3216 2530 3286 ejusdem
2583 3215 2836 3282 monachi
2873 3191 3202 3280 rationem,—
3232 3213 3358 3284 quia
3403 3191 3553 3284 optio

279 3289 492 3352 nomini
517 3305 616 3346 suo
645 3291 822 3354 dicato
845 3291 1070 3362 collegio
1099 3307 1158 3347 se
1183 3291 1332 3346 illabi
1364 3299 1596 3352 testatus
1623 3301 1740 3358 est,
1779 3293 1864 3348 di-

277 3397 416 3438 cens
449 3397 462 3434 :
497 3379 804 3452 Ubicunque
825 3381 1022 3451 fuerint
1061 3383 1166 3436 duo
1197 3381 1272 3438 vel
1295 3392 1400 3440 tres
1427 3383 1482 3444 in
1523 3383 1730 3442 nomine
1755 3399 1868 3438 meo

277 3473 604 3542 congregati,
631 3473 702 3526 ibi
727 3489 844 3528 sum
865 3473 922 3526 in
941 3473 1112 3528 medio
1133 3489 1310 3534 eorum
1327 3471 1542 3545 (Matth.
1569 3489 1726 3538 xviii,
1753 3473 1866 3546 20).

279 3561 352 3616 Et
379 3577 502 3617 cum
529 3561 684 3632 plura
734 3577 832 3618 suo
880 3563 1036 3632 agoni
1088 3563 1448 3634 competentia
1495 3563 1824 3620 referremus
1852 3605 1866 3630 ,

277 3653 540 3724 idemque
583 3655 912 3724 gratissimis
945 3655 1142 3712 animis
1169 3663 1412 3712 nostrum
1453 3656 1730 3726 exciperet
1769 3657 1866 3714 do-

279 3749 630 3810 cumentum;
665 3745 818 3810 satis,
851 3755 912 3800 ut
941 3761 1084 3812 reor,
1112 3745 1402 3804 collatione
1425 3755 1608 3802 nostra
1629 3747 1868 3818 juvatus,

277 3837 544 3892 continuo
593 3835 734 3892 bella
769 3835 980 3902 Domini
1016 3837 1248 3900 initurus
1271 3877 1286 3904 ,
1318 3837 1384 3892 ad
1413 3835 1634 3910 propria
1683 3855 1868 3911 regre-

277 3929 452 3988 ditur.

353 4023 448 4078 20.
479 4023 647 4078 Beata
673 4037 802 4080 vero
829 4023 1122 4094 Sabigotho
1157 4025 1434 4082 nonnullis
1483 4033 1612 4082 ante
1661 4025 1870 4098 passio-

277 4127 410 4170 nem
437 4113 626 4168 diebus
650 4113 776 4172 dum
805 4114 920 4170 sola
955 4115 1114 4170 domo
1143 4103 1430 4182 resideret,
1487 4117 1872 4186 Christumque

275 4207 354 4260 ob
381 4201 770 4274 perfectionem
799 4207 1044 4278 martyrii
1081 4207 1190 4272 sui,
1227 4207 1424 4276 quibus
1457 4217 1642 4278 posset
1668 4209 1696 4248 ιι
1719 4223 1868 4279 qum-

275 4295 460 4352 stibus
503 4295 914 4362 obseeraretur,
949 4298 1132 4352 subito
1171 4307 1352 4354 astare
1401 4299 1502 4354 sibi
1545 4301 1698 4354 miras
1755 4299 1871 4368 pul-

273 4385 612 4444 chritudinis
665 4387 932 4458 virginem
995 4387 1214 4455 cernit,
1273 4389 1518 4458 angelico
1571 4399 1871 4460 vegetatam

277 4475 504 4540 decore,
529 4477 786 4548 primum,
816 4485 876 4530 ut
903 4477 1226 4546 putabatur,
1261 4479 1638 4534 adolescentiae
1683 4479 1868 4536 ﬂorem

279 4575 581 4638 gerentem.
615 4566 712 4622 Cui
747 4583 868 4622 cum
901 4567 992 4622 illa
1013 4569 1224 4624 diceret
1257 4587 1270 4624 :
1301 4587 1322 4619 ι
1359 4569 1436 4622 Tu
1473 4569 1594 4638 quis
1627 4585 1686 4626 es
1715 4569 1870 4626 tilia?

277 4655 354 4710 Et
379 4655 424 4710 si
449 4669 478 4710 e
497 4655 676 4710 vicino
701 4641 934 4722 accedis,
963 4671 1158 4712 causas
1185 4657 1260 4712 tui
1287 4657 1552 4712 adventus
1569 4657 1860 4714 edissere.»

279 4745 542 4804 Protinus
569 4747 882 4816 spectabilis
912 4747 1100 4820 virgo:
1141 4767 1160 4800 ι
1193 4747 1444 4816 Soboles,
1479 4749 1674 4821 inquit,
1707 4749 1868 4806 amici

359 4935 388 4966 ι
415 4921 570 4997 ilaud
603 4925 788 4997 mirari
815 4941 920 4982 non
947 4943 1254 4997 possumus,
1297 4928 1378 4984 Cl.
1417 4927 1702 4986 Sollerium
1733 4931 1868 4986 adeo

423 4993 632 5068 lapsum
671 4993 836 5052 fuisse
863 5037 878 5060 ,
933 4993 990 5052 tit
1023 5007 1144 5068 post
1175 4993 1353 5052 Aleari
1383 5000 1606 5054 adderet
1641 4999 1828 5055 Tuvari
1851 5041 1868 5066 ,

281 5063 539 5138 divinans
571 5065 712 5118 hanc
738 5081 924 5120 vocem
954 5063 1074 5122 esse
1101 5069 1280 5123 Alvari
1321 5069 1728 5138 appellationem
1771 5063 1868 5124 ad;

277 5133 546 5209 jectitiam
575 5175 588 5200 ,
635 5149 728 5190 seu
753 5147 1208 5209 cognomentum.
1233 5207 1238 5209 _
1259 5133 1472 5209 Erro—ris
1501 5155 1720 5194 causam
1747 5141 1867 5209 pla-

247 5205 570 5274 ‘nissimam
621 5205 946 5274 aperiamus.
1003 5207 1062 5262 in
1113 5207 1351 5262 editione
1395 5205 1868 5265 Francofordiensi

283 5273 698 5348 ﬂisp._lllus_t_r.,
714 5275 1200 5348 desinitpagﬂ'l‘Z,
1227 5279 1278 5332 in
1303 5277 1488 5334 Αἰνεινὶ
1517 5280 1686 5348 prima
1707 5279 1870 5348 sylla-

283 5343 358 5398 ba
387 5341 514 5426 ᾼις2
541 5343 778 5426 reliquas
815 5341 1255 5472 excipit'gagina
1301 5341 1669 5418 subsequens,
1713 5341 1867 5419 c'ujus

283 5419 372 5466 est
399 5423 610 5467 nntium
641 5431 754 5468 vari
804 5425 910 5468 toto
949 5417 1006 5470 in
1089 5417 1437 5472 crinturarum
1467 5419 1686 5472 scientia
1709 5460 1724 5472 .
1751 5429 1859 5472 etc.

281 5419 372 5486 est
399 5417 610 5467 initium
641 5417 779 5486 vari
804 5425 910 5468 toto
930 5417 1006 5486 in
1044 5417 1437 5486 Scripturarum
1467 5417 1686 5472 scientia
1709 5460 1724 5484 ,
1751 5417 1859 5474 etc.

283 5479 368 5536 liii
413 5491 596 5561 autem
630 5483 850 5554 syllaba:
873 5485 964 5538 ΑΙ·
1005 5479 1246 5561 subjecta
1271 5493 1354 5541 est
1375 5557 1386 5561 _
1396 5487 1638 5561 vulgaris
1667 5479 1754 5561 illa
1781 5499 1866 5561 ty-

285 5553 688 5634 pogra'phorum
707 5563 886 5634 __nota,
915 5571 1036 5634 quia
1063 5553 1203 5634 apud
1232 5573 1332 5612 nos
1357 5553 1556 5634 dicitur
1597 5553 1824 5634 recla_m6
1847 5601 1862 5626 ,

285 5623 616 5702 principium
643 5623 852 5702 scilicet
871 5623 1110 5702 paginai
1123 5627 1526 5702 subsequentis,
1551 5643 1660 5698 quo
1679 5623 1866 5702 astruo;

285 5691 390 5770 niti
426 5691 486 5770 in
509 5691 940 5770 _compingendi_s
967 5691 1180 5770 paginis
1209 5691 1424 5770 omnem
1453 5691 1702 5754 errorem
1733 5699 1866 5770 eil'u-

289 5761 460 5828 giant.
509 5761 862 5832 Erat'auiem
907 5761 1008 5822 hoc
1037 5761 1170 5822 fioco
1219 5765 1476 5836 praedicta
1503 5777 1630 5825 nota
1655 5769 1868 5826 carita-

1973 3307 2300 3372 intercessit,
2329 3321 2636 3377 exponere;
2683 3314 2737 3362 et
2777 3305 2920 3375 quod
2967 3305 3276 3364 vehementi
3313 3303 3554 3360 admira-

1975 3401 2120 3456 tione
2155 3405 2370 3454 aetatem
2421 3409 2664 3462 nostram
2713 3399 2831 3470 ejus
2861 3413 3022 3456 causa
3053 3399 3344 3464 concussit,
3375 3398 3554 3454 succi-

1972 3491 2094 3546 duis
2131 3505 2344 3560 quoque
2367 3490 2806 3559 generationibus
2829 3505 2990 3562 opere
3007 3491 3232 3562 dignum
3269 3491 3552 3564 relegenda

1971 3580 2218 3646 mandari
2254 3597 2266 3634 :
2297 3587 2358 3638 ut
2385 3579 2535 3642 inaeo
2561 3577 2952 3636 catholicorum
3003 3579 3326 3650 reiigiositas
3373 3581 3552 3635 incre-

1973 3679 2156 3728 mento
2199 3669 2627 3742 ﬁdeiaugeatur
2649 3711 2664 3736 ,
2695 3671 2750 3724 in
2781 3686 2892 3750 quo.
2913 3670 2998 3728 sui
3027 3671 3405 3742 Redemptoris
3429 3687 3553 3728 ora-

1973 3761 2152 3818 culum
2179 3759 2822 3832 specialiquodammodo
2853 3761 3026 3820 cernit
3055 3775 3174 3816 esse
3195 3761 3424 3816 veritate
3453 3761 3553 3818 im-

1973 3853 2198 3924 pletum.
2273 3851 2608 3914 Brwdixerat
2666 3851 2862 3922 quippe
2927 3850 3186 3921 magister
3253 3859 3438 3908 noster
3497 3859 3554 3906 et

1973 3915 2238 4006 homines.
2271 3943 2415 4012 quod
2453 3943 2608 4002 multi
2659 3915 2728 3998 ab
2761 3915 2992 3998 Criente
3019 3915 3088 3998 ἐι
3137 3941 3428 3998 Occidente
3460 3957 3554 3996 ve-
3601 3915 3716 4002 μί

1973 4035 2210 4100 nientes,
2231 4035 2608 4090 recumbercnt
2631 4049 2750 4088 cum
2773 4033 3072 4096 Abraham,
3095 4031 3264 4100 Isaac,
3281 4041 3336 4104 et
3361 4029 3550 4096 Iacob.

1973 4119 2028 4178 in
2067 4137 2233 4194 regno
2263 4123 2524 4178 caelorum
2555 4121 2768 4194 (Matth.
2799 4139 2918 4188 vui,
2955 4124 3064 4194 Η).
3111 4123 3268 4191 Quod
3305 4123 3548 4190 testimo-

1975 4213 2124 4268 nium
2181 4212 2436 4268 revelatis
2471 4223 2790 4288 contuemur
2823 4211 3100 4288 effectibus
3155 4213 3208 4268 in
3271 4215 3388 4284 ipso
3433 4231 3549 4282 mq-

1977 4305 2156 4360 nacho
2179 4313 2344 4374 atque
2369 4305 2532 4360 levita
2560 4303 2789 4376 Georgio
2809 4303 3030 4366 omnino
3057 4305 3374 4376 perfectum.
3467 4361 3486 4368 ,,

2043 4395 2135 4450 25.
2167 4393 2306 4450 Huic
2335 4411 2426 4450 rus
2453 4393 2916 4454 Bethleemiticum
2943 4403 3118 4454 ortum
3139 4437 3152 4462 ,
3175 4405 3232 4452 et
3255 4395 3552 4466 incolatum

1975 4489 2272 4543 aethereum
2305 4487 2592 4558 peregrina
2633 4485 2816 4542 littora
2865 4487 3211 4542 contulerunt
3242 4506 3256 4542 :
3283 4487 3372 4544 hic
3397 4529 3414 4554 ,
3471 4490 3552 4542 in-

1975 4595 2138 4650 quam
2163 4619 2178 4644 ,
2221 4579 2306 4638 vir
2349 4579 2488 4634 ultra
2521 4579 2691 4644 maria
2727 4589 3061 4649 procreatus,
3091 4579 3161 4634 ab
3189 4579 3552 4636 adolescentia

1975 4671 2238 4726 servitute
2289 4668 2384 4724 Dei
2435 4669 2754 4724 oblectatur.
2783 4665 2982 4739 Viginti
3029 4677 3085 4724 et
3129 4679 3334 4740 septem
3379 4683 3550 4725 annos

1975 4763 2114 4834 apud
2145 4761 2224 4834 (4)
2253 4763 2640 4824 monasterium
2681 4761 2856 4818 sancti
2893 4759 3086 4818 Sabbae
3117 4803 3130 4826 ,
3163 4761 3304 4832 quod
3331 4761 3398 4816 ab
3423 4759 3550 4826 Hie-

1975 4951 2136 5058 quam
2155 4933 2414 4994 Solierius
2443 4951 2546 4990 una
2573 4951 2694 4992 cum
2717 4935 2958 4992 historiae
2979 4943 3228 4993 contextu
3245 4931 3544 5004 perlegens,

1979 5006 1994 5058 i
2021 5005 2066 5058 la
2089 5004 2328 5058 confecit
2355 5005 2514 5058 verba
2547 5005 2758 5058 :Alrari
2781 5005 2994 5058 Tartari.
3025 5017 3132 5058 toto
3161 5005 3214 5058 in
3243 5003 3544 5058 Scriptura-

1979 5003 2066 5060 illa
2089 5004 2328 5060 confecit
2355 5005 2514 5060 verba
2547 5005 2758 5072 :Alrari
2781 5005 2994 5066 Tovari,
3025 5017 3132 5059 toto
3161 5005 3214 5058 in
3243 5003 3547 5074 Scriptura-

1980 5093 2120 5140 rum,
2148 5085 2278 5140 etc.,
2321 5077 2372 5130 in
2411 5091 2521 5146 quo
2563 5091 2858 5147 cognomen
2902 5075 3096 5147 Alvari
3129 5075 3238 5128 sibi
3277 5073 3424 5147 visus
3465 5081 3552 5126 est

1978 5147 2270 5216 reperisse,
2301 5147 2354 5200 in
2399 5141 2656 5216 Hispania
2676 5147 2810 5200 satis
2837 5155 3022 5202 notum
3055 5143 3240 5216 Tovar.
3267 5141 3388 5216 Jam
3419 5157 3550 5198 vero

1975 5213 2263 5285 antequam
2313 5217 2438 5272 hinc
2473 5213 2728 5276 abeamus
2751 5255 2768 5280 ,
2829 5217 3000 5285 etiam
3029 5213 3508 5285 animadvertimus
3530 5253 3544 5274 ,

1975 5281 2258 5409 perperam
2299 5287 2368 5342 ab
2415 5287 2530 5357 ipso
2580 5285 2796 5340 Scholia
2839 5283 3052 5338 Moralis
3089 5283 3260 5362 nostri
3295 5283 3372 5366 .ad
3413 5281 3548 5334 Acta

1993 5371 2166 5409 lorum
2213 5365 2512 5409 martvrum
2561 5357 2792 5409 Andreae
2835 5353 3060 5409 Schotto
3089 5353 3350 5409 attribut:
3397 5360 3548 5406 recte

1993 5352 2166 5410 lorum
2213 5352 2524 5428 martyrum
2561 5357 2792 5411 Andreae
2835 5352 3550 5428 Schottoattribuiprecte

1973 5441 2104 5496 vero
2133 5427 2306 5480 notari
2337 5421 2660 5496 superﬂuam
2689 5441 2808 5480 esse
2827 5423 3242 5496 explicationem
3265 5421 3542 5496 _v_ocis_ca_l-

1965 5493 2092 5566 [alio
2135 5511 2232 5566 pro
2275 5491 2534 5566 collo-quia
2575 5505 2670 5550 aut
2721 5491 3136 5566 conversatione,
3161 5507 3218 5566 _a
3265 5491 3550 5566 Moralcsio

1967 5562 2274 5636 paulo—post
2293 5562 2614 5636 adhibitam,
2645 5571 2828 5634 utpote
2873 5562 2928 5616 in
2963 5562 3268 5636 reminime
3289 5563 3542 5636 obscura.

2041 5637 2068 5676 ιι
2099 5631 2204 5690 Pro
2229 5631 2719 5690 lamentationibus.—
2735 5643 2828 5687 aut
2869 5631 3114 5702 querelis,
3145 5631 3286 5690 unde
3325 5631 3548 5703 vulgare

1969 5713 2210 5764 nostrum
2241 5721 2409 5778 quem
2435 5713 2754 5764 extractum.
2783 5703 2984 5765 Sopor.
