4094 6346
707 327 808 402 rer

1815 275 1872 378 s.
1905 277 2184 379 setosa
2229 289 2548 387 Aacruep.
2593 288 2836 380 rorar.
3763 333 3830 392 πει

703 438 977 510 msolyma
1007 436 1063 492 In
1089 443 1242 508 parte
1284 433 1518 492 Australi
1562 443 1684 491 octo
1713 434 2030 490 milliaribus
2063 435 2227 490 distat
2252 475 2266 496 ,
2298 437 2344 494 A
2372 435 2709 504 peregrinam
2737 452 2844 490 non
2868 451 3096 492 renuens
3127 438 3462 506 sepulturam,
3483 453 3665 497 omnem
3685 449 3831 515 penitus

708 542 831 585 cum
858 526 1170 598 quingentis
1192 527 1273 595 (ιιι
1303 525 1416 595 ipse
1441 525 1598 580 nobis
1619 539 1712 579 ore
1738 539 1835 579 suo
1864 524 2138 594 professus
2170 527 2272 597 est)

704 618 796 689 qui
825 619 880 690 in
909 617 1097 673 eodem
1128 616 1372 672 coenobio
1406 617 1758 670 morabantur
1779 613 2038 670 fratribus
2075 615 2274 670 aduna-

706 691 815 785 tus,
851 708 952 763 sub
987 695 1220 785 regulari
1268 705 1578 776 magisterio
1604 705 1804 775 deguit.
1833 703 2002 772 Quem
2049 720 2274 760 venera-

703 781 830 863 bilis
878 799 1046 854 abbas
1088 781 1274 862 David,
1313 794 1431 864 ejus
1459 796 1725 852 aseisterii
1779 805 1906 850 tunc
1960 803 2276 866 procurator

614 863 688 984 ιλ
703 893 774 946 ob
805 903 830 932 ιι
862 889 1182 960 stipendium
1227 889 1614 960 monachorum
1655 886 1892 951 Africam
1933 863 2188 952 mittens,
2231 889 2276 942 is

702 982 850 1052 nullo
893 980 1056 1036 modo
1101 988 1180 1034 tot
1224 977 1597 1055 interiacentis
1624 987 1889 1056 terrarum
1938 979 2274 1046 mariumque

701 1068 910 1138 distulit
950 1068 1132 1124 subire
1162 1067 1494 1134 discrimina,
1525 1070 1719 1138 quibus
1748 1068 1933 1138 utique
1960 1068 2273 1144 incunctan-

703 1168 786 1213 ter
809 1157 1152 1221 commodum
1183 1174 1408 1236 summae
1443 1161 1659 1236 virtutis
1701 1145 2022 1224 obedientia:
2051 1171 2273 1226 noverat

700 1247 1022 1322 promereri.
1058 1247 1166 1303 Sed
1199 1232 1321 1303 cum
1364 1249 1562 1315 ibidem
1599 1231 1867 1320 {vapulare
1896 1251 2139 1320 asperius
2175 1244 2270 1305 Dei

699 1331 999 1403 Ecclesiam
1039 1337 1405 1395 incursatione
1441 1349 1790 1417 tyrannorum
1822 1325 2136 1417 reperisset,‘
2181 1341 2272 1396 Hi-

699 1425 942 1498 spaniam
967 1440 1183 1499 quoque
1219 1443 1405 1487 eorum
1425 1469 1439 1492 ,
1468 1431 1665 1504 quibus
1691 1413 1894 1502 missus.
1914 1429 2092 1486 fuerat
2137 1448 2268 1487 con-

696 1515 864 1583 sultu,
887 1503 1216 1588 aggreditur.
1234 1517 1364 1584 Erat
1382 1519 1546 1583 enim,
1565 1527 1625 1580 ut
1651 1503 1752 1588 ipsi
1782 1519 1850 1574 de
1877 1534 1944 1575 eo
1971 1520 2271 1588 certissime

697 1604 1128 1680 approbavimus,
1172 1621 1394 1679 summae
1421 1607 1765 1674 humilitatis,
1799 1601 2111 1679 magnasque
2142 1611 2268 1678 abs-

697 1697 942 1778 tinentiae
998 1698 1100 1753 vir.
1133 1697 1190 1753 In
1233 1700 1378 1754 omni
1433 1699 1647 1770 eloquio
1701 1715 1823 1763 suo,
1884 1701 2050 1768 dicto,
2107 1709 2268 1770 atque

695 1803 956 1872 responso
984 1791 1147 1846 timor
1176 1790 1389 1846 Domini
1445 1793 1733 1848 resonabat
1783 1810 1798 1846 :

694 1883 762 1940 de
786 1897 920 1952 puro
949 1882 1126 1937 cordis
1157 1881 1307 1937 fonte
1334 1883 1656 1938 charitatem
1684 1884 2042 1952 exhauriens,
2082 1883 2260 1939 favum

693 1969 1002 2046 dilectionis
1034 1970 1336 2041 promebat.
1377 1971 1716 2027 Praedicabat
1745 1972 1981 2027 cmlestis
2009 1973 2262 2042 desiderii

693 2060 1070 2146 requirendam
1099 2075 1220 2116 esse
1250 2063 1748 2132 compunctionem;
1785 2063 2110 2118 moriificare
2140 2079 2261 2119 cum

691 2153 839 2222 vitiis
867 2162 923 2230 et
950 2154 1404 2223 concupiscentiis
1433 2155 1672 2209 membra
1697 2152 1942 2223 jubebat,
1977 2163 2036 2208 ut
2067 2157 2120 2208 in
2169 2155 2264 2214 ad-

686 2252 908 2318 ventum
948 2242 1156 2309 Domini
1190 2245 1426 2300 recidivo
1459 2245 1718 2299 virtutum
1755 2245 1993 2299 animata
2045 2245 2261 2317 vigore,

685 2321 1001 2407 gloriosiora
1032 2351 1152 2391 cum
1182 2337 1300 2405 ipso
1328 2345 1670 2407 apparerent.
1697 2336 1717 2391 f
1725 2346 1774 2392 ta
1799 2339 1977 2394 sobria
2004 2340 2262 2408 prceditus

685 2425 974 2481 sanctitate
991 2424 1171 2494 justus
1197 2426 1406 2491 videri,
1437 2427 1520 2482 vel
1553 2426 1656 2483 dici
1687 2427 1913 2482 nimium
1952 2431 2257 2486 recusabat.

683 2512 964 2592 Iucundus
985 2515 1298 2580 admodum,
1321 2515 1528 2581 hilaris,
1547 2516 1844 2582 modestus,
1877 2523 1930 2571 et
1958 2517 2258 2584 abstinens,

684 2605 764 2660 sic
792 2606 1050 2660 utebatur
1096 2606 1297 2662 mundo
1324 2615 1578 2677 tanquam
1616 2623 1724 2662 non
1753 2613 2016 2662 uteretur.
2046 2607 2111 2661 Et
2137 2623 2260 2663 cum

680 2693 821 2758 forte
867 2695 1106 2750 fraterna
1145 2695 1467 2766 impetrante
1519 2695 1785 2753 cbaritate
1835 2697 2015 2753 cibum
2045 2712 2261 2754 sumere

677 2775 984 2866 cogeretur,
1032 2786 1352 2859 epulabatur
1384 2789 1633 2860 parcius,
1685 2789 1903 2845 bibebat
1949 2790 2154 2854 sobrie,
2199 2799 2260 2846 ut

677 2876 851 2945 magis
878 2875 1234 2931 abstinentem
1264 2877 1538 2946 judicares
1569 2893 1731 2950 quam
1783 2888 2109 2935 vescentem.
2144 2879 2256 2935 Me-

675 2982 799 3024 rum
828 2981 968 3037 aqua
999 2967 1185 3022 tandiu
1220 2969 1580 3050 temperabat,
1608 2985 1776 3041 usque
1797 2972 1925 3051 dum
1954 2971 2104 3051 color
2133 2970 2256 3028 infi-

675 3064 918 3140 ceretur,
941 3072 1104 3140 sapor
1132 3057 1360 3138 abesset.
1397 3044 1662 3130 Insipidus
1697 3044 1928 3132 namque
1955 3044 2043 3119 ille
2068 3071 2256 3139 gustus

2377 525 2621 595 genitalis
2651 525 2769 590 soli,
2795 526 3140 597 amniumque
3162 527 3484 585 affectionem
3509 533 3833 602 repuleritlbrt

2375 631 2493 684 quae
2515 617 2694 686 potius
2716 617 2834 673 laus
2856 618 3078 674 militem
3105 619 3302 675 Christi
3335 623 3567 688 extollet,
3609 640 3735 696 quam
3769 645 3832 699 pro

2375 705 2604 762 Domino
2657 716 2907 772 mortem,
2947 724 3045 778 pro
3084 710 3195 764 vita
3245 711 3490 776 animam,
3524 728 3610 781 pro
3651 718 3833 774 crucifixo

2377 812 2625 852 cruorem
2655 798 2907 854 dedisse?
2933 800 3004 855 Ut
3031 800 3206 870 ipsum
3235 810 3377 857 esset
3403 802 3657 864 redhibitio
3679 804 3832 873 famuli,

2375 887 2517 955 quod
2554 887 2760 941 exstitit
2785 888 3010 943 victoria
3035 888 3294 943 cruciﬁxi.

2443 977 2533 1032 25.
2564 977 2843 1045 Quomodo
2895 987 3072 1034 autem
3118 981 3306 1034 beatus
3352 980 3582 1035 minister
3604 982 3832 1038 cmtuisu-

2374 1077 2584 1124 ctorum
2612 1069 3006 1140 agglomeratus
3033 1069 3214 1138 fuerit,
3245 1072 3430 1126 melius
3458 1088 3546 1128 ore
3567 1074 3703 1143 ipsius
3721 1080 3834 1133 sancti

2374 1157 2588 1232 Qeorgii
2630 1159 2900 1214 credimus
2934 1175 3093 1228 posse
3123 1162 3476 1227 innotescere,
3501 1177 3596 1232 quo
3615 1165 3684 1218 vel
3705 1178 3836 1221 nostra

2373 1239 2623 1320 dictionis
2653 1249 2841 1314 series,
2872 1251 3185 1320 interposito
3234 1253 3479 1323 martyris
3519 1253 3712 1324 eloquio,
3736 1259 3834 1326 quasi

2373 1340 2603 1411 desuper
2627 1342 3017 1418 benedictionis
3041 1343 3151 1398 sale
3172 1344 3472 1408 condi-ator,
3491 1344 3566 1398 vel
3588 1349 3835 1415 praestantius

2372 1431 2755 1502 commercium
2807 1445 2918 1490 suae
2958 1432 3310 1500 connexionis
3354 1447 3471 1486 cum
3502 1435 3681 1488 caeteris
3702 1435 3834 1490 sanctis

2371 1521 2558 1587 eodem
2603 1528 2863 1603 narrante
2897 1507 3232 1580 ‘addiseatur.
3285 1521 3418 1599 Nam
3447 1531 3499 1583 et
3534 1524 3647 1604 ipsis
3681 1526 3831 1588 diebus,

2370 1610 2564 1683 quibus
2587 1625 2691 1664 una
2717 1625 2839 1676 cum
2871 1611 3072 1666 sanctis
3108 1611 3295 1666 habuit
3316 1614 3743 1688 conversationem,
3774 1631 3833 1668 sua

2371 1713 2435 1754 ac
2473 1699 2850 1779 praedictorum
2897 1710 3194 1773 martyrum
3241 1715 3391 1773 gesta
3444 1705 3578 1760 brevi
3612 1707 3717 1760 satis
3745 1707 3835 1779 sglu

1852 1793 2004 1848 ocius
2052 1780 2264 1864 semper
2293 1775 2679 1864 Bexponens.
2725 1789 2913 1844 ultimo
2965 1792 3121 1846 nobis
3174 1794 3561 1863 comprobanda
3590 1795 3755 1848 direxit.
3783 1775 3834 1849 Et

2367 1877 2520 1948 cujus
2558 1879 2717 1940 dictis
2773 1895 2836 1948 ea
2891 1881 3015 1937 huic
3055 1883 3208 1952 operi
3256 1884 3536 1958 inserenda
3585 1886 3832 1946 curavimus.

2365 1983 2485 2038 quae
2515 1969 2582 2023 ad
2604 1969 2981 2024 insinuandam
3003 1985 3192 2026 eorum
3219 1971 3627 2040 conjunctionem
3647 1973 3833 2027 satisessu

2363 2056 2728 2126 prtevidimus.
2760 2056 2968 2113 Cmtera
2995 2075 3127 2114 vero
3146 2099 3162 2124 ,
3193 2075 3314 2130 quae
3347 2047 3468 2130 post
3507 2059 3727 2126 defectum
3759 2075 3831 2114 ser-

2364 2163 2581 2230 monum
2609 2151 2750 2218 servi
2786 2151 2880 2230 Dei
2910 2161 3213 2228 sequuntur
3237 2193 3252 2217 ,
3305 2141 3405 2218 nos
3432 2153 3650 2229 obtentu,
3671 2163 3832 2221 quocu-

2363 2225 2557 2316 pimus,
2585 2225 3188 2326 indagavimus.’l(nquit
3221 2253 3402 2300 autem
3428 2246 3525 2300 hoc
3550 2225 3682 2298 modo
3708 2262 3718 2310 ξ

2439 2353 2457 2386 ι
2491 2334 2549 2390 In
2579 2335 2795 2396 nomine
2838 2333 3040 2400 Patris,
3079 2344 3134 2390 et
3169 2335 3325 2400 Filii,
3371 2345 3425 2392 et
3461 2335 3666 2410 Spiritus
3699 2332 3827 2387 sancti.

2363 2420 2637 2488 Universae
2692 2424 2973 2490 catholica:
3032 2425 3290 2482 Ecclesiae
3343 2441 3374 2488 a
3440 2419 3522 2482 me
3587 2424 3755 2492 indigno
3796 2432 3830 2476 et

2360 2521 2644 2584 peccatore
2683 2513 2914 2590 Georgio
2970 2503 3236 2593 monacho
3284 2530 3490 2578 necnon
3544 2523 3592 2576 et
3649 2514 3828 2573 diacono,

2361 2599 2528 2657 fratre
2593 2610 2648 2656 et
2712 2588 2911 2674 collega
2981 2588 3259 2660 servorum
3320 2604 3414 2660 Dei
3464 2602 3667 2658 filiorum
3714 2601 3827 2656 sancti

2362 2689 2555 2746 Sabbae
2593 2679 3019 2763 quingentorum,
3052 2694 3300 2756 virorum
3317 2679 3342 2760 ,’
3379 2693 3651 2764 perfectam
3686 2693 3725 2746 in
3763 2690 3832 2743 Do-

2360 2781 2507 2835 mino
2534 2780 2674 2844 ,Jesu
2720 2781 2935 2836 Christo
2983 2782 3233 2850 salutem.
3261 2783 3599 2854 Cognoscite,
3635 2799 3662 2838 ο
3703 2779 3836 2835 fratres

2359 2875 2684 2941 charissimi,
2709 2876 2989 2932 introitum
3014 2892 3192 2954 meum
3223 2877 3276 2931 in
3310 2877 3605 2947 Hispaniam
3624 2873 3726 2929 nihil
3744 2869 3834 2925 aliud

2359 2965 2555 3031 fuisse,
2595 2966 2696 3021 nisi
2744 2968 2915 3036 gratia
2964 2967 3216 3043 stipendii
3251 2969 3420 3047 vestri
3464 2963 3748 3037 requirendi,
3777 2958 3869 3048 qui,

2359 3055 2458 3110 sub
2481 3054 2778 3108 arctissima
2807 3057 2988 3127 regula
3010 3097 3025 3120 ,
3064 3065 3119 3118 et
3153 3057 3418 3126 regimine
3438 3057 3598 3126 sancti
3617 3053 3747 3125 patris
3765 3049 3833 3103 υτ·
3867 3051 3876 3122 ί

676 3131 786 3214 (ita
807 3129 1109 3217 referebat)
1162 3131 1281 3204 nec
1309 3129 1520 3206 biberei
1541 3152 1766 3207 nimium
1790 3193 1806 3218 ,
1841 3129 1953 3209 nec
2005 3129 2252 3210 ὶειῖιυιθιιί
2285 3138 2450 3210 ἂνω
2479 3143 2868 3216 Hierosolymis
2895 3147 3107 3218 degitis.
3145 3145 3187 3202 Α
3213 3149 3414 3217 quibus
3437 3147 3650 3204 Africam
3678 3142 3834 3200 missus.

674 3235 956 3316 convivam
982 3237 1207 3306 patitur.
1238 3237 1496 3296 Crebrius
1521 3242 1588 3297 ad
1619 3243 1952 3298 exorandum
1978 3245 2249 3312 currebat,

674 3324 932 3396 vigilabat
959 3327 1246 3408 attentius;
1298 3330 1495 3400 saepius
1544 3333 1707 3388 corde
1759 3333 1998 3389 divinum
2031 3325 2252 3392 carmen

674 3409 1070 3489 meditabatur,
1124 3409 1441 3505 dicebatque
1488 3439 1504 3499 ¹ε
1554 3422 1868 3480 Benedicam
1926 3425 2150 3482 Domino
2196 3429 2251 3484 in

673 3507 818 3586 omni
867 3516 1114 3575 tempore,
1166 3525 1365 3588 semper
1394 3509 1511 3586 laus
1549 3511 1662 3588 ejus
1697 3515 1750 3568 in
1790 3531 1878 3570 ore
1913 3533 2026 3570 meo
2075 3515 2246 3586 (Psal.

668 3611 863 3675 sunt,
889 3587 967 3668 2).
1001 3598 1065 3653 Et
1091 3615 1212 3655 cum
1248 3587 1412 3679 variis
1441 3587 1637 3683 linguis
1668 3607 1876 3683 peritus
1920 3607 2206 3662 exsisteret
2232 3648 2248 3671 ,

671 3684 860 3770 Cretaea
891 3688 1121 3755 scilicet,
1149 3687 1364 3756 Latina,
1401 3681 1562 3768 atque
1591 3681 1845 3770 Arabica,
1873 3711 1972 3751 nec
2004 3696 2246 3764 qualem-

664 3792 880 3848 cunque
925 3779 1116 3835 saltem
1143 3771 1365 3860 propter
1392 3783 1488 3838 has
1518 3784 1742 3855 gloriam
1774 3783 2063 3853 affectavit.
2085 3788 2129 3842 Α
2159 3788 2245 3844 die

664 3882 773 3954 qua
809 3861 1199 3952 monasterium
1223 3871 1475 3956 petiit,'et
1500 3863 1812 3956 cohortibus
1855 3879 2240 3953 monachorum

663 3950 868 4036 ascitus
907 3947 1001 4014 est.
1034 3975 1206 4028 usque
1233 3951 1306 4016 ad
1332 3955 1587 4038 cumnam
1637 3947 1882 4036 martyrii
1908 3951 1989 4021 sui
2022 3966 2104 4038 (ut
2133 3968 2247 4038 ipse

664 4038 988 4122 quibusdam
1026 4048 1287 4105 secretius
1337 4041 1542 4122 retulit)
1592 4067 1692 4108 nec
1746 4053 1886 4108 lotus
1937 4069 2115 4124 aqua,
2146 4069 2244 4114 nec

663 4137 871 4204 balneis
929 4155 1058 4213 usus
1107 4149 1208 4196 est.
1258 4129 1507 4208 Quandiu
1557 4135 1833 4198 nobiscum
1896 4154 2243 4200 conversatus

667 4221 771 4294 est,
803 4231 935 4306 nulli
968 4223 1186 4306 omnino
1216 4233 1460 4290 ordinem
1498 4249 1651 4288 suum
1683 4233 1962 4300 revelavit,
1987 4235 2089 4298 nisi
2119 4219 2243 4291 cum

657 4319 772 4402 jam
800 4315 1390 4402 carcere'detincreturf.
1459 4323 1461 4326 ⁴
1520 4321 1527 4327 ’
1649 4323 1652 4326 ’
1719 4309 1728 4323 ”
1931 4315 1934 4318 ’
2081 4307 2087 4322 ’

662 4395 678 4414 ”
729 4411 823 4467 24.
862 4395 1268 4479 Commentatus
1300 4395 1384 4476 est
1435 4413 1738 4482 fratribus,
1799 4430 1864 4471 ac
1926 4417 2241 4487 propinquis

659 4501 793 4567 suis,
827 4493 1359 4578 cunctisque'patriaz
1388 4519 1498 4559 suze
1526 4503 1736 4560 civibus
1765 4503 1844 4576 (5)
1872 4507 2116 4578 martyrii
2151 4509 2234 4564 sui

654 4592 1008 4672 breviarium,
1034 4585 1186 4673 quod:
1204 4587 1339 4650 mihi
1367 4610 1528 4665 causa
1559 4594 1860 4665 expoliendi
1895 4586 2232 4670 transmisit;

657 4698 727 4766 ne
753 4684 1007 4740 incultior
1031 4674 1393 4762 sermo'fldem
1423 4684 1499 4739 rei
1541 4679 1736 4756 gestae,
1765 4684 1962 4766 quibus
1987 4684 2234 4761 mittebaf

658 4759 762 4848 tur,
798 4774 1080 4828 adimeret.
1111 4773 1188 4828 lbi
1216 4773 1268 4827 in
1298 4759 1562 4845 principio
1600 4773 1854 4848 dictionis
1875 4761 2011 4838 suae,
2039 4759 2231 4827 mona-

662 4846 818 4934 chum
859 4878 920 4919 se
945 4871 1106 4933 atque
1125 4850 1345 4918 levitam
1365 4855 1480 4938 fore
1501 4846 1726 4919 testatus
1746 4873 1847 4918 est.
1878 4863 2074 4931 Yerum
2103 4863 2232 4933 quid

659 4943 794 5024 opus
820 4961 903 5008 est
921 4967 1227 5008 sermonem
1249 4951 1304 5007 in
1325 4953 1539 5024 longum
1562 4942 1915 5024 protrahere?
1932 4952 2095 5019 Quasi
2122 4968 2229 5022 non

655 5057 920 5098 summam
951 5043 1307 5100 reverentiam
1345 5045 1470 5122 vitae
1495 5045 1728 5100 hominis
1773 5045 1865 5098 Dei
1903 5037 2231 5115 martyrialis

656 5149 817 5212 cruor
843 5135 1132 5201 adhibeat,
1162 5137 1461 5206 praesertim
1517 5123 1660 5208 cum"
1693 5144 1924 5205 quantus
1959 5144 2014 5190 et
2055 5137 2230 5206 qualis

652 5213 920 5300 exstiterit
971 5228 1172 5284 effusus
1222 5217 1442 5300 propter
1481 5213 1748 5297 justitiam
1801 5228 1895 5284 Dei
1950 5229 2064 5298 ipse
2112 5228 2230 5299 ejus

653 5307 983 5394 martyrialis
1003 5335 1164 5376 cruor
1191 5321 1446 5384 insinuet,
1459 5329 1514 5374 et
1529 5323 1668 5390 quod
1685 5321 2000 5392 peregrinus
2029 5323 2230 5408 mundo

723 5485 749 5514 ι
775 5471 941 5528 Recte
969 5473 1225 5529 Sollerius
1251 5492 1263 5527 :
1296 5473 1410 5528 Non
1453 5471 1609 5528 video
1641 5470 1863 5542 intelligi
1896 5471 2038 5526 aliud
2067 5487 2224 5541 posse

653 5557 815 5612 quam
843 5542 1190 5612 eleemosynas
1229 5544 1296 5598 ad
1332 5543 1719 5598 monachorum
1756 5543 2218 5604 sustentationem,

655 5625 773 5682 quin
788 5612 894 5682 Abic
914 5612 1230 5682 slipendium
1263 5613 1618 5682 appellantur.

679 5677 686 5704 ξ
726 5678 753 5718 ὶί
775 5677 927 5744 Quod
965 5677 1058 5749 per
1087 5691 1234 5735 mare
1263 5677 1347 5735 eir'
1370 5681 1548 5736 Africa
1582 5682 1634 5735 in
1659 5695 1775 5734 eam
1811 5679 2111 5749 trajecerit,
2149 5681 2218 5735 ita

2354 3237 2606 3306 deinceps
2650 3237 2704 3290 in
2751 3235 3036 3306 Hispanias
3091 3238 3466 3310 commigravi.
3503 3236 3600 3292 Sed
3647 3237 3754 3290 banc
3785 3230 3834 3298 ip-
3885 3233 3889 3247 '

2353 3328 2514 3396 samb
2539 3339 2560 3367 ο
2598 3327 2830 3382 insulam
2860 3327 2887 3366 ἀ
2917 3327 3078 3383 nimis
3127 3313 3395 3383 afflictam
3430 3327 3702 3404 reperiens,
3741 3319 3831 3388 cepi

2353 3418 2769 3489 cogitationibus
2799 3417 2966 3473 variis
3005 3425 3236 3474 aestuare
3255 3459 3270 3482 ,
3307 3428 3368 3474 ut
3411 3426 3502 3474 aut
3532 3415 3755 3488 proprium
3776 3423 3831 3463 so-

2350 3503 2461 3562 lum
2492 3508 2823 3576 reviserem,
2873 3518 2970 3564 aut
3018 3525 3184 3580 regna
3229 3509 3666 3567 Christianorum,
3701 3502 3740 3555 id
3781 3505 3832 3552 εει

2349 3599 2631 3654 Franciam
2661 3608 2920 3670 peterem.
2951 3600 3017 3654 Et
3053 3616 3175 3654 cum
3210 3601 3487 3670 proximos
3505 3607 3556 3654 et
3572 3590 3833 3652 charissim

2350 3690 2642 3759 superbae
2689 3705 2746 3744 re
2791 3691 3164 3756 consulerem,
3194 3690 3440 3744 nonnulli
3466 3680 3831 3760 peragrafelﬂbe'

2348 3780 2508 3845 bant,
2535 3781 2777 3849 plerique
2805 3781 2870 3834 ad
2907 3782 3220 3836 coenobium
3255 3798 3439 3838 meum
3469 3786 3706 3835 revertere
3723 3781 3830 3839 eos?

2349 3875 2498 3930 bant.
2527 3874 2663 3929 llinc
2686 3875 2834 3929 velut
2859 3875 3052 3929 dubius
3080 3875 3293 3944 diverso
3315 3873 3622 3944 praepeditus
3648 3869 3829 3921 tractam.

2347 3965 2434 4021 cui
2479 3981 2566 4020 me
2602 3965 2778 4034 primo
2807 3964 3125 4038 cogitationi
3153 3964 3556 4043 submitterem,
3582 3955 3829 4043 nesciebam-

2348 4054 2584 4126 Pergens
2603 4062 2782 4108 autem
2806 4053 2873 4108 de
2893 4053 3140 4108 Corduba
3155 4051 3221 4106 ad
3239 4053 3385 4106 Taha
3395 4066 3554 4107 nense
3583 4042 3830 4126 coenobium.

2347 4125 2707 4216 quodfratrum
2733 4152 2787 4198 et
2817 4159 3061 4198 sororum
3092 4145 3398 4199 benedictio
3419 4145 3517 4198 iter
3539 4152 3694 4196 meum
3715 4125 3830 4188 comi-

2349 4246 2574 4300 taretur,
2621 4235 2760 4290 dixit
2789 4234 2919 4288 mihi
2967 4233 3135 4288 abbas
3176 4233 3266 4288 ille
3315 4233 3596 4300 Martinus,
3640 4235 3684 4298 et
3725 4230 3830 4286 8.0"”

2346 4327 2462 4400 ejus
2486 4327 2700 4382 domina
2726 4324 2997 4380 Elisabetb
3025 4338 3039 4376 :
3064 4325 3218 4387 chi,
3249 4323 3435 4387 frater,
3459 4329 3512 4377 et
3537 4317 3696 4387 accipe
3711 4311 3826 4374 bene-

2343 4405 2634 4470 dictionem
2679 4413 2888 4468 ancilla:
2933 4411 3030 4467 Dei
3078 4411 3482 4484 Sabigothonis.
3516 4409 3631 4476 Quae
3667 4415 3761 4457 mox
3788 4402 3828 4458 ul

2269 4489 2318 4546 Ι)
2345 4519 2428 4559 me
2459 4503 2648 4582 intuita
2673 4511 2757 4559 est
2781 4521 2793 4556 :
2819 4502 3124 4557 Promissus
3153 4501 3369 4573 (inquit)
3399 4499 3559 4554 nostri
3591 4484 3827 4552 certaminis

2341 4608 2525 4673 comes
2553 4601 2608 4649 et
2631 4593 2830 4664 collega
2859 4593 2948 4648 hic
2981 4593 3275 4648 monachus
3301 4593 3427 4647 erit.

2353 4675 2355 4678 ⁴
2408 4685 2499 4739 26.
2537 4702 2556 4736 ι
2591 4683 2702 4755 Ego
2725 4697 2857 4759 vero
2879 4683 3060 4752 agnita
3093 4696 3254 4736 causa
3279 4680 3426 4750 ejus,
3457 4687 3510 4735 et
3531 4675 3706 4732 ratione
3728 4679 3825 4764 colli-

2336 4769 2492 4850 perta
2513 4816 2528 4842 ,
2559 4775 2704 4831 illico
2732 4775 2960 4846 pedibus
2995 4773 3114 4842 ejus
3142 4774 3458 4844 advolutus,
3486 4785 3578 4840 pro
3606 4779 3677 4820 me
3702 4763 3827 4859 Dem!-

2338 4882 2468 4938 num
2495 4880 2722 4922 exorare
2748 4865 2965 4938 rogavi,
3009 4872 3068 4917 ut
3104 4862 3326 4918 forsitan
3357 4862 3581 4930 Spiritus
3603 4859 3742 4910 sancti
3765 4859 3823 4898 re-

2335 4965 2526 5032 spectu
2570 4956 2896 5032 illustratus,
2940 4954 3006 5008 ad
3061 4968 3124 5007 ea
3166 4968 3287 5022 qua:
3335 4952 3424 5005 illa
3471 4941 3824 5034 ρηειοιξῴεξξπ.

2335 5025 2620 5117 pervenire
2655 5045 2994 5100 meruissem.
3022 5043 3090 5098 Et
3116 5042 3206 5097 illa
3241 5059 3254 5096 :
3294 5041 3444 5097 Unde
3471 5039 3567 5093 hoc
3604 5025 3822 5093 nobisfin'

2334 5138 2761 5208 quit),pater,ut
2787 5143 2840 5190 tu
2865 5150 2987 5190 cum
3013 5131 3389 5205 peccatoribus
3404 5125 3622 5200 pergas?
3645 5121 3824 5214 Catulli-lc

2333 5206 2526 5284 eadem
2562 5235 2718 5282 nocte
2767 5225 2962 5280 ibidem
3012 5223 3356 5284 mansissem,
3391 5215 3624 5289 apparuit
3657 5206 3759 5263 mihi
3786 5206 3820 5252 in

2297 5303 2300 5308 ’
2332 5311 2538 5391 visione
2580 5317 2756 5374 noctis
2783 5317 2900 5388 ipsa
2927 5314 3256 5384 venerabilis
3283 5312 3472 5372 mulier
3493 5297 3822 5374 Sabigotbo.“

2329 5479 2505 5530 vocat.
2543 5471 2742 5530 Scnor.
3759 5518 3782 5530 ..

2351 5519 2742 5615 "fé'c'atiéii‘éis'
2781 5543 2994 5600 illorum
3047 5552 3340 5613 temporum
3382 5549 3494 5615 est,
3541 5530 3700 5606 quales
3734 5519 3814 5575 aliit

2325 5611 2612 5682 plermque.
2641 5613 2848 5668 MORAL.

2341 5687 2346 5712 ῖ
2395 5681 2418 5720 ἀ
2450 5680 2668 5748 SOller.,
2702 5684 2878 5762 minis.
