  <div class='ocr_page' id='page_1' title='image "/cluster/home/n/w/nwhite01/storage/ocr_20150623/115/hvd.32044015466873/398.png"; bbox 0 0 4094 6346; ppageno 0'>
   <div class='ocr_carea' id='block_1_1' title="bbox 326 281 436 336">
    <p class='ocr_par' dir='ltr' id='par_1_1' title="bbox 326 281 436 336">
     <span class='ocr_line' id='line_1_1' title="bbox 326 281 436 336; baseline 0.009 -1"><span class='ocrx_word' id='word_1_1' title='bbox 326 281 436 336; x_wconf 76' lang='lat'><strong>789</strong></span> 
     </span>
    </p>
   </div>
   <div class='ocr_carea' id='block_1_2' title="bbox 1318 270 2615 342">
    <p class='ocr_par' dir='ltr' id='par_1_2' title="bbox 1318 270 2615 342">
     <span class='ocr_line' id='line_1_2' title="bbox 1318 270 2615 342; baseline -0.004 -15"><span class='ocrx_word' id='word_1_2' title='bbox 1318 273 1740 342; x_wconf 66' lang='lat' dir='ltr'><strong>MEMORIALIS</strong></span> <span class='ocrx_word' id='word_1_3' title='bbox 1779 270 2222 333; x_wconf 76' lang='lat' dir='ltr'><strong>SANCTOBUM.</strong></span> <span class='ocrx_word' id='word_1_4' title='bbox 2265 301 2332 311; x_wconf 95' lang='lat'><strong>—</strong></span> <span class='ocrx_word' id='word_1_5' title='bbox 2367 272 2493 325; x_wconf 84' lang='lat' dir='ltr'><strong>LIB.</strong></span> <span class='ocrx_word' id='word_1_6' title='bbox 2533 272 2615 326; x_wconf 74' lang='grc'><strong>11.⁴</strong></span> 
     </span>
    </p>
   </div>
   <div class='ocr_carea' id='block_1_3' title="bbox 3465 273 3572 330">
    <p class='ocr_par' dir='ltr' id='par_1_3' title="bbox 3465 273 3572 330">
     <span class='ocr_line' id='line_1_3' title="bbox 3465 273 3572 330; baseline -0.019 0"><span class='ocrx_word' id='word_1_7' title='bbox 3465 273 3572 330; x_wconf 68' lang='lat'><strong>790</strong></span> 
     </span>
    </p>
   </div>
   <div class='ocr_carea' id='block_1_4' title="bbox 330 364 3568 458">
    <p class='ocr_par' dir='ltr' id='par_1_4' title="bbox 330 364 3568 458">
     <span class='ocr_line' id='line_1_4' title="bbox 330 364 3568 458; baseline -0.003 -11"><span class='ocrx_word' id='word_1_8' title='bbox 330 391 517 447; x_wconf 82' lang='lat' dir='ltr'><strong>nescio</strong></span> <span class='ocrx_word' id='word_1_9' title='bbox 537 385 678 458; x_wconf 77' lang='lat' dir='ltr'><strong>quod</strong></span> <span class='ocrx_word' id='word_1_10' title='bbox 701 400 866 456; x_wconf 85' lang='lat' dir='ltr'><strong>genus</strong></span> <span class='ocrx_word' id='word_1_11' title='bbox 886 383 1219 439; x_wconf 88' lang='lat' dir='ltr'><strong>odoramenti</strong></span> <span class='ocrx_word' id='word_1_12' title='bbox 1244 375 1620 453; x_wconf 75' lang='lat' dir='ltr'><strong>pretiosissimi</strong></span> <span class='ocrx_word' id='word_1_13' title='bbox 1647 384 1775 455; x_wconf 90' lang='lat' dir='ltr'><strong>ligni</strong></span> <span class='ocrx_word' id='word_1_14' title='bbox 1806 398 1896 439; x_wconf 86' lang='lat' dir='ltr'><strong>ac-</strong></span> <span class='ocrx_word' id='word_1_15' title='bbox 1923 385 1972 444; x_wconf 82' lang='grc' dir='ltr'><strong>Α</strong></span> <span class='ocrx_word' id='word_1_16' title='bbox 1999 373 2316 446; x_wconf 80' lang='lat' dir='ltr'><strong>manebant,</strong></span> <span class='ocrx_word' id='word_1_17' title='bbox 2347 397 2457 451; x_wconf 66' lang='lat' dir='ltr'><strong>prae</strong></span> <span class='ocrx_word' id='word_1_18' title='bbox 2491 381 2694 436; x_wconf 89' lang='lat' dir='ltr'><strong>foribus</strong></span> <span class='ocrx_word' id='word_1_19' title='bbox 2719 381 2954 436; x_wconf 82' lang='lat' dir='ltr'><strong>clamare</strong></span> <span class='ocrx_word' id='word_1_20' title='bbox 2979 389 3261 450; x_wconf 87' lang='lat' dir='ltr'><strong>coeperunt</strong></span> <span class='ocrx_word' id='word_1_21' title='bbox 3291 399 3303 437; x_wconf 74' lang='grc' dir='ltr'><strong><em>τ</em></strong></span> <span class='ocrx_word' id='word_1_22' title='bbox 3340 398 3360 434; x_wconf 81' lang='grc' dir='ltr'><strong>ι</strong></span> <span class='ocrx_word' id='word_1_23' title='bbox 3389 364 3568 448; x_wconf 72' lang='lat' dir='ltr'><strong>Exite,</strong></span> 
     </span>
    </p>
   </div>
   <div class='ocr_carea' id='block_1_5' title="bbox 329 474 1896 541">
    <p class='ocr_par' dir='ltr' id='par_1_5' title="bbox 329 474 1896 541">
     <span class='ocr_line' id='line_1_5' title="bbox 329 474 1896 541; baseline -0.009 -1"><span class='ocrx_word' id='word_1_24' title='bbox 329 479 680 541; x_wconf 89' lang='lat' dir='ltr'><strong>eommodans</strong></span> <span class='ocrx_word' id='word_1_25' title='bbox 715 475 1002 532; x_wconf 89' lang='lat' dir='ltr'><strong>referebat.</strong></span> <span class='ocrx_word' id='word_1_26' title='bbox 1031 475 1207 530; x_wconf 89' lang='lat' dir='ltr'><strong>Ditior</strong></span> <span class='ocrx_word' id='word_1_27' title='bbox 1237 490 1304 529; x_wconf 86' lang='lat' dir='ltr'><strong>ex</strong></span> <span class='ocrx_word' id='word_1_28' title='bbox 1328 475 1430 530; x_wconf 89' lang='lat' dir='ltr'><strong>hoc</strong></span> <span class='ocrx_word' id='word_1_29' title='bbox 1457 474 1587 528; x_wconf 89' lang='lat' dir='ltr'><strong>mihi</strong></span> <span class='ocrx_word' id='word_1_30' title='bbox 1613 475 1896 529; x_wconf 75' lang='lat' dir='ltr'><strong>thesaurus</strong></span> 
     </span>
    </p>
   </div>
   <div class='ocr_carea' id='block_1_6' title="bbox 329 564 1898 632">
    <p class='ocr_par' dir='ltr' id='par_1_6' title="bbox 329 564 1898 632">
     <span class='ocr_line' id='line_1_6' title="bbox 329 564 1898 632; baseline -0.007 -4"><span class='ocrx_word' id='word_1_31' title='bbox 329 582 434 630; x_wconf 87' lang='lat' dir='ltr'><strong>est.</strong></span> <span class='ocrx_word' id='word_1_32' title='bbox 465 571 620 626; x_wconf 78' lang='lat' dir='ltr'><strong>Mane</strong></span> <span class='ocrx_word' id='word_1_33' title='bbox 649 581 827 624; x_wconf 88' lang='lat' dir='ltr'><strong>autem</strong></span> <span class='ocrx_word' id='word_1_34' title='bbox 866 567 1039 632; x_wconf 87' lang='lat' dir='ltr'><strong>facto,</strong></span> <span class='ocrx_word' id='word_1_35' title='bbox 1066 567 1444 621; x_wconf 91' lang='lat' dir='ltr'><strong>descendimus</strong></span> <span class='ocrx_word' id='word_1_36' title='bbox 1471 567 1630 620; x_wconf 87' lang='lat' dir='ltr'><strong>ambo</strong></span> <span class='ocrx_word' id='word_1_37' title='bbox 1675 566 1728 620; x_wconf 91' lang='lat' dir='ltr'><strong>in</strong></span> <span class='ocrx_word' id='word_1_38' title='bbox 1765 564 1898 620; x_wconf 85' lang='lat' dir='ltr'><strong>civi-</strong></span> 
     </span>
    </p>
   </div>
   <div class='ocr_carea' id='block_1_7' title="bbox 329 655 1901 725">
    <p class='ocr_par' dir='ltr' id='par_1_7' title="bbox 329 655 1901 725">
     <span class='ocr_line' id='line_1_7' title="bbox 329 655 1901 725; baseline -0.006 -6"><span class='ocrx_word' id='word_1_39' title='bbox 329 671 502 720; x_wconf 87' lang='lat' dir='ltr'><strong>tatem</strong></span> <span class='ocrx_word' id='word_1_40' title='bbox 544 661 612 714; x_wconf 88' lang='lat' dir='ltr'><strong>ad</strong></span> <span class='ocrx_word' id='word_1_41' title='bbox 659 659 833 712; x_wconf 89' lang='lat' dir='ltr'><strong>virum</strong></span> <span class='ocrx_word' id='word_1_42' title='bbox 877 672 1032 711; x_wconf 92' lang='lat' dir='ltr'><strong>suum</strong></span> <span class='ocrx_word' id='word_1_43' title='bbox 1072 655 1384 719; x_wconf 86' lang='lat' dir='ltr'><strong>Aurelium,</strong></span> <span class='ocrx_word' id='word_1_44' title='bbox 1415 656 1790 725; x_wconf 87' lang='lat' dir='ltr'><strong>prostravique</strong></span> <span class='ocrx_word' id='word_1_45' title='bbox 1818 670 1901 710; x_wconf 91' lang='lat' dir='ltr'><strong>me</strong></span> 
     </span>
    </p>
   </div>
   <div class='ocr_carea' id='block_1_8' title="bbox 327 743 1902 823">
    <p class='ocr_par' dir='ltr' id='par_1_8' title="bbox 327 743 1902 823">
     <span class='ocr_line' id='line_1_8' title="bbox 327 743 1902 823; baseline -0.005 -19"><span class='ocrx_word' id='word_1_46' title='bbox 327 752 558 823; x_wconf 80' lang='lat' dir='ltr'><strong>pedibus</strong></span> <span class='ocrx_word' id='word_1_47' title='bbox 584 746 728 815; x_wconf 85' lang='lat' dir='ltr'><strong>ejus,</strong></span> <span class='ocrx_word' id='word_1_48' title='bbox 754 755 944 817; x_wconf 93' lang='lat' dir='ltr'><strong>petens</strong></span> <span class='ocrx_word' id='word_1_49' title='bbox 980 746 1048 800; x_wconf 90' lang='lat' dir='ltr'><strong>ab</strong></span> <span class='ocrx_word' id='word_1_50' title='bbox 1095 760 1161 800; x_wconf 95' lang='lat' dir='ltr'><strong>eo</strong></span> <span class='ocrx_word' id='word_1_51' title='bbox 1195 753 1251 798; x_wconf 93' lang='lat' dir='ltr'><strong>ut</strong></span> <span class='ocrx_word' id='word_1_52' title='bbox 1280 754 1462 798; x_wconf 90' lang='lat' dir='ltr'><strong>oraret</strong></span> <span class='ocrx_word' id='word_1_53' title='bbox 1489 759 1587 814; x_wconf 92' lang='lat' dir='ltr'><strong>pro</strong></span> <span class='ocrx_word' id='word_1_54' title='bbox 1615 759 1730 809; x_wconf 89' lang='lat' dir='ltr'><strong>me,</strong></span> <span class='ocrx_word' id='word_1_55' title='bbox 1759 743 1902 812; x_wconf 87' lang='lat' dir='ltr'><strong>quod</strong></span> 
     </span>
    </p>
   </div>
   <div class='ocr_carea' id='block_1_9' title="bbox 329 834 1904 910">
    <p class='ocr_par' dir='ltr' id='par_1_9' title="bbox 329 834 1904 910">
     <span class='ocr_line' id='line_1_9' title="bbox 329 834 1904 910; baseline -0.005 -12"><span class='ocrx_word' id='word_1_56' title='bbox 329 842 441 900; x_wconf 82' lang='lat' dir='ltr'><strong>illis</strong></span> <span class='ocrx_word' id='word_1_57' title='bbox 484 842 538 895; x_wconf 90' lang='lat' dir='ltr'><strong>in</strong></span> <span class='ocrx_word' id='word_1_58' title='bbox 568 839 831 910; x_wconf 82' lang='lat' dir='ltr'><strong>martyrio</strong></span> <span class='ocrx_word' id='word_1_59' title='bbox 859 837 1038 892; x_wconf 69' lang='lat' dir='ltr'><strong>SilCiUS</strong></span> <span class='ocrx_word' id='word_1_60' title='bbox 1077 849 1274 891; x_wconf 89' lang='lat' dir='ltr'><strong>essem.</strong></span> <span class='ocrx_word' id='word_1_61' title='bbox 1305 834 1405 902; x_wconf 86' lang='lat' dir='ltr'><strong>Qui</strong></span> <span class='ocrx_word' id='word_1_62' title='bbox 1449 836 1630 890; x_wconf 90' lang='lat' dir='ltr'><strong>statim</strong></span> <span class='ocrx_word' id='word_1_63' title='bbox 1657 837 1904 904; x_wconf 66' lang='lat' dir='ltr'><strong>praebens</strong></span> 
     </span>
    </p>
   </div>
   <div class='ocr_carea' id='block_1_10' title="bbox 329 923 1904 996">
    <p class='ocr_par' dir='ltr' id='par_1_10' title="bbox 329 923 1904 996">
     <span class='ocr_line' id='line_1_10' title="bbox 329 923 1904 996; baseline -0.006 -9"><span class='ocrx_word' id='word_1_64' title='bbox 329 943 646 996; x_wconf 83' lang='lat' dir='ltr'><strong>assensum,</strong></span> <span class='ocrx_word' id='word_1_65' title='bbox 689 927 898 984; x_wconf 77' lang='lat' dir='ltr'><strong>exarsit.</strong></span> <span class='ocrx_word' id='word_1_66' title='bbox 939 925 992 980; x_wconf 93' lang='lat' dir='ltr'><strong>in</strong></span> <span class='ocrx_word' id='word_1_67' title='bbox 1037 937 1122 980; x_wconf 87' lang='lat' dir='ltr'><strong>me</strong></span> <span class='ocrx_word' id='word_1_68' title='bbox 1156 925 1292 994; x_wconf 81' lang='lat' dir='ltr'><strong>ignis</strong></span> <span class='ocrx_word' id='word_1_69' title='bbox 1320 923 1555 978; x_wconf 83' lang='lat' dir='ltr'><strong>caelestis</strong></span> <span class='ocrx_word' id='word_1_70' title='bbox 1582 938 1679 994; x_wconf 90' lang='lat' dir='ltr'><strong>per</strong></span> <span class='ocrx_word' id='word_1_71' title='bbox 1706 923 1904 978; x_wconf 87' lang='lat' dir='ltr'><strong>oratio-</strong></span> 
     </span>
    </p>
   </div>
   <div class='ocr_carea' id='block_1_11' title="bbox 327 1015 1904 1087">
    <p class='ocr_par' dir='ltr' id='par_1_11' title="bbox 327 1015 1904 1087">
     <span class='ocr_line' id='line_1_11' title="bbox 327 1015 1904 1087; baseline -0.008 -5"><span class='ocrx_word' id='word_1_72' title='bbox 327 1040 432 1082; x_wconf 85' lang='lat' dir='ltr'><strong>nes</strong></span> <span class='ocrx_word' id='word_1_73' title='bbox 454 1038 664 1087; x_wconf 89' lang='lat' dir='ltr'><strong>eorum,</strong></span> <span class='ocrx_word' id='word_1_74' title='bbox 709 1031 766 1076; x_wconf 89' lang='lat' dir='ltr'><strong>et</strong></span> <span class='ocrx_word' id='word_1_75' title='bbox 792 1020 966 1076; x_wconf 82' lang='lat' dir='ltr'><strong>factus</strong></span> <span class='ocrx_word' id='word_1_76' title='bbox 993 1034 1110 1074; x_wconf 90' lang='lat' dir='ltr'><strong>sum</strong></span> <span class='ocrx_word' id='word_1_77' title='bbox 1147 1032 1285 1072; x_wconf 90' lang='lat' dir='ltr'><strong>unus</strong></span> <span class='ocrx_word' id='word_1_78' title='bbox 1325 1031 1388 1071; x_wconf 81' lang='lat' dir='ltr'><strong>ex</strong></span> <span class='ocrx_word' id='word_1_79' title='bbox 1423 1015 1555 1080; x_wconf 85' lang='lat' dir='ltr'><strong>illis;</strong></span> <span class='ocrx_word' id='word_1_80' title='bbox 1609 1024 1662 1072; x_wconf 89' lang='lat' dir='ltr'><strong>et</strong></span> <span class='ocrx_word' id='word_1_81' title='bbox 1692 1030 1757 1069; x_wconf 76' lang='lat' dir='ltr'><strong>ex</strong></span> <span class='ocrx_word' id='word_1_82' title='bbox 1781 1025 1904 1070; x_wconf 89' lang='lat' dir='ltr'><strong>tunc</strong></span> 
     </span>
    </p>
   </div>
   <div class='ocr_carea' id='block_1_12' title="bbox 329 1105 1906 1182">
    <p class='ocr_par' dir='ltr' id='par_1_12' title="bbox 329 1105 1906 1182">
     <span class='ocr_line' id='line_1_12' title="bbox 329 1105 1906 1182; baseline -0.008 -10"><span class='ocrx_word' id='word_1_83' title='bbox 329 1133 442 1172; x_wconf 88' lang='lat' dir='ltr'><strong>non</strong></span> <span class='ocrx_word' id='word_1_84' title='bbox 463 1130 583 1172; x_wconf 89' lang='lat' dir='ltr'><strong>sum</strong></span> <span class='ocrx_word' id='word_1_85' title='bbox 611 1115 679 1169; x_wconf 90' lang='lat' dir='ltr'><strong>ab</strong></span> <span class='ocrx_word' id='word_1_86' title='bbox 704 1108 787 1168; x_wconf 85' lang='lat' dir='ltr'><strong>eis</strong></span> <span class='ocrx_word' id='word_1_87' title='bbox 804 1120 1106 1182; x_wconf 88' lang='lat' dir='ltr'><strong>separatus,</strong></span> <span class='ocrx_word' id='word_1_88' title='bbox 1131 1109 1224 1164; x_wconf 91' lang='lat' dir='ltr'><strong>sed</strong></span> <span class='ocrx_word' id='word_1_89' title='bbox 1243 1122 1431 1162; x_wconf 90' lang='lat' dir='ltr'><strong>omnes</strong></span> <span class='ocrx_word' id='word_1_90' title='bbox 1452 1107 1655 1176; x_wconf 88' lang='lat' dir='ltr'><strong>pariter</strong></span> <span class='ocrx_word' id='word_1_91' title='bbox 1675 1106 1728 1160; x_wconf 92' lang='lat' dir='ltr'><strong>in</strong></span> <span class='ocrx_word' id='word_1_92' title='bbox 1748 1105 1906 1160; x_wconf 91' lang='lat' dir='ltr'><strong>domo</strong></span> 
     </span>
    </p>
   </div>
   <div class='ocr_carea' id='block_1_13' title="bbox 328 1195 1904 1272">
    <p class='ocr_par' dir='ltr' id='par_1_13' title="bbox 328 1195 1904 1272">
     <span class='ocr_line' id='line_1_13' title="bbox 328 1195 1904 1272; baseline -0.01 -9"><span class='ocrx_word' id='word_1_93' title='bbox 328 1207 508 1263; x_wconf 80' lang='lat' dir='ltr'><strong>sancti</strong></span> <span class='ocrx_word' id='word_1_94' title='bbox 550 1204 756 1260; x_wconf 85' lang='lat' dir='ltr'><strong>Aurelii</strong></span> <span class='ocrx_word' id='word_1_95' title='bbox 801 1200 1110 1272; x_wconf 79' lang='lat' dir='ltr'><strong>congregati</strong></span> <span class='ocrx_word' id='word_1_96' title='bbox 1141 1212 1190 1265; x_wconf 76' lang='grc' dir='ltr'>ι,</span> <span class='ocrx_word' id='word_1_97' title='bbox 1218 1197 1489 1253; x_wconf 85' lang='lat' dir='ltr'><strong>reddimus</strong></span> <span class='ocrx_word' id='word_1_98' title='bbox 1518 1195 1743 1252; x_wconf 91' lang='lat' dir='ltr'><strong>Domino</strong></span> <span class='ocrx_word' id='word_1_99' title='bbox 1784 1211 1904 1251; x_wconf 90' lang='lat' dir='ltr'><strong>cum</strong></span> 
     </span>
    </p>
   </div>
   <div class='ocr_carea' id='block_1_14' title="bbox 320 1288 1908 1366">
    <p class='ocr_par' dir='ltr' id='par_1_14' title="bbox 320 1288 1908 1366">
     <span class='ocr_line' id='line_1_14' title="bbox 320 1288 1908 1366; baseline -0.008 -13"><span class='ocrx_word' id='word_1_100' title='bbox 320 1297 670 1366; x_wconf 77' lang='lat' dir='ltr'><strong>iucunditate</strong></span> <span class='ocrx_word' id='word_1_101' title='bbox 715 1303 837 1350; x_wconf 89' lang='lat' dir='ltr'><strong>vota</strong></span> <span class='ocrx_word' id='word_1_102' title='bbox 870 1292 1216 1348; x_wconf 84' lang='lat' dir='ltr'><strong>laudationis.</strong></span> <span class='ocrx_word' id='word_1_103' title='bbox 1247 1290 1326 1345; x_wconf 89' lang='lat' dir='ltr'><strong>lbi</strong></span> <span class='ocrx_word' id='word_1_104' title='bbox 1377 1292 1518 1360; x_wconf 90' lang='lat' dir='ltr'><strong>apud</strong></span> <span class='ocrx_word' id='word_1_105' title='bbox 1569 1289 1688 1345; x_wconf 91' lang='lat' dir='ltr'><strong>illos</strong></span> <span class='ocrx_word' id='word_1_106' title='bbox 1731 1288 1908 1357; x_wconf 85' lang='lat' dir='ltr'><strong>reperi</strong></span> 
     </span>
    </p>
   </div>
   <div class='ocr_carea' id='block_1_15' title="bbox 327 1377 1904 1451">
    <p class='ocr_par' dir='ltr' id='par_1_15' title="bbox 327 1377 1904 1451">
     <span class='ocr_line' id='line_1_15' title="bbox 327 1377 1904 1451; baseline -0.007 -9"><span class='ocrx_word' id='word_1_107' title='bbox 327 1388 549 1442; x_wconf 86' lang='lat' dir='ltr'><strong>beatum</strong></span> <span class='ocrx_word' id='word_1_108' title='bbox 601 1385 834 1440; x_wconf 84' lang='lat' dir='ltr'><strong>Felicem</strong></span> <span class='ocrx_word' id='word_1_109' title='bbox 867 1400 988 1438; x_wconf 92' lang='lat' dir='ltr'><strong>eum</strong></span> <span class='ocrx_word' id='word_1_110' title='bbox 1034 1381 1261 1451; x_wconf 79' lang='lat' dir='ltr'><strong>conjuge</strong></span> <span class='ocrx_word' id='word_1_111' title='bbox 1291 1380 1632 1435; x_wconf 88' lang='lat' dir='ltr'><strong>sanctissima</strong></span> <span class='ocrx_word' id='word_1_112' title='bbox 1674 1377 1904 1442; x_wconf 88' lang='lat' dir='ltr'><strong>Liliosa,</strong></span> 
     </span>
    </p>
   </div>
   <div class='ocr_carea' id='block_1_16' title="bbox 323 1466 1908 1546">
    <p class='ocr_par' dir='ltr' id='par_1_16' title="bbox 323 1466 1908 1546">
     <span class='ocr_line' id='line_1_16' title="bbox 323 1466 1908 1546; baseline -0.007 -17"><span class='ocrx_word' id='word_1_113' title='bbox 323 1475 424 1546; x_wconf 76' lang='lat' dir='ltr'><strong>qui</strong></span> <span class='ocrx_word' id='word_1_114' title='bbox 455 1483 510 1529; x_wconf 93' lang='lat' dir='ltr'><strong>et</strong></span> <span class='ocrx_word' id='word_1_115' title='bbox 540 1475 639 1543; x_wconf 84' lang='lat' dir='ltr'><strong>ipsi</strong></span> <span class='ocrx_word' id='word_1_116' title='bbox 662 1472 775 1540; x_wconf 87' lang='lat' dir='ltr'><strong>jam</strong></span> <span class='ocrx_word' id='word_1_117' title='bbox 799 1473 979 1526; x_wconf 86' lang='lat' dir='ltr'><strong>omnia</strong></span> <span class='ocrx_word' id='word_1_118' title='bbox 1007 1486 1101 1526; x_wconf 87' lang='lat' dir='ltr'><strong>sua</strong></span> <span class='ocrx_word' id='word_1_119' title='bbox 1141 1469 1528 1532; x_wconf 89' lang='lat' dir='ltr'><strong>vendiderant,</strong></span> <span class='ocrx_word' id='word_1_120' title='bbox 1550 1476 1606 1522; x_wconf 91' lang='lat' dir='ltr'><strong>et</strong></span> <span class='ocrx_word' id='word_1_121' title='bbox 1633 1466 1764 1522; x_wconf 91' lang='lat' dir='ltr'><strong>locis</strong></span> <span class='ocrx_word' id='word_1_122' title='bbox 1788 1481 1908 1521; x_wconf 84' lang='lat' dir='ltr'><strong>san-</strong></span> 
     </span>
    </p>
   </div>
   <div class='ocr_carea' id='block_1_17' title="bbox 326 1555 1909 1630">
    <p class='ocr_par' dir='ltr' id='par_1_17' title="bbox 326 1555 1909 1630">
     <span class='ocr_line' id='line_1_17' title="bbox 326 1555 1909 1630; baseline -0.006 -14"><span class='ocrx_word' id='word_1_123' title='bbox 326 1563 456 1626; x_wconf 91' lang='lat' dir='ltr'><strong>ctis,</strong></span> <span class='ocrx_word' id='word_1_124' title='bbox 477 1576 568 1616; x_wconf 90' lang='lat' dir='ltr'><strong>seu</strong></span> <span class='ocrx_word' id='word_1_125' title='bbox 593 1560 921 1630; x_wconf 87' lang='lat' dir='ltr'><strong>pauperibus</strong></span> <span class='ocrx_word' id='word_1_126' title='bbox 959 1566 1336 1628; x_wconf 89' lang='lat' dir='ltr'><strong>erogaverant,</strong></span> <span class='ocrx_word' id='word_1_127' title='bbox 1360 1555 1535 1624; x_wconf 83' lang='lat' dir='ltr'><strong>parati</strong></span> <span class='ocrx_word' id='word_1_128' title='bbox 1555 1569 1715 1609; x_wconf 91' lang='lat' dir='ltr'><strong>omne</strong></span> <span class='ocrx_word' id='word_1_129' title='bbox 1743 1568 1909 1623; x_wconf 89' lang='lat' dir='ltr'><strong>genus</strong></span> 
     </span>
    </p>
   </div>
   <div class='ocr_carea' id='block_1_18' title="bbox 329 1644 1907 1720">
    <p class='ocr_par' dir='ltr' id='par_1_18' title="bbox 329 1644 1907 1720">
     <span class='ocr_line' id='line_1_18' title="bbox 329 1644 1907 1720; baseline -0.008 -12"><span class='ocrx_word' id='word_1_130' title='bbox 329 1660 727 1708; x_wconf 89' lang='lat' dir='ltr'><strong>tormentorum</strong></span> <span class='ocrx_word' id='word_1_131' title='bbox 778 1656 999 1720; x_wconf 88' lang='lat' dir='ltr'><strong>propter</strong></span> <span class='ocrx_word' id='word_1_132' title='bbox 1047 1648 1240 1702; x_wconf 84' lang='lat' dir='ltr'><strong>Filium</strong></span> <span class='ocrx_word' id='word_1_133' title='bbox 1296 1646 1388 1699; x_wconf 85' lang='lat' dir='ltr'><strong>Dei</strong></span> <span class='ocrx_word' id='word_1_134' title='bbox 1444 1652 1501 1698; x_wconf 92' lang='lat' dir='ltr'><strong>et</strong></span> <span class='ocrx_word' id='word_1_135' title='bbox 1567 1644 1907 1699; x_wconf 85' lang='lat' dir='ltr'><strong>dilectionem</strong></span> 
     </span>
    </p>
   </div>
   <div class='ocr_carea' id='block_1_19' title="bbox 2001 469 3574 540">
    <p class='ocr_par' dir='ltr' id='par_1_19' title="bbox 2001 469 3574 540">
     <span class='ocr_line' id='line_1_19' title="bbox 2001 469 3574 540; baseline 0.002 -16"><span class='ocrx_word' id='word_1_136' title='bbox 2001 469 2213 534; x_wconf 87' lang='lat' dir='ltr'><strong>miseri;</strong></span> <span class='ocrx_word' id='word_1_137' title='bbox 2261 471 2404 525; x_wconf 80' lang='lat' dir='ltr'><strong>exite</strong></span> <span class='ocrx_word' id='word_1_138' title='bbox 2428 469 2670 524; x_wconf 84' lang='lat' dir='ltr'><strong>cominus</strong></span> <span class='ocrx_word' id='word_1_139' title='bbox 2690 471 2958 534; x_wconf 88' lang='lat' dir='ltr'><strong>morituri,</strong></span> <span class='ocrx_word' id='word_1_140' title='bbox 2989 471 3183 538; x_wconf 87' lang='lat' dir='ltr'><strong>quibus</strong></span> <span class='ocrx_word' id='word_1_141' title='bbox 3206 471 3313 524; x_wconf 76' lang='lat' dir='ltr'><strong>vita</strong></span> <span class='ocrx_word' id='word_1_142' title='bbox 3336 486 3574 540; x_wconf 69' lang='lat' dir='ltr'><strong>praesens</strong></span> 
     </span>
    </p>
   </div>
   <div class='ocr_carea' id='block_1_20' title="bbox 2003 559 3573 631">
    <p class='ocr_par' dir='ltr' id='par_1_20' title="bbox 2003 559 3573 631">
     <span class='ocr_line' id='line_1_20' title="bbox 2003 559 3573 631; baseline 0 -17"><span class='ocrx_word' id='word_1_143' title='bbox 2003 561 2213 614; x_wconf 78' lang='lat' dir='ltr'><strong>taedium</strong></span> <span class='ocrx_word' id='word_1_144' title='bbox 2241 569 2321 615; x_wconf 91' lang='lat' dir='ltr'><strong>est</strong></span> <span class='ocrx_word' id='word_1_145' title='bbox 2340 600 2355 624; x_wconf 97' lang='lat'><strong>,</strong></span> <span class='ocrx_word' id='word_1_146' title='bbox 2381 568 2438 615; x_wconf 93' lang='lat' dir='ltr'><strong>et</strong></span> <span class='ocrx_word' id='word_1_147' title='bbox 2465 573 2609 614; x_wconf 88' lang='lat' dir='ltr'><strong>mors</strong></span> <span class='ocrx_word' id='word_1_148' title='bbox 2648 573 2744 628; x_wconf 88' lang='lat' dir='ltr'><strong>pro</strong></span> <span class='ocrx_word' id='word_1_149' title='bbox 2771 559 2941 629; x_wconf 87' lang='lat' dir='ltr'><strong>gloria</strong></span> <span class='ocrx_word' id='word_1_150' title='bbox 2988 567 3346 627; x_wconf 87' lang='lat' dir='ltr'><strong>computatur.</strong></span> <span class='ocrx_word' id='word_1_151' title='bbox 3376 559 3456 613; x_wconf 85' lang='lat' dir='ltr'><strong>En</strong></span> <span class='ocrx_word' id='word_1_152' title='bbox 3483 561 3573 631; x_wconf 88' lang='lat' dir='ltr'><strong>ju-</strong></span> 
     </span>
    </p>
   </div>
   <div class='ocr_carea' id='block_1_21' title="bbox 2001 646 3576 714">
    <p class='ocr_par' dir='ltr' id='par_1_21' title="bbox 2001 646 3576 714">
     <span class='ocr_line' id='line_1_21' title="bbox 2001 646 3576 714; baseline 0.001 -11"><span class='ocrx_word' id='word_1_153' title='bbox 2001 649 2102 703; x_wconf 85' lang='lat' dir='ltr'><strong>dex</strong></span> <span class='ocrx_word' id='word_1_154' title='bbox 2131 657 2320 714; x_wconf 86' lang='lat' dir='ltr'><strong>vocat,</strong></span> <span class='ocrx_word' id='word_1_155' title='bbox 2345 650 2506 703; x_wconf 87' lang='lat' dir='ltr'><strong>instat</strong></span> <span class='ocrx_word' id='word_1_156' title='bbox 2531 647 2803 702; x_wconf 90' lang='lat' dir='ltr'><strong>decretum</strong></span> <span class='ocrx_word' id='word_1_157' title='bbox 2832 648 3048 702; x_wconf 89' lang='lat' dir='ltr'><strong>ultionis</strong></span> <span class='ocrx_word' id='word_1_158' title='bbox 3073 646 3350 702; x_wconf 80' lang='lat' dir='ltr'><strong>effundere</strong></span> <span class='ocrx_word' id='word_1_159' title='bbox 3375 664 3390 713; x_wconf 93' lang='lat'><strong>;</strong></span> <span class='ocrx_word' id='word_1_160' title='bbox 3445 663 3576 704; x_wconf 64' lang='lat' dir='ltr'><strong>cono</strong></span> 
     </span>
    </p>
   </div>
   <div class='ocr_carea' id='block_1_22' title="bbox 2000 736 3577 806">
    <p class='ocr_par' dir='ltr' id='par_1_22' title="bbox 2000 736 3577 806">
     <span class='ocr_line' id='line_1_22' title="bbox 2000 736 3577 806; baseline 0.001 -15"><span class='ocrx_word' id='word_1_161' title='bbox 2000 747 2179 794; x_wconf 88' lang='lat' dir='ltr'><strong>terere</strong></span> <span class='ocrx_word' id='word_1_162' title='bbox 2205 740 2320 793; x_wconf 91' lang='lat' dir='ltr'><strong>vult</strong></span> <span class='ocrx_word' id='word_1_163' title='bbox 2344 739 2656 794; x_wconf 89' lang='lat' dir='ltr'><strong>recedentes</strong></span> <span class='ocrx_word' id='word_1_164' title='bbox 2681 753 2711 791; x_wconf 90' lang='lat' dir='ltr'><strong>a</strong></span> <span class='ocrx_word' id='word_1_165' title='bbox 2739 737 2883 791; x_wconf 90' lang='lat' dir='ltr'><strong>cultu</strong></span> <span class='ocrx_word' id='word_1_166' title='bbox 2902 776 2916 799; x_wconf 95' lang='lat'><strong>,</strong></span> <span class='ocrx_word' id='word_1_167' title='bbox 2944 736 3162 791; x_wconf 90' lang='lat' dir='ltr'><strong>rebellia</strong></span> <span class='ocrx_word' id='word_1_168' title='bbox 3189 744 3409 806; x_wconf 89' lang='lat' dir='ltr'><strong>paratus</strong></span> <span class='ocrx_word' id='word_1_169' title='bbox 3436 737 3577 792; x_wconf 88' lang='lat' dir='ltr'><strong>colla</strong></span> 
     </span>
    </p>
   </div>
   <div class='ocr_carea' id='block_1_23' title="bbox 2001 825 3578 898">
    <p class='ocr_par' dir='ltr' id='par_1_23' title="bbox 2001 825 3578 898">
     <span class='ocr_line' id='line_1_23' title="bbox 2001 825 3578 898; baseline -0.001 -16"><span class='ocrx_word' id='word_1_170' title='bbox 2001 829 2395 898; x_wconf 73' lang='lat' dir='ltr'><strong>prmscindere;</strong></span> <span class='ocrx_word' id='word_1_171' title='bbox 2448 828 2659 898; x_wconf 89' lang='lat' dir='ltr'><strong>pergite</strong></span> <span class='ocrx_word' id='word_1_172' title='bbox 2686 841 2782 881; x_wconf 91' lang='lat' dir='ltr'><strong>vos</strong></span> <span class='ocrx_word' id='word_1_173' title='bbox 2808 825 2965 881; x_wconf 92' lang='lat' dir='ltr'><strong>modo</strong></span> <span class='ocrx_word' id='word_1_174' title='bbox 2991 827 3102 894; x_wconf 91' lang='lat' dir='ltr'><strong>jam</strong></span> <span class='ocrx_word' id='word_1_175' title='bbox 3128 825 3364 880; x_wconf 85' lang='lat' dir='ltr'><strong>debitum</strong></span> <span class='ocrx_word' id='word_1_176' title='bbox 3387 825 3578 880; x_wconf 87' lang='lat' dir='ltr'><strong>mortis</strong></span> 
     </span>
    </p>
   </div>
   <div class='ocr_carea' id='block_1_24' title="bbox 2003 915 3578 986">
    <p class='ocr_par' dir='ltr' id='par_1_24' title="bbox 2003 915 3578 986">
     <span class='ocr_line' id='line_1_24' title="bbox 2003 915 3578 986; baseline -0.002 -15"><span class='ocrx_word' id='word_1_177' title='bbox 2003 917 2313 983; x_wconf 75' lang='lat' dir='ltr'><strong>exsolvere,</strong></span> <span class='ocrx_word' id='word_1_178' title='bbox 2355 925 2410 972; x_wconf 86' lang='lat' dir='ltr'><strong>et</strong></span> <span class='ocrx_word' id='word_1_179' title='bbox 2445 916 2745 973; x_wconf 71' lang='lat' dir='ltr'><strong>commissa:</strong></span> <span class='ocrx_word' id='word_1_180' title='bbox 2773 915 3230 986; x_wconf 70' lang='lat' dir='ltr'><strong>prmvaricationis</strong></span> <span class='ocrx_word' id='word_1_181' title='bbox 3252 915 3578 986; x_wconf 87' lang='lat' dir='ltr'><strong>pendentem</strong></span> 
     </span>
    </p>
   </div>
   <div class='ocr_carea' id='block_1_25' title="bbox 2005 1006 2402 1062">
    <p class='ocr_par' dir='ltr' id='par_1_25' title="bbox 2005 1006 2402 1062">
     <span class='ocr_line' id='line_1_25' title="bbox 2005 1006 2402 1062; baseline -0.01 0"><span class='ocrx_word' id='word_1_182' title='bbox 2005 1006 2349 1062; x_wconf 84' lang='lat' dir='ltr'><strong>sententiam.</strong></span> <span class='ocrx_word' id='word_1_183' title='bbox 2383 1025 2402 1058; x_wconf 72' lang='grc' dir='ltr'><strong>ι</strong></span> 
     </span>
    </p>
   </div>
   <div class='ocr_carea' id='block_1_26' title="bbox 2074 1092 3576 1165">
    <p class='ocr_par' dir='ltr' id='par_1_26' title="bbox 2074 1092 3576 1165">
     <span class='ocr_line' id='line_1_26' title="bbox 2074 1092 3576 1165; baseline 0.001 -16"><span class='ocrx_word' id='word_1_184' title='bbox 2074 1095 2162 1149; x_wconf 82' lang='grc'><strong>50.</strong></span> <span class='ocrx_word' id='word_1_185' title='bbox 2203 1096 2278 1149; x_wconf 83' lang='lat' dir='ltr'><strong>Ex</strong></span> <span class='ocrx_word' id='word_1_186' title='bbox 2319 1096 2443 1150; x_wconf 76' lang='lat' dir='ltr'><strong>hinc</strong></span> <span class='ocrx_word' id='word_1_187' title='bbox 2487 1096 2588 1150; x_wconf 92' lang='lat' dir='ltr'><strong>viri</strong></span> <span class='ocrx_word' id='word_1_188' title='bbox 2634 1111 2755 1149; x_wconf 90' lang='lat' dir='ltr'><strong>cum</strong></span> <span class='ocrx_word' id='word_1_189' title='bbox 2792 1095 3106 1150; x_wconf 86' lang='lat' dir='ltr'><strong>mulieribus</strong></span> <span class='ocrx_word' id='word_1_190' title='bbox 3151 1092 3263 1150; x_wconf 87' lang='lat' dir='ltr'><strong>suis</strong></span> <span class='ocrx_word' id='word_1_191' title='bbox 3304 1095 3457 1165; x_wconf 85' lang='lat' dir='ltr'><strong>quasi</strong></span> <span class='ocrx_word' id='word_1_192' title='bbox 3507 1096 3576 1150; x_wconf 87' lang='lat' dir='ltr'><strong>ad</strong></span> 
     </span>
    </p>
   </div>
   <div class='ocr_carea' id='block_1_27' title="bbox 2004 1185 3579 1254">
    <p class='ocr_par' dir='ltr' id='par_1_27' title="bbox 2004 1185 3579 1254">
     <span class='ocr_line' id='line_1_27' title="bbox 2004 1185 3579 1254; baseline 0.001 -16"><span class='ocrx_word' id='word_1_193' title='bbox 2004 1186 2188 1254; x_wconf 88' lang='lat' dir='ltr'><strong>epulas</strong></span> <span class='ocrx_word' id='word_1_194' title='bbox 2211 1186 2418 1240; x_wconf 81' lang='lat' dir='ltr'><strong>invitati</strong></span> <span class='ocrx_word' id='word_1_195' title='bbox 2445 1186 2771 1254; x_wconf 90' lang='lat' dir='ltr'><strong>procedunt;</strong></span> <span class='ocrx_word' id='word_1_196' title='bbox 2803 1185 3002 1238; x_wconf 90' lang='lat' dir='ltr'><strong>vadunt</strong></span> <span class='ocrx_word' id='word_1_197' title='bbox 3040 1193 3293 1249; x_wconf 86' lang='lat' dir='ltr'><strong>ovantes;</strong></span> <span class='ocrx_word' id='word_1_198' title='bbox 3323 1185 3426 1239; x_wconf 71' lang='lat' dir='ltr'><strong>lteti</strong></span> <span class='ocrx_word' id='word_1_199' title='bbox 3457 1198 3579 1252; x_wconf 85' lang='lat' dir='ltr'><strong>pro-</strong></span> 
     </span>
    </p>
   </div>
   <div class='ocr_carea' id='block_1_28' title="bbox 2007 1272 3579 1346">
    <p class='ocr_par' dir='ltr' id='par_1_28' title="bbox 2007 1272 3579 1346">
     <span class='ocr_line' id='line_1_28' title="bbox 2007 1272 3579 1346; baseline -0.003 -16"><span class='ocrx_word' id='word_1_200' title='bbox 2007 1275 2194 1330; x_wconf 91' lang='lat' dir='ltr'><strong>siliunt</strong></span> <span class='ocrx_word' id='word_1_201' title='bbox 2222 1295 2234 1329; x_wconf 93' lang='lat'>:</span> <span class='ocrx_word' id='word_1_202' title='bbox 2267 1284 2486 1346; x_wconf 89' lang='lat' dir='ltr'><strong>putares</strong></span> <span class='ocrx_word' id='word_1_203' title='bbox 2509 1290 2602 1330; x_wconf 90' lang='lat' dir='ltr'><strong>cos</strong></span> <span class='ocrx_word' id='word_1_204' title='bbox 2620 1272 2731 1343; x_wconf 89' lang='lat' dir='ltr'><strong>jam</strong></span> <span class='ocrx_word' id='word_1_205' title='bbox 2761 1275 2896 1343; x_wconf 88' lang='lat' dir='ltr'><strong>apud</strong></span> <span class='ocrx_word' id='word_1_206' title='bbox 2932 1272 3165 1344; x_wconf 87' lang='lat' dir='ltr'><strong>judicem</strong></span> <span class='ocrx_word' id='word_1_207' title='bbox 3211 1288 3305 1328; x_wconf 89' lang='lat' dir='ltr'><strong>sua</strong></span> <span class='ocrx_word' id='word_1_208' title='bbox 3335 1274 3579 1327; x_wconf 86' lang='lat' dir='ltr'><strong>inventu-</strong></span> 
     </span>
    </p>
   </div>
   <div class='ocr_carea' id='block_1_29' title="bbox 2008 1363 3581 1435">
    <p class='ocr_par' dir='ltr' id='par_1_29' title="bbox 2008 1363 3581 1435">
     <span class='ocr_line' id='line_1_29' title="bbox 2008 1363 3581 1435; baseline -0.003 -15"><span class='ocrx_word' id='word_1_209' title='bbox 2008 1380 2098 1420; x_wconf 89' lang='lat' dir='ltr'><strong>ros</strong></span> <span class='ocrx_word' id='word_1_210' title='bbox 2123 1365 2365 1430; x_wconf 89' lang='lat' dir='ltr'><strong>donaria,</strong></span> <span class='ocrx_word' id='word_1_211' title='bbox 2411 1366 2503 1435; x_wconf 90' lang='lat' dir='ltr'><strong>qui</strong></span> <span class='ocrx_word' id='word_1_212' title='bbox 2531 1363 2664 1418; x_wconf 88' lang='lat' dir='ltr'><strong>nihil</strong></span> <span class='ocrx_word' id='word_1_213' title='bbox 2705 1363 2845 1417; x_wconf 87' lang='lat' dir='ltr'><strong>aliud</strong></span> <span class='ocrx_word' id='word_1_214' title='bbox 2891 1363 3088 1418; x_wconf 85' lang='lat' dir='ltr'><strong>habere</strong></span> <span class='ocrx_word' id='word_1_215' title='bbox 3113 1371 3366 1433; x_wconf 84' lang='lat' dir='ltr'><strong>poterant</strong></span> <span class='ocrx_word' id='word_1_216' title='bbox 3419 1377 3581 1432; x_wconf 87' lang='lat' dir='ltr'><strong>quam</strong></span> 
     </span>
    </p>
   </div>
   <div class='ocr_carea' id='block_1_30' title="bbox 2011 1451 3584 1524">
    <p class='ocr_par' dir='ltr' id='par_1_30' title="bbox 2011 1451 3584 1524">
     <span class='ocr_line' id='line_1_30' title="bbox 2011 1451 3584 1524; baseline -0.002 -15"><span class='ocrx_word' id='word_1_217' title='bbox 2011 1463 2298 1510; x_wconf 90' lang='lat' dir='ltr'><strong>tormenta.</strong></span> <span class='ocrx_word' id='word_1_218' title='bbox 2331 1455 2546 1509; x_wconf 88' lang='lat' dir='ltr'><strong>Etcum</strong></span> <span class='ocrx_word' id='word_1_219' title='bbox 2575 1470 2633 1510; x_wconf 90' lang='lat' dir='ltr'><strong>se</strong></span> <span class='ocrx_word' id='word_1_220' title='bbox 2679 1453 2941 1524; x_wconf 84' lang='lat' dir='ltr'><strong>Georgius</strong></span> <span class='ocrx_word' id='word_1_221' title='bbox 2991 1462 3208 1508; x_wconf 88' lang='lat' dir='ltr'><strong>sanctus</strong></span> <span class='ocrx_word' id='word_1_222' title='bbox 3247 1467 3278 1506; x_wconf 89' lang='lat' dir='ltr'><strong>a</strong></span> <span class='ocrx_word' id='word_1_223' title='bbox 3324 1451 3584 1507; x_wconf 77' lang='lat' dir='ltr'><strong>militibus</strong></span> 
     </span>
    </p>
   </div>
   <div class='ocr_carea' id='block_1_31' title="bbox 2009 1541 3608 1611">
    <p class='ocr_par' dir='ltr' id='par_1_31' title="bbox 2009 1541 3608 1611">
     <span class='ocr_line' id='line_1_31' title="bbox 2009 1541 3608 1611; baseline -0.003 -12"><span class='ocrx_word' id='word_1_224' title='bbox 2009 1553 2256 1600; x_wconf 89' lang='lat' dir='ltr'><strong>cerneret</strong></span> <span class='ocrx_word' id='word_1_225' title='bbox 2301 1560 2410 1600; x_wconf 90' lang='lat' dir='ltr'><strong>non</strong></span> <span class='ocrx_word' id='word_1_226' title='bbox 2454 1545 2646 1611; x_wconf 87' lang='lat' dir='ltr'><strong>teneri,</strong></span> <span class='ocrx_word' id='word_1_227' title='bbox 2677 1545 2818 1598; x_wconf 88' lang='lat' dir='ltr'><strong>illico</strong></span> <span class='ocrx_word' id='word_1_228' title='bbox 2868 1552 3051 1598; x_wconf 86' lang='lat' dir='ltr'><strong>sancta</strong></span> <span class='ocrx_word' id='word_1_229' title='bbox 3079 1543 3249 1598; x_wconf 88' lang='lat' dir='ltr'><strong>frctus</strong></span> <span class='ocrx_word' id='word_1_230' title='bbox 3277 1543 3501 1598; x_wconf 86' lang='lat' dir='ltr'><strong>audacia</strong></span> <span class='ocrx_word' id='word_1_231' title='bbox 3529 1541 3608 1596; x_wconf 83' lang='lat' dir='ltr'><strong>in&#39;</strong></span> 
     </span>
    </p>
   </div>
   <div class='ocr_carea' id='block_1_32' title="bbox 2009 1618 3584 1705">
    <p class='ocr_par' dir='ltr' id='par_1_32' title="bbox 2009 1618 3584 1705">
     <span class='ocr_line' id='line_1_32' title="bbox 2009 1618 3584 1705; baseline -0.004 -14"><span class='ocrx_word' id='word_1_232' title='bbox 2009 1636 2479 1705; x_wconf 81' lang='lat' dir='ltr'><strong>exprobrationem</strong></span> <span class='ocrx_word' id='word_1_233' title='bbox 2527 1637 2775 1692; x_wconf 88' lang='lat' dir='ltr'><strong>lictorum</strong></span> <span class='ocrx_word' id='word_1_234' title='bbox 2813 1650 3106 1691; x_wconf 87' lang='lat' dir='ltr'><strong>conversus</strong></span> <span class='ocrx_word' id='word_1_235' title='bbox 3142 1653 3153 1687; x_wconf 91' lang='lat'><strong>:</strong></span> <span class='ocrx_word' id='word_1_236' title='bbox 3193 1653 3210 1684; x_wconf 77' lang='grc' dir='ltr'><strong>ι</strong></span> <span class='ocrx_word' id='word_1_237' title='bbox 3251 1633 3429 1701; x_wconf 85' lang='lat' dir='ltr'><strong>Quare</strong></span> <span class='ocrx_word' id='word_1_238' title='bbox 3479 1618 3584 1702; x_wconf 84' lang='lat' dir='ltr'><strong>(iu-</strong></span> 
     </span>
    </p>
   </div>
   <div class='ocr_carea' id='block_1_33' title="bbox 327 1718 3584 1810">
    <p class='ocr_par' dir='ltr' id='par_1_33' title="bbox 327 1718 3584 1810">
     <span class='ocr_line' id='line_1_33' title="bbox 327 1718 3584 1810; baseline -0.007 -13"><span class='ocrx_word' id='word_1_239' title='bbox 327 1740 448 1810; x_wconf 82' lang='lat' dir='ltr'><strong>ejus</strong></span> <span class='ocrx_word' id='word_1_240' title='bbox 477 1718 1003 1810; x_wconf 28' lang='lat' dir='ltr'><strong>suscipereaEadem</strong></span> <span class='ocrx_word' id='word_1_241' title='bbox 1027 1739 1182 1802; x_wconf 91' lang='lat' dir='ltr'><strong>hora,</strong></span> <span class='ocrx_word' id='word_1_242' title='bbox 1214 1736 1355 1790; x_wconf 76' lang='lat' dir='ltr'><strong>exivi</strong></span> <span class='ocrx_word' id='word_1_243' title='bbox 1385 1734 1454 1788; x_wconf 91' lang='lat' dir='ltr'><strong>ab</strong></span> <span class='ocrx_word' id='word_1_244' title='bbox 1477 1734 1575 1799; x_wconf 90' lang='lat' dir='ltr'><strong>eis,</strong></span> <span class='ocrx_word' id='word_1_245' title='bbox 1603 1743 1656 1788; x_wconf 91' lang='lat' dir='ltr'><strong>et</strong></span> <span class='ocrx_word' id='word_1_246' title='bbox 1681 1748 1903 1796; x_wconf 85' lang='lat' dir='ltr'><strong>causas,</strong></span> <span class='ocrx_word' id='word_1_247' title='bbox 1937 1718 1981 1776; x_wconf 81' lang='grc' dir='ltr'><strong>Β</strong></span> <span class='ocrx_word' id='word_1_248' title='bbox 2009 1728 2147 1798; x_wconf 88' lang='lat' dir='ltr'><strong>quit)</strong></span> <span class='ocrx_word' id='word_1_249' title='bbox 2183 1728 2522 1798; x_wconf 78' lang='lat' dir='ltr'><strong>privilegium</strong></span> <span class='ocrx_word' id='word_1_250' title='bbox 2568 1728 2670 1781; x_wconf 88' lang='lat' dir='ltr'><strong>hoc</strong></span> <span class='ocrx_word' id='word_1_251' title='bbox 2710 1726 2956 1782; x_wconf 80' lang='lat' dir='ltr'><strong>fidelibus</strong></span> <span class='ocrx_word' id='word_1_252' title='bbox 2999 1725 3270 1796; x_wconf 77' lang='lat' dir='ltr'><strong>irrogalis,</strong></span> <span class='ocrx_word' id='word_1_253' title='bbox 3302 1733 3358 1780; x_wconf 89' lang='lat' dir='ltr'><strong>et</strong></span> <span class='ocrx_word' id='word_1_254' title='bbox 3384 1737 3584 1778; x_wconf 88' lang='lat' dir='ltr'><strong>vanum</strong></span> 
     </span>
    </p>
   </div>
   <div class='ocr_carea' id='block_1_34' title="bbox 327 1821 1904 1898">
    <p class='ocr_par' dir='ltr' id='par_1_34' title="bbox 327 1821 1904 1898">
     <span class='ocr_line' id='line_1_34' title="bbox 327 1821 1904 1898; baseline -0.006 -15"><span class='ocrx_word' id='word_1_255' title='bbox 327 1830 528 1898; x_wconf 86' lang='lat' dir='ltr'><strong>quibus</strong></span> <span class='ocrx_word' id='word_1_256' title='bbox 556 1827 944 1898; x_wconf 63' lang='lat' dir='ltr'><strong>prtepediebar,</strong></span> <span class='ocrx_word' id='word_1_257' title='bbox 975 1825 1028 1879; x_wconf 93' lang='lat' dir='ltr'><strong>in</strong></span> <span class='ocrx_word' id='word_1_258' title='bbox 1057 1825 1204 1880; x_wconf 88' lang='lat' dir='ltr'><strong>omni</strong></span> <span class='ocrx_word' id='word_1_259' title='bbox 1235 1823 1581 1880; x_wconf 81' lang='lat' dir='ltr'><strong>festinatione</strong></span> <span class='ocrx_word' id='word_1_260' title='bbox 1608 1821 1904 1892; x_wconf 90' lang='lat' dir='ltr'><strong>composui.</strong></span> 
     </span>
    </p>
   </div>
   <div class='ocr_carea' id='block_1_35' title="bbox 330 1912 1906 1985">
    <p class='ocr_par' dir='ltr' id='par_1_35' title="bbox 330 1912 1906 1985">
     <span class='ocr_line' id='line_1_35' title="bbox 330 1912 1906 1985; baseline -0.006 -10"><span class='ocrx_word' id='word_1_261' title='bbox 330 1920 402 1976; x_wconf 84' lang='lat' dir='ltr'><strong>Et</strong></span> <span class='ocrx_word' id='word_1_262' title='bbox 427 1921 504 1974; x_wconf 90' lang='lat' dir='ltr'><strong>sic</strong></span> <span class='ocrx_word' id='word_1_263' title='bbox 532 1919 748 1973; x_wconf 89' lang='lat' dir='ltr'><strong>demum</strong></span> <span class='ocrx_word' id='word_1_264' title='bbox 775 1917 928 1971; x_wconf 83' lang='lat' dir='ltr'><strong>valde</strong></span> <span class='ocrx_word' id='word_1_265' title='bbox 965 1915 1076 1985; x_wconf 88' lang='lat' dir='ltr'><strong>jam</strong></span> <span class='ocrx_word' id='word_1_266' title='bbox 1123 1916 1434 1979; x_wconf 84' lang='lat' dir='ltr'><strong>roboratus,</strong></span> <span class='ocrx_word' id='word_1_267' title='bbox 1469 1915 1536 1968; x_wconf 90' lang='lat' dir='ltr'><strong>ad</strong></span> <span class='ocrx_word' id='word_1_268' title='bbox 1570 1929 1665 1969; x_wconf 91' lang='lat' dir='ltr'><strong>eos</strong></span> <span class='ocrx_word' id='word_1_269' title='bbox 1691 1912 1906 1968; x_wconf 84' lang='lat' dir='ltr'><strong>reverti.</strong></span> 
     </span>
    </p>
   </div>
   <div class='ocr_carea' id='block_1_36' title="bbox 328 2005 1910 2081">
    <p class='ocr_par' dir='ltr' id='par_1_36' title="bbox 328 2005 1910 2081">
     <span class='ocr_line' id='line_1_36' title="bbox 328 2005 1910 2081; baseline -0.007 -14"><span class='ocrx_word' id='word_1_270' title='bbox 328 2012 434 2081; x_wconf 89' lang='lat' dir='ltr'><strong>Qui</strong></span> <span class='ocrx_word' id='word_1_271' title='bbox 463 2011 569 2066; x_wconf 70' lang='lat' dir='ltr'><strong>laeti</strong></span> <span class='ocrx_word' id='word_1_272' title='bbox 595 2019 651 2068; x_wconf 90' lang='lat' dir='ltr'><strong>et</strong></span> <span class='ocrx_word' id='word_1_273' title='bbox 672 2009 1005 2066; x_wconf 78' lang='lat' dir='ltr'><strong>exsultantes</strong></span> <span class='ocrx_word' id='word_1_274' title='bbox 1031 2009 1098 2063; x_wconf 89' lang='lat' dir='ltr'><strong>de</strong></span> <span class='ocrx_word' id='word_1_275' title='bbox 1129 2008 1304 2062; x_wconf 77' lang='lat' dir='ltr'><strong>reditur</strong></span> <span class='ocrx_word' id='word_1_276' title='bbox 1335 2015 1552 2070; x_wconf 85' lang='lat' dir='ltr'><strong>nostro,</strong></span> <span class='ocrx_word' id='word_1_277' title='bbox 1575 2005 1774 2075; x_wconf 84' lang='lat' dir='ltr'><strong>gratias</strong></span> <span class='ocrx_word' id='word_1_278' title='bbox 1802 2005 1910 2057; x_wconf 81' lang='lat' dir='ltr'><strong>Deo</strong></span> 
     </span>
    </p>
   </div>
   <div class='ocr_carea' id='block_1_37' title="bbox 330 2095 1908 2167">
    <p class='ocr_par' dir='ltr' id='par_1_37' title="bbox 330 2095 1908 2167">
     <span class='ocr_line' id='line_1_37' title="bbox 330 2095 1908 2167; baseline -0.008 -8"><span class='ocrx_word' id='word_1_279' title='bbox 330 2105 608 2167; x_wconf 75' lang='lat' dir='ltr'><strong>referunt,</strong></span> <span class='ocrx_word' id='word_1_280' title='bbox 644 2103 886 2160; x_wconf 84' lang='lat' dir='ltr'><strong>dicentes</strong></span> <span class='ocrx_word' id='word_1_281' title='bbox 916 2117 928 2160; x_wconf 84' lang='lat'><strong>;</strong></span> <span class='ocrx_word' id='word_1_282' title='bbox 959 2099 1196 2164; x_wconf 86' lang='lat' dir='ltr'><strong>Scimus,</strong></span> <span class='ocrx_word' id='word_1_283' title='bbox 1223 2097 1390 2152; x_wconf 80' lang='lat' dir='ltr'><strong>frater</strong></span> <span class='ocrx_word' id='word_1_284' title='bbox 1413 2097 1748 2160; x_wconf 89' lang='lat' dir='ltr'><strong>cbarissime,</strong></span> <span class='ocrx_word' id='word_1_285' title='bbox 1783 2095 1908 2164; x_wconf 80' lang='lat' dir='ltr'><strong>quia</strong></span> 
     </span>
    </p>
   </div>
   <div class='ocr_carea' id='block_1_38' title="bbox 331 2189 1077 2246">
    <p class='ocr_par' dir='ltr' id='par_1_38' title="bbox 331 2189 1077 2246">
     <span class='ocr_line' id='line_1_38' title="bbox 331 2189 1077 2246; baseline -0.007 0"><span class='ocrx_word' id='word_1_286' title='bbox 331 2192 596 2246; x_wconf 86' lang='lat' dir='ltr'><strong>Dominus</strong></span> <span class='ocrx_word' id='word_1_287' title='bbox 622 2199 670 2244; x_wconf 92' lang='lat' dir='ltr'><strong>te</strong></span> <span class='ocrx_word' id='word_1_288' title='bbox 696 2189 840 2242; x_wconf 89' lang='lat' dir='ltr'><strong>misit</strong></span> <span class='ocrx_word' id='word_1_289' title='bbox 865 2189 932 2242; x_wconf 90' lang='lat' dir='ltr'><strong>ad</strong></span> <span class='ocrx_word' id='word_1_290' title='bbox 958 2203 1077 2242; x_wconf 93' lang='lat' dir='ltr'><strong>nos.</strong></span> 
     </span>
    </p>
   </div>
   <div class='ocr_carea' id='block_1_39' title="bbox 405 2270 1913 2342">
    <p class='ocr_par' dir='ltr' id='par_1_39' title="bbox 405 2270 1913 2342">
     <span class='ocr_line' id='line_1_39' title="bbox 405 2270 1913 2342; baseline -0.009 -8"><span class='ocrx_word' id='word_1_291' title='bbox 405 2281 497 2334; x_wconf 72' lang='lat'><strong>‘27.</strong></span> <span class='ocrx_word' id='word_1_292' title='bbox 535 2298 553 2330; x_wconf 79' lang='grc' dir='ltr'><strong>ι</strong></span> <span class='ocrx_word' id='word_1_293' title='bbox 599 2279 727 2333; x_wconf 87' lang='lat' dir='ltr'><strong>Post</strong></span> <span class='ocrx_word' id='word_1_294' title='bbox 753 2279 869 2331; x_wconf 69' lang='lat' dir='ltr'><strong>hzec</strong></span> <span class='ocrx_word' id='word_1_295' title='bbox 894 2291 1085 2331; x_wconf 89' lang='lat' dir='ltr'><strong>omnes</strong></span> <span class='ocrx_word' id='word_1_296' title='bbox 1108 2275 1162 2330; x_wconf 92' lang='lat' dir='ltr'><strong>in</strong></span> <span class='ocrx_word' id='word_1_297' title='bbox 1189 2273 1459 2329; x_wconf 88' lang='lat' dir='ltr'><strong>communi</strong></span> <span class='ocrx_word' id='word_1_298' title='bbox 1484 2272 1746 2342; x_wconf 71' lang='lat' dir='ltr'><strong>cmpimus</strong></span> <span class='ocrx_word' id='word_1_299' title='bbox 1769 2270 1913 2340; x_wconf 87' lang='lat' dir='ltr'><strong>cegi-</strong></span> 
     </span>
    </p>
   </div>
   <div class='ocr_carea' id='block_1_40' title="bbox 332 2363 1913 2436">
    <p class='ocr_par' dir='ltr' id='par_1_40' title="bbox 332 2363 1913 2436">
     <span class='ocr_line' id='line_1_40' title="bbox 332 2363 1913 2436; baseline -0.008 -11"><span class='ocrx_word' id='word_1_300' title='bbox 332 2379 453 2426; x_wconf 87' lang='lat' dir='ltr'><strong>tare</strong></span> <span class='ocrx_word' id='word_1_301' title='bbox 526 2367 796 2436; x_wconf 88' lang='lat' dir='ltr'><strong>quomodo</strong></span> <span class='ocrx_word' id='word_1_302' title='bbox 835 2366 899 2419; x_wconf 90' lang='lat' dir='ltr'><strong>ad</strong></span> <span class='ocrx_word' id='word_1_303' title='bbox 942 2364 1303 2418; x_wconf 87' lang='lat' dir='ltr'><strong>desideratam</strong></span> <span class='ocrx_word' id='word_1_304' title='bbox 1331 2363 1734 2432; x_wconf 88' lang='lat' dir='ltr'><strong>perveniremus</strong></span> <span class='ocrx_word' id='word_1_305' title='bbox 1761 2376 1913 2413; x_wconf 87' lang='lat' dir='ltr'><strong>coro-</strong></span> 
     </span>
    </p>
   </div>
   <div class='ocr_carea' id='block_1_41' title="bbox 334 2448 1912 2522">
    <p class='ocr_par' dir='ltr' id='par_1_41' title="bbox 334 2448 1912 2522">
     <span class='ocr_line' id='line_1_41' title="bbox 334 2448 1912 2522; baseline -0.007 -11"><span class='ocrx_word' id='word_1_306' title='bbox 334 2473 498 2521; x_wconf 84' lang='lat' dir='ltr'><strong>nam;</strong></span> <span class='ocrx_word' id='word_1_307' title='bbox 549 2464 604 2510; x_wconf 84' lang='lat' dir='ltr'><strong>et</strong></span> <span class='ocrx_word' id='word_1_308' title='bbox 639 2458 710 2508; x_wconf 87' lang='lat' dir='ltr'><strong>ita</strong></span> <span class='ocrx_word' id='word_1_309' title='bbox 756 2454 982 2508; x_wconf 89' lang='lat' dir='ltr'><strong>Domino</strong></span> <span class='ocrx_word' id='word_1_310' title='bbox 1022 2453 1364 2522; x_wconf 88' lang='lat' dir='ltr'><strong>dispensante</strong></span> <span class='ocrx_word' id='word_1_311' title='bbox 1388 2451 1562 2505; x_wconf 89' lang='lat' dir='ltr'><strong>visum</strong></span> <span class='ocrx_word' id='word_1_312' title='bbox 1608 2457 1692 2504; x_wconf 89' lang='lat' dir='ltr'><strong>est</strong></span> <span class='ocrx_word' id='word_1_313' title='bbox 1736 2448 1912 2510; x_wconf 87' lang='lat' dir='ltr'><strong>nobis,</strong></span> 
     </span>
    </p>
   </div>
   <div class='ocr_carea' id='block_1_42' title="bbox 337 2537 1913 2617">
    <p class='ocr_par' dir='ltr' id='par_1_42' title="bbox 337 2537 1913 2617">
     <span class='ocr_line' id='line_1_42' title="bbox 337 2537 1913 2617; baseline -0.006 -18"><span class='ocrx_word' id='word_1_314' title='bbox 337 2556 398 2600; x_wconf 87' lang='lat' dir='ltr'><strong>ut</strong></span> <span class='ocrx_word' id='word_1_315' title='bbox 422 2554 714 2617; x_wconf 86' lang='lat' dir='ltr'><strong>pergerent</strong></span> <span class='ocrx_word' id='word_1_316' title='bbox 740 2558 958 2598; x_wconf 87' lang='lat' dir='ltr'><strong>sorores</strong></span> <span class='ocrx_word' id='word_1_317' title='bbox 983 2550 1182 2596; x_wconf 78' lang='lat' dir='ltr'><strong>nostra:</strong></span> <span class='ocrx_word' id='word_1_318' title='bbox 1211 2541 1286 2611; x_wconf 83' lang='lat'><strong>(6)</strong></span> <span class='ocrx_word' id='word_1_319' title='bbox 1317 2539 1568 2594; x_wconf 87' lang='lat' dir='ltr'><strong>revelatis</strong></span> <span class='ocrx_word' id='word_1_320' title='bbox 1590 2537 1823 2592; x_wconf 89' lang='lat' dir='ltr'><strong>vultibus</strong></span> <span class='ocrx_word' id='word_1_321' title='bbox 1847 2537 1913 2590; x_wconf 90' lang='lat' dir='ltr'><strong>ad</strong></span> 
     </span>
    </p>
   </div>
   <div class='ocr_carea' id='block_1_43' title="bbox 333 2629 1912 2702">
    <p class='ocr_par' dir='ltr' id='par_1_43' title="bbox 333 2629 1912 2702">
     <span class='ocr_line' id='line_1_43' title="bbox 333 2629 1912 2702; baseline -0.007 -10"><span class='ocrx_word' id='word_1_322' title='bbox 333 2637 658 2700; x_wconf 89' lang='lat' dir='ltr'><strong>ecclesiam,</strong></span> <span class='ocrx_word' id='word_1_323' title='bbox 707 2636 752 2691; x_wconf 88' lang='lat' dir='ltr'><strong>si</strong></span> <span class='ocrx_word' id='word_1_324' title='bbox 799 2634 938 2690; x_wconf 89' lang='lat' dir='ltr'><strong>forte</strong></span> <span class='ocrx_word' id='word_1_325' title='bbox 999 2648 1098 2688; x_wconf 92' lang='lat' dir='ltr'><strong>nos</strong></span> <span class='ocrx_word' id='word_1_326' title='bbox 1149 2631 1399 2702; x_wconf 81' lang='lat' dir='ltr'><strong>alligandi</strong></span> <span class='ocrx_word' id='word_1_327' title='bbox 1430 2632 1648 2684; x_wconf 89' lang='lat' dir='ltr'><strong>daretur</strong></span> <span class='ocrx_word' id='word_1_328' title='bbox 1669 2629 1912 2693; x_wconf 87' lang='lat' dir='ltr'><strong>occasio,</strong></span> 
     </span>
    </p>
   </div>
   <div class='ocr_carea' id='block_1_44' title="bbox 334 2715 1915 2781">
    <p class='ocr_par' dir='ltr' id='par_1_44' title="bbox 334 2715 1915 2781">
     <span class='ocr_line' id='line_1_44' title="bbox 334 2715 1915 2781; baseline -0.008 0"><span class='ocrx_word' id='word_1_329' title='bbox 334 2735 394 2781; x_wconf 88' lang='lat' dir='ltr'><strong>et</strong></span> <span class='ocrx_word' id='word_1_330' title='bbox 445 2726 518 2779; x_wconf 89' lang='lat' dir='ltr'><strong>ita</strong></span> <span class='ocrx_word' id='word_1_331' title='bbox 570 2724 770 2778; x_wconf 90' lang='lat' dir='ltr'><strong>factum</strong></span> <span class='ocrx_word' id='word_1_332' title='bbox 817 2731 919 2777; x_wconf 90' lang='lat' dir='ltr'><strong>est.</strong></span> <span class='ocrx_word' id='word_1_333' title='bbox 964 2720 1101 2775; x_wconf 79' lang='lat' dir='ltr'><strong>Nam</strong></span> <span class='ocrx_word' id='word_1_334' title='bbox 1150 2718 1544 2774; x_wconf 89' lang='lat' dir='ltr'><strong>revertentibus</strong></span> <span class='ocrx_word' id='word_1_335' title='bbox 1588 2717 1653 2772; x_wconf 90' lang='lat' dir='ltr'><strong>de</strong></span> <span class='ocrx_word' id='word_1_336' title='bbox 1688 2715 1915 2770; x_wconf 78' lang='lat' dir='ltr'><strong>ecclesia</strong></span> 
     </span>
    </p>
   </div>
   <div class='ocr_carea' id='block_1_45' title="bbox 334 2807 1911 2883">
    <p class='ocr_par' dir='ltr' id='par_1_45' title="bbox 334 2807 1911 2883">
     <span class='ocr_line' id='line_1_45' title="bbox 334 2807 1911 2883; baseline -0.008 -10"><span class='ocrx_word' id='word_1_337' title='bbox 334 2815 689 2879; x_wconf 86' lang='lat' dir='ltr'><strong>mulieribus,</strong></span> <span class='ocrx_word' id='word_1_338' title='bbox 745 2813 963 2883; x_wconf 88' lang='lat' dir='ltr'><strong>quidam</strong></span> <span class='ocrx_word' id='word_1_339' title='bbox 1034 2810 1354 2882; x_wconf 82' lang='lat' dir='ltr'><strong>praepositus</strong></span> <span class='ocrx_word' id='word_1_340' title='bbox 1407 2808 1597 2864; x_wconf 87' lang='lat' dir='ltr'><strong>obvius</strong></span> <span class='ocrx_word' id='word_1_341' title='bbox 1658 2807 1911 2873; x_wconf 90' lang='lat' dir='ltr'><strong>adstans,</strong></span> 
     </span>
    </p>
   </div>
   <div class='ocr_carea' id='block_1_46' title="bbox 336 2896 1912 2973">
    <p class='ocr_par' dir='ltr' id='par_1_46' title="bbox 336 2896 1912 2973">
     <span class='ocr_line' id='line_1_46' title="bbox 336 2896 1912 2973; baseline -0.008 -10"><span class='ocrx_word' id='word_1_342' title='bbox 336 2922 464 2963; x_wconf 87' lang='lat' dir='ltr'><strong>cum</strong></span> <span class='ocrx_word' id='word_1_343' title='bbox 537 2918 757 2960; x_wconf 90' lang='lat' dir='ltr'><strong>causam</strong></span> <span class='ocrx_word' id='word_1_344' title='bbox 836 2902 1110 2973; x_wconf 84' lang='lat' dir='ltr'><strong>religionis</strong></span> <span class='ocrx_word' id='word_1_345' title='bbox 1166 2905 1484 2972; x_wconf 89' lang='lat' dir='ltr'><strong>agnosceret</strong></span> <span class='ocrx_word' id='word_1_346' title='bbox 1549 2898 1603 2952; x_wconf 91' lang='lat' dir='ltr'><strong>in</strong></span> <span class='ocrx_word' id='word_1_347' title='bbox 1663 2896 1912 2960; x_wconf 79' lang='lat' dir='ltr'><strong>feminis,</strong></span> 
     </span>
    </p>
   </div>
   <div class='ocr_carea' id='block_1_47' title="bbox 336 2989 1914 3065">
    <p class='ocr_par' dir='ltr' id='par_1_47' title="bbox 336 2989 1914 3065">
     <span class='ocr_line' id='line_1_47' title="bbox 336 2989 1914 3065; baseline -0.007 -13"><span class='ocrx_word' id='word_1_348' title='bbox 336 2997 482 3054; x_wconf 78' lang='lat' dir='ltr'><strong>illico</strong></span> <span class='ocrx_word' id='word_1_349' title='bbox 503 2996 532 3037; x_wconf 68' lang='grc' dir='ltr'>δ</span> <span class='ocrx_word' id='word_1_350' title='bbox 564 2996 708 3051; x_wconf 85' lang='lat' dir='ltr'><strong>viros</strong></span> <span class='ocrx_word' id='word_1_351' title='bbox 757 2995 1076 3065; x_wconf 87' lang='lat' dir='ltr'><strong>interrogat,</strong></span> <span class='ocrx_word' id='word_1_352' title='bbox 1109 2993 1238 3063; x_wconf 88' lang='lat' dir='ltr'><strong>quid</strong></span> <span class='ocrx_word' id='word_1_353' title='bbox 1280 2991 1381 3046; x_wconf 92' lang='lat' dir='ltr'><strong>sibi</strong></span> <span class='ocrx_word' id='word_1_354' title='bbox 1421 2989 1583 3046; x_wconf 84' lang='lat' dir='ltr'><strong>vellet</strong></span> <span class='ocrx_word' id='word_1_355' title='bbox 1613 2989 1700 3044; x_wconf 90' lang='lat' dir='ltr'><strong>ille</strong></span> <span class='ocrx_word' id='word_1_356' title='bbox 1733 3004 1914 3044; x_wconf 87' lang='lat' dir='ltr'><strong>recur-</strong></span> 
     </span>
    </p>
   </div>
   <div class='ocr_carea' id='block_1_48' title="bbox 2011 1811 3588 1884">
    <p class='ocr_par' dir='ltr' id='par_1_48' title="bbox 2011 1811 3588 1884">
     <span class='ocr_line' id='line_1_48' title="bbox 2011 1811 3588 1884; baseline -0.005 -12"><span class='ocrx_word' id='word_1_357' title='bbox 2011 1816 2190 1872; x_wconf 84' lang='lat' dir='ltr'><strong>colere</strong></span> <span class='ocrx_word' id='word_1_358' title='bbox 2231 1816 2494 1870; x_wconf 80' lang='lat' dir='ltr'><strong>violenter</strong></span> <span class='ocrx_word' id='word_1_359' title='bbox 2531 1816 2722 1884; x_wconf 85' lang='lat' dir='ltr'><strong>cogitis</strong></span> <span class='ocrx_word' id='word_1_360' title='bbox 2766 1829 3002 1879; x_wconf 89' lang='lat' dir='ltr'><strong>numen,</strong></span> <span class='ocrx_word' id='word_1_361' title='bbox 3045 1829 3181 1882; x_wconf 82' lang='lat' dir='ltr'><strong>quos</strong></span> <span class='ocrx_word' id='word_1_362' title='bbox 3225 1820 3411 1868; x_wconf 87' lang='lat' dir='ltr'><strong>sancta</strong></span> <span class='ocrx_word' id='word_1_363' title='bbox 3455 1811 3588 1866; x_wconf 85' lang='lat' dir='ltr'><strong>fides</strong></span> 
     </span>
    </p>
   </div>
   <div class='ocr_carea' id='block_1_49' title="bbox 2010 1899 3582 1975">
    <p class='ocr_par' dir='ltr' id='par_1_49' title="bbox 2010 1899 3582 1975">
     <span class='ocr_line' id='line_1_49' title="bbox 2010 1899 3582 1975; baseline -0.003 -17"><span class='ocrx_word' id='word_1_364' title='bbox 2010 1906 2256 1975; x_wconf 88' lang='lat' dir='ltr'><strong>proprios</strong></span> <span class='ocrx_word' id='word_1_365' title='bbox 2299 1907 2556 1960; x_wconf 88' lang='lat' dir='ltr'><strong>hactenus</strong></span> <span class='ocrx_word' id='word_1_366' title='bbox 2589 1903 2911 1957; x_wconf 88' lang='lat' dir='ltr'><strong>vindicavit?</strong></span> <span class='ocrx_word' id='word_1_367' title='bbox 2940 1902 3010 1956; x_wconf 90' lang='lat' dir='ltr'><strong>Ut</strong></span> <span class='ocrx_word' id='word_1_368' title='bbox 3047 1903 3175 1970; x_wconf 88' lang='lat' dir='ltr'><strong>quid</strong></span> <span class='ocrx_word' id='word_1_369' title='bbox 3203 1901 3364 1955; x_wconf 92' lang='lat' dir='ltr'><strong>alieni</strong></span> <span class='ocrx_word' id='word_1_370' title='bbox 3410 1916 3442 1955; x_wconf 91' lang='lat' dir='ltr'><strong>a</strong></span> <span class='ocrx_word' id='word_1_371' title='bbox 3471 1899 3582 1954; x_wconf 88' lang='lat' dir='ltr'><strong>Deo</strong></span> 
     </span>
    </p>
   </div>
   <div class='ocr_carea' id='block_1_50' title="bbox 2013 1990 3588 2066">
    <p class='ocr_par' dir='ltr' id='par_1_50' title="bbox 2013 1990 3588 2066">
     <span class='ocr_line' id='line_1_50' title="bbox 2013 1990 3588 2066; baseline -0.004 -16"><span class='ocrx_word' id='word_1_372' title='bbox 2013 2012 2141 2051; x_wconf 91' lang='lat' dir='ltr'><strong>vero</strong></span> <span class='ocrx_word' id='word_1_373' title='bbox 2179 1996 2472 2066; x_wconf 86' lang='lat' dir='ltr'><strong>perditioni</strong></span> <span class='ocrx_word' id='word_1_374' title='bbox 2510 2003 2703 2050; x_wconf 82' lang='lat' dir='ltr'><strong>vestrae</strong></span> <span class='ocrx_word' id='word_1_375' title='bbox 2727 1993 3094 2064; x_wconf 83' lang='lat' dir='ltr'><strong>agglomerare</strong></span> <span class='ocrx_word' id='word_1_376' title='bbox 3121 1991 3356 2046; x_wconf 90' lang='lat' dir='ltr'><strong>nitimini</strong></span> <span class='ocrx_word' id='word_1_377' title='bbox 3383 1990 3588 2060; x_wconf 76' lang='lat' dir='ltr'><strong>praede~</strong></span> 
     </span>
    </p>
   </div>
   <div class='ocr_carea' id='block_1_51' title="bbox 2013 2077 3588 2151">
    <p class='ocr_par' dir='ltr' id='par_1_51' title="bbox 2013 2077 3588 2151">
     <span class='ocr_line' id='line_1_51' title="bbox 2013 2077 3588 2151; baseline -0.004 -11"><span class='ocrx_word' id='word_1_378' title='bbox 2013 2088 2241 2141; x_wconf 89' lang='lat' dir='ltr'><strong>stinatos</strong></span> <span class='ocrx_word' id='word_1_379' title='bbox 2279 2086 2346 2138; x_wconf 89' lang='lat' dir='ltr'><strong>ad</strong></span> <span class='ocrx_word' id='word_1_380' title='bbox 2374 2085 2576 2138; x_wconf 89' lang='lat' dir='ltr'><strong>vitam?</strong></span> <span class='ocrx_word' id='word_1_381' title='bbox 2617 2083 2699 2137; x_wconf 90' lang='lat' dir='ltr'><strong>An</strong></span> <span class='ocrx_word' id='word_1_382' title='bbox 2729 2098 2836 2138; x_wconf 90' lang='lat' dir='ltr'><strong>non</strong></span> <span class='ocrx_word' id='word_1_383' title='bbox 2868 2080 3113 2151; x_wconf 88' lang='lat' dir='ltr'><strong>poteritis</strong></span> <span class='ocrx_word' id='word_1_384' title='bbox 3156 2096 3253 2135; x_wconf 90' lang='lat' dir='ltr'><strong>vos</strong></span> <span class='ocrx_word' id='word_1_385' title='bbox 3301 2077 3588 2134; x_wconf 87' lang='lat' dir='ltr'><strong>infemalia</strong></span> 
     </span>
    </p>
   </div>
   <div class='ocr_carea' id='block_1_52' title="bbox 2013 2171 3590 2239">
    <p class='ocr_par' dir='ltr' id='par_1_52' title="bbox 2013 2171 3590 2239">
     <span class='ocr_line' id='line_1_52' title="bbox 2013 2171 3590 2239; baseline -0.008 -3"><span class='ocrx_word' id='word_1_386' title='bbox 2013 2183 2244 2236; x_wconf 88' lang='lat' dir='ltr'><strong>claustra</strong></span> <span class='ocrx_word' id='word_1_387' title='bbox 2274 2181 2424 2234; x_wconf 89' lang='lat' dir='ltr'><strong>adire</strong></span> <span class='ocrx_word' id='word_1_388' title='bbox 2469 2180 2570 2234; x_wconf 88' lang='lat' dir='ltr'><strong>nisi</strong></span> <span class='ocrx_word' id='word_1_389' title='bbox 2620 2193 2718 2232; x_wconf 85' lang='lat' dir='ltr'><strong>nos</strong></span> <span class='ocrx_word' id='word_1_390' title='bbox 2765 2177 2993 2232; x_wconf 82' lang='lat' dir='ltr'><strong>comites</strong></span> <span class='ocrx_word' id='word_1_391' title='bbox 3019 2175 3299 2230; x_wconf 88' lang='lat' dir='ltr'><strong>habeatis?</strong></span> <span class='ocrx_word' id='word_1_392' title='bbox 3337 2171 3590 2239; x_wconf 83' lang='lat' dir='ltr'><strong>Nunquid</strong></span> 
     </span>
    </p>
   </div>
   <div class='ocr_carea' id='block_1_53' title="bbox 2013 2261 3590 2326">
    <p class='ocr_par' dir='ltr' id='par_1_53' title="bbox 2013 2261 3590 2326">
     <span class='ocr_line' id='line_1_53' title="bbox 2013 2261 3590 2326; baseline -0.003 -1"><span class='ocrx_word' id='word_1_393' title='bbox 2013 2272 2130 2326; x_wconf 91' lang='lat' dir='ltr'><strong>sine</strong></span> <span class='ocrx_word' id='word_1_394' title='bbox 2160 2270 2314 2326; x_wconf 87' lang='lat' dir='ltr'><strong>nobis</strong></span> <span class='ocrx_word' id='word_1_395' title='bbox 2341 2279 2540 2325; x_wconf 70' lang='lat' dir='ltr'><strong>:eterna</strong></span> <span class='ocrx_word' id='word_1_396' title='bbox 2573 2285 2668 2324; x_wconf 90' lang='lat' dir='ltr'><strong>vos</strong></span> <span class='ocrx_word' id='word_1_397' title='bbox 2693 2267 3024 2324; x_wconf 88' lang='lat' dir='ltr'><strong>cruciamina</strong></span> <span class='ocrx_word' id='word_1_398' title='bbox 3050 2281 3157 2321; x_wconf 89' lang='lat' dir='ltr'><strong>non</strong></span> <span class='ocrx_word' id='word_1_399' title='bbox 3191 2262 3450 2320; x_wconf 84' lang='lat' dir='ltr'><strong>adorent?</strong></span> <span class='ocrx_word' id='word_1_400' title='bbox 3479 2261 3590 2320; x_wconf 69' lang='grc' dir='ltr'><strong>νος</strong></span> 
     </span>
    </p>
   </div>
   <div class='ocr_carea' id='block_1_54' title="bbox 2013 2351 3590 2429">
    <p class='ocr_par' dir='ltr' id='par_1_54' title="bbox 2013 2351 3590 2429">
     <span class='ocr_line' id='line_1_54' title="bbox 2013 2351 3590 2429; baseline -0.006 -15"><span class='ocrx_word' id='word_1_401' title='bbox 2013 2361 2179 2426; x_wconf 89' lang='lat' dir='ltr'><strong>abite,</strong></span> <span class='ocrx_word' id='word_1_402' title='bbox 2207 2373 2303 2414; x_wconf 87' lang='lat' dir='ltr'><strong>vos</strong></span> <span class='ocrx_word' id='word_1_403' title='bbox 2328 2358 2453 2413; x_wconf 91' lang='lat' dir='ltr'><strong>illuc</strong></span> <span class='ocrx_word' id='word_1_404' title='bbox 2480 2359 2686 2429; x_wconf 87' lang='lat' dir='ltr'><strong>pergite</strong></span> <span class='ocrx_word' id='word_1_405' title='bbox 2709 2357 2953 2427; x_wconf 89' lang='lat' dir='ltr'><strong>perituri,</strong></span> <span class='ocrx_word' id='word_1_406' title='bbox 2981 2371 3088 2425; x_wconf 82' lang='lat' dir='ltr'><strong>quo</strong></span> <span class='ocrx_word' id='word_1_407' title='bbox 3113 2353 3273 2410; x_wconf 88' lang='lat' dir='ltr'><strong>simul</strong></span> <span class='ocrx_word' id='word_1_408' title='bbox 3305 2367 3429 2406; x_wconf 90' lang='lat' dir='ltr'><strong>cum</strong></span> <span class='ocrx_word' id='word_1_409' title='bbox 3454 2351 3590 2406; x_wconf 78' lang='lat' dir='ltr'><strong>duco</strong></span> 
     </span>
    </p>
   </div>
   <div class='ocr_carea' id='block_1_55' title="bbox 2013 2438 3592 2516">
    <p class='ocr_par' dir='ltr' id='par_1_55' title="bbox 2013 2438 3592 2516">
     <span class='ocr_line' id='line_1_55' title="bbox 2013 2438 3592 2516; baseline -0.006 -13"><span class='ocrx_word' id='word_1_410' title='bbox 2013 2457 2194 2504; x_wconf 87' lang='lat' dir='ltr'><strong>vestro</strong></span> <span class='ocrx_word' id='word_1_411' title='bbox 2242 2447 2538 2502; x_wconf 82' lang='lat' dir='ltr'><strong>inferorum</strong></span> <span class='ocrx_word' id='word_1_412' title='bbox 2590 2447 2798 2502; x_wconf 90' lang='lat' dir='ltr'><strong>deliciis</strong></span> <span class='ocrx_word' id='word_1_413' title='bbox 2850 2443 3222 2516; x_wconf 79' lang='lat' dir='ltr'><strong>perfruamini.</strong></span> <span class='ocrx_word' id='word_1_414' title='bbox 3273 2441 3409 2496; x_wconf 85' lang='lat' dir='ltr'><strong>Nam</strong></span> <span class='ocrx_word' id='word_1_415' title='bbox 3463 2438 3592 2510; x_wconf 88' lang='lat' dir='ltr'><strong>quid</strong></span> 
     </span>
    </p>
   </div>
   <div class='ocr_carea' id='block_1_56' title="bbox 2016 2533 3594 2606">
    <p class='ocr_par' dir='ltr' id='par_1_56' title="bbox 2016 2533 3594 2606">
     <span class='ocr_line' id='line_1_56' title="bbox 2016 2533 3594 2606; baseline -0.008 -12"><span class='ocrx_word' id='word_1_416' title='bbox 2016 2539 2173 2595; x_wconf 90' lang='lat' dir='ltr'><strong>nobis</strong></span> <span class='ocrx_word' id='word_1_417' title='bbox 2228 2554 2352 2594; x_wconf 88' lang='lat' dir='ltr'><strong>cum</strong></span> <span class='ocrx_word' id='word_1_418' title='bbox 2403 2545 2637 2602; x_wconf 90' lang='lat' dir='ltr'><strong>tartaro,</strong></span> <span class='ocrx_word' id='word_1_419' title='bbox 2703 2535 3158 2606; x_wconf 57' lang='lat' dir='ltr'><strong>quem&#39;Christus</strong></span> <span class='ocrx_word' id='word_1_420' title='bbox 3212 2533 3356 2587; x_wconf 90' lang='lat' dir='ltr'><strong>Deus</strong></span> <span class='ocrx_word' id='word_1_421' title='bbox 3407 2538 3594 2585; x_wconf 87' lang='lat' dir='ltr'><strong>noster</strong></span> 
     </span>
    </p>
   </div>
   <div class='ocr_carea' id='block_1_57' title="bbox 2015 2625 3593 2701">
    <p class='ocr_par' dir='ltr' id='par_1_57' title="bbox 2015 2625 3593 2701">
     <span class='ocr_line' id='line_1_57' title="bbox 2015 2625 3593 2701; baseline -0.007 -14"><span class='ocrx_word' id='word_1_422' title='bbox 2015 2632 2335 2701; x_wconf 86' lang='lat' dir='ltr'><strong>penetravit,</strong></span> <span class='ocrx_word' id='word_1_423' title='bbox 2382 2631 2673 2700; x_wconf 88' lang='lat' dir='ltr'><strong>absorpsit,</strong></span> <span class='ocrx_word' id='word_1_424' title='bbox 2721 2629 3058 2699; x_wconf 82' lang='lat' dir='ltr'><strong>exspoliavit,</strong></span> <span class='ocrx_word' id='word_1_425' title='bbox 3089 2635 3143 2681; x_wconf 89' lang='lat' dir='ltr'><strong>et</strong></span> <span class='ocrx_word' id='word_1_426' title='bbox 3187 2625 3339 2688; x_wconf 89' lang='lat' dir='ltr'><strong>vicit,</strong></span> <span class='ocrx_word' id='word_1_427' title='bbox 3386 2631 3445 2677; x_wconf 93' lang='lat' dir='ltr'><strong>ut</strong></span> <span class='ocrx_word' id='word_1_428' title='bbox 3484 2638 3593 2677; x_wconf 91' lang='lat' dir='ltr'><strong>non</strong></span> 
     </span>
    </p>
   </div>
   <div class='ocr_carea' id='block_1_58' title="bbox 2009 2715 3595 2790">
    <p class='ocr_par' dir='ltr' id='par_1_58' title="bbox 2009 2715 3595 2790">
     <span class='ocr_line' id='line_1_58' title="bbox 2009 2715 3595 2790; baseline -0.008 -14"><span class='ocrx_word' id='word_1_429' title='bbox 2009 2721 2121 2790; x_wconf 87' lang='lat' dir='ltr'><strong>jam</strong></span> <span class='ocrx_word' id='word_1_430' title='bbox 2146 2722 2366 2776; x_wconf 82' lang='lat' dir='ltr'><strong>auderet</strong></span> <span class='ocrx_word' id='word_1_431' title='bbox 2391 2720 2573 2775; x_wconf 79' lang='lat' dir='ltr'><strong>ﬁdeles</strong></span> <span class='ocrx_word' id='word_1_432' title='bbox 2599 2719 2868 2783; x_wconf 85' lang='lat' dir='ltr'><strong>addicere,</strong></span> <span class='ocrx_word' id='word_1_433' title='bbox 2888 2718 2977 2787; x_wconf 87' lang='lat' dir='ltr'><strong>qui</strong></span> <span class='ocrx_word' id='word_1_434' title='bbox 3005 2715 3209 2786; x_wconf 82' lang='lat' dir='ltr'><strong>pridem</strong></span> <span class='ocrx_word' id='word_1_435' title='bbox 3238 2719 3595 2767; x_wconf 85' lang='lat' dir='ltr'><strong>consueverat</strong></span> 
     </span>
    </p>
   </div>
   <div class='ocr_carea' id='block_1_59' title="bbox 2015 2808 3014 2884">
    <p class='ocr_par' dir='ltr' id='par_1_59' title="bbox 2015 2808 3014 2884">
     <span class='ocr_line' id='line_1_59' title="bbox 2015 2808 3014 2884; baseline -0.008 -18"><span class='ocrx_word' id='word_1_436' title='bbox 2015 2811 2296 2884; x_wconf 83' lang='lat' dir='ltr'><strong>privilegio</strong></span> <span class='ocrx_word' id='word_1_437' title='bbox 2326 2825 2424 2865; x_wconf 89' lang='lat' dir='ltr'><strong>suo</strong></span> <span class='ocrx_word' id='word_1_438' title='bbox 2446 2817 2662 2864; x_wconf 86' lang='lat' dir='ltr'><strong>sanctos</strong></span> <span class='ocrx_word' id='word_1_439' title='bbox 2693 2808 2958 2878; x_wconf 89' lang='lat' dir='ltr'><strong>diripere?</strong></span> <span class='ocrx_word' id='word_1_440' title='bbox 2995 2826 3014 2858; x_wconf 76' lang='grc' dir='ltr'><strong>ι</strong></span> 
     </span>
    </p>
   </div>
   <div class='ocr_carea' id='block_1_60' title="bbox 2085 2892 3596 2969">
    <p class='ocr_par' dir='ltr' id='par_1_60' title="bbox 2085 2892 3596 2969">
     <span class='ocr_line' id='line_1_60' title="bbox 2085 2892 3596 2969; baseline -0.009 -10"><span class='ocrx_word' id='word_1_441' title='bbox 2085 2905 2175 2959; x_wconf 82' lang='grc'><strong>51.</strong></span> <span class='ocrx_word' id='word_1_442' title='bbox 2207 2903 2312 2960; x_wconf 82' lang='lat' dir='ltr'><strong>Vix</strong></span> <span class='ocrx_word' id='word_1_443' title='bbox 2353 2902 2438 2957; x_wconf 86' lang='lat' dir='ltr'><strong>ille</strong></span> <span class='ocrx_word' id='word_1_444' title='bbox 2463 2916 2764 2957; x_wconf 89' lang='lat' dir='ltr'><strong>sermonem</strong></span> <span class='ocrx_word' id='word_1_445' title='bbox 2792 2899 3175 2969; x_wconf 87' lang='lat' dir='ltr'><strong>compleverat,</strong></span> <span class='ocrx_word' id='word_1_446' title='bbox 3201 2903 3256 2950; x_wconf 91' lang='lat' dir='ltr'><strong>et</strong></span> <span class='ocrx_word' id='word_1_447' title='bbox 3276 2893 3387 2962; x_wconf 87' lang='lat' dir='ltr'><strong>jam</strong></span> <span class='ocrx_word' id='word_1_448' title='bbox 3411 2892 3596 2946; x_wconf 77' lang='lat' dir='ltr'><strong>furens</strong></span> 
     </span>
    </p>
   </div>
   <div class='ocr_carea' id='block_1_61' title="bbox 2018 2982 3591 3059">
    <p class='ocr_par' dir='ltr' id='par_1_61' title="bbox 2018 2982 3591 3059">
     <span class='ocr_line' id='line_1_61' title="bbox 2018 2982 3591 3059; baseline -0.01 -10"><span class='ocrx_word' id='word_1_449' title='bbox 2018 2995 2205 3049; x_wconf 85' lang='lat' dir='ltr'><strong>dextra</strong></span> <span class='ocrx_word' id='word_1_450' title='bbox 2249 2991 2538 3048; x_wconf 90' lang='lat' dir='ltr'><strong>satellitum</strong></span> <span class='ocrx_word' id='word_1_451' title='bbox 2588 2991 2643 3045; x_wconf 91' lang='lat' dir='ltr'><strong>in</strong></span> <span class='ocrx_word' id='word_1_452' title='bbox 2697 2988 2944 3059; x_wconf 88' lang='lat' dir='ltr'><strong>injuriam</strong></span> <span class='ocrx_word' id='word_1_453' title='bbox 2993 2985 3240 3042; x_wconf 87' lang='lat' dir='ltr'><strong>monachi</strong></span> <span class='ocrx_word' id='word_1_454' title='bbox 3291 2982 3591 3038; x_wconf 89' lang='lat' dir='ltr'><strong>laborabat.</strong></span> 
     </span>
    </p>
   </div>
   <div class='ocr_carea' id='block_1_62' title="bbox 335 3052 1914 3154">
    <p class='ocr_par' dir='ltr' id='par_1_62' title="bbox 335 3079 1910 3146">
     <span class='ocr_line' id='line_1_62' title="bbox 335 3079 1910 3146; baseline -0.006 -4"><span class='ocrx_word' id='word_1_455' title='bbox 335 3103 432 3142; x_wconf 83' lang='lat' dir='ltr'><strong>sus</strong></span> <span class='ocrx_word' id='word_1_456' title='bbox 476 3085 796 3142; x_wconf 82' lang='lat' dir='ltr'><strong>feminarum</strong></span> <span class='ocrx_word' id='word_1_457' title='bbox 844 3085 910 3139; x_wconf 86' lang='lat' dir='ltr'><strong>ad</strong></span> <span class='ocrx_word' id='word_1_458' title='bbox 953 3083 1264 3140; x_wconf 89' lang='lat' dir='ltr'><strong>sanetuaria</strong></span> <span class='ocrx_word' id='word_1_459' title='bbox 1301 3081 1765 3138; x_wconf 85' lang='lat' dir='ltr'><strong>Christianorum?</strong></span> <span class='ocrx_word' id='word_1_460' title='bbox 1809 3079 1910 3146; x_wconf 91' lang='lat' dir='ltr'><strong>Qui</strong></span> 
     </span>
    </p>
   </div>
   <div class='ocr_carea' id='block_1_63' title="bbox 2016 3052 3595 3154">
    <p class='ocr_par' dir='ltr' id='par_1_63' title="bbox 2017 3052 3595 3154">
     <span class='ocr_line' id='line_1_63' title="bbox 2017 3052 3595 3154; baseline -0.008 -14"><span class='ocrx_word' id='word_1_461' title='bbox 2017 3085 2190 3154; x_wconf 90' lang='lat' dir='ltr'><strong>Quem</strong></span> <span class='ocrx_word' id='word_1_462' title='bbox 2235 3083 2464 3139; x_wconf 88' lang='lat' dir='ltr'><strong>diversis</strong></span> <span class='ocrx_word' id='word_1_463' title='bbox 2505 3052 2799 3138; x_wconf 80' lang='lat' dir='ltr'><strong>laceratum</strong></span> <span class='ocrx_word' id='word_1_464' title='bbox 2846 3079 3076 3135; x_wconf 89' lang='lat' dir='ltr'><strong>stimulis</strong></span> <span class='ocrx_word' id='word_1_465' title='bbox 3124 3075 3595 3138; x_wconf 84' lang='lat' dir='ltr'><strong>solo.allidentes,</strong></span> 
     </span>
    </p>
   </div>
   <div class='ocr_carea' id='block_1_64' title="bbox 337 3171 1910 3248">
    <p class='ocr_par' dir='ltr' id='par_1_64' title="bbox 337 3171 1910 3248">
     <span class='ocr_line' id='line_1_64' title="bbox 337 3171 1910 3248; baseline -0.004 -16"><span class='ocrx_word' id='word_1_466' title='bbox 337 3178 735 3248; x_wconf 87' lang='lat' dir='ltr'><strong>responderunt</strong></span> <span class='ocrx_word' id='word_1_467' title='bbox 764 3195 776 3229; x_wconf 89' lang='lat'>:</span> <span class='ocrx_word' id='word_1_468' title='bbox 809 3175 1069 3230; x_wconf 83' lang='lat' dir='ltr'><strong>Fidelium</strong></span> <span class='ocrx_word' id='word_1_469' title='bbox 1101 3191 1218 3230; x_wconf 92' lang='lat' dir='ltr'><strong>mos</strong></span> <span class='ocrx_word' id='word_1_470' title='bbox 1245 3182 1328 3229; x_wconf 92' lang='lat' dir='ltr'><strong>est</strong></span> <span class='ocrx_word' id='word_1_471' title='bbox 1354 3173 1610 3228; x_wconf 76' lang='lat' dir='ltr'><strong>ecclesias</strong></span> <span class='ocrx_word' id='word_1_472' title='bbox 1658 3171 1910 3238; x_wconf 89' lang='lat' dir='ltr'><strong>visitare,</strong></span> 
     </span>
    </p>
   </div>
   <div class='ocr_carea' id='block_1_65' title="bbox 335 3262 1914 3336">
    <p class='ocr_par' dir='ltr' id='par_1_65' title="bbox 335 3262 1914 3336">
     <span class='ocr_line' id='line_1_65' title="bbox 335 3262 1914 3336; baseline -0.001 -16"><span class='ocrx_word' id='word_1_473' title='bbox 335 3275 394 3320; x_wconf 87' lang='lat' dir='ltr'><strong>et</strong></span> <span class='ocrx_word' id='word_1_474' title='bbox 411 3267 549 3319; x_wconf 89' lang='lat' dir='ltr'><strong>atria</strong></span> <span class='ocrx_word' id='word_1_475' title='bbox 569 3265 955 3320; x_wconf 87' lang='lat' dir='ltr'><strong>venerabilium</strong></span> <span class='ocrx_word' id='word_1_476' title='bbox 978 3265 1274 3336; x_wconf 81' lang='lat' dir='ltr'><strong>Martyrum</strong></span> <span class='ocrx_word' id='word_1_477' title='bbox 1297 3266 1383 3334; x_wconf 93' lang='lat' dir='ltr'><strong>pio</strong></span> <span class='ocrx_word' id='word_1_478' title='bbox 1403 3263 1703 3318; x_wconf 86' lang='lat' dir='ltr'><strong>devotionis</strong></span> <span class='ocrx_word' id='word_1_479' title='bbox 1723 3262 1914 3318; x_wconf 82' lang='lat' dir='ltr'><strong>affectu</strong></span> 
     </span>
    </p>
   </div>
   <div class='ocr_carea' id='block_1_66' title="bbox 339 3353 1918 3426">
    <p class='ocr_par' dir='ltr' id='par_1_66' title="bbox 339 3353 1918 3426">
     <span class='ocr_line' id='line_1_66' title="bbox 339 3353 1918 3426; baseline -0.001 -16"><span class='ocrx_word' id='word_1_480' title='bbox 339 3357 640 3426; x_wconf 82' lang='lat' dir='ltr'><strong>requirere.</strong></span> <span class='ocrx_word' id='word_1_481' title='bbox 668 3355 820 3410; x_wconf 86' lang='lat' dir='ltr'><strong>Unde</strong></span> <span class='ocrx_word' id='word_1_482' title='bbox 847 3355 972 3424; x_wconf 91' lang='lat' dir='ltr'><strong>quia</strong></span> <span class='ocrx_word' id='word_1_483' title='bbox 1001 3355 1294 3409; x_wconf 85' lang='lat' dir='ltr'><strong>Christiani</strong></span> <span class='ocrx_word' id='word_1_484' title='bbox 1319 3369 1504 3408; x_wconf 92' lang='lat' dir='ltr'><strong>sumus</strong></span> <span class='ocrx_word' id='word_1_485' title='bbox 1523 3393 1538 3418; x_wconf 93' lang='lat'><strong>,</strong></span> <span class='ocrx_word' id='word_1_486' title='bbox 1569 3353 1687 3408; x_wconf 87' lang='lat' dir='ltr'><strong>ideo</strong></span> <span class='ocrx_word' id='word_1_487' title='bbox 1710 3369 1809 3408; x_wconf 91' lang='lat' dir='ltr'><strong>nos</strong></span> <span class='ocrx_word' id='word_1_488' title='bbox 1842 3354 1918 3423; x_wconf 86' lang='lat' dir='ltr'><strong>ip-</strong></span> 
     </span>
    </p>
   </div>
   <div class='ocr_carea' id='block_1_67' title="bbox 339 3441 1918 3516">
    <p class='ocr_par' dir='ltr' id='par_1_67' title="bbox 339 3441 1918 3516">
     <span class='ocr_line' id='line_1_67' title="bbox 339 3441 1918 3516; baseline -0.004 -15"><span class='ocrx_word' id='word_1_489' title='bbox 339 3448 456 3501; x_wconf 83' lang='lat' dir='ltr'><strong>sius</strong></span> <span class='ocrx_word' id='word_1_490' title='bbox 486 3445 606 3504; x_wconf 87' lang='lat' dir='ltr'><strong>fidei</strong></span> <span class='ocrx_word' id='word_1_491' title='bbox 630 3454 844 3516; x_wconf 86' lang='lat' dir='ltr'><strong>gestare</strong></span> <span class='ocrx_word' id='word_1_492' title='bbox 868 3445 1122 3500; x_wconf 84' lang='lat' dir='ltr'><strong>vexillum</strong></span> <span class='ocrx_word' id='word_1_493' title='bbox 1149 3444 1483 3515; x_wconf 84' lang='lat' dir='ltr'><strong>profitemur.</strong></span> <span class='ocrx_word' id='word_1_494' title='bbox 1514 3442 1816 3512; x_wconf 89' lang='lat' dir='ltr'><strong>Statimque</strong></span> <span class='ocrx_word' id='word_1_495' title='bbox 1835 3441 1918 3510; x_wconf 88' lang='lat' dir='ltr'><strong>ju-</strong></span> 
     </span>
    </p>
   </div>
   <div class='ocr_carea' id='block_1_68' title="bbox 339 3535 1919 3600">
    <p class='ocr_par' dir='ltr' id='par_1_68' title="bbox 339 3535 1919 3600">
     <span class='ocr_line' id='line_1_68' title="bbox 339 3535 1919 3600; baseline -0.004 -8"><span class='ocrx_word' id='word_1_496' title='bbox 339 3538 450 3592; x_wconf 88' lang='lat' dir='ltr'><strong>dici</strong></span> <span class='ocrx_word' id='word_1_497' title='bbox 479 3536 686 3594; x_wconf 85' lang='lat' dir='ltr'><strong>delator</strong></span> <span class='ocrx_word' id='word_1_498' title='bbox 707 3536 1001 3600; x_wconf 88' lang='lat' dir='ltr'><strong>accedens,</strong></span> <span class='ocrx_word' id='word_1_499' title='bbox 1032 3551 1246 3590; x_wconf 93' lang='lat' dir='ltr'><strong>omnem</strong></span> <span class='ocrx_word' id='word_1_500' title='bbox 1271 3535 1535 3588; x_wconf 91' lang='lat' dir='ltr'><strong>rationem</strong></span> <span class='ocrx_word' id='word_1_501' title='bbox 1566 3541 1804 3586; x_wconf 89' lang='lat' dir='ltr'><strong>nostram</strong></span> <span class='ocrx_word' id='word_1_502' title='bbox 1831 3547 1919 3586; x_wconf 82' lang='lat' dir='ltr'><strong>co-</strong></span> 
     </span>
    </p>
   </div>
   <div class='ocr_carea' id='block_1_69' title="bbox 339 3624 1919 3702">
    <p class='ocr_par' dir='ltr' id='par_1_69' title="bbox 339 3624 1919 3702">
     <span class='ocr_line' id='line_1_69' title="bbox 339 3624 1919 3702; baseline -0.006 -15"><span class='ocrx_word' id='word_1_503' title='bbox 339 3647 458 3688; x_wconf 85' lang='lat' dir='ltr'><strong>ram</strong></span> <span class='ocrx_word' id='word_1_504' title='bbox 486 3646 553 3686; x_wconf 90' lang='lat' dir='ltr'><strong>eo</strong></span> <span class='ocrx_word' id='word_1_505' title='bbox 578 3631 779 3687; x_wconf 85' lang='lat' dir='ltr'><strong>dolosis</strong></span> <span class='ocrx_word' id='word_1_506' title='bbox 805 3631 1002 3702; x_wconf 85' lang='lat' dir='ltr'><strong>linguis</strong></span> <span class='ocrx_word' id='word_1_507' title='bbox 1032 3629 1299 3700; x_wconf 85' lang='lat' dir='ltr'><strong>proponit.</strong></span> <span class='ocrx_word' id='word_1_508' title='bbox 1337 3627 1468 3681; x_wconf 90' lang='lat' dir='ltr'><strong>Post</strong></span> <span class='ocrx_word' id='word_1_509' title='bbox 1510 3626 1626 3680; x_wconf 52' lang='lat' dir='ltr'><strong>hac</strong></span> <span class='ocrx_word' id='word_1_510' title='bbox 1652 3625 1799 3679; x_wconf 88' lang='lat' dir='ltr'><strong>vadit</strong></span> <span class='ocrx_word' id='word_1_511' title='bbox 1825 3624 1919 3678; x_wconf 83' lang='lat' dir='ltr'><strong>do—</strong></span> 
     </span>
    </p>
   </div>
   <div class='ocr_carea' id='block_1_70' title="bbox 341 3714 1920 3789">
    <p class='ocr_par' dir='ltr' id='par_1_70' title="bbox 341 3714 1920 3789">
     <span class='ocr_line' id='line_1_70' title="bbox 341 3714 1920 3789; baseline -0.006 -10"><span class='ocrx_word' id='word_1_512' title='bbox 341 3723 524 3779; x_wconf 83' lang='lat' dir='ltr'><strong>minus</strong></span> <span class='ocrx_word' id='word_1_513' title='bbox 563 3721 814 3776; x_wconf 84' lang='lat' dir='ltr'><strong>Aurelius</strong></span> <span class='ocrx_word' id='word_1_514' title='bbox 854 3722 992 3780; x_wconf 89' lang='lat' dir='ltr'><strong>filias</strong></span> <span class='ocrx_word' id='word_1_515' title='bbox 1020 3721 1276 3783; x_wconf 86' lang='lat' dir='ltr'><strong>visitare,</strong></span> <span class='ocrx_word' id='word_1_516' title='bbox 1308 3719 1502 3789; x_wconf 81' lang='lat' dir='ltr'><strong>quibus</strong></span> <span class='ocrx_word' id='word_1_517' title='bbox 1540 3716 1688 3787; x_wconf 91' lang='lat' dir='ltr'><strong>pacis</strong></span> <span class='ocrx_word' id='word_1_518' title='bbox 1737 3714 1920 3770; x_wconf 91' lang='lat' dir='ltr'><strong>osculo</strong></span> 
     </span>
    </p>
   </div>
   <div class='ocr_carea' id='block_1_71' title="bbox 345 3808 1919 3881">
    <p class='ocr_par' dir='ltr' id='par_1_71' title="bbox 345 3808 1919 3881">
     <span class='ocr_line' id='line_1_71' title="bbox 345 3808 1919 3881; baseline -0.003 -17"><span class='ocrx_word' id='word_1_519' title='bbox 345 3815 685 3881; x_wconf 63' lang='lat' dir='ltr'><strong>valedicens,</strong></span> <span class='ocrx_word' id='word_1_520' title='bbox 732 3814 941 3872; x_wconf 75' lang='lat' dir='ltr'><strong>cmlesti</strong></span> <span class='ocrx_word' id='word_1_521' title='bbox 1005 3814 1205 3868; x_wconf 89' lang='lat' dir='ltr'><strong>virtute</strong></span> <span class='ocrx_word' id='word_1_522' title='bbox 1261 3820 1503 3866; x_wconf 88' lang='lat' dir='ltr'><strong>armatus</strong></span> <span class='ocrx_word' id='word_1_523' title='bbox 1553 3811 1620 3864; x_wconf 89' lang='lat' dir='ltr'><strong>ad</strong></span> <span class='ocrx_word' id='word_1_524' title='bbox 1677 3808 1919 3880; x_wconf 63' lang='lat' dir='ltr'><strong>praelium</strong></span> 
     </span>
    </p>
   </div>
   <div class='ocr_carea' id='block_1_72' title="bbox 343 3901 1921 3972">
    <p class='ocr_par' dir='ltr' id='par_1_72' title="bbox 343 3901 1921 3972">
     <span class='ocr_line' id='line_1_72' title="bbox 343 3901 1921 3972; baseline -0.004 -13"><span class='ocrx_word' id='word_1_525' title='bbox 343 3901 642 3959; x_wconf 75' lang='lat' dir='ltr'><strong>festinavit.</strong></span> <span class='ocrx_word' id='word_1_526' title='bbox 678 3926 696 3955; x_wconf 74' lang='grc' dir='ltr'><strong>ι</strong></span> <span class='ocrx_word' id='word_1_527' title='bbox 747 3904 852 3959; x_wconf 90' lang='lat' dir='ltr'><strong>Sed</strong></span> <span class='ocrx_word' id='word_1_528' title='bbox 900 3905 988 3959; x_wconf 90' lang='lat' dir='ltr'><strong>hic</strong></span> <span class='ocrx_word' id='word_1_529' title='bbox 1026 3903 1138 3972; x_wconf 83' lang='lat' dir='ltr'><strong>jam</strong></span> <span class='ocrx_word' id='word_1_530' title='bbox 1188 3912 1408 3958; x_wconf 82' lang='lat' dir='ltr'><strong>sanctus</strong></span> <span class='ocrx_word' id='word_1_531' title='bbox 1435 3902 1698 3969; x_wconf 85' lang='lat' dir='ltr'><strong>Georgius</strong></span> <span class='ocrx_word' id='word_1_532' title='bbox 1724 3901 1921 3971; x_wconf 82' lang='lat' dir='ltr'><strong>stylum</strong></span> 
     </span>
    </p>
   </div>
   <div class='ocr_carea' id='block_1_73' title="bbox 343 3991 1923 4064">
    <p class='ocr_par' dir='ltr' id='par_1_73' title="bbox 343 3991 1923 4064">
     <span class='ocr_line' id='line_1_73' title="bbox 343 3991 1923 4064; baseline -0.004 -14"><span class='ocrx_word' id='word_1_533' title='bbox 343 4009 696 4064; x_wconf 76' lang='lat' dir='ltr'><strong>compescens</strong></span> <span class='ocrx_word' id='word_1_534' title='bbox 717 4035 731 4061; x_wconf 96' lang='lat'><strong>,</strong></span> <span class='ocrx_word' id='word_1_535' title='bbox 758 4009 857 4049; x_wconf 91' lang='lat' dir='ltr'><strong>uos</strong></span> <span class='ocrx_word' id='word_1_536' title='bbox 883 4010 1002 4064; x_wconf 79' lang='lat' dir='ltr'><strong>qua:</strong></span> <span class='ocrx_word' id='word_1_537' title='bbox 1031 4002 1271 4060; x_wconf 80' lang='lat' dir='ltr'><strong>restant,</strong></span> <span class='ocrx_word' id='word_1_538' title='bbox 1307 4001 1361 4050; x_wconf 91' lang='lat' dir='ltr'><strong>ut</strong></span> <span class='ocrx_word' id='word_1_539' title='bbox 1401 3991 1734 4064; x_wconf 89' lang='lat' dir='ltr'><strong>occoepimus</strong></span> <span class='ocrx_word' id='word_1_540' title='bbox 1755 4029 1768 4055; x_wconf 92' lang='lat'><strong>,</strong></span> <span class='ocrx_word' id='word_1_541' title='bbox 1799 4004 1923 4059; x_wconf 56' lang='lat' dir='ltr'><strong>pro-</strong></span> 
     </span>
    </p>
   </div>
   <div class='ocr_carea' id='block_1_74' title="bbox 347 4101 1238 4159">
    <p class='ocr_par' dir='ltr' id='par_1_74' title="bbox 347 4101 1238 4159">
     <span class='ocr_line' id='line_1_74' title="bbox 347 4101 1238 4159; baseline -0.004 -19"><span class='ocrx_word' id='word_1_542' title='bbox 347 4101 666 4156; x_wconf 78' lang='lat' dir='ltr'><strong>sequamur.</strong></span> <span class='ocrx_word' id='word_1_543' title='bbox 1235 4156 1238 4159; x_wconf 20' lang='grc' dir='ltr'><strong><em>ι</em></strong></span> 
     </span>
    </p>
   </div>
   <div class='ocr_carea' id='block_1_75' title="bbox 419 4172 1925 4246">
    <p class='ocr_par' dir='ltr' id='par_1_75' title="bbox 419 4172 1925 4246">
     <span class='ocr_line' id='line_1_75' title="bbox 419 4172 1925 4246; baseline -0.003 -16"><span class='ocrx_word' id='word_1_544' title='bbox 419 4175 510 4230; x_wconf 76' lang='grc'><strong>28.</strong></span> <span class='ocrx_word' id='word_1_545' title='bbox 537 4175 656 4246; x_wconf 87' lang='lat' dir='ltr'><strong>Ipso</strong></span> <span class='ocrx_word' id='word_1_546' title='bbox 683 4184 864 4245; x_wconf 91' lang='lat' dir='ltr'><strong>postea</strong></span> <span class='ocrx_word' id='word_1_547' title='bbox 889 4177 975 4229; x_wconf 87' lang='lat' dir='ltr'><strong>die</strong></span> <span class='ocrx_word' id='word_1_548' title='bbox 995 4214 1010 4240; x_wconf 97' lang='lat'><strong>,</strong></span> <span class='ocrx_word' id='word_1_549' title='bbox 1040 4190 1149 4244; x_wconf 92' lang='lat' dir='ltr'><strong>quo</strong></span> <span class='ocrx_word' id='word_1_550' title='bbox 1173 4189 1230 4228; x_wconf 86' lang='lat' dir='ltr'><strong>se</strong></span> <span class='ocrx_word' id='word_1_551' title='bbox 1255 4173 1449 4228; x_wconf 88' lang='lat' dir='ltr'><strong>beatus</strong></span> <span class='ocrx_word' id='word_1_552' title='bbox 1476 4172 1728 4227; x_wconf 77' lang='lat' dir='ltr'><strong>Aurelius</strong></span> <span class='ocrx_word' id='word_1_553' title='bbox 1763 4184 1925 4227; x_wconf 53' lang='lat' dir='ltr'><strong>nove.</strong></span> 
     </span>
    </p>
   </div>
   <div class='ocr_carea' id='block_1_76' title="bbox 349 4263 1926 4336">
    <p class='ocr_par' dir='ltr' id='par_1_76' title="bbox 349 4263 1926 4336">
     <span class='ocr_line' id='line_1_76' title="bbox 349 4263 1926 4336; baseline -0.001 -16"><span class='ocrx_word' id='word_1_554' title='bbox 349 4273 438 4326; x_wconf 81' lang='lat' dir='ltr'><strong>rat</strong></span> <span class='ocrx_word' id='word_1_555' title='bbox 483 4264 897 4335; x_wconf 83' lang='lat' dir='ltr'><strong>comprehendi,</strong></span> <span class='ocrx_word' id='word_1_556' title='bbox 947 4266 1256 4336; x_wconf 88' lang='lat' dir='ltr'><strong>priusquam</strong></span> <span class='ocrx_word' id='word_1_557' title='bbox 1305 4280 1514 4319; x_wconf 72' lang='lat' dir='ltr'><strong>aurorae</strong></span> <span class='ocrx_word' id='word_1_558' title='bbox 1548 4263 1926 4334; x_wconf 88' lang='lat' dir='ltr'><strong>crepusculum</strong></span> 
     </span>
    </p>
   </div>
   <div class='ocr_carea' id='block_1_77' title="bbox 2017 3165 3592 3248">
    <p class='ocr_par' dir='ltr' id='par_1_77' title="bbox 2017 3165 3592 3248">
     <span class='ocr_line' id='line_1_77' title="bbox 2017 3165 3592 3248; baseline -0.01 -14"><span class='ocrx_word' id='word_1_559' title='bbox 2017 3179 2254 3234; x_wconf 87' lang='lat' dir='ltr'><strong>calcibus</strong></span> <span class='ocrx_word' id='word_1_560' title='bbox 2273 3178 2436 3232; x_wconf 92' lang='lat' dir='ltr'><strong>etiam</strong></span> <span class='ocrx_word' id='word_1_561' title='bbox 2461 3177 2762 3248; x_wconf 86' lang='lat' dir='ltr'><strong>pugnisque</strong></span> <span class='ocrx_word' id='word_1_562' title='bbox 2789 3173 3049 3230; x_wconf 89' lang='lat' dir='ltr'><strong>acerrime</strong></span> <span class='ocrx_word' id='word_1_563' title='bbox 3071 3171 3320 3226; x_wconf 89' lang='lat' dir='ltr'><strong>tundunt.</strong></span> <span class='ocrx_word' id='word_1_564' title='bbox 3344 3165 3442 3222; x_wconf 89' lang='lat' dir='ltr'><strong>Cui</strong></span> <span class='ocrx_word' id='word_1_565' title='bbox 3469 3179 3592 3220; x_wconf 91' lang='lat' dir='ltr'><strong>cum</strong></span> 
     </span>
    </p>
   </div>
   <div class='ocr_carea' id='block_1_78' title="bbox 2016 3260 3589 3340">
    <p class='ocr_par' dir='ltr' id='par_1_78' title="bbox 2016 3260 3589 3340">
     <span class='ocr_line' id='line_1_78' title="bbox 2016 3260 3589 3340; baseline -0.01 -14"><span class='ocrx_word' id='word_1_566' title='bbox 2016 3277 2201 3327; x_wconf 88' lang='lat' dir='ltr'><strong>sancta</strong></span> <span class='ocrx_word' id='word_1_567' title='bbox 2251 3269 2545 3339; x_wconf 89' lang='lat' dir='ltr'><strong>Sahig0tho</strong></span> <span class='ocrx_word' id='word_1_568' title='bbox 2573 3267 2711 3340; x_wconf 89' lang='lat' dir='ltr'><strong>(jam</strong></span> <span class='ocrx_word' id='word_1_569' title='bbox 2754 3273 3060 3323; x_wconf 89' lang='lat' dir='ltr'><strong>emortuum</strong></span> <span class='ocrx_word' id='word_1_570' title='bbox 3103 3263 3320 3333; x_wconf 89' lang='lat' dir='ltr'><strong>putans)</strong></span> <span class='ocrx_word' id='word_1_571' title='bbox 3353 3281 3366 3316; x_wconf 87' lang='lat'><strong>:</strong></span> <span class='ocrx_word' id='word_1_572' title='bbox 3399 3260 3589 3330; x_wconf 83' lang='lat' dir='ltr'><strong>Surge,</strong></span> 
     </span>
    </p>
   </div>
   <div class='ocr_carea' id='block_1_79' title="bbox 2015 3353 3595 3428">
    <p class='ocr_par' dir='ltr' id='par_1_79' title="bbox 2015 3353 3595 3428">
     <span class='ocr_line' id='line_1_79' title="bbox 2015 3353 3595 3428; baseline -0.008 -12"><span class='ocrx_word' id='word_1_573' title='bbox 2015 3361 2201 3424; x_wconf 90' lang='lat' dir='ltr'><strong>frater,</strong></span> <span class='ocrx_word' id='word_1_574' title='bbox 2227 3375 2438 3428; x_wconf 88' lang='lat' dir='ltr'><strong>eamus,</strong></span> <span class='ocrx_word' id='word_1_575' title='bbox 2469 3360 2757 3424; x_wconf 86' lang='lat' dir='ltr'><strong>clamaret;</strong></span> <span class='ocrx_word' id='word_1_576' title='bbox 2803 3357 2891 3414; x_wconf 85' lang='lat' dir='ltr'><strong>ille</strong></span> <span class='ocrx_word' id='word_1_577' title='bbox 2920 3357 3073 3425; x_wconf 88' lang='lat' dir='ltr'><strong>quasi</strong></span> <span class='ocrx_word' id='word_1_578' title='bbox 3119 3355 3252 3410; x_wconf 89' lang='lat' dir='ltr'><strong>nihil</strong></span> <span class='ocrx_word' id='word_1_579' title='bbox 3283 3353 3410 3410; x_wconf 90' lang='lat' dir='ltr'><strong>mali</strong></span> <span class='ocrx_word' id='word_1_580' title='bbox 3451 3360 3595 3408; x_wconf 90' lang='lat' dir='ltr'><strong>esset</strong></span> 
     </span>
    </p>
   </div>
   <div class='ocr_carea' id='block_1_80' title="bbox 2015 3443 3594 3522">
    <p class='ocr_par' dir='ltr' id='par_1_80' title="bbox 2015 3443 3594 3522">
     <span class='ocr_line' id='line_1_80' title="bbox 2015 3443 3594 3522; baseline -0.009 -16"><span class='ocrx_word' id='word_1_581' title='bbox 2015 3465 2326 3522; x_wconf 89' lang='lat' dir='ltr'><strong>perpessus,</strong></span> <span class='ocrx_word' id='word_1_582' title='bbox 2350 3449 2626 3519; x_wconf 90' lang='lat' dir='ltr'><strong>respondit</strong></span> <span class='ocrx_word' id='word_1_583' title='bbox 2651 3464 2664 3502; x_wconf 90' lang='lat'><strong>:</strong></span> <span class='ocrx_word' id='word_1_584' title='bbox 2697 3447 2821 3504; x_wconf 67' lang='lat' dir='ltr'><strong>llrcc</strong></span> <span class='ocrx_word' id='word_1_585' title='bbox 2844 3447 3046 3510; x_wconf 72' lang='grc' dir='ltr'><strong>ςιηιιὶτι,</strong></span> <span class='ocrx_word' id='word_1_586' title='bbox 3078 3459 3252 3510; x_wconf 92' lang='lat' dir='ltr'><strong>soror,</strong></span> <span class='ocrx_word' id='word_1_587' title='bbox 3277 3443 3594 3498; x_wconf 83' lang='lat' dir='ltr'><strong>meritorum</strong></span> 
     </span>
    </p>
   </div>
   <div class='ocr_carea' id='block_1_81' title="bbox 2018 3527 3596 3614">
    <p class='ocr_par' dir='ltr' id='par_1_81' title="bbox 2018 3527 3596 3614">
     <span class='ocr_line' id='line_1_81' title="bbox 2018 3527 3596 3614; baseline -0.006 -15"><span class='ocrx_word' id='word_1_588' title='bbox 2018 3527 2315 3600; x_wconf 87' lang='lat' dir='ltr'><strong>commodis</strong></span> <span class='ocrx_word' id='word_1_589' title='bbox 2352 3551 2600 3614; x_wconf 90' lang='lat' dir='ltr'><strong>prosunt,</strong></span> <span class='ocrx_word' id='word_1_590' title='bbox 2644 3549 2948 3613; x_wconf 88' lang='lat' dir='ltr'><strong>augentque</strong></span> <span class='ocrx_word' id='word_1_591' title='bbox 2997 3554 3267 3594; x_wconf 87' lang='lat' dir='ltr'><strong>coronam.</strong></span> <span class='ocrx_word' id='word_1_592' title='bbox 3305 3537 3371 3591; x_wconf 79' lang='lat' dir='ltr'><strong>Et</strong></span> <span class='ocrx_word' id='word_1_593' title='bbox 3407 3537 3596 3610; x_wconf 79' lang='lat' dir='ltr'><strong>ita_sc-</strong></span> 
     </span>
    </p>
   </div>
   <div class='ocr_carea' id='block_1_82' title="bbox 2019 3628 3595 3702">
    <p class='ocr_par' dir='ltr' id='par_1_82' title="bbox 2019 3628 3595 3702">
     <span class='ocr_line' id='line_1_82' title="bbox 2019 3628 3595 3702; baseline -0.008 -12"><span class='ocrx_word' id='word_1_594' title='bbox 2019 3635 2282 3690; x_wconf 83' lang='lat' dir='ltr'><strong>minecem</strong></span> <span class='ocrx_word' id='word_1_595' title='bbox 2313 3651 2344 3688; x_wconf 87' lang='lat' dir='ltr'><strong>a</strong></span> <span class='ocrx_word' id='word_1_596' title='bbox 2393 3642 2538 3688; x_wconf 91' lang='lat' dir='ltr'><strong>terra</strong></span> <span class='ocrx_word' id='word_1_597' title='bbox 2568 3634 2830 3697; x_wconf 90' lang='lat' dir='ltr'><strong>levantes,</strong></span> <span class='ocrx_word' id='word_1_598' title='bbox 2874 3634 2996 3702; x_wconf 72' lang='lat' dir='ltr'><strong>pari</strong></span> <span class='ocrx_word' id='word_1_599' title='bbox 3019 3647 3141 3687; x_wconf 89' lang='lat' dir='ltr'><strong>cum</strong></span> <span class='ocrx_word' id='word_1_600' title='bbox 3173 3629 3373 3684; x_wconf 91' lang='lat' dir='ltr'><strong>sanctis</strong></span> <span class='ocrx_word' id='word_1_601' title='bbox 3402 3628 3595 3682; x_wconf 89' lang='lat' dir='ltr'><strong>ducatu</strong></span> 
     </span>
    </p>
   </div>
   <div class='ocr_carea' id='block_1_83' title="bbox 2011 3716 3598 3792">
    <p class='ocr_par' dir='ltr' id='par_1_83' title="bbox 2011 3716 3598 3792">
     <span class='ocr_line' id='line_1_83' title="bbox 2011 3716 3598 3792; baseline -0.006 -15"><span class='ocrx_word' id='word_1_602' title='bbox 2011 3722 2180 3792; x_wconf 89' lang='lat' dir='ltr'><strong>judici</strong></span> <span class='ocrx_word' id='word_1_603' title='bbox 2211 3733 2391 3779; x_wconf 89' lang='lat' dir='ltr'><strong>astare</strong></span> <span class='ocrx_word' id='word_1_604' title='bbox 2419 3723 2681 3778; x_wconf 91' lang='lat' dir='ltr'><strong>fecerunt.</strong></span> <span class='ocrx_word' id='word_1_605' title='bbox 2713 3721 2918 3788; x_wconf 86' lang='lat' dir='ltr'><strong>Quibus</strong></span> <span class='ocrx_word' id='word_1_606' title='bbox 2957 3719 3174 3782; x_wconf 87' lang='lat' dir='ltr'><strong>oblatis,</strong></span> <span class='ocrx_word' id='word_1_607' title='bbox 3206 3732 3329 3772; x_wconf 92' lang='lat' dir='ltr'><strong>cum</strong></span> <span class='ocrx_word' id='word_1_608' title='bbox 3366 3716 3598 3786; x_wconf 90' lang='lat' dir='ltr'><strong>primum</strong></span> 
     </span>
    </p>
   </div>
   <div class='ocr_carea' id='block_1_84' title="bbox 2020 3803 3597 3880">
    <p class='ocr_par' dir='ltr' id='par_1_84' title="bbox 2020 3803 3597 3880">
     <span class='ocr_line' id='line_1_84' title="bbox 2020 3803 3597 3880; baseline -0.006 -13"><span class='ocrx_word' id='word_1_609' title='bbox 2020 3814 2088 3868; x_wconf 89' lang='lat' dir='ltr'><strong>ab</strong></span> <span class='ocrx_word' id='word_1_610' title='bbox 2109 3814 2188 3869; x_wconf 89' lang='lat' dir='ltr'><strong>eis</strong></span> <span class='ocrx_word' id='word_1_611' title='bbox 2202 3813 2397 3869; x_wconf 88' lang='lat' dir='ltr'><strong>blando</strong></span> <span class='ocrx_word' id='word_1_612' title='bbox 2417 3811 2576 3866; x_wconf 79' lang='lat' dir='ltr'><strong>affatu</strong></span> <span class='ocrx_word' id='word_1_613' title='bbox 2598 3812 2917 3880; x_wconf 88' lang='lat' dir='ltr'><strong>requireret,</strong></span> <span class='ocrx_word' id='word_1_614' title='bbox 2932 3809 3087 3879; x_wconf 89' lang='lat' dir='ltr'><strong>cujus</strong></span> <span class='ocrx_word' id='word_1_615' title='bbox 3114 3809 3191 3864; x_wconf 88' lang='lat' dir='ltr'><strong>rei</strong></span> <span class='ocrx_word' id='word_1_616' title='bbox 3209 3821 3372 3863; x_wconf 89' lang='lat' dir='ltr'><strong>causa</strong></span> <span class='ocrx_word' id='word_1_617' title='bbox 3392 3821 3422 3860; x_wconf 91' lang='lat' dir='ltr'><strong>a</strong></span> <span class='ocrx_word' id='word_1_618' title='bbox 3449 3803 3597 3860; x_wconf 91' lang='lat' dir='ltr'><strong>cultu</strong></span> 
     </span>
    </p>
   </div>
   <div class='ocr_carea' id='block_1_85' title="bbox 2021 3900 3599 3970">
    <p class='ocr_par' dir='ltr' id='par_1_85' title="bbox 2021 3900 3599 3970">
     <span class='ocr_line' id='line_1_85' title="bbox 2021 3900 3599 3970; baseline -0.007 -9"><span class='ocrx_word' id='word_1_619' title='bbox 2021 3921 2120 3962; x_wconf 90' lang='lat' dir='ltr'><strong>suo</strong></span> <span class='ocrx_word' id='word_1_620' title='bbox 2172 3905 2507 3969; x_wconf 88' lang='lat' dir='ltr'><strong>recederent,</strong></span> <span class='ocrx_word' id='word_1_621' title='bbox 2565 3905 2747 3970; x_wconf 77' lang='lat' dir='ltr'><strong>vivere</strong></span> <span class='ocrx_word' id='word_1_622' title='bbox 2787 3911 3139 3964; x_wconf 88' lang='lat' dir='ltr'><strong>recusarent,</strong></span> <span class='ocrx_word' id='word_1_623' title='bbox 3194 3900 3599 3965; x_wconf 80' lang='lat' dir='ltr'><strong>niterenturquo</strong></span> 
     </span>
    </p>
   </div>
   <div class='ocr_carea' id='block_1_86' title="bbox 2022 3985 3598 4066">
    <p class='ocr_par' dir='ltr' id='par_1_86' title="bbox 2022 3985 3598 4066">
     <span class='ocr_line' id='line_1_86' title="bbox 2022 3985 3598 4066; baseline -0.008 -16"><span class='ocrx_word' id='word_1_624' title='bbox 2022 3994 2248 4066; x_wconf 88' lang='lat' dir='ltr'><strong>perdere</strong></span> <span class='ocrx_word' id='word_1_625' title='bbox 2277 3991 2650 4063; x_wconf 88' lang='lat' dir='ltr'><strong>temporalium</strong></span> <span class='ocrx_word' id='word_1_626' title='bbox 2675 3991 3015 4047; x_wconf 89' lang='lat' dir='ltr'><strong>commodum</strong></span> <span class='ocrx_word' id='word_1_627' title='bbox 3058 3988 3338 4059; x_wconf 86' lang='lat' dir='ltr'><strong>multiplici</strong></span> <span class='ocrx_word' id='word_1_628' title='bbox 3381 3985 3598 4041; x_wconf 86' lang='lat' dir='ltr'><strong>delicia-</strong></span> 
     </span>
    </p>
   </div>
   <div class='ocr_carea' id='block_1_87' title="bbox 1976 4076 3600 4152">
    <p class='ocr_par' dir='ltr' id='par_1_87' title="bbox 1976 4076 3600 4152">
     <span class='ocr_line' id='line_1_87' title="bbox 1976 4076 3600 4152; baseline -0.007 -13"><span class='ocrx_word' id='word_1_629' title='bbox 1976 4089 1980 4094; x_wconf 85' lang='grc'><em>’</em></span> <span class='ocrx_word' id='word_1_630' title='bbox 2024 4099 2140 4139; x_wconf 93' lang='lat' dir='ltr'><strong>rum</strong></span> <span class='ocrx_word' id='word_1_631' title='bbox 2167 4082 2300 4138; x_wconf 83' lang='lat' dir='ltr'><strong>ﬂore</strong></span> <span class='ocrx_word' id='word_1_632' title='bbox 2326 4097 2578 4147; x_wconf 86' lang='lat' dir='ltr'><strong>vernans,</strong></span> <span class='ocrx_word' id='word_1_633' title='bbox 2603 4097 2738 4151; x_wconf 89' lang='lat' dir='ltr'><strong>quos</strong></span> <span class='ocrx_word' id='word_1_634' title='bbox 2766 4083 2950 4151; x_wconf 90' lang='lat' dir='ltr'><strong>utique</strong></span> <span class='ocrx_word' id='word_1_635' title='bbox 2977 4080 3319 4152; x_wconf 87' lang='lat' dir='ltr'><strong>postmodum</strong></span> <span class='ocrx_word' id='word_1_636' title='bbox 3344 4077 3395 4132; x_wconf 93' lang='lat' dir='ltr'><strong>in</strong></span> <span class='ocrx_word' id='word_1_637' title='bbox 3421 4076 3600 4129; x_wconf 89' lang='lat' dir='ltr'><strong>futuro</strong></span> 
     </span>
    </p>
   </div>
   <div class='ocr_carea' id='block_1_88' title="bbox 2023 4171 3600 4235">
    <p class='ocr_par' dir='ltr' id='par_1_88' title="bbox 2023 4171 3600 4235">
     <span class='ocr_line' id='line_1_88' title="bbox 2023 4171 3600 4235; baseline -0.004 -4"><span class='ocrx_word' id='word_1_638' title='bbox 2023 4191 2132 4231; x_wconf 89' lang='lat' dir='ltr'><strong>non</strong></span> <span class='ocrx_word' id='word_1_639' title='bbox 2159 4174 2332 4230; x_wconf 89' lang='lat' dir='ltr'><strong>solum</strong></span> <span class='ocrx_word' id='word_1_640' title='bbox 2373 4174 2650 4230; x_wconf 89' lang='lat' dir='ltr'><strong>muliebris</strong></span> <span class='ocrx_word' id='word_1_641' title='bbox 2693 4173 2981 4228; x_wconf 87' lang='lat' dir='ltr'><strong>oblectatio</strong></span> <span class='ocrx_word' id='word_1_642' title='bbox 3026 4171 3387 4235; x_wconf 89' lang='lat' dir='ltr'><strong>admirabilis,</strong></span> <span class='ocrx_word' id='word_1_643' title='bbox 3414 4184 3600 4224; x_wconf 90' lang='lat' dir='ltr'><strong>verum</strong></span> 
     </span>
    </p>
   </div>
   <div class='ocr_carea' id='block_1_89' title="bbox 2024 4260 3604 4338">
    <p class='ocr_par' dir='ltr' id='par_1_89' title="bbox 2024 4260 3604 4338">
     <span class='ocr_line' id='line_1_89' title="bbox 2024 4260 3604 4338; baseline -0.005 -15"><span class='ocrx_word' id='word_1_644' title='bbox 2024 4268 2188 4326; x_wconf 86' lang='lat' dir='ltr'><strong>etiam</strong></span> <span class='ocrx_word' id='word_1_645' title='bbox 2225 4267 2566 4338; x_wconf 88' lang='lat' dir='ltr'><strong>dignitatum,</strong></span> <span class='ocrx_word' id='word_1_646' title='bbox 2598 4274 2652 4320; x_wconf 92' lang='lat' dir='ltr'><strong>et</strong></span> <span class='ocrx_word' id='word_1_647' title='bbox 2685 4265 3013 4320; x_wconf 85' lang='lat' dir='ltr'><strong>ferculorum</strong></span> <span class='ocrx_word' id='word_1_648' title='bbox 3043 4265 3194 4334; x_wconf 90' lang='lat' dir='ltr'><strong>c0pia</strong></span> <span class='ocrx_word' id='word_1_649' title='bbox 3223 4260 3604 4318; x_wconf 87' lang='lat' dir='ltr'><strong>demulccndos</strong></span> 
     </span>
    </p>
   </div>
   <div class='ocr_carea' id='block_1_90' title="bbox 350 4351 3606 4446">
    <p class='ocr_par' dir='ltr' id='par_1_90' title="bbox 350 4351 3606 4446">
     <span class='ocr_line' id='line_1_90' title="bbox 350 4351 3606 4446; baseline -0.002 -34"><span class='ocrx_word' id='word_1_650' title='bbox 350 4357 677 4428; x_wconf 89' lang='lat' dir='ltr'><strong>respirarct,</strong></span> <span class='ocrx_word' id='word_1_651' title='bbox 717 4359 877 4414; x_wconf 91' lang='lat' dir='ltr'><strong>domo</strong></span> <span class='ocrx_word' id='word_1_652' title='bbox 925 4373 1023 4412; x_wconf 90' lang='lat' dir='ltr'><strong>nos</strong></span> <span class='ocrx_word' id='word_1_653' title='bbox 1068 4358 1239 4428; x_wconf 88' lang='lat' dir='ltr'><strong>gratia</strong></span> <span class='ocrx_word' id='word_1_654' title='bbox 1284 4357 1612 4412; x_wconf 87' lang='lat' dir='ltr'><strong>valediccndi</strong></span> <span class='ocrx_word' id='word_1_655' title='bbox 1651 4357 1921 4420; x_wconf 87' lang='lat' dir='ltr'><strong>revisens,</strong></span> <span class='ocrx_word' id='word_1_656' title='bbox 1955 4388 2000 4446; x_wconf 69' lang='grc' dir='ltr'><strong>Ι)</strong></span> <span class='ocrx_word' id='word_1_657' title='bbox 2026 4364 2394 4427; x_wconf 83' lang='lat' dir='ltr'><strong>exspectaret;</strong></span> <span class='ocrx_word' id='word_1_658' title='bbox 2451 4358 2695 4426; x_wconf 85' lang='lat' dir='ltr'><strong>protinus</strong></span> <span class='ocrx_word' id='word_1_659' title='bbox 2738 4356 2894 4426; x_wconf 89' lang='lat' dir='ltr'><strong>quasi</strong></span> <span class='ocrx_word' id='word_1_660' title='bbox 2939 4371 3003 4410; x_wconf 84' lang='lat' dir='ltr'><strong>ex</strong></span> <span class='ocrx_word' id='word_1_661' title='bbox 3055 4371 3161 4410; x_wconf 89' lang='lat' dir='ltr'><strong>uno</strong></span> <span class='ocrx_word' id='word_1_662' title='bbox 3212 4369 3354 4409; x_wconf 93' lang='lat' dir='ltr'><strong>ore:</strong></span> <span class='ocrx_word' id='word_1_663' title='bbox 3394 4373 3412 4405; x_wconf 81' lang='grc' dir='ltr'><strong>ι</strong></span> <span class='ocrx_word' id='word_1_664' title='bbox 3451 4351 3606 4408; x_wconf 85' lang='lat' dir='ltr'><strong>Nulla</strong></span> 
     </span>
    </p>
   </div>
   <div class='ocr_carea' id='block_1_91' title="bbox 348 4447 1925 4522">
    <p class='ocr_par' dir='ltr' id='par_1_91' title="bbox 348 4447 1925 4522">
     <span class='ocr_line' id='line_1_91' title="bbox 348 4447 1925 4522; baseline -0.001 -21"><span class='ocrx_word' id='word_1_665' title='bbox 348 4457 609 4522; x_wconf 84' lang='lat' dir='ltr'><strong>precatur</strong></span> <span class='ocrx_word' id='word_1_666' title='bbox 649 4463 749 4518; x_wconf 88' lang='lat' dir='ltr'><strong>pro</strong></span> <span class='ocrx_word' id='word_1_667' title='bbox 791 4464 849 4504; x_wconf 91' lang='lat' dir='ltr'><strong>se</strong></span> <span class='ocrx_word' id='word_1_668' title='bbox 889 4447 1174 4506; x_wconf 86' lang='lat' dir='ltr'><strong>Dominum</strong></span> <span class='ocrx_word' id='word_1_669' title='bbox 1217 4461 1478 4513; x_wconf 88' lang='lat' dir='ltr'><strong>exorare,</strong></span> <span class='ocrx_word' id='word_1_670' title='bbox 1514 4447 1702 4517; x_wconf 92' lang='lat' dir='ltr'><strong>suique</strong></span> <span class='ocrx_word' id='word_1_671' title='bbox 1739 4447 1925 4516; x_wconf 89' lang='lat' dir='ltr'><strong>agonis</strong></span> 
     </span>
    </p>
   </div>
   <div class='ocr_carea' id='block_1_92' title="bbox 352 4538 1928 4608">
    <p class='ocr_par' dir='ltr' id='par_1_92' title="bbox 352 4538 1928 4608">
     <span class='ocr_line' id='line_1_92' title="bbox 352 4538 1928 4608; baseline 0 -16"><span class='ocrx_word' id='word_1_672' title='bbox 352 4539 621 4594; x_wconf 89' lang='lat' dir='ltr'><strong>fautorem</strong></span> <span class='ocrx_word' id='word_1_673' title='bbox 671 4555 768 4608; x_wconf 88' lang='lat' dir='ltr'><strong>per</strong></span> <span class='ocrx_word' id='word_1_674' title='bbox 814 4555 914 4594; x_wconf 91' lang='lat' dir='ltr'><strong>nos</strong></span> <span class='ocrx_word' id='word_1_675' title='bbox 964 4538 1257 4594; x_wconf 89' lang='lat' dir='ltr'><strong>fraternam</strong></span> <span class='ocrx_word' id='word_1_676' title='bbox 1301 4539 1419 4593; x_wconf 87' lang='lat' dir='ltr'><strong>fieri</strong></span> <span class='ocrx_word' id='word_1_677' title='bbox 1464 4539 1784 4594; x_wconf 87' lang='lat' dir='ltr'><strong>cbaritatem</strong></span> <span class='ocrx_word' id='word_1_678' title='bbox 1833 4553 1928 4592; x_wconf 88' lang='lat' dir='ltr'><strong>ex-</strong></span> 
     </span>
    </p>
   </div>
   <div class='ocr_carea' id='block_1_93' title="bbox 353 4627 1927 4699">
    <p class='ocr_par' dir='ltr' id='par_1_93' title="bbox 353 4627 1927 4699">
     <span class='ocr_line' id='line_1_93' title="bbox 353 4627 1927 4699; baseline -0.001 -18"><span class='ocrx_word' id='word_1_679' title='bbox 353 4628 610 4699; x_wconf 86' lang='lat' dir='ltr'><strong>postulat.</strong></span> <span class='ocrx_word' id='word_1_680' title='bbox 652 4627 728 4682; x_wconf 87' lang='lat' dir='ltr'><strong>lbi</strong></span> <span class='ocrx_word' id='word_1_681' title='bbox 777 4643 875 4682; x_wconf 91' lang='lat' dir='ltr'><strong>nos</strong></span> <span class='ocrx_word' id='word_1_682' title='bbox 906 4628 978 4682; x_wconf 91' lang='lat' dir='ltr'><strong>illi</strong></span> <span class='ocrx_word' id='word_1_683' title='bbox 1017 4628 1527 4683; x_wconf 90' lang='lat' dir='ltr'><strong>commendavimus.</strong></span> <span class='ocrx_word' id='word_1_684' title='bbox 1577 4628 1652 4682; x_wconf 92' lang='lat' dir='ltr'><strong>lbi</strong></span> <span class='ocrx_word' id='word_1_685' title='bbox 1696 4627 1927 4696; x_wconf 44' lang='lat' dir='ltr'><strong>patroci‘</strong></span> 
     </span>
    </p>
   </div>
   <div class='ocr_carea' id='block_1_94' title="bbox 354 4716 1923 4788">
    <p class='ocr_par' dir='ltr' id='par_1_94' title="bbox 354 4716 1923 4788">
     <span class='ocr_line' id='line_1_94' title="bbox 354 4716 1923 4788; baseline -0.002 -17"><span class='ocrx_word' id='word_1_686' title='bbox 354 4718 504 4772; x_wconf 90' lang='lat' dir='ltr'><strong>nium</strong></span> <span class='ocrx_word' id='word_1_687' title='bbox 527 4731 682 4772; x_wconf 90' lang='lat' dir='ltr'><strong>suum</strong></span> <span class='ocrx_word' id='word_1_688' title='bbox 713 4732 808 4788; x_wconf 90' lang='lat' dir='ltr'><strong>pro</strong></span> <span class='ocrx_word' id='word_1_689' title='bbox 836 4719 990 4772; x_wconf 90' lang='lat' dir='ltr'><strong>nobis</strong></span> <span class='ocrx_word' id='word_1_690' title='bbox 1038 4724 1092 4772; x_wconf 92' lang='lat' dir='ltr'><strong>et</strong></span> <span class='ocrx_word' id='word_1_691' title='bbox 1114 4733 1212 4787; x_wconf 92' lang='lat' dir='ltr'><strong>pro</strong></span> <span class='ocrx_word' id='word_1_692' title='bbox 1248 4717 1392 4771; x_wconf 90' lang='lat' dir='ltr'><strong>omni</strong></span> <span class='ocrx_word' id='word_1_693' title='bbox 1419 4716 1658 4772; x_wconf 85' lang='lat' dir='ltr'><strong>Ecclesia</strong></span> <span class='ocrx_word' id='word_1_694' title='bbox 1690 4717 1802 4770; x_wconf 82' lang='lat' dir='ltr'><strong>ﬁeri</strong></span> <span class='ocrx_word' id='word_1_695' title='bbox 1826 4717 1923 4786; x_wconf 67' lang='lat'><strong>(7),</strong></span> 
     </span>
    </p>
   </div>
   <div class='ocr_carea' id='block_1_95' title="bbox 354 4806 1930 4878">
    <p class='ocr_par' dir='ltr' id='par_1_95' title="bbox 354 4806 1930 4878">
     <span class='ocr_line' id='line_1_95' title="bbox 354 4806 1930 4878; baseline 0.001 -17"><span class='ocrx_word' id='word_1_696' title='bbox 354 4806 619 4862; x_wconf 91' lang='lat' dir='ltr'><strong>osculatis</strong></span> <span class='ocrx_word' id='word_1_697' title='bbox 645 4809 891 4862; x_wconf 88' lang='lat' dir='ltr'><strong>manibus</strong></span> <span class='ocrx_word' id='word_1_698' title='bbox 918 4808 1034 4878; x_wconf 87' lang='lat' dir='ltr'><strong>ejus</strong></span> <span class='ocrx_word' id='word_1_699' title='bbox 1051 4849 1066 4874; x_wconf 94' lang='lat'><strong>,</strong></span> <span class='ocrx_word' id='word_1_700' title='bbox 1092 4809 1520 4878; x_wconf 89' lang='lat' dir='ltr'><strong>impetravimus.</strong></span> <span class='ocrx_word' id='word_1_701' title='bbox 1546 4807 1674 4864; x_wconf 87' lang='lat' dir='ltr'><strong>Post</strong></span> <span class='ocrx_word' id='word_1_702' title='bbox 1699 4810 1811 4864; x_wconf 81' lang='lat' dir='ltr'><strong>haec</strong></span> <span class='ocrx_word' id='word_1_703' title='bbox 1839 4809 1930 4862; x_wconf 85' lang='lat' dir='ltr'><strong>da-</strong></span> 
     </span>
    </p>
   </div>
   <div class='ocr_carea' id='block_1_96' title="bbox 358 4894 1554 4967">
    <p class='ocr_par' dir='ltr' id='par_1_96' title="bbox 358 4894 1554 4967">
     <span class='ocr_line' id='line_1_96' title="bbox 358 4894 1554 4967; baseline 0.002 -19"><span class='ocrx_word' id='word_1_704' title='bbox 358 4894 427 4954; x_wconf 87' lang='lat' dir='ltr'><strong>tis</strong></span> <span class='ocrx_word' id='word_1_705' title='bbox 454 4894 684 4950; x_wconf 89' lang='lat' dir='ltr'><strong>invicem</strong></span> <span class='ocrx_word' id='word_1_706' title='bbox 711 4897 912 4953; x_wconf 89' lang='lat' dir='ltr'><strong>osculis</strong></span> <span class='ocrx_word' id='word_1_707' title='bbox 934 4937 949 4963; x_wconf 94' lang='lat'><strong>,</strong></span> <span class='ocrx_word' id='word_1_708' title='bbox 981 4911 1294 4967; x_wconf 85' lang='lat' dir='ltr'><strong>separamur</strong></span> <span class='ocrx_word' id='word_1_709' title='bbox 1321 4897 1373 4950; x_wconf 91' lang='lat' dir='ltr'><strong>in</strong></span> <span class='ocrx_word' id='word_1_710' title='bbox 1402 4912 1554 4966; x_wconf 85' lang='lat' dir='ltr'><strong>pace.</strong></span> 
     </span>
    </p>
   </div>
   <div class='ocr_carea' id='block_1_97' title="bbox 427 4985 1929 5056">
    <p class='ocr_par' dir='ltr' id='par_1_97' title="bbox 427 4985 1929 5056">
     <span class='ocr_line' id='line_1_97' title="bbox 427 4985 1929 5056; baseline 0.003 -18"><span class='ocrx_word' id='word_1_711' title='bbox 427 4985 518 5041; x_wconf 75' lang='lat'><strong>29.</strong></span> <span class='ocrx_word' id='word_1_712' title='bbox 562 4985 727 5054; x_wconf 90' lang='lat' dir='ltr'><strong>lgitur</strong></span> <span class='ocrx_word' id='word_1_713' title='bbox 759 5002 880 5040; x_wconf 92' lang='lat' dir='ltr'><strong>cum</strong></span> <span class='ocrx_word' id='word_1_714' title='bbox 927 4987 1191 5056; x_wconf 91' lang='lat' dir='ltr'><strong>prolatam</strong></span> <span class='ocrx_word' id='word_1_715' title='bbox 1245 4988 1530 5042; x_wconf 85' lang='lat' dir='ltr'><strong>adversum</strong></span> <span class='ocrx_word' id='word_1_716' title='bbox 1573 4987 1666 5042; x_wconf 90' lang='lat' dir='ltr'><strong>Dei</strong></span> <span class='ocrx_word' id='word_1_717' title='bbox 1716 4996 1929 5043; x_wconf 88' lang='lat' dir='ltr'><strong>sanctos</strong></span> 
     </span>
    </p>
   </div>
   <div class='ocr_carea' id='block_1_98' title="bbox 349 5075 1928 5148">
    <p class='ocr_par' dir='ltr' id='par_1_98' title="bbox 349 5075 1928 5148">
     <span class='ocr_line' id='line_1_98' title="bbox 349 5075 1928 5148; baseline 0.001 -18"><span class='ocrx_word' id='word_1_718' title='bbox 349 5075 517 5148; x_wconf 91' lang='lat' dir='ltr'><strong>judex</strong></span> <span class='ocrx_word' id='word_1_719' title='bbox 566 5077 916 5146; x_wconf 69' lang='lat' dir='ltr'><strong>qumslionem</strong></span> <span class='ocrx_word' id='word_1_720' title='bbox 969 5077 1310 5142; x_wconf 90' lang='lat' dir='ltr'><strong>intenderet,</strong></span> <span class='ocrx_word' id='word_1_721' title='bbox 1357 5078 1623 5147; x_wconf 86' lang='lat' dir='ltr'><strong>sciretque</strong></span> <span class='ocrx_word' id='word_1_722' title='bbox 1653 5086 1928 5132; x_wconf 91' lang='lat' dir='ltr'><strong>auctorem</strong></span> 
     </span>
    </p>
   </div>
   <div class='ocr_carea' id='block_1_99' title="bbox 357 5167 1930 5238">
    <p class='ocr_par' dir='ltr' id='par_1_99' title="bbox 357 5167 1930 5238">
     <span class='ocr_line' id='line_1_99' title="bbox 357 5167 1930 5238; baseline -0.002 -14"><span class='ocrx_word' id='word_1_723' title='bbox 357 5167 519 5237; x_wconf 84' lang='lat' dir='ltr'><strong>hujus</strong></span> <span class='ocrx_word' id='word_1_724' title='bbox 551 5167 630 5222; x_wconf 88' lang='lat' dir='ltr'><strong>rei</strong></span> <span class='ocrx_word' id='word_1_725' title='bbox 673 5182 793 5222; x_wconf 87' lang='lat' dir='ltr'><strong>esse</strong></span> <span class='ocrx_word' id='word_1_726' title='bbox 830 5167 1136 5234; x_wconf 83' lang='lat' dir='ltr'><strong>Aurelium,</strong></span> <span class='ocrx_word' id='word_1_727' title='bbox 1181 5168 1417 5238; x_wconf 86' lang='lat' dir='ltr'><strong>graviter</strong></span> <span class='ocrx_word' id='word_1_728' title='bbox 1459 5183 1527 5223; x_wconf 89' lang='lat' dir='ltr'><strong>ex</strong></span> <span class='ocrx_word' id='word_1_729' title='bbox 1572 5167 1675 5223; x_wconf 90' lang='lat' dir='ltr'><strong>hoc</strong></span> <span class='ocrx_word' id='word_1_730' title='bbox 1703 5168 1930 5222; x_wconf 90' lang='lat' dir='ltr'><strong>interius</strong></span> 
     </span>
    </p>
   </div>
   <div class='ocr_carea' id='block_1_100' title="bbox 359 5261 1934 5334">
    <p class='ocr_par' dir='ltr' id='par_1_100' title="bbox 359 5261 1934 5334">
     <span class='ocr_line' id='line_1_100' title="bbox 359 5261 1934 5334; baseline 0.002 -20"><span class='ocrx_word' id='word_1_731' title='bbox 359 5261 670 5318; x_wconf 85' lang='lat' dir='ltr'><strong>vulneratus</strong></span> <span class='ocrx_word' id='word_1_732' title='bbox 699 5263 951 5332; x_wconf 80' lang='lat' dir='ltr'><strong>przecepit</strong></span> <span class='ocrx_word' id='word_1_733' title='bbox 993 5279 1087 5318; x_wconf 90' lang='lat' dir='ltr'><strong>eos</strong></span> <span class='ocrx_word' id='word_1_734' title='bbox 1115 5277 1503 5334; x_wconf 86' lang='lat' dir='ltr'><strong>quampropere</strong></span> <span class='ocrx_word' id='word_1_735' title='bbox 1548 5263 1661 5318; x_wconf 89' lang='lat' dir='ltr'><strong>suis</strong></span> <span class='ocrx_word' id='word_1_736' title='bbox 1706 5279 1934 5333; x_wconf 88' lang='lat' dir='ltr'><strong>conspe-</strong></span> 
     </span>
    </p>
   </div>
   <div class='ocr_carea' id='block_1_101' title="bbox 359 5352 1933 5424">
    <p class='ocr_par' dir='ltr' id='par_1_101' title="bbox 359 5352 1933 5424">
     <span class='ocr_line' id='line_1_101' title="bbox 359 5352 1933 5424; baseline 0.002 -17"><span class='ocrx_word' id='word_1_737' title='bbox 359 5352 536 5408; x_wconf 88' lang='lat' dir='ltr'><strong>ctibus</strong></span> <span class='ocrx_word' id='word_1_738' title='bbox 571 5354 834 5410; x_wconf 79' lang='lat' dir='ltr'><strong>exhiberi.</strong></span> <span class='ocrx_word' id='word_1_739' title='bbox 865 5354 1014 5422; x_wconf 79' lang='lat' dir='ltr'><strong>Tunc</strong></span> <span class='ocrx_word' id='word_1_740' title='bbox 1058 5356 1253 5410; x_wconf 87' lang='lat' dir='ltr'><strong>milites</strong></span> <span class='ocrx_word' id='word_1_741' title='bbox 1279 5355 1465 5424; x_wconf 91' lang='lat' dir='ltr'><strong>rapido</strong></span> <span class='ocrx_word' id='word_1_742' title='bbox 1504 5369 1664 5411; x_wconf 92' lang='lat' dir='ltr'><strong>cursu</strong></span> <span class='ocrx_word' id='word_1_743' title='bbox 1715 5355 1933 5410; x_wconf 90' lang='lat' dir='ltr'><strong>domum</strong></span> 
     </span>
    </p>
   </div>
   <div class='ocr_carea' id='block_1_102' title="bbox 343 5445 1933 5518">
    <p class='ocr_par' dir='ltr' id='par_1_102' title="bbox 343 5445 1933 5518">
     <span class='ocr_line' id='line_1_102' title="bbox 343 5445 1933 5518; baseline -0.002 -13"><span class='ocrx_word' id='word_1_744' title='bbox 343 5445 504 5506; x_wconf 80' lang='lat' dir='ltr'><strong>&#39;beati</strong></span> <span class='ocrx_word' id='word_1_745' title='bbox 533 5446 733 5501; x_wconf 79' lang='lat' dir='ltr'><strong>Aurelii</strong></span> <span class='ocrx_word' id='word_1_746' title='bbox 779 5456 1136 5518; x_wconf 90' lang='lat' dir='ltr'><strong>occupantes,</strong></span> <span class='ocrx_word' id='word_1_747' title='bbox 1166 5461 1271 5517; x_wconf 90' lang='lat' dir='ltr'><strong>qua</strong></span> <span class='ocrx_word' id='word_1_748' title='bbox 1296 5463 1484 5502; x_wconf 89' lang='lat' dir='ltr'><strong>omnes</strong></span> <span class='ocrx_word' id='word_1_749' title='bbox 1509 5447 1679 5503; x_wconf 90' lang='lat' dir='ltr'><strong>sancti</strong></span> <span class='ocrx_word' id='word_1_750' title='bbox 1723 5446 1933 5502; x_wconf 89' lang='lat' dir='ltr'><strong>collecti</strong></span> 
     </span>
    </p>
   </div>
   <div class='ocr_carea' id='block_1_103' title="bbox 433 5557 1557 5636">
    <p class='ocr_par' dir='ltr' id='par_1_103' title="bbox 433 5557 1557 5636">
     <span class='ocr_line' id='line_1_103' title="bbox 433 5557 1557 5636; baseline 0.005 -25"><span class='ocrx_word' id='word_1_751' title='bbox 433 5569 459 5603; x_wconf 72' lang='grc' dir='ltr'><strong><em>ο</em></strong></span> <span class='ocrx_word' id='word_1_752' title='bbox 483 5557 634 5620; x_wconf 81' lang='lat' dir='ltr'><strong>Haud</strong></span> <span class='ocrx_word' id='word_1_753' title='bbox 664 5558 822 5614; x_wconf 89' lang='lat' dir='ltr'><strong>dubie</strong></span> <span class='ocrx_word' id='word_1_754' title='bbox 852 5574 949 5636; x_wconf 85' lang='lat' dir='ltr'><strong>pro</strong></span> <span class='ocrx_word' id='word_1_755' title='bbox 979 5559 1316 5616; x_wconf 78' lang='lat' dir='ltr'><strong>reddidimus.</strong></span> <span class='ocrx_word' id='word_1_756' title='bbox 1345 5559 1557 5619; x_wconf 75' lang='grc' dir='ltr'>δοιιειι</span> 
     </span>
    </p>
   </div>
   <div class='ocr_carea' id='block_1_104' title="bbox 2029 4445 3606 4518">
    <p class='ocr_par' dir='ltr' id='par_1_104' title="bbox 2029 4445 3606 4518">
     <span class='ocr_line' id='line_1_104' title="bbox 2029 4445 3606 4518; baseline -0.002 -17"><span class='ocrx_word' id='word_1_757' title='bbox 2029 4447 2346 4518; x_wconf 87' lang='lat' dir='ltr'><strong>(inquiunt),</strong></span> <span class='ocrx_word' id='word_1_758' title='bbox 2370 4463 2403 4501; x_wconf 94' lang='grc' dir='ltr'>ο</span> <span class='ocrx_word' id='word_1_759' title='bbox 2435 4448 2659 4514; x_wconf 88' lang='lat' dir='ltr'><strong>arbiter,</strong></span> <span class='ocrx_word' id='word_1_760' title='bbox 2691 4448 2949 4517; x_wconf 90' lang='lat' dir='ltr'><strong>temporis</strong></span> <span class='ocrx_word' id='word_1_761' title='bbox 2976 4445 3246 4501; x_wconf 75' lang='lat' dir='ltr'><strong>afﬂuentia</strong></span> <span class='ocrx_word' id='word_1_762' title='bbox 3267 4445 3431 4500; x_wconf 87' lang='lat' dir='ltr'><strong>lucris</strong></span> <span class='ocrx_word' id='word_1_763' title='bbox 3459 4459 3606 4499; x_wconf 85' lang='lat' dir='ltr'><strong>com-</strong></span> 
     </span>
    </p>
   </div>
   <div class='ocr_carea' id='block_1_105' title="bbox 2027 4534 3608 4609">
    <p class='ocr_par' dir='ltr' id='par_1_105' title="bbox 2027 4534 3608 4609">
     <span class='ocr_line' id='line_1_105' title="bbox 2027 4534 3608 4609; baseline -0.004 -15"><span class='ocrx_word' id='word_1_764' title='bbox 2027 4549 2249 4609; x_wconf 88' lang='lat' dir='ltr'><strong>paratur</strong></span> <span class='ocrx_word' id='word_1_765' title='bbox 2271 4538 2507 4603; x_wconf 64' lang='lat' dir='ltr'><strong>azterais,</strong></span> <span class='ocrx_word' id='word_1_766' title='bbox 2554 4554 2781 4608; x_wconf 89' lang='lat' dir='ltr'><strong>quorum</strong></span> <span class='ocrx_word' id='word_1_767' title='bbox 2826 4539 2995 4608; x_wconf 90' lang='lat' dir='ltr'><strong>gratia</strong></span> <span class='ocrx_word' id='word_1_768' title='bbox 3050 4539 3190 4593; x_wconf 87' lang='lat' dir='ltr'><strong>hanc</strong></span> <span class='ocrx_word' id='word_1_769' title='bbox 3234 4537 3398 4591; x_wconf 88' lang='lat' dir='ltr'><strong>vitam</strong></span> <span class='ocrx_word' id='word_1_770' title='bbox 3431 4534 3608 4605; x_wconf 89' lang='lat' dir='ltr'><strong>despi-</strong></span> 
     </span>
    </p>
   </div>
   <div class='ocr_carea' id='block_1_106' title="bbox 2031 4625 3610 4700">
    <p class='ocr_par' dir='ltr' id='par_1_106' title="bbox 2031 4625 3610 4700">
     <span class='ocr_line' id='line_1_106' title="bbox 2031 4625 3610 4700; baseline -0.006 -12"><span class='ocrx_word' id='word_1_771' title='bbox 2031 4632 2237 4688; x_wconf 89' lang='lat' dir='ltr'><strong>cientes</strong></span> <span class='ocrx_word' id='word_1_772' title='bbox 2266 4646 2362 4700; x_wconf 92' lang='lat' dir='ltr'><strong>per</strong></span> <span class='ocrx_word' id='word_1_773' title='bbox 2390 4631 2547 4684; x_wconf 80' lang='lat' dir='ltr'><strong>fidem</strong></span> <span class='ocrx_word' id='word_1_774' title='bbox 2577 4628 2699 4683; x_wconf 86' lang='lat' dir='ltr'><strong>Jesu</strong></span> <span class='ocrx_word' id='word_1_775' title='bbox 2727 4631 2946 4693; x_wconf 81' lang='lat' dir='ltr'><strong>Christi,</strong></span> <span class='ocrx_word' id='word_1_776' title='bbox 2979 4645 3084 4700; x_wconf 92' lang='lat' dir='ltr'><strong>qua</strong></span> <span class='ocrx_word' id='word_1_777' title='bbox 3111 4629 3288 4684; x_wconf 91' lang='lat' dir='ltr'><strong>omnis</strong></span> <span class='ocrx_word' id='word_1_778' title='bbox 3308 4625 3610 4684; x_wconf 83' lang='lat' dir='ltr'><strong>sanctitatis</strong></span> 
     </span>
    </p>
   </div>
   <div class='ocr_carea' id='block_1_107' title="bbox 2029 4717 3607 4794">
    <p class='ocr_par' dir='ltr' id='par_1_107' title="bbox 2029 4717 3607 4794">
     <span class='ocr_line' id='line_1_107' title="bbox 2029 4717 3607 4794; baseline -0.006 -15"><span class='ocrx_word' id='word_1_779' title='bbox 2029 4733 2280 4794; x_wconf 88' lang='lat' dir='ltr'><strong>operator</strong></span> <span class='ocrx_word' id='word_1_780' title='bbox 2301 4722 2654 4792; x_wconf 87' lang='lat' dir='ltr'><strong>jnstifieatur;</strong></span> <span class='ocrx_word' id='word_1_781' title='bbox 2681 4723 2797 4794; x_wconf 88' lang='lat' dir='ltr'><strong>ejus</strong></span> <span class='ocrx_word' id='word_1_782' title='bbox 2837 4722 3068 4792; x_wconf 91' lang='lat' dir='ltr'><strong>denique</strong></span> <span class='ocrx_word' id='word_1_783' title='bbox 3098 4723 3150 4776; x_wconf 88' lang='lat' dir='ltr'><strong>in</strong></span> <span class='ocrx_word' id='word_1_784' title='bbox 3182 4717 3607 4775; x_wconf 57' lang='lat' dir='ltr'><strong>futurumbeueo</strong></span> 
     </span>
    </p>
   </div>
   <div class='ocr_carea' id='block_1_108' title="bbox 2033 4805 3610 4882">
    <p class='ocr_par' dir='ltr' id='par_1_108' title="bbox 2033 4805 3610 4882">
     <span class='ocr_line' id='line_1_108' title="bbox 2033 4805 3610 4882; baseline -0.005 -13"><span class='ocrx_word' id='word_1_785' title='bbox 2033 4813 2284 4869; x_wconf 90' lang='lat' dir='ltr'><strong>dictionis</strong></span> <span class='ocrx_word' id='word_1_786' title='bbox 2314 4813 2518 4881; x_wconf 91' lang='lat' dir='ltr'><strong>requie,</strong></span> <span class='ocrx_word' id='word_1_787' title='bbox 2547 4828 2666 4882; x_wconf 75' lang='lat' dir='ltr'><strong>qua:</strong></span> <span class='ocrx_word' id='word_1_788' title='bbox 2694 4812 2895 4867; x_wconf 90' lang='lat' dir='ltr'><strong>sanctis</strong></span> <span class='ocrx_word' id='word_1_789' title='bbox 2923 4812 3185 4882; x_wconf 87' lang='lat' dir='ltr'><strong>promissa</strong></span> <span class='ocrx_word' id='word_1_790' title='bbox 3216 4818 3318 4875; x_wconf 88' lang='lat' dir='ltr'><strong>est,</strong></span> <span class='ocrx_word' id='word_1_791' title='bbox 3349 4823 3446 4863; x_wconf 91' lang='lat' dir='ltr'><strong>nos</strong></span> <span class='ocrx_word' id='word_1_792' title='bbox 3470 4805 3610 4876; x_wconf 79' lang='lat' dir='ltr'><strong>poti-</strong></span> 
     </span>
    </p>
   </div>
   <div class='ocr_carea' id='block_1_109' title="bbox 2033 4897 3608 4972">
    <p class='ocr_par' dir='ltr' id='par_1_109' title="bbox 2033 4897 3608 4972">
     <span class='ocr_line' id='line_1_109' title="bbox 2033 4897 3608 4972; baseline -0.007 -12"><span class='ocrx_word' id='word_1_793' title='bbox 2033 4916 2185 4962; x_wconf 86' lang='lat' dir='ltr'><strong>turos</strong></span> <span class='ocrx_word' id='word_1_794' title='bbox 2211 4905 2550 4960; x_wconf 83' lang='lat' dir='ltr'><strong>confidimus.</strong></span> <span class='ocrx_word' id='word_1_795' title='bbox 2575 4903 2800 4960; x_wconf 87' lang='lat' dir='ltr'><strong>Omnem</strong></span> <span class='ocrx_word' id='word_1_796' title='bbox 2827 4920 2954 4959; x_wconf 87' lang='lat' dir='ltr'><strong>vero</strong></span> <span class='ocrx_word' id='word_1_797' title='bbox 2978 4904 3179 4958; x_wconf 89' lang='lat' dir='ltr'><strong>cultum</strong></span> <span class='ocrx_word' id='word_1_798' title='bbox 3199 4944 3214 4969; x_wconf 92' lang='lat'><strong>,</strong></span> <span class='ocrx_word' id='word_1_799' title='bbox 3243 4901 3385 4972; x_wconf 90' lang='lat' dir='ltr'><strong>quia</strong></span> <span class='ocrx_word' id='word_1_800' title='bbox 3409 4897 3608 4953; x_wconf 92' lang='lat' dir='ltr'><strong>Christi</strong></span> 
     </span>
    </p>
   </div>
   <div class='ocr_carea' id='block_1_110' title="bbox 2033 4990 3612 5066">
    <p class='ocr_par' dir='ltr' id='par_1_110' title="bbox 2033 4990 3612 5066">
     <span class='ocr_line' id='line_1_110' title="bbox 2033 4990 3612 5066; baseline -0.003 -14"><span class='ocrx_word' id='word_1_801' title='bbox 2033 4996 2311 5052; x_wconf 89' lang='lat' dir='ltr'><strong>divinitate</strong></span> <span class='ocrx_word' id='word_1_802' title='bbox 2351 4996 2623 5062; x_wconf 89' lang='lat' dir='ltr'><strong>dissentit,</strong></span> <span class='ocrx_word' id='word_1_803' title='bbox 2660 5012 2759 5052; x_wconf 88' lang='lat' dir='ltr'><strong>nec</strong></span> <span class='ocrx_word' id='word_1_804' title='bbox 2786 4997 3070 5066; x_wconf 74' lang='lat' dir='ltr'><strong>profitetur</strong></span> <span class='ocrx_word' id='word_1_805' title='bbox 3098 5002 3296 5050; x_wconf 84' lang='lat' dir='ltr'><strong>sanctae</strong></span> <span class='ocrx_word' id='word_1_806' title='bbox 3331 4990 3612 5047; x_wconf 89' lang='lat' dir='ltr'><strong>Trinitatis</strong></span> 
     </span>
    </p>
   </div>
   <div class='ocr_carea' id='block_1_111' title="bbox 2031 5084 3608 5156">
    <p class='ocr_par' dir='ltr' id='par_1_111' title="bbox 2031 5084 3608 5156">
     <span class='ocr_line' id='line_1_111' title="bbox 2031 5084 3608 5156; baseline -0.002 -15"><span class='ocrx_word' id='word_1_807' title='bbox 2031 5087 2344 5151; x_wconf 85' lang='lat' dir='ltr'><strong>essentiam,</strong></span> <span class='ocrx_word' id='word_1_808' title='bbox 2371 5085 2570 5141; x_wconf 91' lang='lat' dir='ltr'><strong>refutat</strong></span> <span class='ocrx_word' id='word_1_809' title='bbox 2609 5087 2956 5156; x_wconf 84' lang='lat' dir='ltr'><strong>baptismum,</strong></span> <span class='ocrx_word' id='word_1_810' title='bbox 2987 5086 3208 5140; x_wconf 88' lang='lat' dir='ltr'><strong>infamat</strong></span> <span class='ocrx_word' id='word_1_811' title='bbox 3235 5084 3608 5146; x_wconf 87' lang='lat' dir='ltr'><strong>Christicolas,</strong></span> 
     </span>
    </p>
   </div>
   <div class='ocr_carea' id='block_1_112' title="bbox 2029 5173 3610 5248">
    <p class='ocr_par' dir='ltr' id='par_1_112' title="bbox 2029 5173 3610 5248">
     <span class='ocr_line' id='line_1_112' title="bbox 2029 5173 3610 5248; baseline -0.003 -16"><span class='ocrx_word' id='word_1_812' title='bbox 2029 5177 2332 5232; x_wconf 88' lang='lat' dir='ltr'><strong>sacerdotio</strong></span> <span class='ocrx_word' id='word_1_813' title='bbox 2379 5179 2617 5248; x_wconf 90' lang='lat' dir='ltr'><strong>derogat,</strong></span> <span class='ocrx_word' id='word_1_814' title='bbox 2667 5179 2887 5234; x_wconf 91' lang='lat' dir='ltr'><strong>omnino</strong></span> <span class='ocrx_word' id='word_1_815' title='bbox 2932 5176 3218 5245; x_wconf 87' lang='lat' dir='ltr'><strong>reprobum</strong></span> <span class='ocrx_word' id='word_1_816' title='bbox 3261 5173 3610 5242; x_wconf 84' lang='lat' dir='ltr'><strong>judicamus:</strong></span> 
     </span>
    </p>
   </div>
   <div class='ocr_carea' id='block_1_113' title="bbox 2040 5261 3610 5341">
    <p class='ocr_par' dir='ltr' id='par_1_113' title="bbox 2040 5261 3610 5341">
     <span class='ocr_line' id='line_1_113' title="bbox 2040 5261 3610 5341; baseline -0.003 -17"><span class='ocrx_word' id='word_1_817' title='bbox 2040 5286 2141 5341; x_wconf 92' lang='lat' dir='ltr'><strong>pro</strong></span> <span class='ocrx_word' id='word_1_818' title='bbox 2189 5270 2359 5325; x_wconf 89' lang='lat' dir='ltr'><strong>nihilo</strong></span> <span class='ocrx_word' id='word_1_819' title='bbox 2403 5286 2587 5325; x_wconf 85' lang='lat' dir='ltr'><strong>rerum</strong></span> <span class='ocrx_word' id='word_1_820' title='bbox 2640 5271 2875 5325; x_wconf 89' lang='lat' dir='ltr'><strong>labentia</strong></span> <span class='ocrx_word' id='word_1_821' title='bbox 2915 5275 3284 5337; x_wconf 87' lang='lat' dir='ltr'><strong>computantcs</strong></span> <span class='ocrx_word' id='word_1_822' title='bbox 3337 5261 3610 5336; x_wconf 69' lang='lat' dir='ltr'><strong>qutenon</strong></span> 
     </span>
    </p>
   </div>
   <div class='ocr_carea' id='block_1_114' title="bbox 2041 5353 3616 5428">
    <p class='ocr_par' dir='ltr' id='par_1_114' title="bbox 2041 5353 3616 5428">
     <span class='ocr_line' id='line_1_114' title="bbox 2041 5353 3616 5428; baseline -0.004 -13"><span class='ocrx_word' id='word_1_823' title='bbox 2041 5362 2128 5415; x_wconf 82' lang='lat' dir='ltr'><strong>ditt</strong></span> <span class='ocrx_word' id='word_1_824' title='bbox 2171 5360 2488 5416; x_wconf 86' lang='lat' dir='ltr'><strong>subsistunt.</strong></span> <span class='ocrx_word' id='word_1_825' title='bbox 2526 5359 2656 5428; x_wconf 68' lang='lat' dir='ltr'><strong>Qum.</strong></span> <span class='ocrx_word' id='word_1_826' title='bbox 2687 5371 2862 5415; x_wconf 89' lang='lat' dir='ltr'><strong>autem</strong></span> <span class='ocrx_word' id='word_1_827' title='bbox 2902 5357 3242 5428; x_wconf 86' lang='lat' dir='ltr'><strong>diligentibus</strong></span> <span class='ocrx_word' id='word_1_828' title='bbox 3271 5372 3328 5413; x_wconf 87' lang='lat' dir='ltr'><strong>se</strong></span> <span class='ocrx_word' id='word_1_829' title='bbox 3368 5353 3616 5411; x_wconf 82' lang='lat' dir='ltr'><strong>Christus</strong></span> 
     </span>
    </p>
   </div>
   <div class='ocr_carea' id='block_1_115' title="bbox 2042 5447 3614 5524">
    <p class='ocr_par' dir='ltr' id='par_1_115' title="bbox 2042 5447 3614 5524">
     <span class='ocr_line' id='line_1_115' title="bbox 2042 5447 3614 5524; baseline -0.004 -18"><span class='ocrx_word' id='word_1_830' title='bbox 2042 5453 2316 5524; x_wconf 89' lang='lat' dir='ltr'><strong>promisit,</strong></span> <span class='ocrx_word' id='word_1_831' title='bbox 2351 5469 2472 5508; x_wconf 88' lang='lat' dir='ltr'><strong>cum</strong></span> <span class='ocrx_word' id='word_1_832' title='bbox 2516 5453 2624 5508; x_wconf 91' lang='lat' dir='ltr'><strong>sint</strong></span> <span class='ocrx_word' id='word_1_833' title='bbox 2652 5451 2934 5507; x_wconf 68' lang='lat' dir='ltr'><strong>ineffabilia</strong></span> <span class='ocrx_word' id='word_1_834' title='bbox 2957 5490 2972 5512; x_wconf 93' lang='lat'><strong>,</strong></span> <span class='ocrx_word' id='word_1_835' title='bbox 3013 5463 3224 5518; x_wconf 87' lang='lat' dir='ltr'><strong>semper</strong></span> <span class='ocrx_word' id='word_1_836' title='bbox 3253 5457 3432 5502; x_wconf 88' lang='lat' dir='ltr'><strong>tamen</strong></span> <span class='ocrx_word' id='word_1_837' title='bbox 3461 5447 3614 5502; x_wconf 87' lang='lat' dir='ltr'><strong>inde—</strong></span> 
     </span>
    </p>
   </div>
   <div class='ocr_carea' id='block_1_116' title="bbox 2113 5557 3604 5633">
    <p class='ocr_par' dir='ltr' id='par_1_116' title="bbox 2113 5557 3604 5633">
     <span class='ocr_line' id='line_1_116' title="bbox 2113 5557 3604 5633; baseline -0.001 -17"><span class='ocrx_word' id='word_1_838' title='bbox 2113 5561 2436 5617; x_wconf 68' lang='lat' dir='ltr'><strong>bAurelium</strong></span> <span class='ocrx_word' id='word_1_839' title='bbox 2474 5561 2712 5633; x_wconf 86' lang='lat' dir='ltr'><strong>profecto</strong></span> <span class='ocrx_word' id='word_1_840' title='bbox 2742 5571 2795 5615; x_wconf 90' lang='lat' dir='ltr'><strong>et</strong></span> <span class='ocrx_word' id='word_1_841' title='bbox 2829 5559 3056 5617; x_wconf 59' lang='lat' dir='ltr'><strong>Filiecm</strong></span> <span class='ocrx_word' id='word_1_842' title='bbox 3079 5602 3092 5624; x_wconf 85' lang='lat'><strong>,</strong></span> <span class='ocrx_word' id='word_1_843' title='bbox 3144 5560 3233 5630; x_wconf 81' lang='lat' dir='ltr'><strong>qui</strong></span> <span class='ocrx_word' id='word_1_844' title='bbox 3266 5574 3386 5614; x_wconf 84' lang='lat' dir='ltr'><strong>cum</strong></span> <span class='ocrx_word' id='word_1_845' title='bbox 3421 5557 3604 5616; x_wconf 64' lang='lat' dir='ltr'><strong>uxor&#39;t&#39;</strong></span> 
     </span>
    </p>
   </div>
   <div class='ocr_carea' id='block_1_117' title="bbox 2043 5633 2806 5706">
    <p class='ocr_par' dir='ltr' id='par_1_117' title="bbox 2043 5633 2806 5706">
     <span class='ocr_line' id='line_1_117' title="bbox 2043 5633 2806 5706; baseline -0.001 -19"><span class='ocrx_word' id='word_1_846' title='bbox 2043 5633 2141 5688; x_wconf 82' lang='lat' dir='ltr'><strong>bus</strong></span> <span class='ocrx_word' id='word_1_847' title='bbox 2167 5640 2563 5706; x_wconf 77' lang='lat' dir='ltr'><strong>processerant.</strong></span> <span class='ocrx_word' id='word_1_848' title='bbox 2600 5633 2806 5686; x_wconf 65' lang='lat' dir='ltr'><strong>Moon.</strong></span> 
     </span>
    </p>
   </div>
  </div>
