4094 6346
654 329 746 384 ’191

1759 335 1816 392 S.
1858 333 2134 393 EULOGII
2172 336 2489 396 ARCHIEP.
2530 339 2777 398 TOLET.

2979 314 3028 328 νι-
3039 320 3085 336 τε,

3101 323 3151 353 ιχ.

3739 363 3812 420 τω

649 439 796 494 fessa
821 437 1050 510 jugitate
1081 439 1408 511 perdurant;
1442 451 1496 497 et
1526 456 1626 498 nec
1658 443 1829 500 oculis
1857 447 2223 518 contemplan—
2254 455 2300 512 Α
2329 447 2611 516 Liliosam,
2663 449 2856 505 ultimo
2911 451 3158 522 egregios
3208 453 3478 526 agonistas
3523 459 3752 522 Aurelia
3776 483 3814 530 et

651 535 758 592 tur,
785 541 887 582 nec
915 543 1045 585 aure
1071 539 1379 602 captantur,
1411 547 1511 592 nec
1551 531 1711 592 corde
1739 537 2161 604 pet-penduntur.
2202 557 2220 590 ι

2327 536 2740 610 Sabigotbonem
2765 539 3084 595 interimunt
3125 542 3199 614 (8)
3225 559 3279 598 vr
3311 545 3566 606 Kalendas
3586 551 3812 628 Augustas,

649 613 870 682 Verum,
888 625 949 672 ut
964 620 1148 684 credo,
1163 621 1412 689 quiddam
1434 621 1596 675 etiam
1616 620 1760 676 aliud
1793 623 2095 696 religiosius
2124 626 2228 682 dif-
2322 643 2430 682 arra
2450 629 2893 700 octingentesima
2916 633 3280 702 nonagesima.
3297 634 3528 702 Quorum
3549 613 3734 712 corpora

645 704 768 760 fuso
787 722 883 762 ore
899 709 1100 764 sanctis
1118 718 1242 763 ante
1256 709 1490 778 judicem
1507 711 1895 779 asserentibus,
1913 724 2224 786 sectamque

643 795 933 866 impiorum
959 800 1172 876 fortiter
1193 802 1646 872 expugnantibus,
1683 803 1736 857 in
1779 803 1963 861 furore
1988 809 2222 866 maximo

645 887 952 946 concitatur
969 887 1131 957 judex
1160 891 1347 959 rapido
1392 899 1565 951 tractu
1591 908 1687 949 eos
1711 897 1916 952 carceri
1943 899 2220 968 applican-

643 979 743 1032 dos
767 978 1066 1054 insinuans,
1096 979 1517 1058 importabiliutu
1556 982 1890 1042 vinculorum
1933 1003 2096 1044 onere
2121 1005 2216 1061 ag-

643 1070 859 1136 gravari
885 1070 1144 1125 decrevit.
1423 1075 1432 1086 '
1996 1064 1998 1066 V

711 1159 801 1215 52.
842 1160 1106 1216 Continuo
1137 1163 1532 1222 exsultantibus
1559 1168 1766 1226 animis
1785 1169 1927 1225 beati
1951 1179 2217 1252 martyres

639 1251 967 1333 ergastulum
982 1253 1258 1321 adeuntes,
1277 1259 1508 1326 gaudent
1528 1262 1767 1331 auspicio
1785 1263 2070 1332 passionis,
2092 1279 2216 1334 par-

636 1340 932 1409 vipendunt
958 1329 1669 1418 supplicium,.perstrcpunt
1690 1329 1934 1423 hymnos,
1961 1329 2216 1408 insonant

633 1427 839 1496 laudes,
868 1432 1105 1500 psalmos
1139 1436 1473 1505 persolvunt,
1502 1438 1757 1496 insistunt
1790 1442 2041 1507 orationi,
2081 1459 2208 1513 qua,

2320 717 2418 772 stri
2432 717 2723 784 Christiani
2744 717 3004 786 furantes,
3020 722 3245 779 diversis
3261 723 3392 780 locis
3407 730 3813 792 recondunt.Geor-

2319 809 2438 880 gius
2462 825 2694 880 namque
2730 827 2853 866 cum
2883 821 3072 869 sancto
3111 816 3330 872 Aurelio
3361 819 3436 888 (9)
3469 819 3810 884 Pilemelariensi

2319 902 2564 957 coenobio
2586 903 2615 943 ιδ
2664 913 2968 962 servantur.
3000 906 3196 964 Beatus
3238 909 3391 965 Felix
3429 915 3590 969 sancti
3633 916 3812 978 Christo-

2317 997 2491 1066 phori,
2520 1014 2640 1069 quae
2668 999 2809 1054 ultra
2841 999 3037 1057 ﬂumen
3067 1012 3152 1059 est
3177 1014 3223 1070 ο,
3258 1005 3434 1059 aulam
3461 1014 3643 1061 tuetur.
3670 1008 3812 1067 Sancta

2318 1087 2610 1160 Sabigotho
2643 1103 2956 1169 sanctorum
2985 1095 3148 1150 trium
3177 1095 3206 1136 ἀ
3236 1097 3506 1154 cineribus
3527 1099 3807 1158 adunataest

2316 1179 2626 1250 Requiescit
2653 1182 2764 1253 (10)
2796 1184 2938 1252 apud
2975 1183 3264 1242 Genesium
3302 1197 3583 1260 martyrem
3602 1196 3810 1249 venerabi-

2314 1265 2382 1322 lis
2409 1267 2629 1324 Liliosa.
2659 1270 2842 1342 Capita
2877 1288 3006 1330 vero
3031 1275 3248 1348 Georgii
3283 1277 3402 1348 (ll)
3427 1287 3482 1334 et
3509 1278 3809 1353 Sabigolhonis

2313 1355 2554 1412 incolunt
2585 1370 2629 1413 ο.

2381 1448 2470 1503 55.
2507 1449 2572 1503 lli
2593 1460 2742 1516 sunt,
2762 1451 2850 1520 qui
2873 1462 3093 1524 propter
3115 1456 3482 1513 testimonium
3503 1458 3610 1526 Dei,
3630 1470 3676 1516 et
3695 1461 3806 1518 ﬁdem

632 1512 849 1598 favente
878 1520 1121 1588 Domino,
1153 1524 1433 1580 victoriam
1469 1515 1691 1596 adipisci
1717 1531 2063 1600 praevaleant.
2097 1512 2209 1588 iVi-
2309 1538 2436 1594 Jesu
2463 1539 2664 1596 Christi
2687 1512 3210 1627 iusqtie.ad.mortem
3241 1559 3527 1616 certantes,
3554 1512 3670 1608 nihil
3685 1557 3806 1610 amori

629 1607 866 1665 citantur
889 1611 957 1666 ab
981 1614 1202 1683 angelis,
1237 1616 1509 1673 miraculis
1551 1619 1906 1687 illustrantur,
1943 1622 2211 1680 dissiliunt
2308 1630 2426 1699 ejus
2476 1621 2920 1701 praeposuerunt}
2946 1650 3050 1691 non
3097 1637 3271 1714 ﬁlios,
3314 1654 3421 1694 non
3466 1653 3702 1710 parentes,
3734 1661 3805 1700 non

627 1883 900 1947 revelante
946 1871 1072 1947 Deo,
1126 1897 1441 1958 agnoscunt.
1490 1889 1627 1946 Hinc
1678 1892 1745 1946 de
1791 1893 1968 1962 palma
2023 1897 2202 1952 securi

622 1984 929 2050 manentes,
959 1985 1013 2030 et
1037 1977 1330 2042 Christum,
1361 1981 1446 2034 cui
1480 1981 1709 2038 fideliter
1735 1984 2055 2051 servierunt,
2087 2003 2202 2042 cer-

623 2077 755 2139 nere
784 2064 1030 2121 festinius
1079 2068 1426 2136 anhelantes,
1457 2071 1684 2128 dilatant
1717 2089 1888 2144 usque
1938 2077 1991 2130 in
2040 2079 2198 2148 quin-

622 2161 736 2208 tum
763 2154 903 2210 diem
933 2165 1158 2211 mortem
1204 2173 1358 2214 suam
1378 2199 1396 2226 ,
1424 2176 1713 2232 serumque
1751 2175 1942 2234 putant
1984 2182 2042 2221 se
2084 2168 2200 2222 diu-

621 2244 730 2298 tius
803 2242 1044 2314 elongari
1098 2245 1167 2300 ab
1234 2239 1320 2301 illa
1379 2238 1642 2305 suavitate
1697 2253 1846 2323 regni
1905 2254 2194 2323 ctelorum,

620 2346 782 2401 quam
814 2333 1022 2390 crebris
1067 2332 1175 2405 iam
1209 2339 1482 2408 corporeis
1511 2352 1537 2380 ει
1568 2341 1756 2398 usibus
1808 2341 1978 2399 ferme
2019 2335 2197 2404 intue?

618 2423 836 2480 bantur.

619 2519 622 2524 '
687 2513 776 2568 35.
813 2516 883 2571 At
911 2532 1032 2572 cum
1057 2518 1169 2589 jam
1219 2522 1272 2576 in
1306 2522 1480 2579 forum
1508 2527 1881 2608 prosternendi
1903 2529 2196 2585 educeren-
2245 2526 2258 2534 ’

617 2611 724 2668 tur,
751 2609 1071 2666 venerabilis
1098 2610 1394 2683 Sabigotho
1419 2631 1632 2672 armare
1664 2619 1842 2674 virum
1881 2622 2082 2677 sanctis
2111 2622 2193 2676 al-

614 2693 811 2764 loquiis
838 2700 1020 2769 coepit,
1040 2701 1329 2759 confortat.
1355 2705 1592 2771 instruit,
1616 2716 1670 2764 et
1690 2709 1993 2784 conﬁrmat.
2025 2712 2194 2767 lntro—

612 2788 883 2843 ducuntur
921 2791 1138 2860 palatio,
1190 2795 1499 2852 consulibus
1545 2798 1822 2864 assistunt,
1865 2801 2193 2857 adhibentur

609 2892 763 2946 opes,
783 2880 1108 2936 exhibentur
1133 2882 1326 2951 fasces,
1343 2889 1539 2956 quibus
1578 2888 1621 2943 si
1646 2889 1929 2944 crederent
1949 2890 2190 2947 frueren-

611 2979 721 3022 tttr.
751 2970 858 3027 Sed
884 2973 969 3027 his
985 2977 1178 3044 oppido
1205 2977 1257 3030 in
1281 2979 1617 3047 professione
1638 2997 1734 3036 sua
1763 2983 2183 3050 demorantibus,

610 3059 894 3117 lictoribus
922 3066 1264 3132 perimendos
1289 3069 1575 3125 instituunt
1611 3073 1860 3128 consules
1891 3090 1903 3126 :
1935 3067 2185 3146 sospitent

2303 1919 2511 1986 tergum
2542 1913 2872 1983 abjicientes,
2901 1915 3243 1974 mortificatis
3273 1937 3396 1975 cum
3427 1922 3562 1977 vitiis
3588 1932 3634 1977 et
3659 1939 3802 1978 concu-

2300 2002 2578 2070 piscentiis
2623 2000 2959 2074 corporibus,
3007 2009 3076 2064 ad
3120 2019 3384 2066 reternam
3425 2014 3802 2090 immortalitatem

2297 2092 2544 2161 producti
2569 2103 2715 2150 sunt.
2742 2094 3017 2166 Regnante
3043 2098 3273 2158 Domino
3302 2111 3486 2159 nostro
3509 2103 3621 2159 Jesu
3644 2103 3801 2159 Christo

2299 2182 2352 2238 in
2381 2185 2575 2240 sarcula
2610 2185 2948 2244 saeculorum.
2984 2188 3170 2246 Amen.

2905 2322 3134 2381 CAPUT
3172 2322 3266 2380 Xl.

2384 2435 2788 2507 Christophorus
2811 2445 2859 2490 et
2886 2435 3235 2510 Leovigildus,
3261 2440 3504 2495 monachi
3527 2448 3751 2510 martyres.

2364 2553 2416 2608 l.
2453 2551 2654 2607 Deinde
2683 2551 3100 2624 Christopborus
3132 2557 3432 2610 monachus
3458 2555 3529 2626 (l)
3554 2553 3800 2610 contribulis

2292 2651 2511 2708 noster,
2557 2642 2795 2713 ephebus
2839 2643 3150 2699 adolescens
3193 2643 3460 2700 Cordubae
3504 2653 3671 2707 natus,
3705 2651 3745 2697 et
3775 2659 3796 2696 a

2291 2715 2520 2804 pueritia
2567 2733 2738 2806 nostri
2783 2733 3014 2797 auditor,
3043 2734 3135 2802 qui
3165 2744 3287 2804 post
3328 2743 3561 2789 nostrum
3604 2731 3794 2801 magiste-

2291 2826 2432 2879 rium
2458 2824 2762 2894 ctenobium
2791 2826 2958 2880 sancti
2992 2825 3228 2892 Martini,
3252 2826 3398 2896 quod
3426 2835 3505 2882 est
3534 2828 3580 2880 in
3604 2832 3792 2879 montana

2289 2917 2643 2983 Cordubensi,
2671 2917 2790 2982 loco
2829 2917 2920 2987 qui
2962 2917 3264 2988 appellatur
3293 2919 3370 2988 (2)
3410 2918 3621 2988 Rojana,
3648 2918 3798 2984 ingres-

2289 3025 2415 3074 sus,
2461 3024 2718 3080 magnum
2763 3009 2856 3078 pie,
2894 3008 3198 3067 volentibus
3243 3010 3548 3072 conversari
3593 3007 3795 3077 specimen

2291 3099 2595 3156 sanctitatis
2635 3100 2888 3158 ostendit.
2939 3099 3039 3172 llic
3077 3100 3262 3170 agnita
3291 3099 3676 3169 pmcedentium
3707 3109 3797 3148 nece

611 3149 764 3204 abire
793 3161 1038 3207 sanctum
1087 3155 1376 3228 Georgium
1404 3161 1778 3228 decernentrs,
1805 3181 1902 3234 pro
1945 3183 2010 3220 eo
2047 3168 2188 3237 quod
2217 3165 2261 3228 C
2293 3198 2604 3246 sanctorum
2629 3230 2646 3256 ν
2694 3189 2908 3244 concito
2955 3149 3150 3262 gressi,
3194 3189 3248 3244 in
3283 3149 3473 3248 (".me
3519 3183 3796 3243 descendens,

611 3239 772 3262 :3)-..
833 3243 932 3262 3..-!
991 3260 1003 3262 _
1056 3247 1090 3262 ,ο
1191 3257 1201 3262 -
1334 3259 1344 3262 -
1449 3252 1460 3262 ι
1689 3255 1701 3262 .
1765 3257 1796 3262 --
1868 3257 1900 3262 --
1927 3257 1957 3262 --
2142 3258 2156 3262 -
2711 3257 2715 3259 .

609 3239 775 3296 iidem
831 3243 934 3314 ipsi
981 3247 1269 3315 optimates
1296 3259 1350 3304 et
1382 3252 1588 3319 priores
1618 3255 1796 3323 palatii
1829 3257 1959 3311 nihil
2003 3258 2188 3313 convi-

611 3329 819 3390 ciorum
843 3332 1210 3400 profercntem
1260 3352 1382 3394 eum
1413 3340 1670 3396 adversus
1696 3352 1873 3397 vatem
1909 3360 2064 3399 suum
2091 3361 2186 3399 au-

611 3419 858 3476 diissent.
887 3423 980 3479 Ille
1008 3440 1140 3480 vero
1182 3427 1429 3484 minister
1466 3433 1714 3503 egregius
1733 3475 1746 3499 ,
1774 3436 2018 3504 protinus
2044 3444 2102 3489 ut
2133 3451 2188 3490 se

612 3515 877 3585 comperit
919 3517 1239 3588 derelinqui,
1294 3535 1393 3574 nec
1438 3521 1538 3575 sub
1567 3538 1672 3576 uno
1721 3538 1843 3578 cum
1874 3525 2034 3579 sociis
2079 3525 2186 3579 ictu

609 3607 886 3661 mucronis
901 3609 1272 3677 perimendum
1295 3610 1528 3667 institui:
1555 3633 1572 3664 ι
1595 3612 1721 3676 Cur,
1737 3616 1831 3678 ait,
1847 3631 1879 3667 ο
1894 3615 2185 3684 principes,

610 3697 676 3752 de
703 3697 1037 3768 professione
1062 3717 1182 3756 mea
1201 3743 1215 3768 ,
1248 3718 1410 3773 quam
1434 3720 1617 3759 coram
1647 3707 1798 3760 vobis
1825 3721 1931 3760 non
1963 3707 2183 3776 protuli,

609 3787 890 3858 dubitatis,
922 3799 1016 3846 aut
1041 3793 1245 3862 putatis
1288 3808 1372 3848 me
1401 3795 1467 3850 de
1497 3791 1757 3866 discipulo
1785 3797 2000 3852 Satanzu
2026 3799 2184 3868 quid-

605 3890 768 3945 quam
818 3893 1136 3949 prosperum
1188 3882 1460 3952 cogitare?
1510 3883 1623 3954 Ego
1665 3885 1846 3950 enim,
1899 3895 1958 3939 ut
2003 3887 2185 3943 verius

607 3969 936 4036 agnoscatis,
993 3969 1140 4024 illum
1191 3971 1460 4041 angelum,
1501 3975 1593 4044 qui
1642 3975 1816 4029 eidem
1865 3979 2182 4047 praeceptori

605 4066 813 4120 vestro,
845 4058 1278 4128 transfigurando
1297 4076 1354 4117 se
1380 4063 1433 4117 in
1461 4064 1707 4134 spiritum
1733 4065 1888 4130 lucis,
1913 4068 2182 4136 apparuit,

608 4145 905 4202 daemonem
929 4151 1090 4204 credo
1125 4149 1312 4218 fuisse,
1343 4162 1396 4207 et
1429 4155 1572 4210 hunc
1601 4156 1812 4210 cunctis
1837 4155 2181 4224 abjectiorem

606 4234 918 4292 hominibus
945 4238 1210 4308 adjudico,
1244 4250 1429 4313 utpote
1460 4245 1655 4299 diaboli
1705 4246 1985 4300 credulum
2025 4247 2182 4302 Anti-

605 4325 795 4380 christi
816 4327 1145 4398 ministrum,
1160 4341 1214 4387 et
1235 4333 1491 4390 vitiorum
1512 4336 1755 4390 omnium
1783 4336 2180 4407 labyrinthum:

603 4415 698 4484 qui
729 4430 833 4470 non
858 4417 1028 4474 solum
1058 4436 1115 4476 se
1146 4424 1386 4496 voragini
1433 4425 1672 4479 barathri
1704 4426 2049 4491 immerserit,
2088 4444 2180 4483 ve-

604 4521 727 4560 rum
747 4517 803 4564 et
825 4524 919 4565 vos
947 4514 1265 4584 sequipedas
1288 4531 1382 4572 sua
1413 4531 1510 4587 per
1536 4517 1716 4576 inania
1745 4517 1991 4599 instituta
2021 4529 2175 4576 ceter-
2211 4507 2261 4565 Ῐ)

603 4597 691 4652 nis
718 4599 982 4656 dedicarit
1011 4603 1291 4662 incendiis.
1342 4627 1360 4660 ι

678 4685 766 4742 54.
809 4689 958 4746 Tunc
982 4693 1035 4747 in
1075 4697 1338 4751 insaniam
1368 4713 1621 4768 proceres
1650 4701 1904 4763 concitati
1935 4703 2180 4772 praevali-

603 4777 750 4844 dam,
788 4797 893 4836 una
939 4784 1260 4840 simul'cum
1313 4790 1528 4844 cmteris
1577 4793 1844 4846 sententia
1881 4795 2180 4848 necandum

602 4871 938 4940 praecipiunt.
969 4873 1049 4928 Ac
1100 4875 1176 4929 sic
1223 4877 1397 4946 primo
1444 4879 1659 4934 beatum
1691 4882 1946 4948 Fe'icetn,
1987 4883 2181 4938 deinde

592 4972 856 5019 sanctum
901 4963 1190 5038 Georgium
1233 4970 1591 5040 trucidantes,
1644 4983 1767 5042 post
1817 4977 2180 5032 venerabilem

607 5163 650 5263 ζ]
675 5153 700 5182 ι
743 5141 906 5210 Quasi
969 5145 1112 5202 dicat
1180 5145 1501 5217 quibusdam
1555 5146 1719 5203 veluti
1770 5149 2178 5218 experimentis.

607 5249 616 5263 .
658 5228 814 5263 ORAL.
911 5259 918 5263 .
1623 5261 1626 5263 λ

605 5228 814 5267 .‘UOBAL.
911 5259 918 5266 .
1623 5261 1626 5264 ~

675 5282 702 5321 δ
742 5282 884 5338 Bene
914 5283 1170 5341 Sollerius
1199 5306 1210 5340 :
1242 5286 1595 5345 Scrihendum
1626 5288 1838 5346 videtur
1885 5287 2182 5346 Pinnamel-

603 5350 844 5434 laricnsi,
873 5363 934 5407 ut
961 5357 1213 5434 describit
1241 5357 1497 5434 Eulogius
1527 5355 1661 5433 ipse,
1695 5359 1787 5414 lib.
1821 5375 1902 5425 tn,
1929 5376 1978 5434 c.
2012 5361 2110 5417 H.’

679 5432 697 5458 =
739 5421 794 5476 Id
814 5438 936 5477 cum
961 5423 1144 5481 Schot.
1171 5421 1403 5480 aulamf
1443 5425 1452 5436 “
1539 5428 1544 5433 ’

671 5489 902 5572 «inlicere
945 5509 1156 5565 quoque
1182 5498 1262 5572 i_tl.
1303 5497 1825 5572 solleritiszﬂempe
1868 5503 2101 5572 άῳυεὶια
2125 5506 2181 5572 in

600 5559 817 5634 basilica
847 5559 1142 5619 sanctorum
1173 5565 1382 5630 Fausti,
1405 5569 1653 5634 Januarii
1682 5580 1729 5624 et
1752 5559 2035 5626 Martldlis.

681 5640 704 5712 ξ
739 5630 1324 5712 ςξοινιν)νει-εεῃῃειοῃιιηΔ
1357 5630 1571 5710 Georgii
1599 5640 2179 5712 etiAureliicaputque

605 5696 824 5753 Natalia:
850 5696 955 5757 'seu
977 5703 1379 5776 Sabigothonis,
1407 5696 1545 5765 anno
1586 5711 1711 5778 858,
1746 5696 1999 5785 translata
2029 5696 2178 5787 fuere

2292 3293 2416 3334 mox
2441 3279 2660 3334 obviare
2694 3278 2860 3349 judici
2893 3295 2997 3340 non
3043 3279 3294 3334 extimuit
3319 3297 3334 3346 ;
3357 3287 3413 3334 et
3442 3278 3646 3333 reddens
3665 3287 3797 3328 coram

2289 3385 2354 3425 eo
2376 3369 2744 3442 testimonium
2766 3369 3034 3439 veritatis,
3059 3367 3690 3444 annuntiatEvangelium,
3710 3376 3797 3416 san-

2288 3468 2375 3514 cta
2397 3459 2608 3530 Domini
2630 3459 2909 3529 praedicat,
2934 3458 3401 3529 profanationibus
3429 3459 3640 3515 deditum
3657 3453 3795 3522 vulgus

2286 3550 2624 3615 exhortatur,
2661 3551 2844 3622 arguit
2876 3553 3015 3608 male
3057 3553 3324 3618 credulos,
3358 3553 3573 3608 luituros
3603 3563 3700 3605 cum
3731 3560 3796 3598 au-

2288 3649 2438 3696 ctore
2485 3639 2706 3700 falsario
2757 3650 3019 3707 aeternum
3065 3643 3273 3713 profert
3328 3643 3632 3698 incendium.
3671 3636 3792 3715 Quem

2287 3732 2543 3803 continuo
2568 3732 2734 3802 iudex
2757 3748 2898 3807 szevo
2926 3743 3228 3789 commotus
3257 3733 3443 3798 furore
3464 3730 3645 3788 carceri
3676 3728 3796 3802 depu-

2286 3830 2404 3887 tat;
2428 3821 2750 3878 arctioribus
2772 3824 3154 3878 macerandum
3179 3823 3412 3890 vinculis
3437 3817 3743 3885 commendat.

2358 3911 2410 3965 2.
2453 3911 2606 3986 Tunc
2645 3912 2810 3986 etiam
2840 3912 3183 3984 Leovigildus
3211 3914 3506 3986 monachus
3534 3909 3620 3980 (ὅ),
3649 3903 3794 3958 Eliberi

2284 3982 2696 4073 primogenitus,
2729 4002 2900 4072 plenae
2932 3982 3252 4072 juventutis,
3282 4004 3370 4057 vir
3407 3984 3792 4064 Sanctus,jUSIUS.

2285 4101 2342 4146 et
2367 4093 2651 4156 timoratus
2675 4109 2740 4149 ex
2763 4093 3011 4156 coenobio
3036 4101 3347 4149 sanctorum
3369 4091 3500 4148 Justi
3523 4099 3571 4146 et
3594 4083 3791 4179 Pastoris,

2287 4171 2430 4252 quod
2459 4192 2541 4238 est
2567 4183 2620 4237 in
2661 4183 2906 4238 interiori
2948 4193 3203 4250 montana
3250 4181 3590 4251 Cordubensi,
3616 4179 3710 4232 loco
3728 4171 3790 4241 qui

2283 4273 2481 4328 dicitur
2526 4271 2730 4343 Fraga,
2778 4275 2923 4328 inter
2962 4275 3164 4330 clivosa
3203 4275 3486 4340 montium,
3513 4281 3562 4328 et
3587 4267 3791 4364 calide"?

2287 4363 2556 4435 sylvarum
2579 4363 2773 4418 contini
2797 4365 2957 4420 viculi
2985 4364 3312 4437 Lejulensis,
3342 4366 3431 4436 qui
3457 4380 3486 4420 a
3509 4357 3715 4418 Corduba
3732 4353 3791 4406 di-

2287 4459 2394 4505 stat
2438 4451 2677 4520 quinque
2721 4451 3002 4508 milliarios
3041 4452 3242 4509 lustros
3271 4451 3316 4519 ί,
3342 4469 3446 4524 quo
3470 4467 3525 4507 se
3550 4461 3692 4518 nuper
3713 4453 3793 4496 m0-

2289 4551 2506 4598 raturus
2553 4543 2882 4611 contulerat,
2913 4547 3177 4617 martyrio
3223 4547 3490 4616 petiturus
3531 4539 3725 4597 advenit.
3747 4533 3791 4587 Et

2286 4635 2604 4704 priusquam
2629 4634 2806 4689 forum
2833 4636 3082 4703 intraret,
3115 4637 3426 4692 instituendi
3469 4651 3522 4690 se
3559 4630 3700 4716 gratia
3720 4639 3790 4678 n05

2285 4725 2584 4794 inquirens,
2615 4725 2950 4791 obsecratur,
2989 4736 3272 4797 precatur,
3298 4734 3526 4798 exoptat,
3549 4731 3598 4776 ut
3622 4722 3790 4773 conatus

2285 4829 2411 4869 suos
2459 4829 2559 4870 nos
2599 4815 2852 4884 precibus
2875 4816 3210 4885 juvaremus,
3239 4817 3395 4886 eique
3435 4807 3787 4870 benedictionem

2284 4887 2694 4961 consumman‘di
2744 4921 2969 4977 agonem
3027 4906 3398 4973 traderemus,
3443 4903 3788 4991 promittens-9:8

2291 4997 2460 5053 nostri
2488 5013 2674 5054 curam
2699 5012 2887 5069 gerere
2910 5007 3038 5054 ante
3062 4997 3365 5055 Dominum.
3392 4998 3610 5064 Cumque
3630 5005 3654 5043 a
3674 4983 3786 5041 nobts

2289 5183 2352 5220 ex
2385 5164 2630 5220 Corduba
2677 5165 2912 5221 Parisios
2939 5167 3008 5222 ab
3041 5167 3282 5224 Usuardo
3310 5179 3362 5224 et
3389 5163 3765 5232 Odilardogmotta

2287 5237 2405 5290 chis
2429 5235 2612 5290 Gallis.
2641 5236 2878 5302 Quorum
2910 5238 3338 5307 translationem,
3365 5252 3514 5307 quam
3536 5230 3784 5307 Ambrosius

2290 5307 2514 5380 Morales
2563 5291 2866 5380 ignoravit,
2917 5291 3536 5380 hlabillioniusvverofx
3580 5291 3781 5380 Ψᾳῃπςξιο

2289 5377 2535 5430 Aitnoino
2577 5371 2742 5430 Edidit
2769 5377 2950 5431 saecul.
2985 5393 3056 5442 tv,
3082 5378 3267 5433 Actor.
3302 5378 3398 5434 SS.
3440 5371 3780 5442 Benedictinoru

2287 5453 2428 5516 part.
2457 5446 2515 5518 2,
2545 5446 2718 5518 visum
2732 5456 2822 5518 est
2846 5448 2998 5502 nobis
3027 5435 3383 5504 transcribere
3405 5462 3495 5518 pro
3521 5435 3778 5510 Appendia’o

2289 5525 2348 5570 ut
2375 5531 2476 5571 nec
2505 5517 2607 5571 hoc
2631 5516 2770 5571 desit
2798 5526 2999 5572 nostra:
3026 5519 3266 5574 editioni.

2363 5563 2832 5665 ξ’
3481 5582 3660 5665 Montt.
3702 5563 3780 5624 Sed

2287 5652 2514 5727 Schott':
2547 5652 2738 5728 Viginti
2765 5652 2992 5729 quinque
3020 5659 3192 5730 potius
3206 5652 3463 5714 'cenundi
3499 5659 3618 5708 sunt.
