4094 6346
606 280 709 338 795

1616 339 1628 348 ,
1706 274 1764 330 s.
1809 271 2086 330 ELTLOGll
2129 269 2450 325 ARClliEP.
2493 269 2742 326 TOLET.

3765 275 3866 332 736

605 369 924 444 easterorum
962 387 1288 452 adsciscunt,
1319 400 1410 441 xvi
1433 384 1700 444 Kalendas
1727 395 1752 424 ι
1781 381 2044 445 Octobris,
2077 395 2182 435 aera
2213 384 2262 442 Α
2291 380 2547 435 tationem
2578 379 2689 435 oris
2717 379 2822 443 sui,
2845 394 2910 435 ac
2935 379 3131 450 lingua:
3158 380 3573 438 versibilitatem
3594 386 3752 454 quasi
3778 403 3869 444 ro-

606 492 714 548 qua
740 492 927 550 supra.

1188 565 1412 621 CAPUT
1463 563 1602 620 XIV.

608 655 897 713 Consilium
959 654 1282 712 Christianos
1335 655 1688 727 disperdendi,
1732 654 1872 727 quod
1919 671 2011 709 rea:
2064 671 2180 709 cum

1167 725 1464 794 proceribus
1490 725 1628 778 imit.

675 836 944 892 Praeterea
965 841 1261 904 martyrum
1281 847 1444 887 causa
1465 831 1667 887 ethnici
1691 831 2014 897 conturbati,
2044 832 2187 902 ipse-

605 939 710 994 que
733 941 826 981 rex
854 926 904 979 in
925 923 1160 994 furorem
1183 922 1476 976 maximum
1505 923 1822 986 concitatus,
1849 924 1996 978 varia
2022 924 2184 978 corde

603 1013 1006 1083 prmmeditatur
1041 1011 1235 1081 quibus
1271 1019 1454 1080 posset
1490 1011 1840 1066 intentionem
1876 1020 2182 1067 sanctorum

605 1105 917 1174 reprimere.
946 1103 1266 1158 Sciscitatur
1291 1104 1453 1158 etiam
1478 1104 1774 1172 sapientes,
1802 1104 2047 1172 explorat
2073 1103 2184 1174 phi-

604 1192 889 1263 losophos,
939 1195 1201 1264 regnique
1249 1194 1330 1249 sui
1375 1193 1624 1249 consules
1651 1209 1813 1264 super
1848 1195 1949 1248 hac
1981 1209 2039 1248 re
2063 1209 2184 1263 per-

602 1292 873 1339 contatur.
909 1283 1011 1352 Qui
1041 1299 1230 1342 omnes
1263 1285 1592 1339 unanimiter
1633 1284 1684 1338 in
1723 1285 2014 1354 perniciem
2052 1299 2182 1338 eon-

602 1373 877 1443 spirantes
936 1373 1216 1438 fidelium,
1279 1375 1665 1444 comprehendi
1735 1373 2071 1428 Christianos
2131 1381 2186 1427 et

601 1463 865 1518 vinculari
909 1463 1008 1519 sub
1061 1465 1396 1520 arctissimos
1425 1481 1674 1524 carceres
1700 1466 2057 1522 decreverunt
2083 1465 2182 1536 (l).

601 1551 756 1608 Tunc
794 1551 910 1620 jam
957 1553 1311 1622 proculdubio
1355 1555 1615 1609 enecandi
1647 1569 1739 1609 eos
1772 1553 2054 1609 difficultas
2084 1555 2186 1609 fuit

601 1628 872 1716 adempta,
894 1644 940 1700 si
962 1645 1246 1716 quisquam
1271 1647 1410 1705 vatis
1435 1645 1517 1706 sui
1548 1647 1866 1706 temerarius
1889 1646 2184 1715 exprobra-

2283 469 2477 524 borare
2505 469 2757 524 nitentes.
2778 467 2893 524 Non
2914 470 3308 540 perpendentes
3339 471 3485 539 quod
3505 471 3682 528 nullus
3713 483 3872 533 tanta:

2281 561 2630 632 praescriptus
2657 560 2884 624 militiae,
2911 568 2966 615 et
2985 559 3191 618 caelesti
3216 561 3381 615 curia:
3407 565 3868 629 annumerandus,

2285 651 2520 708 instante
2561 652 2696 706 hora
2755 651 3092 715 vocationis,
3139 652 3370 706 nexibus
3421 652 3646 707 retineri
3694 665 3875 723 posset

2283 742 2600 799 mortalibus
2629 755 2644 794 :
2677 757 2797 797 cum
2827 741 3066 811 quotidie
3094 741 3147 796 in
3175 740 3471 811 Scripturis
3495 745 3669 798 sacris
3698 745 3875 800 nobis-

2285 847 2407 888 cum
2431 833 2728 904 perlegant,
2752 833 2894 903 quod
2918 849 3019 888 nec
3041 833 3172 899 vita,
3200 848 3300 890 nec
3329 849 3470 889 saeva
3489 835 3756 904 pericula,
3779 851 3876 891 nec

2285 924 2400 994 ipsa
2429 925 2593 979 etiam
2637 940 2784 980 mors
2809 934 3028 979 sanctos
3067 939 3098 980 a
3129 924 3396 982 charitate
3436 925 3655 980 Domini
3709 924 3874 981 nostri

2285 1011 2410 1068 Jesu
2437 1011 2636 1068 Christi
2665 1011 2897 1068 avellere
2933 1028 3166 1082 unquam
3200 1012 3528 1083 praevaleant
3556 1012 3740 1068 Ἥρα.
3760 1029 3874 1085 vnn,

2286 1104 2356 1161 55
2379 1114 2427 1158 et
2458 1106 2643 1174 δείνῳ).

2360 1195 2420 1247 2.
2451 1193 2527 1247 Illi
2556 1203 2754 1257 autem,
2797 1195 2887 1263 qui
2910 1194 2977 1249 ab
3023 1194 3175 1248 initio
3204 1203 3355 1250 actus
3392 1209 3500 1249 non
3546 1194 3875 1249 destiterunt

2288 1283 2551 1339 infamare
2579 1291 2909 1348 sanctorum,
2956 1283 3212 1352 foedaque
3263 1283 3642 1338 susurratione
3693 1299 3874 1339 comm

2286 1376 2465 1431 conati
2496 1383 2622 1429 sunt
2652 1375 3003 1430 intentionem
3026 1384 3301 1438 evertere;
3335 1375 3536 1429 bellum
3559 1376 3712 1444 quod
3743 1374 3879 1431 mili-

2290 1468 2433 1522 tibus
2457 1466 2704 1537 gloriosis
2734 1466 3094 1535 nequiverunt
3119 1465 3334 1528 inferre,
3369 1466 3422 1518 in
3454 1479 3556 1518 nos
3584 1463 3878 1520 crudeliter

2287 1566 2504 1613 vertunt
2525 1557 2640 1629 (l):
2677 1571 2884 1626 nosque
2913 1567 3162 1612 auctores
3210 1557 3368 1626 hujus
3403 1555 3483 1610 rei
3522 1555 3772 1610 existere
3793 1569 3874 1608 as-

2290 1657 2566 1712 serentes,
2618 1655 2805 1702 nostro
2856 1646 3112 1706 instinctu
3171 1645 3259 1701 illa
3308 1645 3491 1701 omnia
3563 1652 3877 1714 perpetrata

605 1741 696 1789 tor
723 1733 865 1788 ultra
893 1743 1224 1789 occurreret.
1252 1733 1363 1789 Hac
1389 1749 1486 1789 nos
1511 1735 1692 1790 miseri
1732 1736 1985 1805 opinione
2025 1751 2174 1790 com-
2209 1733 2254 1794 Β
2284 1738 2448 1792 fuisse
2473 1744 2751 1791 accusant.
2775 1736 2924 1791 Adeo
2959 1747 3016 1789 ut
3051 1735 3268 1804 quidam
3308 1733 3451 1787 illius
3483 1732 3758 1802 temporis
3785 1748 3879 1802 pu-

599 1835 778 1897 perta,
812 1825 1144 1897 diffugimus,
1172 1828 1414 1894 abimus,
1444 1844 1756 1899 evagamur,
1782 1830 2178 1897 delitescimus,

603 1917 898 1986 timidoque
920 1916 1165 1971 discursu
1196 1925 1250 1971 et
1294 1918 1478 1974 habitu
1505 1919 1779 1975 demutato
1814 1930 2076 1976 nocturna
2106 1921 2181 1976 si-

603 2007 770 2062 lentia
801 2009 1091 2077 carpimus.
1119 2008 1408 2065 Decidentc
1437 2010 1563 2065 folio
1592 2011 1962 2078 exturbamur,
1994 2013 2184 2070 crebro

603 2098 914 2155 mansiones
960 2107 1263 2165 mutamus,
1314 2101 1510 2156 tutiora
1556 2101 1672 2157 loca
1721 2103 2075 2172 requirimus,
2121 2119 2185 2158 ac

584 2188 941 2244 1remebundi
983 2188 1336 2260 undequaque
1367 2191 1855 2256 dilahimur,'mori
1894 2192 2187 2254 formidan-

600 2283 684 2330 tes
710 2291 809 2344 per
839 2275 1072 2347 gladium
1092 2319 1107 2344 ,
1139 2279 1462 2349 quandoque
1491 2280 1741 2335 morituri
1787 2296 1885 2351 per
1922 2281 2182 2336 debitum.

600 2365 703 2434 Qui
725 2367 844 2422 ideo
867 2365 1004 2424 forte
1026 2370 1344 2439 martyrium
1367 2370 1626 2441 fugimus,
1653 2387 1759 2427 non
1782 2372 1908 2441 quia
1933 2373 2186 2429 timemus

600 2467 853 2524 mortem,
876 2473 994 2528 qua:
1022 2459 1340 2528 quandoque
1363 2468 1588 2516 ventura
1615 2446 1728 2528 est;
1762 2463 1855 2516 sed
1882 2462 2007 2531 quia
2047 2463 2185 2517 indi-

601 2545 691 2616 gni
713 2561 900 2602 sumus
919 2549 1180 2619 martyrio
1211 2549 1311 2619 (2),
1335 2549 1478 2618 quod
1504 2550 1846 2620 quibusdam,
1870 2561 1923 2604 et
1949 2566 2054 2605 non
2077 2566 2186 2606 om-

597 2635 756 2691 nibus
806 2637 989 2691 datum
1036 2647 1138 2692 est.
1165 2637 1266 2704 Qui
1296 2639 1437 2694 enim
1473 2655 1616 2694 nunc
1666 2641 2089 2711 martyrizantur
2128 2649 2183 2697 et

597 2733 983 2803 martyrizandi
1011 2742 1158 2798 sunt,
1188 2733 1257 2796 ab
1285 2733 1440 2792 initio
1471 2734 1654 2790 mundi
1692 2735 1994 2805 prtescripti
2019 2745 2179 2805 sunt,

595 2819 810 2880 dicente
845 2821 1104 2892 Apostolo
1134 2838 1147 2874 :
1179 2821 1321 2888 Quos
1364 2823 1653 2892 prwscirit,
1703 2833 1752 2878 et
1792 2824 2177 2894 pra'destinarit

594 2911 887 2981 conformes
915 2913 1033 2981 ﬁeri
1058 2912 1300 2982 imaginis
1331 2911 1457 2966 Filii
1485 2915 1589 2979 sui,
1620 2923 1678 2967 ut
1705 2915 1770 2968 sit
1793 2915 1901 2984 ipse
1925 2917 2182 2986 primoge-

597 3003 735 3056 nitus
763 3003 820 3058 in
843 3002 1021 3058 multis
1055 3003 1327 3073 fratribus.
1355 3004 1499 3068 Quos
1539 3015 1714 3058 autem
1754 3007 2173 3075 prwdestinavit,

2286 1829 2439 1884 blicze
2477 1828 2553 1883 rei
2582 1835 2858 1896 exceptor,
2891 1834 3194 1896 praepotens
3236 1825 3380 1878 vitiis
3415 1833 3470 1878 et
3502 1824 3741 1888 divitiis,
3769 1822 3876 1877 solo

2285 1919 2684 1974 Christianisml
2732 1919 2949 1973 nomine
3003 1919 3320 1980 denotatus,
3378 1917 3641 1987 operibus
3697 1924 3875 1971 autem

2286 2010 2396 2064 Deo
2415 2019 2470 2064 et
2492 2009 2694 2078 angelis
2715 2008 2832 2079 ejus
2855 2008 3087 2078 ignotus,
3117 2023 3146 2060 a
3173 2007 3435 2077 principio
3475 2006 3873 2061 certaminibus

2285 2101 2563 2155 beatorum
2591 2101 2850 2162 infensus,
2874 2102 3166 2162 detractor,
3190 2097 3474 2167 derogator
3496 2105 3550 2150 et
3583 2094 3875 2150 infamatur

2285 2207 2493 2256 eorum,
2554 2191 2788 2268 iniquus,
2839 2188 3092 2252 tumidus,
3124 2187 3314 2249 elatus,
3369 2185 3642 2258 superbus
3687 2195 3747 2240 et
3783 2185 3877 2240 im.

2287 2284 2514 2352 probus;
2542 2281 2771 2353 quodam
2805 2279 2890 2334 die
2922 2279 2998 2349 (2)
3026 2278 3275 2348 praesenti
3309 2277 3544 2332 concilio
3588 2277 3873 2346 episcopo-

2288 2391 2404 2430 rum
2465 2373 2664 2428 multas
2711 2372 2996 2426 adversum
3046 2386 3170 2435 me,
3221 2369 3456 2440 linguam
3504 2383 3869 2430 commovens,

2287 2463 2692 2534 exaggeraverit
2733 2459 3108 2518 contumelias.
3141 2459 3624 2513 Anathematizare
3655 2469 3871 2512 sanctos

2285 2554 2528 2610 decernit
2567 2553 2692 2607 talia
2733 2552 3074 2611 meditantes,
3103 2549 3425 2604 maledicere
3455 2549 3715 2618 imperat,
3749 2562 3870 2618 per-

2286 2644 2438 2714 sequi
2464 2643 2601 2714 stylo
2618 2643 2773 2714 jubet
2811 2643 3034 2698 electos.
3071 2640 3278 2696 Verens
3318 2640 3732 2696 infelicissimus
3761 2656 3872 2694 om—

2285 2736 2454 2797 nium,
2486 2750 2552 2788 ne
2571 2733 2841 2804 jacturnm
2867 2732 3089 2786 honoris
3115 2732 3370 2802 patiatur.
3417 2732 3518 2796 Cui
3555 2746 3667 2785 non
3694 2731 3869 2787 solum

2285 2824 2488 2880 nullam
2515 2822 2876 2878 reverentiam
2905 2822 3108 2876 sanctis
3135 2820 3392 2875 exhibere
3421 2819 3655 2884 studuit,
3684 2833 3870 2872 verum

2284 2915 2446 2968 etiam
2478 2914 2769 2985 prtedicare
2797 2911 3076 2968 sinistrum
3105 2925 3250 2976 esse,
3279 2911 3421 2988 quod
3455 2920 3631 2986 agunt
3680 2909 3737 2965 in
3779 2923 3872 2986 po-

2282 3005 2442 3076 pulis,
2469 3004 2744 3074 praecepit.

595 3093 689 3148 hos
714 3102 765 3150 et
807 3096 1003 3148 vocavit
1027 3109 1044 3146 :
1072 3105 1120 3150 et
1155 3111 1282 3166 quos
1331 3097 1526 3151 vocavit
1551 3137 1564 3162 ,
1603 3097 1722 3160 illos
1767 3107 1814 3151 et
1869 3097 2178 3176 gloriﬁcavit
2207 3088 2250 3150 C
2351 3096 2404 3149 5.
2449 3095 2513 3149 Et
2559 3109 2868 3164 quanquam
2921 3103 3070 3148 metu
3104 3090 3388 3174 compulsi,
3425 3103 3523 3144 seu
3550 3099 3866 3158 metropoli-

529 3175 533 3178 λ
597 3179 778 3252 (Rom.
804 3197 923 3250 vui,
947 3184 1038 3252 29,
1066 3185 1181 3258 50).

1191 3299 1417 3359 CAPUT
1457 3300 1571 3357 XV.

598 3386 1019 3462 Christianorum
1062 3395 1416 3462 perturbatio,
1447 3402 1496 3447 et
1523 3393 1820 3447 eorumdem
1859 3395 2018 3450 varia:
2057 3412 2177 3450 sen-

667 3461 840 3516 tentia:
880 3461 936 3522 in
987 3461 1207 3518 concilio
1247 3465 1604 3534 episc0porum
1650 3462 1909 3518 Corduba:
1963 3481 2177 3535 congre-

665 3539 807 3599 gata.

669 3637 721 3693 ι.
749 3637 902 3696 Multi
916 3639 1078 3716 igitur
1104 3641 1301 3698 horreo
1317 3641 1531 3700 inutiles
1544 3641 1843 3708 Dominico,
1857 3645 2015 3716 ejecti
2030 3645 2176 3702 foras

595 3727 661 3791 de
686 3737 799 3788 rete
823 3730 1118 3802 apostolica
1134 3730 1300 3795 abeo,
1319 3733 1410 3801 qui
1428 3746 1533 3786 non
1552 3733 1792 3788 utbonos
1816 3733 1960 3788 vasis
1987 3749 2176 3788 recon-

591 3817 740 3882 dere,
763 3820 858 3875 sed
892 3820 1071 3890 potius
1101 3830 1160 3886 ut
1188 3821 1382 3891 stipula
1413 3823 1832 3893 inexstinguibili
1863 3831 2176 3878 meruerunt

595 3907 842 3964 incendio
857 3911 1100 3980 deputari
1117 3929 1130 3977 ;
1157 3913 1434 3978 nobiscum
1451 3914 1534 3968 vel
1548 3915 1574 3954 δ
1591 3915 1796 3985 fugere,
1813 3915 1899 3970 vel
1913 3916 2170 3986 compati,

591 3998 677 4053 vel
697 3999 860 4054 etiam
883 3999 1198 4055 delitescere
1212 4013 1541 4069 recusantes,
1556 4004 1811 4076 pietatem
1836 4005 2167 4074 relinquunt,

593 4090 754 4146 fidem
798 4091 1241 4164 praevaricantur,
1287 4097 1539 4152 abdicant
1584 4097 1934 4167 religionem,
1981 4097 2171 4153 Cruci-

593 4180 765 4236 fixum
796 4182 1150 4242 detestantur.
1184 4185 1314 4245 Sese
1343 4188 1500 4258 (proh
1535 4188 1740 4258 dolor!)
1769 4189 2027 4257 impietati
2063 4199 2170 4244 tra-

597 4271 805 4338 dentes,
821 4273 1145 4333 'submittunt
1156 4275 1290 4331 colla
1305 4277 1657 4343 dmmonibus,
1673 4278 2066 4348 blasphemant,
2084 4279 2172 4335 de-

596 4363 1276 4437 trahunt,subvertuntque
1295 4367 1666 4424 Christicolas.
1694 4367 1952 4434 Plurimis
1980 4370 2166 4428 etiam.

2281 3196 2528 3241 tanorum
2551 3185 2776 3255 judicio,
2815 3185 2905 3255 qui
2933 3183 3002 3239 ob
3035 3183 3282 3238 eamdem
3313 3194 3534 3236 causam
3565 3187 3698 3236 tunc
3733 3195 3766 3235 e
3789 3183 3866 3236 di-

2280 3277 2449 3332 versis
2505 3263 2798 3346 provinciis
2849 3289 2880 3328 a
2927 3289 3054 3344 rege
3097 3272 3312 3328 fuerant
3364 3269 3613 3334 adunati,
3669 3270 3870 3340 aliquid

2278 3376 2786 3430 commentaremur,
2811 3366 2954 3435 quod
2984 3365 3154 3434 ipsius
3199 3362 3418 3434 tyranni
3442 3377 3510 3416 ac
3537 3361 3860 3432 populorum

2276 3464 2518 3527 serperet
2539 3472 2698 3510 aures
2725 3456 2834 3527 (5);
2870 3455 3159 3509 inhibitum
3205 3467 3328 3508 esse
3372 3452 3721 3522 martyrium,
3771 3466 3865 3505 nec

2277 3550 2442 3610 licere
2479 3549 2731 3618 cuiquam
2764 3548 3017 3616 deinceps
3042 3547 3109 3599 ad
3151 3544 3458 3616 palaestram
3507 3544 3864 3614 professionis

2273 3638 2598 3700 discurrere,
2626 3635 2904 3708 praemisso
2925 3633 3220 3708 pontificali
3242 3633 3482 3698 decreto,
3514 3632 3650 3702 ipsa:
3675 3633 3861 3689 littera

2275 3727 2630 3782 nuntiarunt:
2659 3724 2955 3793 eademque
2978 3722 3172 3777 scheda
3219 3720 3440 3774 minime
3482 3720 3859 3778 deeedentium

2275 3829 2504 3884 agonem
2533 3813 2877 3883 impugnans,
2901 3811 3046 3881 quod
3075 3810 3282 3864 futuros
3322 3808 3671 3863 laudabiliter
3695 3810 3861 3864 extol-

2273 3903 2412 3958 leret
2460 3902 2660 3957 milites
2719 3901 3014 3971 percipitur
3061 3918 3074 3953 :
3123 3907 3512 3954 verumtamem
3571 3899 3860 3972 allegorice

2272 3997 2436 4058 edita,
2463 3995 2566 4050 nisi
2609 4010 2639 4050 a
2677 3995 3030 4066 prudentibus
3064 3994 3271 4049 adverti
3307 4009 3412 4049 non
3455 4004 3692 4064 poterat.
3746 3995 3856 4050 Non

2273 4095 2450 4141 tamen
2491 4085 2568 4156 (4)
2613 4085 2935 4156 inculpabile
2976 4085 3104 4140 illud
3145 4084 3312 4141 fuisse
3350 4095 3608 4157 putamus
3643 4088 3860 4143 simula-

2272 4175 2436 4230 tionis
2483 4173 2811 4238 consultum,
2857 4174 3000 4243 quod
3043 4172 3184 4236 aliud
3235 4183 3452 4244 gestans
3492 4183 3550 4230 et
3596 4175 3748 4232 aliud
3777 4192 3858 4232 so.

2271 4283 2426 4332 nans,
2453 4265 2607 4336 quasi
2631 4283 2659 4320 a
2685 4267 2932 4322 discursu
2955 4266 3252 4337 martyriali
3279 4267 3485 4336 plebem
3510 4282 3857 4338 compescere

2268 4356 2571 4416 videbatur.
2603 4356 2680 4429 (5)
2719 4355 2994 4422 Quinimo,
3026 4356 3126 4410 nisi
3175 4354 3411 4426 legitima
3461 4357 3852 4422 satisfactione,

595 4453 688 4522 qui
716 4454 927 4522 pridem
952 4455 1228 4512 nobiscum
1255 4473 1386 4513 sano
1407 4473 1570 4513 sensu
1588 4458 1844 4513 victorias
1868 4468 2164 4530 martyrum

2280 4445 2457 4500 saltem
2485 4461 2581 4516 pro
2621 4446 2776 4528 plebe
2813 4445 3121 4502 nullatenus
3159 4445 3543 4508 remittendum
3583 4463 3709 4505 esse
3734 4465 3854 4504 eon-

592 4544 980 4618 prtedieabant,
1004 4548 1360 4602 constantiam
1390 4547 1704 4612 efferebant,
1735 4548 2025 4603 laudabant
2057 4559 2168 4605 tro-

592 4649 726 4704 ptca,
755 4635 1086 4691 extollebant
1123 4651 1368 4708 agonem,
1393 4645 1503 4692 tam
1525 4653 1593 4692 ex
1619 4639 1985 4695 sacerdotibus
2007 4656 2165 4710 quam

2271 4537 2507 4604 fitemur,

2858 4640 3084 4699 CAPUT
3121 4643 3258 4698 XVI.

589 4737 657 4778 ex
684 4724 865 4791 laicis;
896 4727 1194 4782 sententias
1214 4734 1440 4794 mutant,
1470 4727 1625 4783 aliter
1650 4729 1908 4793 sentiunt,
1925 4727 2169 4797 judicant
2269 4727 2749 4799 Habitat-religatur:
2780 4747 2869 4784 rex
2894 4732 3062 4786 subito
3101 4734 3363 4795 moritur;
3391 4731 3536 4799 ﬁlius
3576 4733 3693 4787 eius
3729 4732 3844 4787 lfa-

593 4814 913 4885 indiscretos
953 4833 1088 4887 quos
1140 4818 1399 4874 hactenus
1443 4819 1781 4875 felicissimos
1820 4822 2161 4886 asserebant,

592 4921 691 4976 pro
719 4923 783 4963 eo
809 4911 951 4979 quod
983 4910 1081 4979 ipsi
1109 4911 1278 4965 sancti
1318 4911 1702 4966 infirmioribus
1740 4912 1988 4968 nolentes
2024 4927 2167 4967 con-

592 4997 727 5065 pati,
759 5013 870 5053 sua:
901 5000 1082 5067 potius
1129 5000 1539 5068 tranquillitatis
1573 5010 1627 5054 et
1655 5001 1804 5071 pacis
1847 5002 2163 5065 commoda,

591 5102 712 5164 qua:
747 5089 800 5142 in
829 5088 1138 5144 cmlestibus
1165 5090 1423 5160 sanguine
1458 5092 1685 5146 mercari
1715 5091 1977 5158 fidebant,
2001 5108 2162 5163 quam

591 5179 799 5245 nutanti
827 5179 1082 5240 Ecclesia:
1107 5180 1246 5235 inter
1269 5181 1515 5250 scopulos
1534 5181 1859 5250 perfidorqu
1887 5184 2165 5240 consulere

591 5267 914 5325 studuerunt
939 5289 950 5324 :
978 5271 1295 5342 quibusdam
1331 5286 1397 5327 ex
1431 5270 1547 5342 lege
1569 5273 1934 5339 sententiolis,
1963 5274 2162 5329 immu-

662 5432 688 5461 ι
718 5420 776 5476 In
825 5424 1070 5492 sequenti
1109 5432 1227 5495 post
1267 5423 1492 5479 Emilam
1522 5433 1578 5479 et
1623 5424 1945 5495 Hieremiam
1993 5427 2078 5482 die
2104 5427 2157 5482 hi

591 5500 857 5562 martyres
875 5494 1233 5565 perimuntur,
1258 5511 1390 5565 quos
1418 5495 1620 5550 nullum
1651 5494 1984 5564 Breviarium
2009 5512 2158 5553 com-

591 5572 873 5616 memorat.
904 5563 1112 5619 MORAL.

666 5628 692 5669 δ
719 5630 832 5685 Hoc
859 5647 1091 5702 namque
1113 5643 1230 5691 erat
1263 5635 1723 5702 imbecillioribus,
1749 5643 1804 5691 et
1831 5635 1920 5702 qui
1954 5649 2158 5709 marty-

2691 4798 2882 4865 [iomad
2905 4802 2958 4854 in
2991 4819 3145 4873 regno
3168 4798 3419 4856 succedit.

2345 4909 2392 4962 l.
2425 4909 2689 4978 Denique,
2719 4924 2839 4964 cum
2867 4927 2930 4967 ex
2960 4913 3104 4966 omni
3135 4923 3288 4986 parte
3316 4911 3652 4968 Christianis
3679 4915 3824 4970 immi

2271 5009 2425 5054 neret
2453 5001 2724 5067 interitus,
2754 5003 3056 5071 ardensque
3088 5003 3307 5070 immani
3340 5001 3524 5058 furore
3553 5006 3847 5058 commina-

2271 5093 2345 5148 tio
2383 5092 2642 5164 principis
2669 5093 2866 5148 multos
2895 5093 3189 5150 electorum
3233 5110 3422 5154 errare
3463 5095 3836 5166 compelleret,

2267 5183 2512 5255 plerique
2553 5184 2710 5239 nobis
2762 5185 2908 5238 illam
2953 5185 3425 5255 exprobrationem
3469 5186 3839 5246 lsraeliticam,

2270 5291 2394 5331 cum
2425 5291 2483 5332 se
2513 5277 2728 5348 gravius
2772 5276 3004 5348 opprimi
3045 5285 3344 5342 cernerent,
3389 5275 3718 5342 inferebant,
3767 5274 3839 5330 di-

2268 5431 2348 5486 rio
2377 5430 2611 5501 impares
2638 5434 2824 5494 erant,
2852 5427 3176 5499 permissum
3203 5426 3398 5484 divina:
3417 5425 3554 5498 legis
3575 5423 3840 5496 indulgeo-

2269 5511 2361 5610 me.
2391 5501 2599 5624 igniti:
2617 5570 2718 5626 hos
2743 5578 2853 5640 tum
2889 5569 3064 5640 primo
3095 5566 3256 5634 libro,
3285 5576 3394 5640 tum
3421 5565 3586 5624 etiam
3613 5564 3668 5622 in
3696 5563 3830 5633 Apu-

2263 5641 2499 5712 logetico
2525 5640 2777 5710 Eulogius
2811 5635 2982 5695 fusius
3006 5635 3261 5712 disputat.
3290 5637 3364 5693 lo.
