4094 6346
346 272 452 337 791

1345 272 1776 330 MEMORIALIS
1817 270 2261 330 SANCTOBUM.
2301 301 2372 311 -—-
2411 267 2534 332 LIB.
2573 271 2635 325 Π.

3498 282 3601 336 798

350 395 582 447 centes:
628 401 649 438 ι
703 366 895 440 Videat
959 383 1215 440 Dominus
1269 391 1324 438 et
1363 383 1600 455 judicet,
1659 385 1911 454 quoniam
1943 385 1994 445 Α
2021 382 2048 422 δ
2076 396 2402 437 ossscnnio
2438 397 2506 436 AD
2545 397 2814 438 CHRISTI]!
2860 399 3087 440 musaea:
3127 404 3340 447 sumen
3381 405 3434 445 ut
3471 406 3603 447 col-

350 483 545 538 ftntere
570 476 776 534 fecistis
799 477 1048 533 sudorem
1073 486 1316 534 nostrum
1351 492 1531 532 coram
1559 478 1661 534 hoc
1697 485 1923 548 tyranno

352 580 411 628 et
438 568 608 625 servis
631 567 766 637 ejus,
801 576 856 624 et
893 567 1198 638 praebuistis
1241 569 1320 623 eis
1349 567 1581 636 gladium
1611 574 1670 621 ut
1713 567 1924 622 occide-

353 668 480 716 rent
517 673 634 713 nos.
666 677 686 711 ι
739 656 1029 713 Crescente
1073 657 1270 712 etenim
1325 671 1552 710 numero
1602 663 1926 725 martyrum,

354 752 636 810 crescebat
665 751 720 806 in
749 749 922 818 majus
957 749 1231 805 iracundia
1278 748 1556 819 principis,
1609 749 1928 818 augebatur~

355 857 466 913 que
496 840 738 895 fidelibus
759 839 1122 903 conturbatio,
1156 849 1215 892 ut
1251 854 1388 909 pene
1417 853 1576 894 casus
1604 839 1775 900 nostri
1797 839 1926 894 olim

297 918 305 926 ’
354 929 753 994 Pbaraonitieis
783 938 968 985 contra
995 929 1159 989 Israel
1201 930 1660 998 persccutionibus
1703 945 1925 1000 compn-

357 1027 625 1074 tareutur.
657 1018 758 1085 Qui
789 1019 929 1074 sicut
964 1019 1032 1072 ob
1063 1019 1424 1074 interventum
1465 1019 1665 1090 Moysis
1691 1020 1756 1075 ad
1785 1020 1928 1078 Pha-

355 1123 580 1164 raonem
605 1123 704 1178 pro
724 1109 920 1179 populo
960 1109 1057 1163 Dei
1100 1109 1278 1164 acrius
1317 1108 1559 1181 IEgyptii
1610 1111 1927 1177 desaeviunt,

355 1209 416 1255 et
461 1214 684 1270 operum
744 1199 1182 1269 gravissimorum
1242 1199 1568 1270 importabili
1625 1200 1931 1266 calamitate

355 1292 606 1354 subditos
637 1291 972 1370 opprimunt;
1017 1292 1088 1350 ita
1117 1305 1329 1360 quoque
1369 1301 1424 1346 et
1463 1307 1561 1346 nos
1592 1305 1661 1346 ex
1701 1307 1785 1357 eo,
1823 1307 1931 1362 quo

357 1383 534 1438 sancti
567 1381 632 1435 ad
659 1381 900 1451 prmlinm
939 1383 1354 1446 descenderunt,
1379 1389 1437 1434 ut
1479 1381 1824 1453 loquerentur
1860 1397 1929 1449 ex

357 1473 578 1526 nomine
616 1471 827 1526 Domini
866 1471 1035 1526 nostri
1065 1471 1188 1534 Jesu
1226 1471 1422 1526 Christi
1463 1459 1646 1527 coram
1683 1487 1830 1544 rege,
1877 1483 1932 1527 et

355 1564 746 1634 proﬁterentur
791 1564 1099 1619 consulibus
1144 1574 1200 1618 et
1243 1564 1514 1634 jutlicibus
1565 1565 1928 1636 evangelieam

359 1657 667 1721 veritatem,
710 1656 1104 1726 proderentque
1141 1655 1429 1710 falsitatem
1457 1656 1597 1711 vatis
1625 1657 1816 1726 iniqui,
1849 1672 1930 1712 so-

361 1743 459 1798 lito
485 1745 728 1813 asperius
751 1745 1067 1811 avertimur,
1105 1754 1159 1800 et
1188 1745 1429 1801 funditus
1469 1760 1500 1800 a
1539 1746 1800 1810 ministris
1823 1748 1933 1804 die.
1961 1726 2006 1784 Β

361 1833 668 1888 moniornm
692 1836 947 1904 perdendi
974 1836 1329 1906 insequimur.

432 1922 489 1976 2.
517 1923 758 1995 Cumque
799 1935 944 1981 tanta
989 1928 1248 1982 coarctati
1285 1929 1530 1999 angustia
1557 1930 1802 1987 crebrius
1848 1947 1938 2003 ge-

364 2030 656 2080 meremus,
681 2025 736 2072 et
760 2017 1052 2075 latentibus
1082 2035 1146 2076 ac
1177 2022 1494 2091 vagantibus
1531 2023 1686 2079 nobis
1710 2024 1810 2096 (l),
1845 2024 1938 2080 de-

363 2119 474 2164 nuo
513 2107 754 2176 pontifex
787 2109 1031 2164 horribili
1065 2126 1346 2167 carcerum
1384 2114 1570 2183 specui
1611 2116 1936 2183 traderetur,

363 2193 650 2263 nullusque
679 2197 937 2252 nobilium
963 2198 1221 2255 laicorum
1247 2201 1454 2272 ingredi
1481 2203 1624 2260 fores
1645 2216 1672 2246 ι
1695 2206 1934 2273 auderet,

363 2280 605 2338 futurum
647 2285 701 2344 in
742 2287 998 2355 perendie
1037 2291 1367 2360 ergastulum
1415 2301 1742 2360 metuentes;
1776 2296 1939 2367 cmpit

365 2390 462 2430 rex
497 2375 599 2430 alta
623 2377 814 2431 aedium
844 2388 1047 2448 petere,
1075 2381 1388 2450 scanditque
1409 2383 1634 2438 sublime
1659 2385 1932 2453 solarium,

277 2464 282 2468 ’
363 2465 559 2534 oppida
586 2465 938 2533 lnstraturus,
969 2469 1360 2539 confestimque
1387 2486 1419 2526 e
1448 2473 1667 2544 regione
1702 2474 1778 2545 (2)
1809 2491 1936 2544 pen-

365 2559 545 2614 dentia
577 2559 849 2629 stipitibus
893 2571 1204 2617 sanctorum
1233 2577 1462 2632 corpora
1490 2565 1748 2620 intuetur.
1792 2566 1934 2620 Con-

366 2648 516 2701 tinuo
542 2649 832 2716 suppositis
859 2649 1068 2719 ignibus
1112 2653 1340 2706 cremari
1383 2667 1446 2706 ea
1474 2655 1752 2724 przecepit.
1794 2654 1932 2723 Quo-

365 2750 486 2788 rum
517 2735 751 2801 cineres,
795 2738 904 2792 Deo
951 2736 1178 2803 fautore,
1211 2755 1308 2808 per
1328 2739 1444 2794 loca
1495 2752 1679 2796 sancta
1713 2743 1935 2813 repositi

364 2834 510 2880 sunt.
549 2826 637 2890 Et,
665 2841 699 2881 ο
728 2829 1042 2883 admiranda
1088 2831 1326 2900 potentia
1380 2831 1697 2896 Salvatoris,
1728 2841 1777 2888 et
1818 2840 1902 2887 stu

361 2915 538 2986 penda
568 2915 736 2970 virtus
754 2917 962 2972 Domini
988 2919 1154 2973 nostri
1178 2917 1304 2974 Jesu
1330 2919 1530 2975 Christi
1556 2921 1568 2974 !
1601 2921 1693 2991 qui
1723 2935 1935 2992 semper

364 3011 622 3080 quSiltlS
675 3011 728 3066 in
781 3012 1124 3068 tribulatione
1169 3015 1395 3077 assistit,
1446 3015 1690 3084 pulsatus
1736 3019 1926 3088 aperit,

362 3099 646 3167 invocatus
684 3102 921 3171 exaudit.
963 3102 1096 3158 Nam
1126 3119 1188 3158 os
1216 3105 1366 3169 illud,
1395 3105 1536 3174 quod
1581 3115 1795 3162 sanctos
1837 3107 1930 3163 Dei

362 3189 606 3246 comburi
656 3195 932 3270 praecepit,
981 3205 1201 3265 repente
1253 3197 1443 3251 eadem
1497 3198 1629 3252 hora
1678 3197 1934 3256 divinitus

362 3281 681 3345 obstruitur,
699 3282 874 3353 lingua
895 3299 1038 3348 vero,
1067 3287 1257 3356 angelo
1283 3288 1637 3356 percntiente,
1656 3304 1924 3360 repressa,

360 3383 462 3421 suo
498 3369 709 3424 haerens
757 3370 954 3439 palato,
986 3373 1125 3428 ultra
1179 3373 1277 3430 fari
1331 3391 1438 3430 non
1491 3377 1684 3445 potuit.
1735 3377 1932 3449 Sicque

361 3462 692 3531 portantium
729 3465 976 3536 manibus
1021 3467 1074 3520 in
1105 3474 1334 3530 stratum
1377 3469 1647 3536 reductus,
1699 3473 1929 3540 quadam

361 3552 538 3608 noctis
583 3553 752 3622 ipsius
801 3555 932 3622 liora
991 3557 1238 3634 spiritum
1288 3559 1548 3633 reddens,
1615 3563 1928 3632 priusquam

361 3656 524 3712 rogus
569 3653 876 3700 sanctorum
934 3647 1255 3703 cadaverum
1300 3652 1756 3723 exstingueretur,
1783 3655 1925 3710 idem

359 3731 469 3786 vita
494 3743 793 3804 exemptus,
824 3744 1025 3798 mterno
1069 3739 1278 3796 clibano
1307 3741 1594 3814 deputatus
1619 3752 1722 3810 est,
1766 3747 1930 3806 relin-

355 3840 531 3898 quens
559 3841 923 3890 successorem
951 3827 1161 3898 imperii
1190 3830 1466 3886 Mabomad
1489 3834 1925 3906 primogenitum,

360 3915 569 3970 hostem
601 3915 854 3988 Ecclesia:
895 3919 1007 3983 Dei,
1050 3927 1106 3974 et
1145 3920 1574 3978 Christianorum
1615 3909 1925 3982 malivolum

359 4014 775 4073 persecutorem.
833 4007 934 4074 Qui
987 4009 1222 4078 ingenito
1285 4012 1514 4080 quodam
1563 4014 1685 4068 odio
1733 4017 1927 4086 saepius

358 4093 706 4168 quaestionem
734 4095 993 4152 adversus
1021 4098 1201 4154 fideles
1221 4115 1552 4170 proponens,
1583 4119 1690 4158 non
1731 4105 1820 4161 illo
1845 4108 1926 4162 in-

359 4180 524 4238 ferior
556 4199 675 4240 esse
704 4186 908 4241 meritis
935 4189 1200 4266 apparuit,
1226 4191 1378 4260 cujus
1405 4193 1621 4248 nomine
1642 4193 1927 4264 insignitus

355 4271 676 4336 ostenditur.
710 4273 844 4330 Nam
871 4276 988 4346 ipso
1027 4279 1134 4344 die,
1162 4295 1268 4348 quo
1309 4289 1578 4350 sceptrum
1623 4285 1776 4355 regni
1829 4287 1925 4342 ad-

357 4373 514 4432 eptus
538 4372 641 4468 est,
679 4364 1012 4470 Christianos
1051 4369 1289 4425 abdicari
1326 4371 1528 4443 palatio
1546 4372 1726 4442 jussit,
1752 4376 1923 4445 digni-
1955 4407 2002 4470 ι)

360 4463 469 4528 tate
515 4456 762 4525 privavit,
808 4457 1008 4514 honore
1049 4460 1291 4517 destituit
1328 4479 1344 4517 :
1383 4463 1549 4518 multa
1587 4469 1923 4536 postmodum

357 4543 411 4610 in
444 4559 542 4599 nos
567 4545 706 4600 mala
736 4547 960 4618 irrogari
986 4549 1296 4619 disponens,
1330 4553 1374 4608 si
1405 4555 1552 4624 regni
1578 4555 1832 4614 felicitate
1873 4569 1929 4632 et

356 4636 630 4704 prosperis
674 4638 938 4706 potiretur
979 4641 1260 4694 eventibus
1305 4640 1402 4713 (5).
1451 4642 1558 4698 Nos
1605 4655 1809 4714 autem,
1846 4649 1920 4704 in-

356 4725 522 4779 stanti
572 4725 679 4780 fine
725 4729 988 4797 opusculi,
1037 4745 1185 4799 spem
1216 4739 1413 4786 nostras
1449 4732 1831 4792 incolumitatis
1868 4739 1922 4794 in

354 4813 584 4869 Domino
610 4816 952 4884 collocantes,
979 4834 1084 4873 non
1115 4820 1399 4877 timeamus
1423 4823 1552 4893 quid
1581 4826 1735 4880 nobis
1762 4825 1925 4892 faciat

353 4903 535 4960 homo.
561 4905 852 4963 Credenles
880 4923 978 4964 nos
1008 4909 1206 4980 ubique
1231 4911 1474 4967 advocati
1509 4915 1678 4970 nostri
1709 4896 1920 4977 Domini

352 4991 480 5048 Jesu
535 4994 734 5050 Christi
789 4998 1218 5067 interpellatione
1284 5001 1513 5067 salvari,
1574 5005 1666 5074 qui
1739 5007 1916 5061 dixit:

353 5084 492 5162 Ecce
535 5103 628 5158 ego
674 5088 930 5164 nobiscum
984 5108 1100 5151 sum
1142 5093 1379 5150 omnibus
1429 5095 1608 5150 diebus
1653 5113 1812 5167 usque
1851 5098 1921 5152 ad

353 5180 850 5247 consummationem
888 5181 1068 5247 δίει-ιιιὶ
1107 5181 1321 5260 (Matth.
1364 5199 1554 5253 xxvm,
1583 5184 1699 5258 20).
1726 5185 1928 5243 Amen.

1021 5362 1242 5378 ..ι-...-

423 5520 450 5549 ι
489 5506 602 5562 Hoc
654 5517 736 5564 est
776 5526 788 5562 :
835 5509 981 5572 ,domi
1015 5525 1072 5566 se
1123 5510 1464 5568 continerent
1509 5514 1716 5568 nobiles
1767 5515 1922 5571 (Ἀπ’-

349 5576 538 5642 stianl,
564 5579 754 5650 pedem
781 5579 904 5635 inde
923 5579 1116 5637 efferre
1138 5597 1242 5639 non
1267 5585 1542 5641 audentes.
1576 5584 1782 5642 Monte.

2097 467 2418 506 PLEMENTUI
2467 467 2673 506 LIBELLI
2721 469 2836 507 SIVE
2884 469 2985 508 PRO
3031 471 3157 510 OMNI
3200 474 3364 514 LAPSU
3409 475 3498 523 QUI
3548 476 3602 516 IN

2097 537 2196 577 HOC
2233 535 2400 578 OPERE
2440 536 2728 577 CONMISSUS
2753 537 2873 578 EST.

2097 653 2258 717 Ecce,
2286 654 2512 711 Domine
2535 653 2678 710 Deus
2699 670 2871 722 meus,
2892 655 3059 726 Alpha
3088 663 3144 712 et
3168 656 3388 729 Omega,
3407 659 3606 728 princi-

2027 744 2176 816 pium
2204 753 2260 800 et
2297 745 2442 812 finis,
2469 761 2630 801 verus
2659 746 2973 802 Emmanuel
3007 756 3214 814 noster,
3244 746 3456 803 initium
3482 751 3606 806 vita

2029 851 2183 902 meas,
2211 837 2486 907 plenitudo
2510 839 2704 893 animae
2729 854 2882 906 meae,
2926 840 3190 910 perfectio
3221 843 3412 898 salutis
3446 858 3604 910 mete,

2031 928 2147 989 ZCIO
2181 936 2272 984 Ι.υο
2301 943 2584 995 accensus,
2612 944 2797 985 amore
2846 939 3157 988 sanctorum
3202 941 3416 989 tuorum
3457 949 3607 990 com-

2029 1016 2234 1091 pulsus,
2260 1015 2488 1072 fratrum
2504 1019 2767 1073 charitate
2789 1029 3029 1088 coactus,
3056 1022 3553 1094 parvipendentium
3579 1035 3602 1071 ο

2031 1108 2297 1164 nutationi
2324 1123 2658 1177 compassus,
2685 1109 2810 1165 odio
2843 1111 3187 1166 inimicorum
3217 1120 3430 1168 tuorum
3457 1129 3606 1170 com-

2031 1207 2231 1265 motus,
2260 1199 2500 1262 tantillus
2530 1200 2777 1267 scientia,
2814 1201 3032 1272 ingenio
3062 1219 3276 1273 parcus,
3313 1206 3502 1260 exsilis
3529 1207 3610 1262 in-

2031 1290 2266 1354 tellectu,
2299 1291 2627 1360 spectamine
2670 1291 2925 1348 bonitatis
2970 1308 3035 1348 ac
3079 1294 3464 1350 misericordia:
3507 1305 3611 1352 tute

2030 1383 2428 1454 magnanimus,
2481 1382 2653 1438 fretus
2696 1384 2917 1454 pietate,
2963 1383 3248 1440 clementia
3299 1387 3608 1453 roboratus,

2031 1489 2343 1544 aggressum
2359 1489 2514 1544 opus,
2535 1483 2584 1529 te
2606 1473 2915 1544 adjuvante,
2931 1475 3132 1545 perfeci
3149 1485 3314 1546 atque
3341 1476 3606 1544 conclusi,

2031 1567 2174 1622 sicut
2197 1566 2368 1636 potui,
2397 1582 2503 1621 non
2535 1566 2678 1631 sicut
2705 1568 2888 1633 debui,
2913 1568 3022 1623 imo
3050 1569 3190 1631 sicut
3215 1578 3274 1624 tu
3299 1570 3430 1624 mihi
3453 1584 3612 1641 posse

2031 1653 2242 1710 dedisti.
2277 1654 2476 1724 Aperui
2510 1672 2572 1712 os
2609 1671 2810 1722 meum,
2855 1657 3095 1722 Domine,
3138 1667 3194 1716 et
3225 1657 3439 1714 locutus
3466 1674 3608 1726 sum,

2034 1744 2160 1816 quia
2187 1754 2240 1797 tu
2265 1741 2509 1814 jussisti;
2535 1755 2590 1800 et
2613 1755 2874 1816 quantum
2902 1746 3139 1812 voluisti,
3168 1747 3420 1817 implesti,
3450 1757 3612 1818 atque

2035 1836 2104 1890 ad
2133 1837 2492 1893 enarrandum
2539 1835 2809 1905 justor-um
2844 1846 3056 1892 tuorum
3091 1845 3244 1894 actus
3279 1839 3611 1908 iustissimos

2034 1943 2132 1984 cor
2154 1929 2442 1999 iniquitate
2469 1928 2735 1998 dejectum
2771 1929 3014 2000 coegisti.
3041 1929 3279 1986 Amasti
3306 1932 3375 1985 ad
3400 1945 3608 2000 praeco-

2033 2027 2272 2081 nandum
2299 2025 2487 2082 laudes
2517 2035 2636 2081 tuas
2669 2025 2995 2094 “impeditam
3022 2023 3314 2079 sceleribus
3339 2023 3608 2094 linguam;

2035 2125 2090 2172 et
2114 2132 2175 2172 os
2203 2131 2403 2182 meum,
2455 2116 2598 2186 quod
2648 2113 2781 2170 sera
2799 2114 3054 2170 vitiorum
3103 2113 3196 2168 diu
3245 2114 3610 2178 obstruxerat,

2034 2207 2212 2264 subito
2227 2207 2457 2277 quadam
2479 2206 2759 2277 praeditum
2785 2205 2998 2278 agonia,
3034 2205 3102 2259 ad
3127 2194 3217 2262 tua
3246 2203 3610 2259 elucubranda

2035 2297 2214 2353 fidelia
2244 2305 2564 2353 testamenta
2592 2296 2861 2351 reserasti.
2895 2294 3154 2360 Verebar,
3200 2293 3425 2348 Domine
3469 2292 3611 2349 Deus

2035 2401 2208 2450 meus,
2233 2401 2397 2456 opera
2440 2400 2582 2450 mea,
2628 2392 2682 2438 et
2711 2384 2974 2441 sollicitus
3005 2383 3075 2445 de
3120 2381 3340 2452 proprio
3386 2393 3611 2438 manens
3671 2379 3675 2388 ’

2033 2474 2296 2540 facinore,
2349 2473 2476 2530 licet
2505 2472 2902 2528 emendationis
2954 2469 3230 2526 differrem
3275 2469 3598 2536 remedium,

2033 2565 2335 2620 meditabar
2363 2571 2541 2618 tamen
2588 2563 2655 2618 de
2703 2561 3080 2630 iniquitatibus
3123 2560 3260 2615 meis
3286 2573 3453 2630 penes
3496 2573 3612 2613 me-

2032 2657 2320 2725 metipsum
2349 2656 2632 2724 probatum
2680 2654 2873 2722 smpius
2907 2652 3276 2708 testimonium
3326 2665 3342 2703 :
3381 2663 3611 2720 perpen-

2034 2745 2224 2800 debam
2251 2743 2534 2814 judicium,
2557 2742 2796 2798 debitum
2821 2741 2924 2796 mei
2954 2749 3140 2795 reatus
3166 2739 3470 2809 cogitabam
3497 2737 3612 2792 vin~

2033 2833 2254 2889 dicium.
2295 2832 2362 2886 Et
2410 2847 2532 2887 cum
2572 2832 2713 2900 apud
2759 2840 2811 2886 te
2853 2830 3101 2885 notitiam
3145 2827 3275 2884 facti
3323 2827 3404 2882 sui
3453 2842 3610 2882 mens

2034 2931 2375 2986 consternata
2399 2921 2649 2992 deliquiis
2665 2935 2883 2977 manere
2911 2926 3278 2991 cognosceret,
3303 2919 3392 2973 vix
3411 2917 3606 2974 coelum

2035 3015 2615 3070 audebat'intendere.
2663 3014 2744 3068 Tu
2795 3029 2923 3068 vero
2969 3013 3206 3084 linguam
3244 3025 3420 3066 meam
3455 3009 3609 3080 quasi

2035 3104 2350 3158 ministeriis
2382 3104 2488 3158 tuis
2515 3112 2693 3173 aptam
2725 3103 2792 3157 ad
2824 3109 3163 3157 sacramenta
3193 3099 3432 3155 caelestia
3462 3097 3607 3154 ordi-

2035 3194 2210 3248 nanda
2261 3193 2501 3264 dignaris
2547 3193 2844 3262 impellere.
2875 3189 3010 3245 Nam
3057 3188 3202 3258 quod
3227 3188 3438 3258 exiguis
3471 3186 3610 3242 meis

2033 3282 2244 3338 meritis
2281 3283 2566 3338 materiam
2598 3282 2734 3336 tanti
2769 3281 2950 3336 meriti
2977 3288 3295 3336 construere
3320 3278 3605 3345 intentavi,

2033 3380 2088 3428 et
2113 3371 2254 3442 quod
2284 3372 2595 3427 immundus
2620 3372 2815 3426 munda
2840 3369 3094 3433 disserui,
3117 3379 3172 3424 et
3195 3369 3336 3440 quod
3358 3368 3610 3424 sordidus

2033 3471 2220 3518 saneta
2269 3470 2578 3516 sanctorum
2627 3461 2897 3530 disposui;
2931 3475 3038 3514 non
3082 3459 3349 3529 superbia:
3396 3467 3609 3513 tumore

2033 3552 2316 3616 subnixus,
2356 3550 2450 3604 sed
2477 3550 2696 3604 humilis
2721 3557 2776 3604 et
2801 3548 3066 3618 abjeetus,
3107 3547 3279 3616 gratia
3321 3546 3607 3615 acquiren-

2032 3644 2224 3698 dorum
2276 3642 2642 3712 praemiorum,
2691 3649 2746 3697 et
2784 3640 3088 3711 patrocinio
3115 3638 3355 3709 potiendi
3397 3646 3608 3694 sancto-

2032 3751 2152 3791 rum
2189 3735 2292 3791 hoc
2337 3734 2422 3804 egi
2461 3749 2475 3788 :
2508 3733 2593 3793 vel
2618 3743 2766 3789 certe
2803 3742 2861 3789 ut
2901 3746 3069 3802 penes
3111 3738 3164 3787 te
3204 3731 3452 3802 ingratus
3495 3746 3604 3786 non

2031 3838 2207 3880 essem
2251 3823 2435 3878 talenti
2459 3823 2662 3888 collati,
2705 3831 2799 3878 aut
2835 3823 2998 3878 etiam
3025 3837 3092 3876 ne
3116 3835 3204 3876 res
3231 3819 3367 3876 coelo
3408 3821 3603 3890 dignae,

2027 3914 2178 3970 nullo
2199 3912 2542 3981 astipulante,
2574 3912 2832 3968 oblivioni
2857 3911 3200 3967 traderentur
3235 3910 3481 3980 perenni.

2101 4001 2204 4068 Tu,
2228 4000 2452 4054 Domine
2475 4001 2616 4056 Deus
2637 4017 2810 4065 meus,
2836 4001 2984 4065 scisti
3007 3999 3257 4054 affectum
3290 4013 3492 4065 meum,
3517 4014 3607 4069 pev.

2029 4091 2258 4148 netrasti
2285 4091 2660 4156 intentionem,
2696 4100 2880 4147 votum
2924 4091 3260 4155 intellexisti,
3291 4098 3348 4145 et
3385 4104 3604 4156 causam
3679 4078 3686 4084 ’

2030 4183 2156 4245 talia
2207 4181 2606 4242 commentandi
2666 4197 2772 4236 non
2825 4181 3104 4256 ignorasti.
3150 4179 3230 4234 Tu
3256 4179 3483 4250 parvulo
3523 4178 3606 4232 in-

2028 4275 2286 4331 stinctum
2332 4271 2560 4336 dedisti,
2605 4271 2969 4326 miserrimum
3017 4268 3270 4338 atljuvisti
3325 4277 3600 4340 conatum,

2028 4363 2248 4442 erexisti
2272 4363 2338 4418 ad
2369 4363 2591 4433 grandia
2618 4360 2962 4425 imbecillem,
2993 4369 3050 4416 et
3076 4359 3369 4415 invalidum
3396 4359 3603 4414 animo-

2031 4472 2148 4524 sum
2193 4455 2390 4512 fecisti.
2441 4455 2626 4525 Neque
2658 4455 2823 4519 enim,
2869 4453 3097 4508 Domine
3148 4454 3291 4510 Deus
3330 4467 3504 4518 meas,
3536 4451 3602 4507 ad

2031 4555 2178 4616 tanta
2206 4563 2290 4602 me
2314 4547 2654 4616 praelectum
2685 4545 2805 4601 fieri
2832 4545 3083 4613 opinatus
3113 4559 3256 4610 sum,
3283 4552 3343 4599 ut
3361 4558 3462 4614 ego
3486 4551 3604 4612 tan-

2026 4637 2149 4711 dem
2198 4651 2374 4700 essem
2416 4636 2764 4697 elucubrator
2806 4642 3084 4704 gestorum
3126 4641 3459 4696 sanctorum,
3509 4630 3601 4699 qui

2025 4741 2174 4789 eram
2201 4725 2444 4794 gravium
2465 4733 2717 4794 operator
2738 4723 3132 4794 peccaminum.
3156 4721 3409 4793 Nunquid
3433 4721 3480 4775 si
3501 4734 3602 4790 ego

2024 4815 2276 4878 mentior,
2307 4823 2362 4872 tu
2392 4815 2544 4868 testis
2569 4830 2674 4870 non
2721 4814 2814 4868 es?
2855 4813 2900 4868 si
2940 4812 3135 4868 falsum
3180 4821 3383 4876 astruo,
3423 4803 3602 4868 nonne

2024 4903 2207 4960 vides?
2250 4903 2296 4958 si
2337 4903 2494 4958 aliter
2523 4919 2682 4973 quam
2725 4903 2826 4958 fuit
2865 4903 3093 4968 aflirmo,
3125 4912 3181 4958 tu
3221 4901 3422 4972 poteris
3451 4901 3598 4970 igno-

2023 4994 2191 5050 rare?
2216 4993 2273 5048 Si
2292 5010 2398 5048 non
2425 4992 2641 5064 profero
2668 4995 2976 5058 veritatem,
3005 5009 3110 5048 non
3134 4993 3303 5046 latere
3323 5000 3374 5046 te
3395 4997 3597 5060 potest,

2023 5085 2116 5155 qui
2136 5085 2315 5141 omnia
2340 5084 2503 5140 nosti.
2535 5083 2694 5139 Certe
2743 5093 2800 5139 tu
2837 5091 3030 5140 cuncta
3059 5081 3387 5142 consideras,
3436 5094 3596 5150 pene-

2028 5185 2138 5231 tras
2175 5176 2448 5241 universa,
2481 5184 2748 5232 secretum
2773 5174 3046 5244 intelligis,
3077 5171 3230 5226 vides
3251 5171 3595 5242 profundum,

2024 5281 2290 5336 omneque
2331 5267 2424 5323 tibi
2457 5276 2604 5336 patet
2627 5282 2907 5331 arcanum,
2939 5272 2996 5320 et
3021 5272 3188 5318 totum
3234 5263 3289 5318 in
3340 5263 3596 5333 praesenti

1998 5355 2120 5412 tibi
2164 5371 2407 5422 manens,
2453 5355 2785 5428 praeteritum
2832 5364 2887 5410 et
2913 5353 3153 5409 futurum
3177 5352 3233 5408 in
3265 5361 3358 5409 tuo
3401 5362 3593 5410 cuncta

2098 5510 2126 5552 ι’
2159 5509 2249 5566 Sic
2275 5511 2374 5565 fuit
2397 5512 2450 5566 in
2479 5509 2773 5580 exemplari
2799 5509 2887 5564 hic
2911 5507 3120 5573 titulus,
3145 5506 3595 5578 quemadmodum

2023 5591 2073 5638 et
2100 5582 2187 5638 ille
2211 5583 2483 5649 sequentis
2505 5581 2828 5651 precationis
2879 5580 3086 5639 Μοιιλι..

2099 5663 2119 5691 ο
2159 5651 2366 5706 Scltott.
2397 5651 2691 5706 mutationi.
