4094 6346
577 312 682 370 799

1684 305 1742 363 Β.
1781 297 2057 364 EULOGII
2091 305 2407 364 ARCHIEP.
2447 307 2694 366 TOLET.

3712 315 3822 375 800

577 421 847 490 volumine
899 423 1254 478 ascribentur.
1329 420 1397 475 Et
1454 419 1596 489 quod
1648 419 1998 489 inspiratione
2051 427 2141 473 tua
2169 425 2215 483 Α
2244 428 2438 476 cuncta
2461 435 2582 491 quae
2614 419 2708 476 tibi
2733 418 2966 484 obstant,
3005 427 3257 493 tuamque
3299 422 3630 482 voluntatem
3659 433 3818 488 refel-

577 513 728 573 mens
777 524 1066 587 provocata
1116 513 1424 576 ruminavit,
1475 519 1530 565 et
1575 511 1717 580 quod
1751 511 1976 580 praedita
2028 524 2142 564 coe-

576 606 794 676 lestium
845 605 1138 675 gratiarum
1193 604 1390 658 virtute
1446 601 1650 666 elicuit,
1699 610 1756 656 et
1798 602 1942 672 quod
1991 593 2144 656 vana:

575 689 751 750 laudis
774 693 1044 750 stimulata
1073 691 1571 762 compunctionibus
1594 689 1881 755 all'ectavit,
1909 699 1964 746 et
2000 691 2144 761 quod

577 785 774 842 ibidem
811 784 959 854 lapsu
1001 783 1193 852 lingua:
1224 780 1412 835 nolens
1442 780 1696 846 incurrit,
1721 780 1860 850 apud
1907 789 1960 834 te
1988 797 2144 852 repo-

562 881 678 944 sita
707 887 946 943 manent,
982 877 1337 943 universaque
1375 873 1480 928 tuis
1507 873 1963 928 examinationum
1991 873 2141 929 libris

571 980 794 1027 exarata
818 977 964 1025 sunt.

643 1061 779 1116 Hinc
808 1060 873 1113 ad
903 1066 973 1123 te,
1001 1056 1225 1112 Domine
1271 1056 1411 1111 Deus
1451 1071 1624 1120 meus,
1669 1055 1820 1110 vario
1859 1064 2142 1126 corruptus

573 1149 812 1203 facinore
836 1147 1068 1211 rediens,
1100 1145 1427 1214 multiplicus
1454 1145 1677 1210 scelere,
1703 1145 1985 1212 iniquitate
2001 1160 2138 1213 prae-

571 1238 768 1306 largus,
792 1249 993 1305 quaeso,
1025 1243 1168 1304 peto,
1210 1233 1459 1302 imploro,
1499 1233 1644 1288 utde
1671 1233 1757 1286 illa
1794 1233 2140 1287 ineil‘abilium

570 1326 971 1382 clementiarum
1002 1327 1127 1380 sede
1156 1326 1312 1380 beata
1342 1326 1716 1380 obsecrantem
1753 1325 2018 1389 intendas,
2048 1341 2138 1379 as-

567 1417 736 1486 picias
761 1426 1188 1481 consternatum,
1229 1417 1374 1471 adsis
1398 1418 1628 1487 roganti,
1671 1427 1730 1471 ut
1782 1418 1931 1487 prius
1961 1417 2140 1474 abdita

563 1506 746 1560 cordis
803 1505 906 1559 mei
952 1499 1271 1568 emundans,
1334 1505 1560 1560 liberum
1613 1506 1666 1560 in
1726 1505 2034 1560 conﬁtendo
2089 1515 2141 1560 te

566 1609 778 1664 semper
821 1602 1044 1649 statuas.
1086 1589 1398 1664 Purgesque
1449 1595 1642 1650 deinde
1686 1593 1861 1648 satum
1897 1594 2139 1664 Opusculi

565 1681 746 1750 hujus,
780 1681 824 1736 si
851 1682 979 1750 quid
1005 1681 1227 1736 zizaniae
1254 1681 1403 1751 pravi
1433 1697 1622 1737 sensus
1659 1682 1869 1742 subtilis
1903 1680 2137 1737 circum-

566 1773 747 1826 ventio
777 1773 1062 1828 tentatoris
1095 1773 1147 1826 in
1173 1789 1256 1838 ea,
1286 1789 1373 1828 me
1397 1788 1501 1827 non
1528 1774 1760 1838 volente,
1794 1774 2058 1843 aspersit;
2093 1775 2136 1829 si

565 1864 708 1932 quod
755 1863 1003 1917 [oliorum
1049 1865 1216 1919 devize
1256 1863 1667 1934 prosecutionis,
1716 1857 1995 1934 ignorante
2025 1879 2136 1932 me,

567 1951 872 2006 seminavit.
921 1951 1192 2021 Quidquid
1235 1953 1431 2007 ibidem
1474 1954 1675 2007 erroris
1706 1967 1832 2008 casu
1882 1953 2134 2023 respirat,

557 2041 826 2111 quidquid
858 2050 1074 2097 resonat
1100 2041 1420 2113 impolitum,
1457 2045 1714 2115 quidquid
1753 2061 1783 2099 a
1821 2053 1871 2100 te
1899 2045 2133 2104 alienum

562 2139 668 2196 est,
697 2132 954 2202 quidquid
985 2149 1014 2186 a
1045 2140 1095 2188 te
1126 2133 1310 2203 procul
1341 2141 1444 2200 est,
1470 2149 1630 2190 omne
1656 2135 1796 2204 quod
1822 2143 1872 2189 te
1903 2135 2132 2206 ignorat,

2248 513 2380 579 lunt,
2403 522 2458 568 et
2490 514 2736 569 nesciunt
2775 513 3062 584 pietatem;
3116 524 3171 570 tu
3213 525 3429 584 cuncta,
3477 521 3822 590 omnipotens

2245 603 2384 658 Deus
2417 619 2591 668 meus,
2616 603 2868 668 erudera,
2894 604 3052 659 ablue
3081 607 3357 673 universa,
3388 617 3608 679 totaque
3627 612 3820 680 put-ilio

2244 695 2415 748 cando
2458 693 2771 760 sanctifica;
2804 703 2864 748 ut
2910 703 3017 749 tam
3047 697 3114 751 sit
3142 698 3368 754 Domino
3401 700 3512 754 Deo
3557 715 3681 755 meo
3719 702 3822 758 hoc

2243 797 2376 852 opus
2406 791 2709 852 acceptum,
2739 798 2901 852 quam
2923 784 3124 840 sanctis
3158 787 3364 858 angelis
3395 789 3503 843 tuis
3536 789 3819 858 gratiosis-

2243 873 2458 927 simum.
2510 872 2766 942 Impetret
2809 873 2941 930 mihi
2991 876 3219 945 gratiam
3275 887 3458 942 tuam,
3506 888 3820 934 sanctorum

2241 959 2457 1016 hauriat
2477 961 2926 1026 benedictionem,
2959 963 3196 1018 obtineat
3224 980 3408 1034 pacem
3425 965 3818 1022 Ecclesiarum.

2245 1052 2458 1107 Deferat
2489 1052 2583 1106 tibi
2611 1051 2894 1106 articulum
2929 1055 3186 1122 temporis
3209 1053 3389 1122 hujus,
3417 1065 3708 1110 recenseat
3732 1072 3822 1111 co-

2242 1158 2358 1197 ram
2389 1150 2440 1198 te
2461 1141 2642 1212 populi
2665 1141 2739 1196 tui
2763 1142 3117 1205 calamitates,
3148 1152 3306 1212 teque
3343 1159 3508 1214 super
3535 1144 3818 1204 latibulum

2241 1246 2441 1294 meum,
2466 1245 2572 1300 quo
2601 1231 2702 1286 ista
2743 1231 2906 1294 dicto,
2953 1241 3200 1301 respectu
3247 1231 3537 1290 miserandi
3589 1248 3819 1288 conver~

2242 1331 2384 1386 tens,
2413 1322 2582 1377 diluat
2634 1337 2794 1376 omne
2844 1321 3074 1387 facinus,
3103 1322 3168 1376 ad
3214 1323 3357 1392 quod
3401 1337 3489 1376 me
3527 1323 3821 1382 tentatoris

2242 1399 2481 1467 versutia
2514 1412 2620 1466 ritu
2648 1411 2834 1482 priori,
2874 1413 3098 1467 cedente
3142 1412 3454 1483 fragilitate,
3495 1412 3693 1470 illexit.
3740 1413 3822 1468 Sit

2241 1515 2427 1561 custos
2455 1520 2666 1560 corona:
2696 1519 2848 1570 mem,
2873 1505 2943 1559 sit
2971 1512 3114 1558 tutor
3137 1504 3259 1558 vita:
3282 1497 3436 1568 mete,
3469 1503 3541 1558 sit
3565 1503 3676 1558 mei
3705 1519 3822 1573 pro-

2240 1605 2426 1651 vector
2449 1596 2514 1650 ad
2537 1594 2758 1666 prmmia
2789 1593 3134 1663 sempiterna,
3157 1601 3218 1648 ut
3245 1593 3384 1646 idem
3415 1608 3514 1662 per
3543 1600 3598 1647 te
3619 1593 3821 1648 sancti-

2239 1685 2451 1751 ﬁcatUs,
2479 1683 2784 1739 Memoriale
2823 1693 3126 1738 sanctorum
3155 1683 3384 1745 dicatur,
3434 1691 3490 1735 et
3538 1697 3626 1735 me
3681 1682 3821 1735 inter

2173 1761 2212 1820 Β
2241 1775 2529 1830 memorias
2578 1774 2873 1830 electorum
2918 1783 3130 1829 tuorum
3161 1788 3256 1828 sua
3295 1771 3616 1826 conscribas
3663 1771 3820 1824 obse-

2239 1867 2499 1922 cratione.
2525 1863 2630 1919 Per
2661 1874 2712 1918 te
2744 1863 3027 1918 Deminum
3058 1869 3322 1925 nostrum,
3351 1860 3446 1928 qui
3490 1874 3616 1914 cum
3653 1857 3815 1913 Patre

2238 1968 2294 2013 et
2332 1957 2532 2026 Spiritu
2559 1964 2746 2010 sancto
2772 1969 2931 2019 unus,
2977 1954 3355 2024 sempiternus,
3389 1959 3445 2007 et
3487 1948 3816 2012 immortalis

2237 2062 2296 2104 es
2327 2048 2470 2118 Deus
2495 2047 2548 2101 in
2574 2045 2768 2101 saacula
2789 2044 3131 2101 saeculorum.
3155 2043 3346 2097 Amen.

1767 2422 2060 2502 LIBER
2137 2423 2612 2509 TERTIUS.

1153 2668 1540 2725 PREFATIO.

633 2759 771 2816 Cum
801 2759 963 2830 igitur
1004 2761 1421 2830 prmcedeutium
1458 2760 1790 2816 voluminum
1834 2760 2003 2816 series
2049 2759 2131 2814 af-

571 2851 722 2905 fatim
758 2851 1044 2920 impiorum
1087 2851 1478 2915 crudelitatem,
1524 2865 1644 2919 quae
1683 2848 1774 2904 diu
1805 2851 2134 2920 inexpugna-

565 2943 752 2996 bilium
785 2944 1021 2998 virorum
1066 2943 1424 2999 constantiam
1471 2943 1620 2996 enisa
1668 2949 1750 2996 est
1777 2941 2022 3012 fatigare.
2053 2942 2132 2996 di-

565 3033 812 3101 gesserit,
840 3046 1074 3102 veroque
1125 3030 1440 3086 assertionis
1473 3047 1658 3102 gressu
1689 3038 1871 3095 ortus,
1920 3039 2128 3095 aetates,
2160 3079 2202 3102 η

564 3132 824 3192 actusque
851 3123 1136 3194 belligeros
1161 3131 1438 3192 percurrat
1467 3131 1810 3188 sanctorum;
1864 3121 1982 3192 plus
2031 3122 2130 3176 ali-

565 3215 693 3284 quid
738 3230 880 3279 reor,
908 3216 1128 3269 saevitim
1151 3216 1204 3269 in
1232 3231 1331 3271 nos
1359 3217 1704 3272 commissum
1749 3217 1938 3272 tertius
1961 3217 2049 3271 hic
2071 3217 2134 3271 li-

563 3307 663 3360 ber
691 3320 794 3360 non
824 3306 941 3361 sine
969 3307 1168 3378 ingenti
1193 3308 1414 3362 vulnere
1439 3308 1658 3376 pandet.
1681 3308 1792 3363 Nec
1811 3323 1898 3362 me
1919 3309 2133 3378 quidem

564 3395 858 3464 supercilio
903 3396 1186 3466 arrogandi
1240 3397 1344 3452 hac
1389 3397 1674 3453 occasione
1712 3399 1788 3452 uti
1835 3399 2132 3464 intendant,

565 3487 708 3554 quod
741 3474 904 3540 tanta:
926 3487 1162 3542 materiae
1189 3489 1339 3556 parvi
1362 3488 1672 3556 admodum,
1699 3498 1755 3544 et
1780 3472 1871 3560 (ut
1891 3491 1962 3544 ita
1988 3491 2137 3549 dixe—

564 3576 690 3646 rim)
741 3577 986 3632 vilissimi
1029 3578 1281 3648 ingenioli
1332 3579 1583 3634 fulcimen
1634 3581 1998 3648 adhibuerim;
2044 3591 2139 3638 aut

563 3666 700 3721 forte
744 3682 851 3722 non
893 3683 980 3724 res
1005 3683 1161 3723 veras
1209 3685 1310 3724 nos
1359 3670 1704 3727 elucubrasse
1758 3674 2134 3740 condemnem,

560 3755 651 3824 qui
678 3769 742 3810 eo
783 3755 974 3810 intuitu
1016 3759 1194 3827 operis
1235 3759 1392 3828 hujus
1437 3761 1874 3816 concinnavimus
1903 3772 2136 3817 structu-

562 3861 698 3910 ram,
716 3853 822 3916 quo
843 3848 1096 3902 nimirum
1123 3849 1304 3903 omnia
1331 3851 1581 3920 aequitate
1601 3851 1832 3906 districti
1858 3852 2056 3922 judieis
2081 3855 2133 3908 in

560 3933 742 3990 futuro
767 3939 1016 3991 novimus
1045 3937 1407 4004 dijudieanda,
1431 3955 1588 4009 quem
1621 3955 1717 3995 nec
1745 3940 1928 3995 fallere
1957 3944 2134 3998 abdita

561 4023 968 4092 cogitationum,
988 4040 1089 4079 nec
1117 4025 1348 4095 qualitas
1374 4042 1596 4097 operum
1623 4037 1818 4098 potest.
1849 4030 1981 4084 Nam
2011 4046 2128 4102 ego,

561 4115 654 4182 qui
690 4115 803 4170 scio
839 4130 936 4169 suo
966 4130 1230 4185 quemque
1265 4119 1415 4172 oneri
1455 4135 1638 4174 coram
1683 4121 1908 4176 Domino
1951 4122 2132 4190 subja-

561 4217 706 4268 cere,
735 4219 832 4259 cur
855 4205 1086 4275 propriis
1120 4207 1208 4260 diu
1235 4217 1512 4278 gravatam
1558 4211 1914 4266 substantiam
1957 4228 2132 4268 meam

563 4296 790 4352 molibus
833 4308 1058 4354 externo
1112 4299 1349 4370 pondere
1396 4301 1700 4370 deprimere
1747 4301 1972 4357 vellem?
2028 4304 2137 4359 Aut

2235 2667 2521 2730 locutionis
2578 2667 2916 2734 residemus,
2973 2666 3235 2738 pigroque
3279 2665 3365 2739 (ut
3413 2667 3488 2721 ita
3543 2669 3818 2742 dixerim)

2235 2773 2421 2827 gressu
2461 2758 2550 2816 vix
2581 2756 2962 2828 opusculorum
2995 2757 3218 2812 limitem
3249 2757 3654 2827 contingentes,
3695 2761 3814 2814 ubi-

2235 2866 2339 2922 que
2369 2853 2527 2907 (iuem
2582 2851 2830 2922 loquendi
2881 2861 3147 2921 optamus.
3187 2852 3253 2906 Et
3283 2863 3410 2908 tunc
3457 2855 3635 2926 magis
3698 2873 3808 2912 ma-

2235 2943 2424 3012 gisque
2452 2943 2643 2998 debilis
2665 2943 2846 2997 viator
2873 2951 3180 3012 quassatur,
3217 2957 3336 2996 cum
3365 2957 3424 2997 se
3439 2941 3556 3010 jam
3591 2947 3662 3000 de
3701 2961 3814 3014 per.

2232 3033 2484 3092 ventione
2519 3032 2726 3086 itineris
2753 3032 2985 3103 gaudere
3026 3047 3273 3101 sperans,
3312 3032 3486 3100 denuo
3506 3049 3573 3088 ex
3611 3035 3813 3106 impro-

2236 3124 2351 3178 viso
2379 3137 2657 3193 emergere
2709 3121 2811 3176 sibi
2841 3122 3018 3176 adhuc
3045 3123 3376 3192 inopinatum
3419 3123 3810 3180 conﬁciendum

2235 3214 2408 3268 cernit
2431 3213 2683 3282 spatium.
2720 3211 2872 3266 Unde
2897 3219 2952 3265 et
2974 3225 3090 3274 nos,
3125 3211 3216 3281 qui
3238 3211 3347 3281 jam
3372 3211 3557 3267 finisse
3579 3229 3810 3284 epuscu-

2235 3307 2345 3366 lum
2395 3305 2784 3368 credebamus,
2829 3317 2893 3357 ac
2941 3302 3104 3358 veluti
3147 3302 3505 3372 procellosum
3558 3320 3713 3360 mare
3762 3307 3812 3359 in

2237 3398 2516 3469 naufragio
2591 3395 2969 3458 transmissum
3040 3394 3262 3465 remigio
3333 3395 3698 3460 laetabamur,
3765 3405 3817 3450 et

2235 3490 2402 3560 optati
2446 3496 2631 3560 portus
2688 3485 2822 3548 salvi
2877 3484 3186 3539 fruebamur
3222 3485 3432 3554 quiete;
3486 3502 3636 3540 nunc
3675 3485 3814 3540 aliud

2237 3580 2454 3634 fortuito
2483 3586 2802 3642 contuemur
2848 3574 3252 3645 supervenisse,
3299 3574 3442 3644 quod
3481 3589 3664 3644 opem:
3694 3591 3810 3644 pre-

2240 3672 2368 3725 tium
2399 3667 2692 3737 prtemissis
2729 3665 3003 3736 opusculis
3050 3665 3120 3719 sit
3161 3663 3486 3718 addendum.
3520 3665 3812 3718 Tendimus

2234 3761 2397 3830 igitur
2439 3758 2701 3829 parcitate
2736 3757 2998 3816 facundia:
3026 3755 3305 3821 coarctati,
3335 3755 3608 3809 tendimus
3647 3755 3814 3808 immi-

2235 3849 2477 3904 nentium
2518 3848 2952 3919 persecutionum
2984 3844 3204 3906 casibus
3235 3844 3521 3914 occupati;
3556 3853 3614 3898 et
3661 3843 3808 3914 quasi

2235 3942 2289 3996 in
2316 3940 2651 4003 contrarium
2683 3946 2843 3994 vento
2869 3947 3142 4008 surgente,
3173 3936 3227 3990 in
3267 3934 3435 3988 altum
3466 3949 3567 3989 nos
3595 3936 3810 3989 demum

2235 4030 2512 4086 devolutos
2540 4029 2760 4099 pelagus
2791 4025 3233 4082 inhorrescimus.
3267 4023 3606 4079 Conﬁdimus
3633 4033 3810 4079 autem

2233 4121 2354 4190 ejus
2383 4133 2479 4173 nos
2503 4119 2876 4173 incunctanter
2907 4111 3454 4184 bonitatisjuvamine
3475 4113 3806 4183 prosperari,

2234 4208 2328 4278 qui
2360 4209 2549 4278 dignos
2595 4221 2692 4261 nos
2730 4221 2918 4261 eorum
2953 4204 3073 4259 visu
3111 4212 3168 4259 et
3193 4203 3432 4257 amicitia
3471 4202 3808 4272 dijudicavit,

2234 4307 2294 4354 ut
2319 4312 2547 4367 quorum
2574 4295 2889 4358 fruebamur
2916 4292 3222 4358 dulcedine,
3259 4292 3422 4354 etiam
3463 4292 3688 4364 tropazis
3715 4291 3811 4346 im-

562 4387 691 4457 quid
737 4387 999 4442 commodi
1054 4388 1319 4458 compicto
1374 4389 1654 4443 mendacio
1715 4389 1846 4448 mihi
1898 4392 2130 4447 conferri
2159 4393 2552 4484 Dbueremur.

561 4492 858 4547 sperarem,
881 4491 946 4532 ex
975 4479 1118 4533 omni
1153 4478 1492 4547 postmodum
1515 4478 1682 4531 verbo
1712 4478 1969 4534 rationem
1999 4497 2131 4550 pen-

561 4567 758 4622 suros?
805 4566 912 4622 Sed
956 4568 1082 4622 hinc
1125 4569 1362 4638 agitatur
1409 4567 1584 4622 tenuis
1633 4567 1871 4623 scientim
1920 4572 2127 4627 venulis

561 4672 716 4712 mens
743 4665 1012 4722 contenta,
1038 4658 1181 4728 quod
1209 4671 1342 4722 rem,
1367 4673 1471 4710 non
1494 4657 1668 4711 dicam
1696 4658 1871 4729 magni
1895 4657 2126 4716 ﬂuminis

560 4739 972 4819 tantummodo,
1022 4766 1206 4806 verum
1262 4751 1424 4806 etiam
1481 4750 1725 4804 immensi
1772 4751 2003 4820 aequoris
2050 4752 2130 4805 af-

558 4839 773 4896 ﬂuentia
830 4840 1137 4895 necessario
1185 4840 1514 4910 irrigandam
1561 4848 1812 4903 attentat,
1858 4857 1976 4911 qua:
2033 4843 2124 4898 vix

558 4931 860 5002 parvissimi
890 4929 1150 4984 stillicidii
1178 4929 1428 4984 sudorem
1471 4930 1730 4994 irrorans,
1763 4931 1914 4999 quasi
1962 4947 2124 5000 quas-

558 5019 681 5074 dam
705 5019 941 5076 eoactitii
966 5028 1022 5073 et
1045 5019 1239 5073 extorti
1263 5018 1486 5088 liquoris
1509 5018 1745 5090 guttulas
1765 5018 1999 5088 profluit.
2018 5021 2126 5076 Nec

559 5110 628 5165 ab
655 5126 713 5167 re
755 5111 880 5168 fessi
919 5111 1140 5167 viatoris
1165 5111 1570 5182 comparatione
1615 5112 1883 5182 impetiar,
1915 5113 2005 5182 qui
2049 5115 2128 5168 vi-

557 5216 687 5272 gore
727 5201 922 5256 virium
975 5210 1294 5267 enervatus,
1333 5202 1530 5271 saepius
1578 5201 1631 5255 in
1679 5201 1873 5257 itinere
1912 5203 2124 5270 sedens,

558 5307 627 5349 eo
647 5294 1018 5350 vehementius
1065 5293 1426 5358 eonlassatur,
1462 5309 1570 5362 quo
1611 5293 1854 5350 crebrius
1882 5311 1978 5366 per
2009 5297 2124 5351 loca

559 5385 708 5440 varia
737 5395 1132 5456 compausatur.
1175 5386 1249 5441 lta
1300 5394 1355 5441 et
1410 5399 1508 5441 nos
1539 5385 1703 5442 totius
1745 5386 2008 5446 ubertatis
2034 5405 2128 5444 ex-

555 5486 735 5548 pertes
787 5477 1052 5546 scientiae,
1089 5478 1243 5550 quasi
1297 5477 1577 5535 debilitate
1616 5479 1783 5550 gradu
1831 5495 1931 5552 per
1983 5483 2125 5538 invia

2727 4502 2952 4559 CAPUT
3007 4501 3294 4558 PRIMUM.

2561 4621 2780 4676 Initium
2820 4620 2961 4690 regni
2999 4616 3283 4672 Mahamad
3325 4617 3478 4686 regis.

2303 4756 2590 4819 Caeterum,
2621 4763 2679 4806 ut
2726 4752 2778 4814 in
2822 4750 2929 4806 ﬁne
2982 4748 3204 4805 secundi
3257 4747 3436 4817 cperis
3488 4754 3806 4802 annotatum

2232 4857 2339 4918 est,
2369 4847 2560 4915 adepto
2612 4842 2895 4904 Mahomad
2927 4841 3095 4911 patris
3142 4839 3388 4908 imperio,
3440 4836 3728 4892 confestim
3755 4839 3806 4891 in

2232 4945 2535 5010 promptum
2573 4934 2754 4990 odium
2789 4939 2974 4989 contra
3003 4946 3100 4988 nos
3126 4943 3482 5001 prorumpens
3501 4968 3517 4992 ,
3549 4929 3669 4998 ipso
3697 4929 3808 4993 die,

2229 5044 2334 5100 quo
2363 5027 2596 5085 fascibus
2643 5023 2919 5086 infulatus,
2962 5021 3154 5084 solium
3195 5027 3518 5089 regnaturus
3544 5033 3808 5072 conscen-

2228 5123 2334 5186 dit,
2365 5118 2702 5176 Christianos
2737 5129 2926 5178 omnes
2969 5111 3166 5183 palatio
3213 5109 3503 5170 abdicans,
3557 5106 3808 5177 indignos

2227 5211 2363 5271 aula:
2397 5205 2995 5282 principalimlnistcrio
3017 5199 3400 5273 promulgavit,
3436 5197 3588 5264 Quos
3607 5198 3805 5259 iterum

2227 5314 2350 5378 post
2375 5321 2480 5360 non
2522 5303 2680 5372 longo
2705 5297 2988 5354 intervallo
3025 5295 3125 5350 sub
3168 5291 3451 5348 tributario
3473 5304 3638 5343 censu
3667 5304 3806 5358 prze-

2230 5398 2490 5457 scribens,
2517 5392 2699 5463 plures
2721 5389 2942 5460 praemio
2968 5387 3132 5459 regali
3164 5385 3419 5456 privavit,
3456 5381 3552 5450 qui
3597 5380 3800 5439 dudum

2229 5483 2550 5543 militaribus
2596 5494 2624 5523 ι
2675 5480 3034 5536 vescebantur
3087 5475 3334 5532 annonis.
3369 5472 3435 5527 Et
3485 5471 3612 5542 quia
3667 5472 3799 5525 seri.

627 5623 650 5650 ι
705 5611 760 5666 ln
807 5611 1029 5671 Sanctia
1076 5629 1312 5687 martyre
1372 5614 1439 5676 de
1509 5614 1593 5677 his
1630 5613 1951 5673 Christianis
1998 5616 2302 5683 nobilibus,
2361 5609 2620 5668 Saraceni
2664 5609 2812 5681 regis.
2879 5608 3199 5679 tyronibus,
3258 5604 3372 5674 iam
3420 5600 3624 5660 dictum
3689 5608 3792 5662 est.

559 5676 763 5737 κομι..
