4094 6346
317 390 422 450 301

1302 374 1723 440 MEMORIALIS
1760 372 2206 430 saacrouuu.
2251 404 2317 414 —
2357 374 2483 428 LIB.
2526 369 2638 454 ut._

3289 299 3310 326 ἱ

3457 371 3560 429 802

317 511 473 573 ptum
496 503 582 552 est
612 512 624 550 :
655 491 1209 582 Secundumjudicem
1235 489 1435 561 papuli,
1476 489 1552 542 sic
1583 498 1631 541 et
1662 485 1886 540 ministri
1913 490 1964 548 Α
1989 485 2273 582 occasione
2309 494 2538 582 satrapa:
2569 483 2907 582 tenebrarum
2937 481 3064 538 inde
3091 491 3269 554 capta,
3306 483 3467 539 etiam
3496 501 3558 582 ea

215 643 222 648 .
316 590 435 658 eius
465 584 667 658 (Eccli.
700 600 766 649 ι,
800 583 888 654 2);
922 577 1051 652 ipsis
1097 597 1192 650 per
1241 581 1381 635 idem
1429 587 1638 648 tempus
1694 577 1891 648 guber-

319 677 512 734 nacula
565 675 716 730 urbis
761 672 1084 739 committit,
1131 671 1220 740 qui
1275 669 1544 724 consimili
1597 667 1710 722 zelo
1759 681 1890 721 con-

319 766 616 822 troversire'
643 764 928 818 adversum
969 761 1062 816 Dei
1102 761 1353 830 populum
1403 759 1726 822 laborantes,
1767 773 1891 812 eum

317 859 520 926 ubique
571 854 898 924 afﬂigerent,
937 861 1261 916 everterent,
1311 860 1365 905 et
1406 847 1798 921 opprimerent;
1833 857 1893 904 ut

317 963 428 1002 non
476 946 646 1000 solum
679 955 854 998 vatem
905 959 1059 998 suum
1115 943 1416 996 nullatenus
1453 941 1703 996 infamari
1747 957 1891 1010 pra:-

318 1041 619 1097 sumerent,
643 1048 831 1086 verum
866 1032 1028 1086 etiam
1070 1031 1367 1084 terroribus
1395 1030 1652 1100 compulsi
1679 1030 1889 1084 abomi-

317 1123 557 1180 nabiletn
601 1109 992 1176 confiterentur
1032 1112 1318 1174 Culturam.
1350 1119 1441 1174 Sic
1485 1133 1696 1188 quoque
1749 1132 1887 1172 mte-

317 1230 416 1274 ror
459 1215 817 1286 importabilis
850 1223 905 1270 et
950 1213 1256 1284 persecutio
1300 1213 1601 1268 truculenta
1651 1213 1888 1283 undique

319 1305 478 1360 nobis
500 1305 754 1370 obvians,
772 1304 1056 1375 plerosque
1082 1303 1541 1374 praevaricationis
1573 1299 1765 1373 laqueo
1787 1303 1889 1358 im-

313 1395 618 1464 mergebat.

939 1502 1166 1559 CAPUT
1205 1503 1266 1558 ll.

317 1613 696 1672 Pratuari‘catio
741 1611 882 1669 illius
924 1617 1208 1685 exceptoris
1233 1655 1246 1679 ,
1295 1615 1384 1685 qui
1426 1615 1624 1684 pridem
1678 1625 1885 1671 sanctos

690 1684 1124 1738 anathematizari
1172 1684 1510 1754 compulerat.

1999 575 2313 645 templorum
2347 574 2581 629 culmina
2619 571 2902 637 subruunt,
2937 577 3056 642 qua:
3083 587 3115 626 a
3145 581 3382 647 tempore
3410 575 3560 642 pacis

1994 665 2172 719 studio
2197 675 2252 720 et
2281 665 2540 719 industria
2566 671 2777 734 patrum
2807 671 3004 727 erecta,
3031 679 3169 734 pene
3195 672 3556 719 trecentorum

1993 768 2023 806 a
2068 754 2253 808 diebus
2289 752 2612 809 conditionis
2649 767 2759 808 suae
2787 767 3061 806 numerum
3104 748 3432 806 excedebant
3462 766 3556 805 an-

1991 859 2202 898 norum.
2618 916 2625 926 .
2893 918 2901 926 .

2601 929 2827 988 CAPUT
2856 930 2944 987 iV.

2367 1043 2446 1097 De
2477 1043 2726 1098 seditione
2763 1044 3165 1114 provinciarum.

2059 1150 2134 1222 (t)
2162 1149 2232 1204 Et
2260 1150 2387 1220 quia
2408 1152 2644 1220 undique
2672 1152 3016 1206 dibellionum
3059 1150 3386 1220 insurgentia
3413 1149 3550 1206 bella

1991 1257 2238 1311 magnam
2284 1243 2334 1298 ei
2373 1242 2673 1297 molestiam
2718 1243 3019 1298 inferebant
3065 1243 3231 1312 (nam
3283 1241 3449 1295 libere
3495 1241 3549 1295 in

1987 1334 2195 1388 cunctis
2231 1332 2501 1403 Hispaniaa
2529 1333 2769 1398 urbibus,
2809 1349 2941 1402 quas
2970 1333 3152 1403 vigore
3183 1331 3461 1400 potestatis
3496 1339 3554 1384 et

1985 1424 2186 1494 egregii
2229 1425 2467 1493 potentia
2510 1424 2830 1488 intellectus,
2860 1424 3114 1493 largoque
3150 1438 3372 1477 munere
3409 1438 3549 1491 prte-

1985 1515 2214 1568 miorum
2253 1521 2407 1583 pater
2431 1529 2562 1568 suus
2593 1514 2919 1584 acquirendo
2952 1513 3289 1578 t‘lomaverat,
3321 1523 3374 1568 et
3395 1511 3553 1568 obse-

1967 1605 2171 1668 derat,
2202 1605 2290 1658 hic
2317 1605 2653 1674 privilegium
2683 1604 2989 1659 dominandi
3020 1605 3239 1674 gerebat
3270 1619 3286 1656 :
3321 1617 3552 1672 praeer-

1982 1694 2080 1747 tim
2108 1709 2228 1748 cum
2258 1701 2316 1748 et
2349 1709 2414 1748 ex
2440 1695 2704 1762 aliquibus
2723 1694 2856 1749 locis
2883 1693 2960 1764 (2)
2994 1707 3188 1748 etnsum
3211 1703 3266 1747 et
3309 1693 3549 1762 fugatum

389 1793 540 1853 Multi
573 1805 754 1852 autem
793 1773 889 1851 sua
921 1811 980 1852 se
1025 1805 1216 1866 sponte
1257 1811 1287 1850 a
1315 1794 1526 1852 Christo
1554 1793 1882 1851 divertentes
1909 1825 1956 1884 Β
1984 1785 2282 1880 “tirenum
2327 1800 2489 1884 εξιιιιῐξ
2523 1795 2750 1841 Gemens
2802 1785 3305 1884 Ubique‘imfljilluh
3351 1786 3552 1854 ιιωψιο

319 1887 675 1944 adhmrebant
719 1889 938 1958 iniquis,
968 1897 1278 1956 sectamque
1320 1887 1514 1942 diaboli
1543 1903 1752 1943 summo
1794 1904 1882 1944 co-

310 1977 504 2034 lebant
527 1972 739 2041 atl‘eetu,
772 1979 928 2033 sicuti
970 1977 1058 2031 ille
1084 1978 1319 2044 Spurius,
1359 1989 1413 2032 et
1451 1986 1760 2032 sanctorum
1790 1979 1884 2032 be-

316 2073 624 2128 nedictione
650 2068 916 2142 indignus,
949 2073 1015 2128 de
1043 2088 1148 2142 quo
1185 2073 1237 2128 in
1265 2073 1404 2128 libro
1430 2075 1668 2128 secundo
1696 2073 1884 2127 memi-

317 2161 520 2225 nimus,
549 2161 678 2230 agit.
720 2161 821 2227 Qui
847 2159 1120 2216 saecularis
1142 2163 1461 2217 reverentiae
1501 2177 1754 2232 pompam
1802 2177 1886 2216 re-

316 2249 420 2303 bus
442 2254 762 2319 przeponens
783 2250 1112 2315 caelestibus,
1136 2247 1491 2320 inauditaque
1519 2250 1740 2305 libidine
1788 2265 1884 2319 pro

316 2333 432 2393 Deo
454 2337 1000 2403 ofﬁcium-venerans,
1018 2349 1139 2410 post
1157 2337 1380 2395 bisseno
1409 2355 1612 2404 mense,
1629 2355 1734 2408 quo
1763 2354 1886 2394 san-

319 2435 439 2482 ctos
466 2429 912 2484 anathematizari
955 2431 1288 2496 decreverat,
1322 2445 1524 2500 nosque
1572 2431 1730 2486 fusilis
1759 2444 1886 2487 con-

319 2518 476 2572 viciis
503 2518 826 2586 impetierat,
859 2519 1061 2574 honore
1105 2519 1341 2587 dejectus
1363 2530 1463 2574 est.
1497 2519 1678 2575 Gratia
1706 2521 1885 2590 itaque

320 2606 699 2663 dissertudinis
723 2608 916 2678 linguae
941 2605 1200 2671 Arabicae,
1236 2624 1340 2676 qua
1363 2609 1587 2662 nimium
1629 2611 1886 2677 praeditus

317 2706 470 2762 erat,
520 2697 664 2751 solus
717 2710 748 2749 e
807 2696 1130 2752 Christianis
1175 2713 1203 2750 a
1251 2697 1557 2752 consulibus
1613 2699 1668 2751 in
1714 2697 1886 2752 oﬂicio

318 2785 624 2853 exceptoris
661 2783 929 2850 detentus,
965 2794 1082 2853 post
1135 2785 1342 2854 aliquos
1369 2799 1581 2839 menses
1607 2791 1661 2839 et
1688 2785 1887 2858 palatio

316 2881 373 2926 et
399 2873 702 2926 ministerio
731 2882 814 2927 est
836 2874 1140 2948 abdicatus.
1168 2873 1318 2940 Quod
1341 2872 1541 2927 factum
1569 2889 1674 2928 non
1697 2875 1887 2934 leviter

318 2961 518 3026 ferens,
551 2977 680 3037 cum
721 2975 780 3016 se
829 2962 1096 3031 dejectum
1149 2963 1455 3031 aspiceret,
1511 2963 1886 3032 privatumque

319 3059 466 3106 tanta
518 3052 776 3122 dignitate
821 3052 982 3108 altius
1035 3054 1726 3122 suspiraret,,prmstantius
1776 3057 1885 3110 Deo

1983 1875 2311 1945 se‘gc‘meret
2355 1874 2409 1927 in
2459 1874 2725 1928 deteriora
2765 1874 3066 1942 converti);
3115 1875 3315 1928 idcirco
3360 1883 3549 1929 contra

1981 1981 2080 2020 nos
2109 1966 2198 2019 diu
2227 1966 2548 2020 meditatum
2589 1966 2642 2019 in
2673 1965 2910 2019 futurum
2937 1964 3215 2020 dill'erebat
3240 1965 3552 2033 perditionis

1983 2053 2280 2118 interitum,
2338 2054 2596 2122 tat-doque
2645 2068 2710 2108 ac
2757 2055 2908 2122 pigro
2955 2053 3155 2122 impetu
3203 2052 3550 2106 ecclesiarum

1982 2147 2306 2216 Operabatur
2331 2146 2535 2198 ruinas.
2567 2143 2698 2199 Nam
2733 2145 2906 2199 nullos
2929 2145 3090 2200 credo
3123 2143 3552 2198 Christianorum

1985 2233 2110 2305 (nisi
2155 2235 2258 2289 ista
2314 2234 2647 2290 difﬁcultatis
2697 2236 2976 2290 obstarent
3035 2233 3312 2304 repagula)
3369 2246 3551 2286 secum

1982 2333 2257 2394 pateretur
2285 2325 2503 2378 morari.
2534 2325 2809 2392 Quinimo,
2849 2333 2908 2378 ut
2928 2323 3042 2392 jam
3066 2323 3193 2378 alibi
3215 2322 3552 2392 praemissum

1983 2424 2088 2480 est,
2113 2416 2156 2470 si
2201 2411 2534 2470 commodam
2581 2415 2832 2486 regnandi
2875 2416 3099 2470 haberet
3133 2415 3426 2479 licentiam,-
3461 2411 3555 2466 Ju-

1985 2507 2130 2561 daeos
2154 2507 2316 2560 etiam
2342 2521 2371 2559 a
2395 2523 2452 2561 se
2479 2508 2661 2576 repelli
2693 2507 3054 2576 compelleret.
3089 2507 3206 2572 Quo
3231 2506 3396 2560 solius
3424 2519 3555 2574 gen-

1985 2599 2054 2652 tis
2083 2613 2191 2652 suae
2228 2599 2486 2652 comitatu
2539 2598 2784 2660 vatlatus,
2836 2599 2918 2652 his
2945 2612 3176 2666 prmessc
3219 2597 3555 2668 solummodo

1987 2696 2304 2752 mereretur,
2337 2703 2459 2742 cum
2502 2689 2699 2756 quibus
2747 2688 3137 2741 incxtricabilia
3178 2687 3364 2739 aeterni
3400 2687 3556 2739 bara-

1981 2779 2092 2831 thri
2142 2777 2313 2830 lueret
2355 2786 2641 2842 tormenta,
2673 2792 2773 2831 nec
2811 2777 3032 2831 alterius
3075 2776 3386 2830 diversitate
3430 2775 3558 2829 reli-

1960 2866 2158 2934 :gionis
2201 2865 2381 2919 unitas
2435 2865 2754 2919 damnabilis
2801 2863 3024 2918 culturae
3081 2863 3436 2918 scinderetur.
3477 2861 3555 2915 Ex

1985 2968 2110 3023 qua,
2157 2952 2268 3006 Deo
2314 2962 2560 3016 vocante,
2605 2961 2659 3007 et
2704 2967 2801 3022 per
2828 2951 3164 3021 splendentia
3207 2951 3327 3004 ﬁdei
3359 2959 3557 3004 sancta:

1986 3045 2242 3114 mysteria
2287 3051 2705 3112 compungente,
2754 3042 2934 3112 plures
2977 3041 3264 3094 admodum
3305 3041 3558 3094 reCeden-

317 3141 478 3207 mori,
525 3155 686 3210 quam
739 3155 844 3196 non
888 3142 1071 3197 vivere
1112 3141 1306 3196 sreculo
1346 3142 1578 3213 eligens,
1627 3145 1884 3199 continuo

1990 3142 2088 3196 tes,
2131 3141 2186 3187 et
2211 3133 2395 3202 pietati
2439 3133 2791 3196 adhaerentes,
2842 3139 3176 3199 mortemque
3209 3145 3302 3198 spe
3333 3128 3558 3188 firmiori

316 3229 476 3284 tidem
521 3238 718 3284 sancta:
742 3230 1025 3286 Trinitatis
1063 3247 1342 3301 spernens,
1370 3233 1512 3286 cedit
1557 3242 1716 3288 secta:
1761 3249 1879 3304 per-

315 3318 613 3382 versitatis,
654 3327 709 3373 et
736 3333 1074 3390 nequaquam
1105 3337 1162 3376 se
1205 3321 1569 3376 Christianum
1618 3325 1732 3378 vult
1771 3325 1880 3396 jam

317 3407 458 3460 ultra
487 3407 678 3461 videri.
705 3407 1042 3479 Quapropter
1068 3411 1119 3464 in
1157 3412 1424 3474 deteriora
1453 3428 1762 3479 conversus,
1793 3417 1884 3485 qui

319 3509 585 3563 nusquam
614 3495 877 3564 simplicia
910 3497 1200 3552 meditatus
1225 3498 1420 3563 fuerat,
1451 3501 1604 3555 exsul
1626 3501 1886 3559 Christia-

317 3584 404 3639 nis
433 3583 674 3650 eﬂ'ectus,
707 3586 970 3642 adunatus
993 3589 1613 3660 gentilibus,crebroque
1639 3594 1884 3650 discursu

319 3677 452 3730 illud
498 3677 788 3746 impietatis
835 3679 1145 3745 delubrum,
1195 3682 1349 3749 quasi
1394 3697 1532 3736 unus
1563 3699 1592 3737 e
1625 3686 1887 3743 ministris

319 3765 521 3819 diaboli
570 3765 879 3835 frequenter
925 3766 1257 3839 ingreditur,
1301 3771 1555 3839 cXpulsus
1582 3774 1646 3828 de
1691 3777 1888 3846 templo

321 3854 556 3919 Domini,
585 3857 728 3924 quod
775 3857 899 3910 dum
931 3857 1105 3912 adhuc
1139 3859 1311 3915 ﬁdelis
1351 3862 1624 3926 existeret,
1656 3879 1776 3918 sera
1824 3881 1888 3921 ac

320 3943 473 4011 pigra
498 3943 808 3999 visitatione
855 3945 1097 4001 incoluit.
1128 3947 1398 4018 Scriptum
1425 3957 1506 4005 est
1537 3953 1678 4006 enim
1713 3972 1726 4007 :
1763 3953 1886 4009 Non

320 4031 573 4086 habitabit
604 4035 657 4086 in
703 4035 870 4088 medio
897 4036 1082 4091 domus
1111 4053 1261 4100 mete,
1303 4040 1500 4107 faciens
1545 4043 1839 4109 superbiam
1868 4057 1894 4095 :-

319 4127 368 4175 et
395 4122 484 4191 qui
513 4119 688 4192 iniqua
711 4122 960 4194 loquitur,
995 4141 1098 4179 non
1129 4127 1318 4180 direxit
1364 4129 1418 4180 in
1449 4140 1723 4198 conspectu
1769 4148 1892 4185 ocu-

320 4212 493 4267 lorum
535 4230 767 4268 meorum
796 4215 968 4283 (Psal.
1001 4232 1060 4272 c.
1110 4218 1186 4288 7).
1228 4219 1371 4272 Idem
1400 4235 1526 4274 vero
1563 4229 1686 4288 post
1729 4238 1890 4293 nega-

321 4302 524 4356 tionem
571 4303 626 4356 in
673 4303 932 4358 honorem
991 4305 1279 4373 pristinum
1328 4307 1639 4372 restitutus,
1689 4310 1888 4378 palatio

322 4390 688 4452 reformatur,
744 4406 850 4460 quo
901 4395 1086 4462 pedica
1147 4403 1202 4447 et
1253 4396 1444 4450 hamus
1502 4407 1726 4453 caeteros
1781 4399 1886 4456 illi-

319 4479 494 4534 ciendi
524 4479 782 4544 existens,
813 4480 953 4536 foret
987 4483 1108 4538 aliis
1137 4485 1190 4538 in
1222 4486 1681 4553 praevaricationis
1728 4505 1888 4545 scau-

318 4566 498 4620 dalum
517 4607 532 4634 ,
571 4569 663 4638 qui
709 4585 869 4625 causa
899 4571 1080 4641 gloriae
1111 4575 1418 4642 temporalis
1451 4577 1552 4630 sibi
1603 4577 1775 4633 fuerat
1812 4580 1888 4635 la-

317 4670 513 4724 queus.

929 4769 1155 4828 CAPUT
1191 4773 1276 4827 ill.

758 4859 1053 4915 Destructio
1085 4861 1438 4919 basilicarum.

227 4991 239 5003 ~
335 5025 340 5028 _
387 4966 594 5022 Interea
640 4959 762 5023 cum
805 4971 1000 5040 sepius
1046 4979 1234 5025 contra
1285 4971 1378 5026 Dei
1427 4983 1694 5032 catervam
1742 4994 1880 5035 saeva

313 5060 569 5128 principis
611 5045 939 5130 conspiratio
984 5049 1320 5145 inolesceret,
1357 5062 1720 5138 allligerctque
1767 5073 1885 5126 ubi-

314 5163 420 5216 que
455 5147 824 5216 Christicolas,
848 5159 904 5205 et
939 5167 1036 5206 nec
1066 5150 1145 5206 sic
1173 5168 1361 5208 oumes
1387 5157 1622 5222 generali
1653 5161 1880 5231 dilapsu,

312 5249 370 5292 ut
397 5239 628 5306 ﬁdebat,
665 5241 733 5295 ad
771 5243 930 5297 ritum
969 5259 1123 5298 suum
1150 5256 1504 5313 proruerent,
1531 5249 1682 5319 jubet
1709 5237 1883 5311 cccle-

309 5332 419 5386 sias
449 5347 621 5401 nuper
660 5341 894 5388 structas
926 5331 1162 5400 diruere,
1201 5345 1256 5390 et
1282 5338 1540 5408 quidquid
1577 5358 1714 5398 novo
1741 5328 1884 5401 cultu

312 5421 364 5474 iu
404 5423 642 5492 antiquis
667 5425 906 5480 basilicis
945 5425 1278 5494 Splendebat,
1317 5429 1595 5500 fueratque
1635 5440 1886 5506 tempori-

309 5510 412 5566 bus
439 5511 676 5568 Arabum
703 5514 822 5569 rudi
853 5513 1175 5572 formatione
1199 5514 1488 5585 adjectum,
1517 5521 1737 5579 elidere.
1769 5525 1882 5593 Qua

1986 3233 2206 3294 propter
2243 3223 2516 3279 Christum
2549 3223 2900 3291 excipientes,
2953 3221 3092 3274 idem
3133 3219 3554 3288 ingemiscebat;

1985 3324 2183 3386 prmter
2232 3327 2345 3382 eos,
2380 3315 2483 3384 'qui
2529 3315 2692 3369 nimia
2737 3315 2917 3369 carnis
2966 3313 3207 3382 impediti
3245 3311 3555 3375 formidine,

1987 3409 2151 3461 ardua
2172 3403 2359 3461 cordis
2393 3406 2720 3461 contritione
2743 3405 2959 3460 Christo
2993 3405 3104 3474 regi
3146 3403 3244 3459 sub
3272 3402 3556 3474 chlamyde

1987 3498 2161 3554 adhuc
2192 3499 2444 3552 militant.

2607 3606 2835 3662 CAPUT
2874 3605 2940 3660 ν.

1988 3720 2065 3775 De
2083 3720 2204 3775 odio
2225 3737 2438 3774 suorum
2469 3719 2738 3788 adversum
2763 3736 2949 3788 regem,
2973 3725 3020 3772 et
3045 3718 3108 3772 de
3131 3719 3292 3788 ipsius
3313 3715 3557 3783 avaritia,

2268 3801 2314 3843 et
2345 3791 2409 3843 de
2435 3788 2638 3843 tributis
2660 3787 2973 3842 Christianis
2999 3787 3273 3856 impositi“.

2058 3900 2296 3972 Cumque
2323 3896 2618 3957 Ecclesiam
2658 3901 2751 3956 Dei
2781 3899 3009 3954 ﬂammis
3036 3898 3249 3954 invidia:
3276 3899 3559 3964 inurendo,

1991 3991 2203 4046 interno
2240 3990 2564 4060 cogitamine
2603 4005 2855 4047 corrosus
2890 3988 3209 4054 tabesceret,
3249 3997 3304 4044 et
3341 4004 3559 4044 suorum

1988 4096 2176 4152 pacem
2222 4067 2548 4142 alfectaret.‘
2591 4080 2704 4136 haec
2758 4089 2811 4133 et
2872 4079 3173 4145 huiusmodi
3220 4089 3404 4132 contra
3465 4094 3563 4133 nos

1991 4185 2250 4226 exercere
2287 4172 2622 4242 disponeret;
2652 4173 2705 4225 in
2740 4166 2887 4225 nullo
2921 4180 3155 4224 attamen
3192 4170 3426 4224 divinam
3459 4171 3558 4224 dis-

1990 4261 2361 4331 pensationem
2386 4263 2617 4316 humana
2646 4261 2951 4332 procacitas
2975 4257 3229 4329 praevalet
3256 4253 3563 4314 immutare.

1992 4351 2120 4418 Quae
2145 4367 2266 4405 eum
2293 4352 2501 4406 cunctis
2532 4352 2804 4414 odibilem,
2831 4350 3096 4403 universis
3122 4363 3365 4412 exosum,
3391 4337 3566 4402 omni-

1993 4441 2201 4511 busque
2213 4441 2600 4495 exsecrabilem
2630 4439 2881 4504 reddens,
2911 4441 3073 4493 etiam
3097 4438 3414 4501 domestico,
3437 4446 3491 4492 et
3509 4444 3568 4502 ut

1920 4502 1967 4560 D
1992 4528 2196 4594 ferunt,
2234 4529 2488 4598 pellicum
2532 4545 2752 4584 suarum
2777 4530 2922 4594 odio,
2963 4528 3042 4582 vel
3070 4528 3356 4583 maledicto
3392 4527 3564 4596 impe-

1994 4623 2144 4676 titur.
2172 4620 2368 4676 Verum
2399 4630 2458 4676 ut
2491 4622 2749 4692 scriptum
2779 4629 2862 4677 est
2899 4639 2913 4675 :
2953 4621 3063 4676 Rea:
3088 4622 3266 4691 justus
3290 4623 3439 4692 erig.’t
3465 4632 3568 4674 ter-

1989 4730 2129 4778 ram,
2163 4714 2240 4766 uir
2267 4722 2441 4779 autem
2470 4729 2658 4767 avarus
2687 4713 2905 4766 destruit
2929 4729 3042 4766 eam
3073 4711 3257 4784 (Prov.
3292 4727 3440 4774 nix,
3468 4711 3523 4778 4)
3549 4726 3563 4774 ;

1991 4804 2081 4858 hic
2110 4803 2248 4858 idem
2283 4802 2536 4856 inauditis
2563 4803 2915 4872 cupiditatum
2946 4803 3179 4858 fascibus
3205 4803 3428 4865 ardens,
3461 4801 3565 4854 mi-

1991 4892 2145 4946 litum
2193 4906 2436 4945 annonas
2470 4891 2779 4956 demutilat,
2817 4892 3151 4946 tribunorum
3189 4897 3428 4945 coarctat
3471 4889 3564 4944 do-

1995 4984 2170 5047 naria,
2209 4983 2560 5051 lunaremque
2608 4971 2948 5051 prmmiorurn
2981 4995 3006 5023 ι
3043 4983 3344 5036 discursum
3386 4980 3566 5034 immi-

1994 5075 2129 5128 nuit.
2175 5074 2239 5126 Et
2283 5089 2406 5128 cum
2449 5073 2552 5127 sibi
2597 5073 2723 5128 vilia
2769 5072 3057 5128 admodum
3097 5082 3152 5126 et
3189 5086 3326 5142 pene
3367 5071 3559 5142 exigua

1996 5181 2028 5219 a
2067 5165 2414 5220 vicinioribus
2464 5164 2597 5220 locis
2643 5166 2790 5221 reddi
2819 5159 3095 5235 vectigalia
3128 5172 3374 5218 cerneret
3417 5163 3565 5234 (quia

1995 5255 2243 5311 videlicet
2271 5256 2314 5310 si
2353 5254 2507 5325 culpa
2533 5256 2677 5326 vulgi
2721 5257 2767 5311 is
2807 5256 2873 5310 ad
2905 5263 3174 5324 sceptrum
3211 5247 3320 5308 Deo
3347 5253 3563 5322 dispen-

1996 5356 2152 5402 sante
2189 5348 2434 5401 admotus
2461 5357 2562 5412 est,
2611 5356 2787 5402 tamen
2823 5344 2981 5413 hujus
3021 5345 3334 5420 meritorum
3366 5344 3569 5414 impro-

1989 5439 2160 5493 bitate
2185 5439 2347 5507 urbes
2373 5454 2438 5494 ac
2467 5440 2713 5495 nationes
2739 5441 2791 5493 in
2817 5437 3089 5494 stimulum
3118 5437 3565 5493 recalcitrationis

1991 5530 2242 5598 inductae,
2268 5547 2373 5586 non
2394 5531 2462 5586 ad
2483 5531 2752 5602 integrum
2779 5530 2997 5586 tributis
3016 5529 3416 5599 provinciarum
3440 5543 3564 5583 eum

379 5657 406 5733 ξ
442 5646 776 5733 Stipendium
840 5649 1075 5722 intelligo
1098 5651 1240 5724 quod
1279 5652 1501 5724 singulis
1551 5660 1824 5719 mensibus
1887 5639 2145 5720 militibus
2190 5660 2620 5733 pcrsolvebatur.
2669 5659 2876 5717 Μουι.
2931 5659 3070 5718 illnc
3106 5667 3288 5732 potest
3331 5651 3568 5731 suppleri

309 5713 635 5771 Glossarium
665 5713 1017 5790 (iungentium.
