4094 6346
605 361 710 444 eos

1727 373 1785 429 S.
1822 373 2101 429 Ευιοσιι
2141 373 2458 431 ARCHIEP.
2498 373 2736 432 TOLET.

3755 377 3852 440 8οι

602 483 807 568 perfrui
853 490 1174 563 patiuntur),
1223 489 1341 545 ideo
1393 488 1445 542 in
1492 499 1590 541 nos
1638 471 1789 540 arma
1824 485 2174 542 districtionis
2201 492 2251 552 Α
2279 489 2401 544 dum
2455 489 2680 546 concitis
2718 488 2993 562 gressibus
3040 489 3287 548 certatim
3336 491 3405 546 ad
3441 495 3853 564 expugnandum

605 592 960 647 convertens,
983 590 1040 636 et
1064 590 1122 635 ut
1151 580 1322 634 lutum
1359 579 1659 648 platearum
1696 577 1914 631 dominii
1955 576 2174 646 planctu

605 673 952 740 contribulat,
983 671 1337 743 quorumdam
1366 665 1794 725 Christianorum
1815 667 1931 736 ejus
1948 667 2170 739 optioni,

608 764 842 828 favente,
866 763 1105 832 nequitia
1133 761 1198 831 (si
1233 767 1410 813 tamen
1441 753 1756 824 Christiani,
1787 766 1842 812 et
1870 760 1974 813 no'n
2004 758 2176 828 magis

605 853 837 926 operarii
886 852 1186 921 iniquitatis
1227 848 1528 919 appellandi
1575 848 1705 919 sint)
1743 849 1832 919 qui
1866 859 1925 904 ut
1958 847 2175 920 privile-

607 947 751 1016 gium
777 955 803 984 ι
834 939 1186 1010 chirographa
1223 939 1471 1010 exigendi
1511 939 1806 1004 obtineant,
1847 947 2047 993 sortem
2073 937 2176 992 Do-

607 1035 741 1088 mini
779 1029 1117 1099 fideliumque
1147 1035 1468 1083 conrentum
1502 1039 1600 1084 suo
1625 1027 1927 1083 vadimonio
1958 1027 2040 1082 vel
2065 1028 2174 1082 cri-
2258 1045 2262 1048 ·

605 1125 750 1178 mine
792 1137 822 1175 a
867 1126 992 1191 rege
1032 1127 1355 1186 mercantes,
1403 1118 1731 1189 importabiii
1780 1133 1974 1174 census
2013 1121 2176 1173 onere

606 1215 738 1269 colla
765 1217 1056 1282 aggravant
1091 1210 1434 1275 miserorum,
1460 1209 1701 1279 quotidie
1729 1208 1938 1279 plebem
1965 1206 2172 1264 Domini

603 1303 1001 1374 pessimantes:
1033 1300 1124 1355 illa
1172 1299 1526 1370 proculdubio
1553 1299 1820 1369 plcetendi
1847 1300 1901 1353 in
1935 1297 2174 1353 futurum

604 1394 890 1456 sententia,
939 1406 1059 1463 quas
1099 1391 1284 1446 talium
1333 1391 1703 1446 condemnans
1734 1406 2007 1456 excessus,
2053 1391 2170 1444 ait:

603 1483 673 1536 Et
695 1483 783 1553 qui
804 1481 1084 1552 pessimam
1110 1480 1306 1550 plebem
1334 1489 1478 1534 tuam
1501 1506 1515 1545 ί
1545 1481 1808 1534 inveniant
1836 1481 2174 1548 perditionem

604 1573 794 1646 (Eccli.
834 1587 1018 1635 xxxvi,
1058 1569 1168 1641 ll).
1208 1570 1413 1636 Quibus
1442 1569 1628 1639 utique
1657 1568 1951 1624 secundum
1979 1568 2178 1623 verita-

603 1665 674 1718 tis
701 1662 937 1717 edictum
968 1659 1177 1715 felicius
1211 1668 1327 1713 erat
1364 1659 1602 1729 gravatis
1630 1658 1896 1712 molarum
1942 1657 2176 1727 pondere

603 1753 830 1810 collibus
873 1750 1140 1823 profundo
1169 1749 1379 1820 mergi,
1411 1764 1572 1818 quam
1617 1757 1766 1803 tanto
1812 1747 2177 1819 pusillanimes

2263 581 2644 653 'dogmatistem
2694 590 2936 636 nostrum
2989 589 3364 646 occurrentes,
3416 581 3600 637 debita
3657 583 3868 646 ultio.

2272 672 2532 744 perempti
2584 680 2751 738 sunt;
2795 687 2938 726 nunc
2981 672 3181 736 adsint,
3225 687 3369 727 nunc
3411 681 3662 739 veniant,
3701 677 3857 730 ωοιιο

2273 765 2584 834 properent,
2645 763 2689 818 si
2738 763 2997 817 divinitus
3047 763 3314 833 iuspirati,
3363 763 3495 818 illud
3530 764 3588 818 in
3631 765 3857 821 veritate

2275 863 2595 910 conservant
2639 860 2940 908 certamen.

2747 1059 2754 1071 ι
2869 973 3094 1045 CAPUT
3132 971 3244 1044 vn.

2729 1079 2808 1134 De
2839 1078 3070 1135 Fandila
3103 1089 3352 1150 martyre.-

2347 1177 2398 1252 ί.
2431 1184 2565 1251 Dum
2594 1209 2724 1266 ergo
2760 1194 2816 1249 in
2854 1210 2952 1251 nos
2990 1193 3360 1264 hujuscemodi
3389 1179 3748 1250 irrisionibds
3783 1180 3860 1250 in.

2276 1286 2560 1349 exultarent,
2600 1293 2656 1339 et
2695 1285 2796 1340 hoc
2829 1283 3044 1339 deludio
3070 1291 3312 1337 nostram
3351 1297 3490 1353 pene
3522 1298 3860 1339 consumma-

2275 1363 2385 1432 tam
2434 1377 2678 1432 cladibus
2714 1375 3003 1446 fatigarent
3050 1375 3345 1438 miseriam,
3385 1373 3721 1438 adolescens
3750 1373 3861 1442 qui-

2277 1467 2400 1522 dam
2449 1465 2692 1528 Fandila,
2741 1466 2981 1536 ephebus
3026 1472 3247 1536 aspectu
3273 1465 3522 1529 decorus,
3563 1466 3856 1519 honestate

2277 1559 2402 1611 vita:
2451 1540 2766 1626 probabilis,
2845 1564 3068 1610 sanctus
3124 1564 3179 1610 et
3227 1556 3517 1609 timoratus
3572 1556 3858 1626 presbyter

2280 1647 2423 1701 inter
2452 1647 2552 1700 has
2572 1644 2745 1700 aedes
2778 1660 3026 1716 smvaque
3053 1644 3363 1700 discrimina
3390 1647 3592 1700 ostium
3622 1646 3857 1699 aditum-

2281 1751 2384 1806 que
2418 1735 2624 1806 primus
2661 1735 2950 1790 exercendi
2980 1736 3295 1806 martyrium
3325 1734 3424 1789 sub
3453 1734 3618 1804 hujus
3648 1733 3859 1803 tyranni

601 1821 908 1916 perturbari
953 1841 1207 1897 seandalo
1250 1840 1466 1911 (Matth.
1519 1854 1676 1903 xvm,
1727 1839 1804 1909 6),
1834 1848 1928 1894 aut
1974 1844 2176 1893 tantam
2209 1844 2255 1903 Β
2284 1837 2306 1864 θ
2338 1825 2614 1896 ρτίνίιθεὶο
2635 1824 2907 1896 patefecit.
2933 1821 3033 1880 Hic
3053 1826 3234 1895 itaque
3263 1824 3339 1894 (1)
3365 1840 3432 1878 ex
3446 1825 3586 1878 urbe
3604 1825 3862 1879 Accium:

601 1937 710 1990 vim
737 1933 882 2004 gregi
909 1947 1074 2001 parvo
1101 1930 1317 1994 inferre,
1346 1930 1430 1984 cui
1453 1929 1600 1984 Patri
1624 1929 1754 1984 dare
1780 1945 2001 1999 regnum
2031 1941 2176 1985 coma

603 2024 802 2094 placuit
849 2021 1000 2094 (Luc.
1043 2037 1141 2087 xu,
1188 2021 1314 2091 52);
1367 2021 1420 2074 in
1455 2035 1682 2092 quorum
1718 2028 2006 2088 conspectu
2039 2019 2180 2072 Deus

602 2129 707 2170 non
743 2123 847 2178 est,
892 2123 948 2169 et
994 2129 1025 2167 a
1068 2129 1296 2183 quorum
1347 2114 1543 2168 intuitu
1580 2111 1782 2181 judicia
1825 2112 1918 2166 Dei
1969 2111 2176 2165 sublata

602 2214 748 2262 sunt.
775 2205 998 2276 Semper
1017 2207 1204 2270 invidi,
1227 2223 1439 2277 semper
1462 2207 1865 2275 iniqui,ubique
1892 2205 2176 2271 malitiosi;

609 2299 662 2352 in
695 2297 1013 2350 alterutrum
1039 2295 1300 2361 iracundi,
1320 2298 1370 2350 in
1394 2282 1620 2350 aliorum
1645 2295 1925 2350 eversione
1943 2295 2175 2364 pacifici,

585 2386 658 2440 in
686 2385 1235 2441 confatderationibus
1261 2385 1432 2447 infidi,
1456 2386 1508 2439 in
1539 2384 2026 2453 conspirationibus
2051 2399 2180 2439 con-

602 2480 718 2545 citi,
769 2479 824 2533 in
859 2476 1318 2532 circumventione
1351 2477 1576 2542 versuti,
1618 2475 1672 2529 in
1703 2487 1964 2546 apparatu
1991 2475 2177 2531 noxio-

612 2572 736 2626 talis
790 2569 1093 2641 aptissimi;
1125 2583 1225 2639 pro
1263 2585 1321 2623 se
1351 2569 1582 2623 invicem
1612 2567 1905 2638 disparati,
1941 2567 2008 2621 ad
2049 2583 2174 2637 per-

603 2662 836 2715 dendum
867 2669 1094 2714 cancros
1121 2658 1341 2712 adunati
1368 2693 1382 2721 ,
1415 2659 1482 2711 ad
1517 2657 1890 2726 decipiendum
1933 2657 2174 2722 excitati,

601 2748 668 2802 ad
711 2747 1074 2803 miserendum
1110 2747 1282 2816 pigri;
1312 2747 1366 2800 in
1408 2746 1620 2800 incessu
1663 2746 1872 2810 tumidi,
1910 2745 1965 2800 in
2001 2759 2177 2800 asser-

599 2837 746 2891 tione
773 2834 1008 2904 superbi,
1034 2834 1086 2887 in
1107 2834 1462 2903 promissione
1483 2833 1654 2898 dubii,
1681 2833 1734 2887 in
1761 2835 1980 2889 datione
1999 2833 2172 2898 avari,

605 2927 660 2980 in
688 2924 972 2995 largitione
1001 2923 1185 2992 parci;
1216 2923 1269 2976 in
1308 2923 1619 2992 acceptione
1655 2923 1816 2976 avidi.
1857 2922 1913 2976 Id
1947 2923 2173 2992 promit-

603 3023 778 3068 tentes
813 3012 960 3083 quod
996 3012 1112 3066 dari
1138 3020 1408 3078 nequeat;
1463 3012 1516 3064 id
1559 3009 1901 3065 conferentes
1935 3025 2041 3078 quo
2067 3009 2174 3064 frui

601 3119 708 3158 non
754 3105 944 3167 liceat;
991 3101 1083 3170 qui
1141 3117 1248 3155 non
1299 3101 1604 3164 dormiunt,
1652 3101 1756 3154 uisi
1805 3101 2175 3156 malefe'cerint

2283 1917 2598 1989 progenitus
2635 1917 2936 1972 Cordubam
2960 1916 3198 1971 discendi
3227 1917 3400 1986 gratia
3425 1916 3676 1979 veniens,
3694 1924 3864 1969 totam

2279 2015 2416 2078 pene
2473 2010 2812 2078 pubertatem
2850 2008 3048 2062 ibidem
3097 2007 3199 2062 sub
3234 2005 3512 2076 padagogi
3565 2005 3862 2059 traditione

2278 2113 2562 2169 peragens,
2615 2096 2896 2152 confestim
2923 2106 2982 2151 ut
3012 2095 3430 2150 adolescentiam
3456 2095 3616 2161 adiit,
3673 2105 3862 2151 mona-

2280 2189 2412 2243 stica
2443 2187 2744 2242 oblectatus
2790 2187 3219 2250 conversatione,
3271 2185 3417 2239 illico
3460 2185 3755 2256 monachis
3805 2199 3862 2240 se

2280 2283 2390 2338 Deo
2439 2281 2640 2353 jugiter
2687 2281 3016 2336 militaturus
3069 2280 3375 2335 admiscuit.
3421 2281 3525 2348 Qui
3578 2282 3854 2352 aliquibus

2280 2374 2414 2429 locis
2442 2373 2742 2442 peragratis
2791 2387 2856 2426 ac
2877 2372 3185 2435 demutatis,
3227 2371 3504 2441 iu'quibus
3535 2374 3740 2428 ardens
3764 2377 3858 2428 de-

2278 2471 2399 2516 vota
2441 2477 2594 2516 mens
2638 2462 2978 2530 requiescere
3024 2477 3132 2516 non
3180 2470 3410 2530 poterat,
3464 2462 3663 2516 ultimo
3689 2463 3768 2534 (ἓ)
3805 2479 3862 2519 se

2278 2551 2332 2606 in
2360 2551 2676 2606 Tabanense
2705 2551 3008 2605 coenobium
3035 2551 3279 2606 contulit.
3307 2551 3381 2604 lbi
3415 2551 3735 2621 aliquandiu
3766 2554 3862 2608 sub

2277 2643 2510 2712 regulari
2539 2642 2818 2710 disciplina
2857 2641 2940 2696 vel
2968 2643 3228 2713 regimine
3267 2643 3477 2697 abbatis
3513 2643 3735 2699 Martini
3776 2646 3862 2700 de-

2277 2746 2514 2795 morans,
2559 2731 2852 2802 perfectius
2881 2733 2934 2786 in
2959 2733 3152 2788 timore
3186 2732 3399 2786 Domini
3423 2732 3648 2788 claruit.

2344 2821 2401 2876 2.
2460 2820 2528 2874 Et
2582 2821 2836 2891 quoniam
2891 2832 3116 2875 Summa:
3162 2821 3480 2876 humilitatis
3546 2839 3864 2895 magnaque

2278 2910 2592 2966 obedientiaz
2615 2917 2750 2976 erat,
2793 2909 2996 2965 idcirco
3034 2911 3205 2980 gratia
3235 2912 3558 2978 sanctitatis,
3593 2929 3705 2981 qua
3749 2928 3862 2970 ete-

2276 3001 2402 3056 litus
2455 3000 2775 3072 refulgebat,
2827 3000 2918 3054 diu
2974 3001 3384 3073 implorantibus
3441 3017 3507 3057 ac
3545 3006 3866 3074 rogantibus

2281 3093 2560 3147 monachis
2611 3092 2843 3146 emnobii
2890 3093 3062 3148 sancti
3123 3094 3440 3159 Salvatoris,
3511 3098 3664 3165 quod
3723 3099 3863 3152 haud

611 3199 796 3268 (Prov.
833 3213 908 3262 1v,
944 3199 1051 3268 l6),
1094 3206 1149 3251 et
1176 3211 1502 3266 consurgere
1530 3197 1596 3249 ad
1641 3195 1977 3264 iniquitatem
2017 3194 2170 3250 festi-

2280 3183 2466 3252 procul
2495 3197 2525 3236 a
2553 3182 2772 3236 civitate
2804 3181 3067 3238 Cordubae
3095 3183 3148 3237 in
3192 3192 3346 3252 parte
3369 3187 3766 3255 septentrionis
3800 3189 3864 3243 ad

605 3299 772 3355 nant;
811 3290 902 3360 qui
940 3289 1191 3343 laetantur
1214 3304 1336 3344 cum
1367 3289 1508 3342 male
1538 3287 1780 3348 fecerint,
1813 3295 1870 3340 et
1902 3287 2173 3342 exsultant

607 3380 662 3434 in
694 3379 853 3434 rebus
893 3379 1140 3450 pessimis
1167 3379 1330 3450 (Ibid.
1361 3393 1421 3442 ιι,
1452 3378 1576 3447 M);
1609 3386 1663 3431 et
1686 3393 1808 3431 cum
1835 3372 1893 3432 se
1916 3376 2176 3433 Christia-

603 3487 704 3527 nos
736 3486 856 3526 esse
881 3471 1247 3540 pronuntient,
1273 3469 1544 3525 Christum
1571 3469 1810 3538 quotidie
1836 3469 1890 3525 in
1919 3469 2175 3525 membris

601 3562 719 3630 ejus
749 3561 1100 3632 crucifigunt,
1129 3560 1278 3615 Judze
1308 3561 1600 3631 proditoris
1623 3561 1940 3616 documenta
1968 3570 2178 3616 sectan-

601 3655 701 3710 tes,
745 3648 836 3716 qui
872 3655 1284 3716 praeceptorem,
1341 3646 1602 3701 venaliter
1639 3647 1985 3702 distrahendo
2020 3662 2177 3718 pecu-

601 3737 740 3802 nias,
778 3735 1120 3806 crueifigeus,
1159 3736 1261 3790 sibi
1301 3736 1516 3804 quidem
1560 3735 1810 3804 laqueum
1853 3735 2174 3806 perditionis

601 3827 803 3892 effodit,
853 3828 1050 3881 mundo
1086 3835 1263 3881 autem
1303 3826 1606 3882 libertatem
1649 3828 1884 3884 debitam
1922 3829 2171 3883 contulit.

601 3917 667 3972 Hi
718 3932 849 3973 vero
893 3933 952 3972 se
995 3917 1169 3971 eidem
1228 3918 1651 3987 incorporantes,
1705 3935 1827 3974 cum
1870 3920 2174 3991 redemptos

601 4006 718 4075 ejus
744 4003 946 4058 crudeli
975 4005 1320 4060 accusatione
1349 4006 1591 4079 afﬂigunt
1610 4047 1625 4073 ,
1655 4017 1709 4063 et
1738 4008 1901 4078 (quod
1927 4025 2034 4064 non
2058 4009 2175 4066 sine

603 4096 753 4167 gravi
780 4095 958 4150 cordis
990 4096 1094 4149 mei
1123 4096 1340 4152 vulnere
1369 4101 1608 4170 profero)
1642 4116 1776 4169 quos
1816 4102 1949 4154 tueri
1981 4101 2174 4158 debue-

607 4193 746 4247 rant,
782 4184 904 4252 quia
947 4199 1132 4239 sumus
1173 4187 1398 4242 invicem
1439 4191 1678 4244 membra
1724 4190 1922 4244 Christi
1956 4190 2170 4260 (ΕρΙιεε.

605 4287 676 4338 tv,
705 4272 819 4343 25),
851 4289 993 4338 eum,
1024 4274 1179 4344 (proli
1205 4277 1419 4347 dolor!)
1447 4294 1644 4349 negare
1674 4279 2021 4348 compellunt.

1151 4485 1162 4490 g
1221 4408 1444 4466 CAPUT
1484 4409 1569 4464 γι.

745 4497 825 4553 De
853 4497 1187 4552 insultatione
1217 4515 1488 4570 procerum
1516 4507 1695 4554 contra
1721 4510 1996 4573 martyres.

674 4610 770 4666 llis
799 4611 1013 4666 interim
1053 4611 1454 4667 imminentibus
1493 4612 1670 4679 malis,
1721 4625 1774 4670 et
1807 4615 2174 4684 hujuscemddi

603 4704 860 4758 (erumnis
901 4702 1136 4757 Ecclesia
1179 4702 1484 4772 vapulante,
1542 4703 1718 4759 ferunt
1751 4706 1820 4759 ob
1861 4706 1961 4761 hoc
1997 4722 2173 4779 regem

604 4793 805 4863 ingenti
839 4792 1170 4862 crapulatum
1197 4792 1400 4856 lmtitia,
1446 4793 1705 4864 ampliora
1734 4795 1978 4852 ﬁdelibus
2025 4814 2179 4854 scan-

605 4882 723 4936 dala
749 4883 1106 4950 irrogaturum
1133 4895 1191 4935 se
1206 4882 1537 4950 promittere,
1561 4892 1637 4948 et,
1662 4891 1719 4936 ut
1739 4884 1864 4938 alibi
1886 4885 1914 4924 δ
1937 4896 2175 4942 taxatum

605 4980 710 5037 est,
755 4972 874 5024 dira
901 4971 1278 5033 iucursatione,
1320 4973 1670 5043 molestiaque
1697 4975 2076 5042 contriturum,
2129 4978 2175 5032 si

606 5064 950 5118 commodum
996 5063 1253 5134 regnandi
1305 5079 1609 5119 successum
1647 5067 1846 5120 diutius
1875 5069 2172 5134 obtineret;

607 5156 741 5210 adeo
775 5165 834 5209 ut
859 5155 1101 5226 plerique
1144 5170 1426 5226 procerum
1461 5157 1588 5210 olim
1617 5158 1989 5214 decedentium
2033 5176 2177 5215 mar-

610 5257 785 5318 tyrum
824 5249 1214 5303 subsannautes
1256 5250 1633 5314 constantiam,
1683 5252 1836 5305 nobis
1865 5255 2171 5308 referrent:

609 5341 726 5414 Quo
765 5355 905 5394 nunc
935 5339 1066 5393 abiit
1105 5339 1194 5393 illa
1229 5348 1528 5394 vestrorum
1563 5340 1735 5394 virtus
1775 5343 2175 5411 agonistarum?

608 5442 716 5496 quo
730 5426 930 5498 aufugit
950 5430 1400 5500 magnanimitas?
1417 5437 1521 5498 qua
1549 5431 1762 5485 absorta
1787 5436 2064 5490 temeritas
2087 5435 2180 5490 de-

609 5515 851 5573 litescit?
881 5518 969 5574 ubi
997 5534 1056 5572 se
1085 5529 1337 5574 enervata
1367 5520 1622 5578 fortitudo
1649 5524 1913 5579 abduxit?
1957 5527 2058 5592 Qui
2087 5527 2184 5581 du-

681 5649 847 5734 Iiloc
872 5660 974 5734 est,
1022 5654 1333 5734 ututributis
1373 5672 1472 5727 per
1515 5659 1870 5731 chirographa
1910 5662 2187 5734 exigendis

613 5723 1032 5781 Drmticerentur.
1067 5724 1274 5780 ΜοιιΑι..
1377 5723 1391 5727 ⁷
1670 5723 1698 5731 '
1753 5745 1756 5748 ο

2275 3273 2512 3327 radicem
2550 3271 2786 3328 Mellaris
2827 3272 3100 3342 pinnaculi
3147 3274 3311 3336 situm
3358 3284 3463 3341 est,
3514 3277 3584 3330 ad
3628 3278 3863 3334 officium

2276 3362 2610 3417 sacerdotale
2634 3363 2945 3432 prmelectus
2977 3364 3142 3419 invite
3171 3372 3226 3418 et
3253 3369 3333 3435 (ut
3356 3367 3428 3420 ita
3458 3367 3722 3430 dixerim)
3750 3370 3862 3424 vice

2275 3453 2451 3507 lenter
2480 3453 2732 3508 instantia
2779 3453 2864 3508 vel
2892 3455 3204 3525 przejudicio
3233 3457 3442 3512 abbatis
3487 3473 3573 3512 Stll
3615 3471 3862 3516 sanctum

2276 3544 2634 3598 ministerium
2691 3545 2935 3614 suscipit,
3010 3555 3064 3601 et
3113 3547 3858 3620 nihilominusjejuniorum,

2274 3634 2601 3704 vigiliarum,
2648 3637 3062 3707 orationumque
3105 3625 3265 3695 solito
3294 3643 3617 3709 propensius
3655 3643 3862 3699 labores

2275 3728 2567 3798 adaugens,
2626 3727 2862 3782 ambulat
2905 3729 2971 3784 de
2997 3729 3196 3784 virtute
3245 3730 3298 3784 in
3329 3731 3584 3786 virtutem
3642 3735 3858 3789 visurus

2277 3817 2560 3872 Dominum
2587 3815 2640 3870 in
2685 3814 2838 3881 Sion,
2869 3818 3028 3873 scalis
3058 3819 3374 3876 meritorum
3403 3832 3651 3877 evectus.
3701 3823 3865 3894 Cujus

2275 3905 2638 3962 venerabilem
2662 3906 2850 3971 vitam,
2873 3909 3187 3978 cunctisque
3214 3911 3524 3964 necessario
3547 3911 3862 3966 imitabilem

2276 3996 2765 4061 conversationem,
2795 4014 2918 4052 cum
2953 3997 3154 4052 affatim
3182 3999 3342 4069 digno
3389 3999 3614 4055 laudum
3667 4017 3862 4071 praeo-

2275 4087 2366 4141 nio
2393 4086 2704 4141 eorumdem
2734 4085 2960 4141 fratrum
3008 4096 3168 4156 atque
3197 4101 3465 4153 sororum,
3494 4090 3696 4157 quibus
3723 4106 3861 4160 prae-

2277 4185 2414 4240 erat,
2457 4176 2724 4231 relatione
2754 4179 3055 4248 paudatur;
3100 4195 3166 4233 eo
3205 4189 3384 4235 tamen
3426 4183 3862 4252 magnificentius

2276 4266 2601 4332 declaratur,
2644 4283 2752 4336 quo
2802 4267 3236 4324 florentissimam
3280 4267 3624 4338 juventutem
3683 4275 3860 4328 animo

2277 4361 2578 4416 robustiore
2608 4362 3035 4430 transgrediens,
3072 4363 3247 4433 gladio
3273 4365 3571 4436 martyriali
3597 4382 3710 4423 non
3735 4385 3861 4423 cun-

2277 4457 2451 4504 etatus
2487 4449 2648 4503 fuerit
2691 4451 2936 4506 subdere.

2203 4517 2254 4577 D
2347 4541 2401 4595 5.
2432 4540 2619 4610 igitur,
2644 4540 2938 4596 comitante
2964 4543 3136 4613 ipsum
3161 4544 3494 4613 perfectione
3525 4547 3741 4604 timoris
3769 4550 3862 4603 Do-

2279 4627 2430 4693 mini,
2487 4643 2609 4682 cum
2650 4630 2831 4684 omnia
2861 4639 3078 4686 terrena
3104 4632 3409 4702 despiciens
3441 4645 3681 4689 mentem
3726 4636 3860 4692 ccelo

2277 4719 2652 4787 suspenderet,
2708 4731 3036 4791 cuperetque
3091 4724 3310 4779 dissolvi
3383 4723 3578 4780 melius
3633 4735 3691 4781 et
3741 4743 3856 4782 cum

2277 4811 2492 4865 Christo
2520 4827 2760 4878 manere,
2803 4831 2964 4884 quam
3004 4817 3166 4871 rebus
3195 4818 3400 4872 haerere
3444 4820 3701 4884 caducis;
3732 4836 3858 4889 quo-

2279 4897 2400 4952 dam
2425 4899 2510 4953 die
2531 4901 2814 4956 obfirmato
2834 4904 2978 4957 vultu
2997 4904 3163 4971 judici
3186 4917 3392 4969 astans,
3417 4909 3678 4977 praedicat
3695 4911 3856 4964 Evan-

2279 4989 2500 5060 gelium,
2570 4992 2893 5062 impudicum
2946 4997 3235 5066 exprobrat
3282 5007 3481 5064 vatem,
3551 4983 3874 5072 castumque

2277 5083 2452 5136 noxire
2484 5086 2848 5140 combinatum
2899 5087 3122 5142 cultura:
3150 5089 3455 5158 paedoribus
3508 5091 3638 5158 (nisi
3671 5091 3853 5159 resipi-

2275 5189 2434 5230 scens
2463 5177 2676 5246 pietatis
2701 5179 2858 5233 fidem
2880 5182 3265 5253 apprehendat)
3290 5183 3577 5237 ultricibus
3601 5184 3852 5238 luiturum

2276 5279 2558 5334 poenarum
2585 5268 2844 5322 incendiis
2871 5279 3221 5338 protestatur.
3252 5272 3386 5326 llinc
3407 5287 3631 5328 carcere
3657 5284 3851 5338 trusus,

2279 5363 2335 5410 et
2372 5356 2598 5411 vinculis
2636 5367 2960 5423 coarctatus,
3015 5359 3285 5416 latronum
3323 5362 3700 5420 mansionibus
3738 5363 3852 5418 alli—

2284 5456 2464 5516 gatur,
2495 5447 2776 5516 principali
2810 5451 3148 5518 postmodum
3175 5454 3438 5506 sententia
3464 5454 3829 5510 decollandus.

2355 5535 2409 5589 4.
2453 5535 2603 5603 Quod
2640 5539 2838 5593 factum
2880 5538 3043 5607 judex
3070 5543 3215 5612 regio
3252 5543 3489 5598 intimari
3525 5545 3847 5601 audituinon

2361 5669 2390 5710 ι’
2424 5668 2603 5740 Supra
2631 5687 2750 5740 cap.
2791 5685 2830 5727 ι.

2364 5750 2388 5778 ε
2423 5739 2633 5796 Videsis
2666 5739 2779 5797 not.
2821 5743 2920 5798 sub
2943 5751 3095 5800 num.‘
3124 5747 3178 5813 7,
3209 5747 3300 5801 lib.
3331 5763 3368 5802 ι.
