  <div class='ocr_page' id='page_1' title='image "/cluster/home/n/w/nwhite01/storage/ocr_20150623/115/hvd.32044015466873/406.png"; bbox 0 0 4094 6346; ppageno 0'>
   <div class='ocr_carea' id='block_1_1' title="bbox 329 380 442 435">
    <p class='ocr_par' dir='ltr' id='par_1_1' title="bbox 329 380 442 435">
     <span class='ocr_line' id='line_1_1' title="bbox 329 380 442 435; baseline -0.018 0"><span class='ocrx_word' id='word_1_1' title='bbox 329 380 442 435; x_wconf 71' lang='lat'><strong>£05</strong></span> 
     </span>
    </p>
   </div>
   <div class='ocr_carea' id='block_1_2' title="bbox 1317 374 2622 439">
    <p class='ocr_par' dir='ltr' id='par_1_2' title="bbox 1317 374 2622 439">
     <span class='ocr_line' id='line_1_2' title="bbox 1317 374 2622 439; baseline 0.005 -7"><span class='ocrx_word' id='word_1_2' title='bbox 1317 374 1740 434; x_wconf 73' lang='lat' dir='ltr'><strong>HEMORIALIS</strong></span> <span class='ocrx_word' id='word_1_3' title='bbox 1779 376 2223 436; x_wconf 76' lang='lat' dir='ltr'><strong>SANCTORUM.</strong></span> <span class='ocrx_word' id='word_1_4' title='bbox 2262 411 2334 424; x_wconf 90' lang='lat'><strong>—-</strong></span> <span class='ocrx_word' id='word_1_5' title='bbox 2370 383 2497 438; x_wconf 76' lang='lat' dir='ltr'><strong>LIB.</strong></span> <span class='ocrx_word' id='word_1_6' title='bbox 2539 384 2622 439; x_wconf 81' lang='lat' dir='ltr'><strong>lli.</strong></span> 
     </span>
    </p>
   </div>
   <div class='ocr_carea' id='block_1_3' title="bbox 3471 393 3578 460">
    <p class='ocr_par' dir='ltr' id='par_1_3' title="bbox 3471 393 3578 460">
     <span class='ocr_line' id='line_1_3' title="bbox 3471 393 3578 460; baseline 0 -4"><span class='ocrx_word' id='word_1_7' title='bbox 3471 393 3578 460; x_wconf 81' lang='lat'><strong>806</strong></span> 
     </span>
    </p>
   </div>
   <div class='ocr_carea' id='block_1_4' title="bbox 329 492 3574 584">
    <p class='ocr_par' dir='ltr' id='par_1_4' title="bbox 329 492 3574 584">
     <span class='ocr_line' id='line_1_4' title="bbox 329 492 3574 584; baseline 0.004 -33"><span class='ocrx_word' id='word_1_8' title='bbox 329 496 608 561; x_wconf 72' lang='lat' dir='ltr'><strong>differens,</strong></span> <span class='ocrx_word' id='word_1_9' title='bbox 657 493 966 550; x_wconf 85' lang='lat' dir='ltr'><strong>accenditur</strong></span> <span class='ocrx_word' id='word_1_10' title='bbox 993 507 1112 565; x_wconf 79' lang='lat' dir='ltr'><strong>igne</strong></span> <span class='ocrx_word' id='word_1_11' title='bbox 1142 492 1340 549; x_wconf 80' lang='lat' dir='ltr'><strong>feraris</strong></span> <span class='ocrx_word' id='word_1_12' title='bbox 1366 494 1633 561; x_wconf 84' lang='lat' dir='ltr'><strong>immensi,</strong></span> <span class='ocrx_word' id='word_1_13' title='bbox 1669 505 1724 551; x_wconf 90' lang='lat' dir='ltr'><strong>et</strong></span> <span class='ocrx_word' id='word_1_14' title='bbox 1769 511 1904 566; x_wconf 83' lang='lat' dir='ltr'><strong>quo-</strong></span> <span class='ocrx_word' id='word_1_15' title='bbox 1932 501 1980 558; x_wconf 80' lang='grc' dir='ltr'>Α</span> <span class='ocrx_word' id='word_1_16' title='bbox 2008 499 2300 568; x_wconf 85' lang='lat' dir='ltr'><strong>suppliciis,</strong></span> <span class='ocrx_word' id='word_1_17' title='bbox 2332 511 2386 557; x_wconf 91' lang='lat' dir='ltr'><strong>et</strong></span> <span class='ocrx_word' id='word_1_18' title='bbox 2417 518 2560 560; x_wconf 90' lang='lat' dir='ltr'><strong>nunc</strong></span> <span class='ocrx_word' id='word_1_19' title='bbox 2592 505 2710 560; x_wconf 86' lang='lat' dir='ltr'><strong>veni</strong></span> <span class='ocrx_word' id='word_1_20' title='bbox 2740 517 2946 575; x_wconf 89' lang='lat' dir='ltr'><strong>partem</strong></span> <span class='ocrx_word' id='word_1_21' title='bbox 2976 508 3070 565; x_wconf 86' lang='lat' dir='ltr'><strong>tibi</strong></span> <span class='ocrx_word' id='word_1_22' title='bbox 3101 517 3354 584; x_wconf 78' lang='lat' dir='ltr'><strong>purpurei</strong></span> <span class='ocrx_word' id='word_1_23' title='bbox 3381 532 3574 576; x_wconf 70' lang='lat' dir='ltr'><strong>mune-</strong></span> 
     </span>
    </p>
   </div>
   <div class='ocr_carea' id='block_1_5' title="bbox 328 585 1903 658">
    <p class='ocr_par' dir='ltr' id='par_1_5' title="bbox 328 585 1903 658">
     <span class='ocr_line' id='line_1_5' title="bbox 328 585 1903 658; baseline 0 -16"><span class='ocrx_word' id='word_1_24' title='bbox 328 587 456 642; x_wconf 93' lang='lat' dir='ltr'><strong>dam</strong></span> <span class='ocrx_word' id='word_1_25' title='bbox 485 587 768 642; x_wconf 88' lang='lat' dir='ltr'><strong>hebetatus</strong></span> <span class='ocrx_word' id='word_1_26' title='bbox 795 587 1018 641; x_wconf 89' lang='lat' dir='ltr'><strong>horrore</strong></span> <span class='ocrx_word' id='word_1_27' title='bbox 1041 588 1269 640; x_wconf 88' lang='lat' dir='ltr'><strong>miratur</strong></span> <span class='ocrx_word' id='word_1_28' title='bbox 1301 585 1567 656; x_wconf 90' lang='lat' dir='ltr'><strong>stupidus,</strong></span> <span class='ocrx_word' id='word_1_29' title='bbox 1600 601 1718 658; x_wconf 67' lang='lat' dir='ltr'><strong>quae</strong></span> <span class='ocrx_word' id='word_1_30' title='bbox 1761 596 1903 644; x_wconf 86' lang='lat' dir='ltr'><strong>esset</strong></span> 
     </span>
    </p>
   </div>
   <div class='ocr_carea' id='block_1_6' title="bbox 2005 588 3576 670">
    <p class='ocr_par' dir='ltr' id='par_1_6' title="bbox 2005 588 3576 670">
     <span class='ocr_line' id='line_1_6' title="bbox 2005 588 3576 670; baseline 0.013 -28"><span class='ocrx_word' id='word_1_31' title='bbox 2005 588 2082 643; x_wconf 87' lang='lat' dir='ltr'><strong>ris</strong></span> <span class='ocrx_word' id='word_1_32' title='bbox 2120 589 2278 662; x_wconf 80' lang='lat' dir='ltr'><strong>hujus</strong></span> <span class='ocrx_word' id='word_1_33' title='bbox 2309 593 2572 648; x_wconf 87' lang='lat' dir='ltr'><strong>conferre.</strong></span> <span class='ocrx_word' id='word_1_34' title='bbox 2609 595 2804 665; x_wconf 84' lang='lat' dir='ltr'><strong>Accipe</strong></span> <span class='ocrx_word' id='word_1_35' title='bbox 2832 596 3004 654; x_wconf 86' lang='lat' dir='ltr'><strong>libens</strong></span> <span class='ocrx_word' id='word_1_36' title='bbox 3041 601 3345 670; x_wconf 87' lang='lat' dir='ltr'><strong>donarium,</strong></span> <span class='ocrx_word' id='word_1_37' title='bbox 3385 615 3442 661; x_wconf 92' lang='lat' dir='ltr'><strong>et</strong></span> <span class='ocrx_word' id='word_1_38' title='bbox 3492 609 3576 662; x_wconf 53' lang='lat' dir='ltr'><strong>vid</strong></span> 
     </span>
    </p>
   </div>
   <div class='ocr_carea' id='block_1_7' title="bbox 327 677 3577 758">
    <p class='ocr_par' dir='ltr' id='par_1_7' title="bbox 327 677 3577 758">
     <span class='ocr_line' id='line_1_7' title="bbox 327 677 3577 758; baseline 0.006 -23"><span class='ocrx_word' id='word_1_39' title='bbox 327 682 423 736; x_wconf 88' lang='lat' dir='ltr'><strong>illa</strong></span> <span class='ocrx_word' id='word_1_40' title='bbox 445 680 639 735; x_wconf 82' lang='lat' dir='ltr'><strong>victrix</strong></span> <span class='ocrx_word' id='word_1_41' title='bbox 671 679 912 744; x_wconf 84' lang='lat' dir='ltr'><strong>audacia,</strong></span> <span class='ocrx_word' id='word_1_42' title='bbox 945 694 1065 749; x_wconf 64' lang='lat' dir='ltr'><strong>quae</strong></span> <span class='ocrx_word' id='word_1_43' title='bbox 1095 686 1256 732; x_wconf 70' lang='lat' dir='ltr'><strong>tanta:</strong></span> <span class='ocrx_word' id='word_1_44' title='bbox 1285 678 1466 750; x_wconf 64' lang='lat' dir='ltr'><strong>gloriae</strong></span> <span class='ocrx_word' id='word_1_45' title='bbox 1488 695 1593 735; x_wconf 91' lang='lat' dir='ltr'><strong>non</strong></span> <span class='ocrx_word' id='word_1_46' title='bbox 1627 681 1904 750; x_wconf 78' lang='lat' dir='ltr'><strong>expaverit</strong></span> <span class='ocrx_word' id='word_1_47' title='bbox 2003 677 2174 733; x_wconf 88' lang='lat' dir='ltr'><strong>riliter</strong></span> <span class='ocrx_word' id='word_1_48' title='bbox 2196 695 2295 752; x_wconf 83' lang='lat' dir='ltr'><strong>age</strong></span> <span class='ocrx_word' id='word_1_49' title='bbox 2324 681 2378 736; x_wconf 90' lang='lat' dir='ltr'><strong>in</strong></span> <span class='ocrx_word' id='word_1_50' title='bbox 2401 683 2657 749; x_wconf 89' lang='lat' dir='ltr'><strong>Domino;</strong></span> <span class='ocrx_word' id='word_1_51' title='bbox 2705 700 2829 739; x_wconf 88' lang='lat' dir='ltr'><strong>nam</strong></span> <span class='ocrx_word' id='word_1_52' title='bbox 2861 689 3115 758; x_wconf 86' lang='lat' dir='ltr'><strong>reliquias</strong></span> <span class='ocrx_word' id='word_1_53' title='bbox 3157 705 3401 748; x_wconf 78' lang='lat' dir='ltr'><strong>rosarum</strong></span> <span class='ocrx_word' id='word_1_54' title='bbox 3428 708 3482 752; x_wconf 89' lang='lat' dir='ltr'><strong>et</strong></span> <span class='ocrx_word' id='word_1_55' title='bbox 3513 698 3577 753; x_wconf 87' lang='lat' dir='ltr'><strong>li-</strong></span> 
     </span>
    </p>
   </div>
   <div class='ocr_carea' id='block_1_8' title="bbox 325 768 1897 840">
    <p class='ocr_par' dir='ltr' id='par_1_8' title="bbox 325 768 1897 840">
     <span class='ocr_line' id='line_1_8' title="bbox 325 768 1897 840; baseline -0.002 -16"><span class='ocrx_word' id='word_1_56' title='bbox 325 785 532 840; x_wconf 84' lang='lat' dir='ltr'><strong>regem,</strong></span> <span class='ocrx_word' id='word_1_57' title='bbox 575 778 792 838; x_wconf 90' lang='lat' dir='ltr'><strong>tamque</strong></span> <span class='ocrx_word' id='word_1_58' title='bbox 823 768 1051 823; x_wconf 91' lang='lat' dir='ltr'><strong>sublime</strong></span> <span class='ocrx_word' id='word_1_59' title='bbox 1081 768 1315 820; x_wconf 79' lang='lat' dir='ltr'><strong>vanitate</strong></span> <span class='ocrx_word' id='word_1_60' title='bbox 1342 775 1398 822; x_wconf 90' lang='lat' dir='ltr'><strong>et</strong></span> <span class='ocrx_word' id='word_1_61' title='bbox 1427 769 1674 837; x_wconf 82' lang='lat' dir='ltr'><strong>superbia</strong></span> <span class='ocrx_word' id='word_1_62' title='bbox 1717 776 1897 837; x_wconf 91' lang='lat' dir='ltr'><strong>caput,</strong></span> 
     </span>
    </p>
   </div>
   <div class='ocr_carea' id='block_1_9' title="bbox 323 859 1900 930">
    <p class='ocr_par' dir='ltr' id='par_1_9' title="bbox 323 859 1900 930">
     <span class='ocr_line' id='line_1_9' title="bbox 323 859 1900 930; baseline 0 -16"><span class='ocrx_word' id='word_1_63' title='bbox 323 871 493 930; x_wconf 84' lang='lat' dir='ltr'><strong>atque</strong></span> <span class='ocrx_word' id='word_1_64' title='bbox 539 859 616 930; x_wconf 93' lang='lat' dir='ltr'><strong>(ut</strong></span> <span class='ocrx_word' id='word_1_65' title='bbox 645 875 703 915; x_wconf 91' lang='lat' dir='ltr'><strong>se</strong></span> <span class='ocrx_word' id='word_1_66' title='bbox 737 859 980 930; x_wconf 85' lang='lat' dir='ltr'><strong>putabat)</strong></span> <span class='ocrx_word' id='word_1_67' title='bbox 1008 869 1171 928; x_wconf 84' lang='lat' dir='ltr'><strong>super</strong></span> <span class='ocrx_word' id='word_1_68' title='bbox 1196 859 1376 912; x_wconf 90' lang='lat' dir='ltr'><strong>omnia</strong></span> <span class='ocrx_word' id='word_1_69' title='bbox 1402 859 1670 914; x_wconf 75' lang='lat' dir='ltr'><strong>excellens</strong></span> <span class='ocrx_word' id='word_1_70' title='bbox 1707 860 1900 914; x_wconf 85' lang='lat' dir='ltr'><strong>talibus</strong></span> 
     </span>
    </p>
   </div>
   <div class='ocr_carea' id='block_1_10' title="bbox 323 947 1897 1018">
    <p class='ocr_par' dir='ltr' id='par_1_10' title="bbox 323 947 1897 1018">
     <span class='ocr_line' id='line_1_10' title="bbox 323 947 1897 1018; baseline 0 -15"><span class='ocrx_word' id='word_1_71' title='bbox 323 964 438 1004; x_wconf 86' lang='lat' dir='ltr'><strong>non</strong></span> <span class='ocrx_word' id='word_1_72' title='bbox 490 950 806 1003; x_wconf 76' lang='lat' dir='ltr'><strong>reverentiae.</strong></span> <span class='ocrx_word' id='word_1_73' title='bbox 858 947 1076 1002; x_wconf 88' lang='lat' dir='ltr'><strong>ausibus</strong></span> <span class='ocrx_word' id='word_1_74' title='bbox 1127 947 1478 1018; x_wconf 81' lang='lat' dir='ltr'><strong>prOpulsaret.</strong></span> <span class='ocrx_word' id='word_1_75' title='bbox 1539 947 1897 1015; x_wconf 82' lang='lat' dir='ltr'><strong>Quamobrem</strong></span> 
     </span>
    </p>
   </div>
   <div class='ocr_carea' id='block_1_11' title="bbox 321 1039 1898 1110">
    <p class='ocr_par' dir='ltr' id='par_1_11' title="bbox 321 1039 1898 1110">
     <span class='ocr_line' id='line_1_11' title="bbox 321 1039 1898 1110; baseline 0 -16"><span class='ocrx_word' id='word_1_76' title='bbox 321 1040 516 1094; x_wconf 87' lang='lat' dir='ltr'><strong>eodem</strong></span> <span class='ocrx_word' id='word_1_77' title='bbox 555 1049 826 1094; x_wconf 90' lang='lat' dir='ltr'><strong>momento</strong></span> <span class='ocrx_word' id='word_1_78' title='bbox 853 1040 953 1094; x_wconf 90' lang='lat' dir='ltr'><strong>sub</strong></span> <span class='ocrx_word' id='word_1_79' title='bbox 984 1053 1113 1093; x_wconf 85' lang='lat' dir='ltr'><strong>voce</strong></span> <span class='ocrx_word' id='word_1_80' title='bbox 1139 1039 1364 1093; x_wconf 87' lang='lat' dir='ltr'><strong>terribili</strong></span> <span class='ocrx_word' id='word_1_81' title='bbox 1390 1040 1705 1110; x_wconf 89' lang='lat' dir='ltr'><strong>episcopum</strong></span> <span class='ocrx_word' id='word_1_82' title='bbox 1752 1056 1898 1094; x_wconf 83' lang='lat' dir='ltr'><strong>com-</strong></span> 
     </span>
    </p>
   </div>
   <div class='ocr_carea' id='block_1_12' title="bbox 317 1130 1897 1206">
    <p class='ocr_par' dir='ltr' id='par_1_12' title="bbox 317 1130 1897 1206">
     <span class='ocr_line' id='line_1_12' title="bbox 317 1130 1897 1206; baseline -0.001 -16"><span class='ocrx_word' id='word_1_83' title='bbox 317 1133 583 1206; x_wconf 84' lang='lat' dir='ltr'><strong>prehendi</strong></span> <span class='ocrx_word' id='word_1_84' title='bbox 613 1133 890 1200; x_wconf 88' lang='lat' dir='ltr'><strong>decernit;</strong></span> <span class='ocrx_word' id='word_1_85' title='bbox 941 1135 1034 1187; x_wconf 89' lang='lat' dir='ltr'><strong>sed</strong></span> <span class='ocrx_word' id='word_1_86' title='bbox 1071 1131 1204 1202; x_wconf 91' lang='lat' dir='ltr'><strong>ipse,</strong></span> <span class='ocrx_word' id='word_1_87' title='bbox 1233 1130 1369 1200; x_wconf 77' lang='lat' dir='ltr'><strong>fuga:</strong></span> <span class='ocrx_word' id='word_1_88' title='bbox 1399 1140 1700 1202; x_wconf 70' lang='lat' dir='ltr'><strong>praeventus</strong></span> <span class='ocrx_word' id='word_1_89' title='bbox 1727 1149 1897 1188; x_wconf 84' lang='lat' dir='ltr'><strong>reme-</strong></span> 
     </span>
    </p>
   </div>
   <div class='ocr_carea' id='block_1_13' title="bbox 316 1222 1896 1292">
    <p class='ocr_par' dir='ltr' id='par_1_13' title="bbox 316 1222 1896 1292">
     <span class='ocr_line' id='line_1_13' title="bbox 316 1222 1896 1292; baseline 0.001 -14"><span class='ocrx_word' id='word_1_90' title='bbox 316 1226 435 1291; x_wconf 92' lang='lat' dir='ltr'><strong>dio,</strong></span> <span class='ocrx_word' id='word_1_91' title='bbox 482 1223 737 1278; x_wconf 90' lang='lat' dir='ltr'><strong>salvatur.</strong></span> <span class='ocrx_word' id='word_1_92' title='bbox 782 1222 918 1277; x_wconf 86' lang='lat' dir='ltr'><strong>Nam</strong></span> <span class='ocrx_word' id='word_1_93' title='bbox 945 1222 1144 1287; x_wconf 83' lang='lat' dir='ltr'><strong>ferunt,</strong></span> <span class='ocrx_word' id='word_1_94' title='bbox 1184 1222 1294 1292; x_wconf 88' lang='lat' dir='ltr'><strong>jam</strong></span> <span class='ocrx_word' id='word_1_95' title='bbox 1327 1231 1454 1277; x_wconf 90' lang='lat' dir='ltr'><strong>tunc</strong></span> <span class='ocrx_word' id='word_1_96' title='bbox 1480 1238 1601 1278; x_wconf 91' lang='lat' dir='ltr'><strong>eum</strong></span> <span class='ocrx_word' id='word_1_97' title='bbox 1638 1223 1784 1278; x_wconf 90' lang='lat' dir='ltr'><strong>nulla</strong></span> <span class='ocrx_word' id='word_1_98' title='bbox 1813 1223 1896 1279; x_wconf 91' lang='lat' dir='ltr'><strong>in-</strong></span> 
     </span>
    </p>
   </div>
   <div class='ocr_carea' id='block_1_14' title="bbox 318 1313 1896 1384">
    <p class='ocr_par' dir='ltr' id='par_1_14' title="bbox 318 1313 1896 1384">
     <span class='ocr_line' id='line_1_14' title="bbox 318 1313 1896 1384; baseline 0.001 -14"><span class='ocrx_word' id='word_1_99' title='bbox 318 1315 632 1370; x_wconf 86' lang='lat' dir='ltr'><strong>tercedente</strong></span> <span class='ocrx_word' id='word_1_100' title='bbox 691 1313 944 1369; x_wconf 87' lang='lat' dir='ltr'><strong>dilatione</strong></span> <span class='ocrx_word' id='word_1_101' title='bbox 1003 1314 1195 1384; x_wconf 82' lang='lat' dir='ltr'><strong>punire</strong></span> <span class='ocrx_word' id='word_1_102' title='bbox 1242 1314 1576 1369; x_wconf 84' lang='lat' dir='ltr'><strong>decreverat.</strong></span> <span class='ocrx_word' id='word_1_103' title='bbox 1651 1313 1896 1372; x_wconf 89' lang='lat' dir='ltr'><strong>Jusserat</strong></span> 
     </span>
    </p>
   </div>
   <div class='ocr_carea' id='block_1_15' title="bbox 312 1409 1889 1480">
    <p class='ocr_par' dir='ltr' id='par_1_15' title="bbox 312 1409 1889 1480">
     <span class='ocr_line' id='line_1_15' title="bbox 312 1409 1889 1480; baseline 0.001 -16"><span class='ocrx_word' id='word_1_104' title='bbox 312 1411 484 1465; x_wconf 81' lang='lat' dir='ltr'><strong>etiam</strong></span> <span class='ocrx_word' id='word_1_105' title='bbox 514 1425 701 1465; x_wconf 91' lang='lat' dir='ltr'><strong>omnes</strong></span> <span class='ocrx_word' id='word_1_106' title='bbox 728 1409 1065 1465; x_wconf 89' lang='lat' dir='ltr'><strong>Christianos</strong></span> <span class='ocrx_word' id='word_1_107' title='bbox 1088 1409 1322 1480; x_wconf 80' lang='lat' dir='ltr'><strong>generali</strong></span> <span class='ocrx_word' id='word_1_108' title='bbox 1347 1410 1611 1465; x_wconf 86' lang='lat' dir='ltr'><strong>sententia</strong></span> <span class='ocrx_word' id='word_1_109' title='bbox 1645 1410 1889 1480; x_wconf 86' lang='lat' dir='ltr'><strong>perdere,</strong></span> 
     </span>
    </p>
   </div>
   <div class='ocr_carea' id='block_1_16' title="bbox 313 1497 1892 1571">
    <p class='ocr_par' dir='ltr' id='par_1_16' title="bbox 313 1497 1892 1571">
     <span class='ocr_line' id='line_1_16' title="bbox 313 1497 1892 1571; baseline 0.002 -18"><span class='ocrx_word' id='word_1_110' title='bbox 313 1498 653 1570; x_wconf 77' lang='lat' dir='ltr'><strong>feminasque</strong></span> <span class='ocrx_word' id='word_1_111' title='bbox 677 1497 890 1570; x_wconf 90' lang='lat' dir='ltr'><strong>publico</strong></span> <span class='ocrx_word' id='word_1_112' title='bbox 921 1499 1180 1554; x_wconf 84' lang='lat' dir='ltr'><strong>distractu</strong></span> <span class='ocrx_word' id='word_1_113' title='bbox 1211 1500 1541 1569; x_wconf 88' lang='lat' dir='ltr'><strong>disperdere,</strong></span> <span class='ocrx_word' id='word_1_114' title='bbox 1573 1508 1769 1571; x_wconf 85' lang='lat' dir='ltr'><strong>praeter</strong></span> <span class='ocrx_word' id='word_1_115' title='bbox 1799 1516 1892 1556; x_wconf 92' lang='lat' dir='ltr'><strong>eos</strong></span> 
     </span>
    </p>
   </div>
   <div class='ocr_carea' id='block_1_17' title="bbox 309 1593 1886 1664">
    <p class='ocr_par' dir='ltr' id='par_1_17' title="bbox 309 1593 1886 1664">
     <span class='ocr_line' id='line_1_17' title="bbox 309 1593 1886 1664; baseline -0.001 -15"><span class='ocrx_word' id='word_1_116' title='bbox 309 1597 412 1664; x_wconf 87' lang='lat' dir='ltr'><strong>qui</strong></span> <span class='ocrx_word' id='word_1_117' title='bbox 458 1604 635 1664; x_wconf 80' lang='lat' dir='ltr'><strong>spreta</strong></span> <span class='ocrx_word' id='word_1_118' title='bbox 691 1594 950 1663; x_wconf 82' lang='lat' dir='ltr'><strong>religione</strong></span> <span class='ocrx_word' id='word_1_119' title='bbox 981 1594 1047 1647; x_wconf 90' lang='lat' dir='ltr'><strong>ad</strong></span> <span class='ocrx_word' id='word_1_120' title='bbox 1087 1593 1288 1647; x_wconf 91' lang='lat' dir='ltr'><strong>cultum</strong></span> <span class='ocrx_word' id='word_1_121' title='bbox 1341 1609 1497 1648; x_wconf 91' lang='lat' dir='ltr'><strong>suum</strong></span> <span class='ocrx_word' id='word_1_122' title='bbox 1539 1594 1886 1649; x_wconf 89' lang='lat' dir='ltr'><strong>diverterent.</strong></span> 
     </span>
    </p>
   </div>
   <div class='ocr_carea' id='block_1_18' title="bbox 310 1684 1892 1754">
    <p class='ocr_par' dir='ltr' id='par_1_18' title="bbox 310 1684 1892 1754">
     <span class='ocr_line' id='line_1_18' title="bbox 310 1684 1892 1754; baseline -0.002 -13"><span class='ocrx_word' id='word_1_123' title='bbox 310 1686 386 1741; x_wconf 86' lang='lat' dir='ltr'><strong>Et</strong></span> <span class='ocrx_word' id='word_1_124' title='bbox 426 1685 529 1741; x_wconf 91' lang='lat' dir='ltr'><strong>nisi</strong></span> <span class='ocrx_word' id='word_1_125' title='bbox 561 1685 665 1741; x_wconf 87' lang='lat' dir='ltr'><strong>hoc</strong></span> <span class='ocrx_word' id='word_1_126' title='bbox 698 1685 929 1738; x_wconf 90' lang='lat' dir='ltr'><strong>edictum</strong></span> <span class='ocrx_word' id='word_1_127' title='bbox 964 1684 1209 1738; x_wconf 90' lang='lat' dir='ltr'><strong>consultu</strong></span> <span class='ocrx_word' id='word_1_128' title='bbox 1240 1692 1513 1754; x_wconf 89' lang='lat' dir='ltr'><strong>satrapum</strong></span> <span class='ocrx_word' id='word_1_129' title='bbox 1542 1692 1892 1754; x_wconf 88' lang='lat' dir='ltr'><strong>quassaretur</strong></span> 
     </span>
    </p>
   </div>
   <div class='ocr_carea' id='block_1_19' title="bbox 309 1773 1885 1846">
    <p class='ocr_par' dir='ltr' id='par_1_19' title="bbox 309 1773 1885 1846">
     <span class='ocr_line' id='line_1_19' title="bbox 309 1773 1885 1846; baseline 0 -17"><span class='ocrx_word' id='word_1_130' title='bbox 309 1777 432 1846; x_wconf 83' lang='lat' dir='ltr'><strong>(qui</strong></span> <span class='ocrx_word' id='word_1_131' title='bbox 485 1789 583 1846; x_wconf 83' lang='lat' dir='ltr'><strong>pro</strong></span> <span class='ocrx_word' id='word_1_132' title='bbox 621 1787 689 1828; x_wconf 85' lang='lat' dir='ltr'><strong>eo</strong></span> <span class='ocrx_word' id='word_1_133' title='bbox 727 1775 867 1842; x_wconf 89' lang='lat' dir='ltr'><strong>quod</strong></span> <span class='ocrx_word' id='word_1_134' title='bbox 903 1773 1081 1828; x_wconf 92' lang='lat' dir='ltr'><strong>nullus</strong></span> <span class='ocrx_word' id='word_1_135' title='bbox 1129 1774 1364 1842; x_wconf 88' lang='lat' dir='ltr'><strong>sapiens,</strong></span> <span class='ocrx_word' id='word_1_136' title='bbox 1416 1788 1576 1829; x_wconf 90' lang='lat' dir='ltr'><strong>nemo</strong></span> <span class='ocrx_word' id='word_1_137' title='bbox 1629 1773 1885 1840; x_wconf 90' lang='lat' dir='ltr'><strong>urbanus,</strong></span> 
     </span>
    </p>
   </div>
   <div class='ocr_carea' id='block_1_20' title="bbox 2003 768 3576 849">
    <p class='ocr_par' dir='ltr' id='par_1_20' title="bbox 2003 768 3576 849">
     <span class='ocr_line' id='line_1_20' title="bbox 2003 768 3576 849; baseline 0.015 -28"><span class='ocrx_word' id='word_1_138' title='bbox 2003 768 2220 836; x_wconf 90' lang='lat' dir='ltr'><strong>liorum,</strong></span> <span class='ocrx_word' id='word_1_139' title='bbox 2250 787 2383 840; x_wconf 90' lang='lat' dir='ltr'><strong>quas</strong></span> <span class='ocrx_word' id='word_1_140' title='bbox 2405 773 2456 827; x_wconf 93' lang='lat' dir='ltr'><strong>in</strong></span> <span class='ocrx_word' id='word_1_141' title='bbox 2479 775 2723 830; x_wconf 92' lang='lat' dir='ltr'><strong>manibus</strong></span> <span class='ocrx_word' id='word_1_142' title='bbox 2749 791 2923 842; x_wconf 84' lang='lat' dir='ltr'><strong>servo,</strong></span> <span class='ocrx_word' id='word_1_143' title='bbox 2951 791 3075 849; x_wconf 88' lang='lat' dir='ltr'><strong>post</strong></span> <span class='ocrx_word' id='word_1_144' title='bbox 3103 789 3154 836; x_wconf 90' lang='lat' dir='ltr'><strong>te</strong></span> <span class='ocrx_word' id='word_1_145' title='bbox 3193 799 3260 838; x_wconf 84' lang='lat' dir='ltr'><strong>ex</strong></span> <span class='ocrx_word' id='word_1_146' title='bbox 3306 786 3408 841; x_wconf 90' lang='lat' dir='ltr'><strong>hoc</strong></span> <span class='ocrx_word' id='word_1_147' title='bbox 3459 787 3576 844; x_wconf 87' lang='lat' dir='ltr'><strong>loco</strong></span> 
     </span>
    </p>
   </div>
   <div class='ocr_carea' id='block_1_21' title="bbox 2001 857 3572 944">
    <p class='ocr_par' dir='ltr' id='par_1_21' title="bbox 2001 857 3572 944">
     <span class='ocr_line' id='line_1_21' title="bbox 2001 857 3572 944; baseline 0.014 -35"><span class='ocrx_word' id='word_1_148' title='bbox 2001 857 2190 912; x_wconf 81' lang='lat' dir='ltr'><strong>datura</strong></span> <span class='ocrx_word' id='word_1_149' title='bbox 2218 874 2335 914; x_wconf 90' lang='lat' dir='ltr'><strong>sum</strong></span> <span class='ocrx_word' id='word_1_150' title='bbox 2367 862 2692 933; x_wconf 79' lang='lat' dir='ltr'><strong>migraturis.</strong></span> <span class='ocrx_word' id='word_1_151' title='bbox 2728 884 2746 916; x_wconf 75' lang='grc' dir='ltr'><strong><em>ι</em></strong></span> <span class='ocrx_word' id='word_1_152' title='bbox 2775 865 2888 920; x_wconf 87' lang='lat' dir='ltr'><strong>Tali</strong></span> <span class='ocrx_word' id='word_1_153' title='bbox 2911 869 3141 938; x_wconf 90' lang='lat' dir='ltr'><strong>denique</strong></span> <span class='ocrx_word' id='word_1_154' title='bbox 3181 873 3333 944; x_wconf 85' lang='lat' dir='ltr'><strong>virgo</strong></span> <span class='ocrx_word' id='word_1_155' title='bbox 3384 890 3572 930; x_wconf 80' lang='lat' dir='ltr'><strong>sacra-</strong></span> 
     </span>
    </p>
   </div>
   <div class='ocr_carea' id='block_1_22' title="bbox 2002 945 3576 1023">
    <p class='ocr_par' dir='ltr' id='par_1_22' title="bbox 2002 945 3576 1023">
     <span class='ocr_line' id='line_1_22' title="bbox 2002 945 3576 1023; baseline 0.013 -23"><span class='ocrx_word' id='word_1_156' title='bbox 2002 945 2206 1002; x_wconf 92' lang='lat' dir='ltr'><strong>tissima</strong></span> <span class='ocrx_word' id='word_1_157' title='bbox 2233 950 2348 1005; x_wconf 91' lang='lat' dir='ltr'><strong>visu</strong></span> <span class='ocrx_word' id='word_1_158' title='bbox 2378 966 2441 1006; x_wconf 92' lang='lat' dir='ltr'><strong>ac</strong></span> <span class='ocrx_word' id='word_1_159' title='bbox 2464 967 2685 1008; x_wconf 88' lang='lat' dir='ltr'><strong>munere</strong></span> <span class='ocrx_word' id='word_1_160' title='bbox 2711 954 2998 1023; x_wconf 71' lang='lat' dir='ltr'><strong>illustrata,</strong></span> <span class='ocrx_word' id='word_1_161' title='bbox 3025 974 3148 1014; x_wconf 94' lang='lat' dir='ltr'><strong>cum</strong></span> <span class='ocrx_word' id='word_1_162' title='bbox 3169 975 3200 1015; x_wconf 90' lang='lat' dir='ltr'><strong>e</strong></span> <span class='ocrx_word' id='word_1_163' title='bbox 3219 962 3438 1018; x_wconf 79' lang='lat' dir='ltr'><strong>dextera</strong></span> <span class='ocrx_word' id='word_1_164' title='bbox 3465 964 3576 1020; x_wconf 82' lang='lat' dir='ltr'><strong>col-</strong></span> 
     </span>
    </p>
   </div>
   <div class='ocr_carea' id='block_1_23' title="bbox 1999 1036 3574 1112">
    <p class='ocr_par' dir='ltr' id='par_1_23' title="bbox 1999 1036 3574 1112">
     <span class='ocr_line' id='line_1_23' title="bbox 1999 1036 3574 1112; baseline 0.013 -23"><span class='ocrx_word' id='word_1_165' title='bbox 1999 1036 2266 1106; x_wconf 91' lang='lat' dir='ltr'><strong>loquentis</strong></span> <span class='ocrx_word' id='word_1_166' title='bbox 2294 1056 2470 1096; x_wconf 89' lang='lat' dir='ltr'><strong>rosam</strong></span> <span class='ocrx_word' id='word_1_167' title='bbox 2495 1045 2812 1112; x_wconf 86' lang='lat' dir='ltr'><strong>susciperet,</strong></span> <span class='ocrx_word' id='word_1_168' title='bbox 2839 1047 2982 1102; x_wconf 86' lang='lat' dir='ltr'><strong>ruris</strong></span> <span class='ocrx_word' id='word_1_169' title='bbox 3009 1050 3238 1105; x_wconf 88' lang='lat' dir='ltr'><strong>admista</strong></span> <span class='ocrx_word' id='word_1_170' title='bbox 3265 1053 3574 1111; x_wconf 61' lang='lat' dir='ltr'><strong>caelestibus</strong></span> 
     </span>
    </p>
   </div>
   <div class='ocr_carea' id='block_1_24' title="bbox 1997 1127 2898 1192">
    <p class='ocr_par' dir='ltr' id='par_1_24' title="bbox 1997 1127 2898 1192">
     <span class='ocr_line' id='line_1_24' title="bbox 1997 1127 2898 1192; baseline 0.01 -10"><span class='ocrx_word' id='word_1_171' title='bbox 1997 1127 2065 1183; x_wconf 89' lang='lat' dir='ltr'><strong>ab</strong></span> <span class='ocrx_word' id='word_1_172' title='bbox 2089 1130 2257 1185; x_wconf 86' lang='lat' dir='ltr'><strong>oculis</strong></span> <span class='ocrx_word' id='word_1_173' title='bbox 2284 1132 2542 1189; x_wconf 88' lang='lat' dir='ltr'><strong>intuentis</strong></span> <span class='ocrx_word' id='word_1_174' title='bbox 2565 1136 2898 1192; x_wconf 87' lang='lat' dir='ltr'><strong>elevabatur.</strong></span> 
     </span>
    </p>
   </div>
   <div class='ocr_carea' id='block_1_25' title="bbox 2065 1220 3570 1299">
    <p class='ocr_par' dir='ltr' id='par_1_25' title="bbox 2065 1220 3570 1299">
     <span class='ocr_line' id='line_1_25' title="bbox 2065 1220 3570 1299; baseline 0.013 -25"><span class='ocrx_word' id='word_1_175' title='bbox 2065 1221 2119 1275; x_wconf 79' lang='lat'><strong>3.</strong></span> <span class='ocrx_word' id='word_1_176' title='bbox 2148 1220 2271 1278; x_wconf 70' lang='grc' dir='ltr'><strong>Ηωο</strong></span> <span class='ocrx_word' id='word_1_177' title='bbox 2297 1235 2474 1279; x_wconf 86' lang='lat' dir='ltr'><strong>autem</strong></span> <span class='ocrx_word' id='word_1_178' title='bbox 2499 1227 2700 1296; x_wconf 90' lang='lat' dir='ltr'><strong>puella,</strong></span> <span class='ocrx_word' id='word_1_179' title='bbox 2739 1243 2860 1283; x_wconf 91' lang='lat' dir='ltr'><strong>cum</strong></span> <span class='ocrx_word' id='word_1_180' title='bbox 2890 1245 2990 1299; x_wconf 89' lang='lat' dir='ltr'><strong>pro</strong></span> <span class='ocrx_word' id='word_1_181' title='bbox 3019 1248 3226 1289; x_wconf 91' lang='lat' dir='ltr'><strong>summa</strong></span> <span class='ocrx_word' id='word_1_182' title='bbox 3266 1225 3570 1295; x_wconf 80' lang='lat' dir='ltr'><strong>humilitate</strong></span> 
     </span>
    </p>
   </div>
   <div class='ocr_carea' id='block_1_26' title="bbox 1993 1313 3574 1395">
    <p class='ocr_par' dir='ltr' id='par_1_26' title="bbox 1993 1313 3574 1395">
     <span class='ocr_line' id='line_1_26' title="bbox 1993 1313 3574 1395; baseline 0.012 -32"><span class='ocrx_word' id='word_1_183' title='bbox 1993 1318 2154 1378; x_wconf 88' lang='lat' dir='ltr'><strong>atque</strong></span> <span class='ocrx_word' id='word_1_184' title='bbox 2183 1313 2486 1368; x_wconf 90' lang='lat' dir='ltr'><strong>obedientia</strong></span> <span class='ocrx_word' id='word_1_185' title='bbox 2517 1315 2658 1370; x_wconf 89' lang='lat' dir='ltr'><strong>inter</strong></span> <span class='ocrx_word' id='word_1_186' title='bbox 2681 1317 3076 1388; x_wconf 78' lang='lat' dir='ltr'><strong>convirginaies</strong></span> <span class='ocrx_word' id='word_1_187' title='bbox 3103 1321 3288 1377; x_wconf 58' lang='lat' dir='ltr'><strong>ultima</strong></span> <span class='ocrx_word' id='word_1_188' title='bbox 3332 1339 3391 1379; x_wconf 83' lang='lat' dir='ltr'><strong>se</strong></span> <span class='ocrx_word' id='word_1_189' title='bbox 3428 1325 3574 1395; x_wconf 80' lang='lat' dir='ltr'><strong>judi-</strong></span> 
     </span>
    </p>
   </div>
   <div class='ocr_carea' id='block_1_27' title="bbox 1993 1405 3568 1480">
    <p class='ocr_par' dir='ltr' id='par_1_27' title="bbox 1993 1405 3568 1480">
     <span class='ocr_line' id='line_1_27' title="bbox 1993 1405 3568 1480; baseline 0.013 -28"><span class='ocrx_word' id='word_1_190' title='bbox 1993 1407 2163 1464; x_wconf 88' lang='lat' dir='ltr'><strong>caret,</strong></span> <span class='ocrx_word' id='word_1_191' title='bbox 2234 1411 2485 1472; x_wconf 90' lang='lat' dir='ltr'><strong>essetque</strong></span> <span class='ocrx_word' id='word_1_192' title='bbox 2531 1405 2936 1476; x_wconf 89' lang='lat' dir='ltr'><strong>incomparabili</strong></span> <span class='ocrx_word' id='word_1_193' title='bbox 2995 1421 3252 1480; x_wconf 89' lang='lat' dir='ltr'><strong>apparatu</strong></span> <span class='ocrx_word' id='word_1_194' title='bbox 3301 1416 3568 1472; x_wconf 87' lang='lat' dir='ltr'><strong>obseeun-</strong></span> 
     </span>
    </p>
   </div>
   <div class='ocr_carea' id='block_1_28' title="bbox 1991 1487 3566 1575">
    <p class='ocr_par' dir='ltr' id='par_1_28' title="bbox 1991 1487 3566 1575">
     <span class='ocr_line' id='line_1_28' title="bbox 1991 1487 3566 1575; baseline 0.013 -35"><span class='ocrx_word' id='word_1_195' title='bbox 1991 1487 2190 1554; x_wconf 79' lang='lat' dir='ltr'><strong>datrix,</strong></span> <span class='ocrx_word' id='word_1_196' title='bbox 2219 1506 2494 1562; x_wconf 87' lang='lat' dir='ltr'><strong>nunquam</strong></span> <span class='ocrx_word' id='word_1_197' title='bbox 2529 1501 2705 1549; x_wconf 91' lang='lat' dir='ltr'><strong>tamen</strong></span> <span class='ocrx_word' id='word_1_198' title='bbox 2743 1497 2998 1566; x_wconf 89' lang='lat' dir='ltr'><strong>appellari</strong></span> <span class='ocrx_word' id='word_1_199' title='bbox 3031 1515 3089 1555; x_wconf 90' lang='lat' dir='ltr'><strong>se</strong></span> <span class='ocrx_word' id='word_1_200' title='bbox 3119 1501 3343 1573; x_wconf 81' lang='lat' dir='ltr'><strong>Dignam</strong></span> <span class='ocrx_word' id='word_1_201' title='bbox 3393 1507 3566 1575; x_wconf 54' lang='lat' dir='ltr'><strong>patie-I</strong></span> 
     </span>
    </p>
   </div>
   <div class='ocr_carea' id='block_1_29' title="bbox 1989 1577 3569 1662">
    <p class='ocr_par' dir='ltr' id='par_1_29' title="bbox 1989 1577 3569 1662">
     <span class='ocr_line' id='line_1_29' title="bbox 1989 1577 3569 1662; baseline 0.013 -31"><span class='ocrx_word' id='word_1_202' title='bbox 1989 1577 2169 1644; x_wconf 90' lang='lat' dir='ltr'><strong>batur,</strong></span> <span class='ocrx_word' id='word_1_203' title='bbox 2193 1581 2507 1653; x_wconf 88' lang='lat' dir='ltr'><strong>dicebatque</strong></span> <span class='ocrx_word' id='word_1_204' title='bbox 2533 1599 2653 1639; x_wconf 92' lang='lat' dir='ltr'><strong>cum</strong></span> <span class='ocrx_word' id='word_1_205' title='bbox 2684 1585 2933 1658; x_wconf 80' lang='lat' dir='ltr'><strong>lacrymis</strong></span> <span class='ocrx_word' id='word_1_206' title='bbox 2960 1591 3038 1662; x_wconf 84' lang='grc'><strong>(5)</strong></span> <span class='ocrx_word' id='word_1_207' title='bbox 3064 1608 3078 1645; x_wconf 91' lang='lat'>:</span> <span class='ocrx_word' id='word_1_208' title='bbox 3111 1611 3128 1644; x_wconf 74' lang='grc' dir='ltr'>ι</span> <span class='ocrx_word' id='word_1_209' title='bbox 3162 1593 3336 1649; x_wconf 83' lang='lat' dir='ltr'><strong>Nolite</strong></span> <span class='ocrx_word' id='word_1_210' title='bbox 3362 1610 3448 1650; x_wconf 91' lang='lat' dir='ltr'><strong>me</strong></span> <span class='ocrx_word' id='word_1_211' title='bbox 3479 1597 3569 1650; x_wconf 89' lang='lat' dir='ltr'><strong>Di-</strong></span> 
     </span>
    </p>
   </div>
   <div class='ocr_carea' id='block_1_30' title="bbox 1935 1674 3565 1755">
    <p class='ocr_par' dir='ltr' id='par_1_30' title="bbox 1935 1674 3565 1755">
     <span class='ocr_line' id='line_1_30' title="bbox 1935 1674 3565 1755; baseline 0.013 -34"><span class='ocrx_word' id='word_1_212' title='bbox 1935 1689 1939 1693; x_wconf 93' lang='grc'><strong>·</strong></span> <span class='ocrx_word' id='word_1_213' title='bbox 1989 1683 2148 1737; x_wconf 82' lang='lat' dir='ltr'><strong>gnam</strong></span> <span class='ocrx_word' id='word_1_214' title='bbox 2181 1686 2395 1738; x_wconf 79' lang='lat' dir='ltr'><strong>vocare,</strong></span> <span class='ocrx_word' id='word_1_215' title='bbox 2417 1674 2510 1728; x_wconf 90' lang='lat' dir='ltr'><strong>sed</strong></span> <span class='ocrx_word' id='word_1_216' title='bbox 2539 1676 2708 1746; x_wconf 88' lang='lat' dir='ltr'><strong>magis</strong></span> <span class='ocrx_word' id='word_1_217' title='bbox 2732 1676 3042 1749; x_wconf 89' lang='lat' dir='ltr'><strong>Indignam;</strong></span> <span class='ocrx_word' id='word_1_218' title='bbox 3073 1683 3199 1751; x_wconf 89' lang='lat' dir='ltr'><strong>quia</strong></span> <span class='ocrx_word' id='word_1_219' title='bbox 3249 1686 3402 1755; x_wconf 86' lang='lat' dir='ltr'><strong>cujus</strong></span> <span class='ocrx_word' id='word_1_220' title='bbox 3449 1702 3565 1741; x_wconf 87' lang='lat' dir='ltr'><strong>me-</strong></span> 
     </span>
    </p>
   </div>
   <div class='ocr_carea' id='block_1_31' title="bbox 1989 1758 3568 1840">
    <p class='ocr_par' dir='ltr' id='par_1_31' title="bbox 1989 1758 3568 1840">
     <span class='ocr_line' id='line_1_31' title="bbox 1989 1758 3568 1840; baseline 0.013 -29"><span class='ocrx_word' id='word_1_221' title='bbox 1989 1758 2078 1812; x_wconf 91' lang='lat' dir='ltr'><strong>riti</strong></span> <span class='ocrx_word' id='word_1_222' title='bbox 2102 1773 2218 1814; x_wconf 89' lang='lat' dir='ltr'><strong>sum</strong></span> <span class='ocrx_word' id='word_1_223' title='bbox 2249 1761 2412 1815; x_wconf 90' lang='lat' dir='ltr'><strong>etiam</strong></span> <span class='ocrx_word' id='word_1_224' title='bbox 2444 1764 2660 1819; x_wconf 90' lang='lat' dir='ltr'><strong>nomine</strong></span> <span class='ocrx_word' id='word_1_225' title='bbox 2699 1767 2869 1822; x_wconf 87' lang='lat' dir='ltr'><strong>debeo</strong></span> <span class='ocrx_word' id='word_1_226' title='bbox 2919 1770 3182 1840; x_wconf 83' lang='lat' dir='ltr'><strong>insigniri.</strong></span> <span class='ocrx_word' id='word_1_227' title='bbox 3220 1793 3238 1824; x_wconf 82' lang='grc'><strong>»</strong></span> <span class='ocrx_word' id='word_1_228' title='bbox 3295 1774 3358 1829; x_wconf 84' lang='grc' dir='ltr'><strong>ΕΙ</strong></span> <span class='ocrx_word' id='word_1_229' title='bbox 3385 1790 3504 1830; x_wconf 91' lang='lat' dir='ltr'><strong>cum</strong></span> <span class='ocrx_word' id='word_1_230' title='bbox 3535 1792 3568 1830; x_wconf 86' lang='lat' dir='ltr'><strong>a</strong></span> 
     </span>
    </p>
   </div>
   <div class='ocr_carea' id='block_1_32' title="bbox 308 1835 1880 1936">
    <p class='ocr_par' dir='ltr' id='par_1_32' title="bbox 308 1835 1880 1936">
     <span class='ocr_line' id='line_1_32' title="bbox 308 1835 1880 1936; baseline -0.002 -15"><span class='ocrx_word' id='word_1_231' title='bbox 308 1835 597 1936; x_wconf 70' lang='lat' dir='ltr'><strong>nullusque</strong></span> <span class='ocrx_word' id='word_1_232' title='bbox 619 1877 900 1935; x_wconf 87' lang='lat' dir='ltr'><strong>procerum</strong></span> <span class='ocrx_word' id='word_1_233' title='bbox 929 1863 1352 1919; x_wconf 89' lang='lat' dir='ltr'><strong>Christianorum</strong></span> <span class='ocrx_word' id='word_1_234' title='bbox 1381 1861 1749 1931; x_wconf 84' lang='lat' dir='ltr'><strong>hujuscemodi</strong></span> <span class='ocrx_word' id='word_1_235' title='bbox 1775 1879 1880 1918; x_wconf 88' lang='lat' dir='ltr'><strong>rem</strong></span> 
     </span>
    </p>
   </div>
   <div class='ocr_carea' id='block_1_33' title="bbox 1983 1835 3568 1936">
    <p class='ocr_par' dir='ltr' id='par_1_33' title="bbox 1994 1835 3568 1932">
     <span class='ocr_line' id='line_1_33' title="bbox 1994 1835 3568 1932; baseline 0.011 -32"><span class='ocrx_word' id='word_1_236' title='bbox 1994 1847 2081 1902; x_wconf 92' lang='lat' dir='ltr'><strong>die</strong></span> <span class='ocrx_word' id='word_1_237' title='bbox 2112 1849 2453 1905; x_wconf 83' lang='lat' dir='ltr'><strong>revelationis</strong></span> <span class='ocrx_word' id='word_1_238' title='bbox 2481 1866 2610 1918; x_wconf 85' lang='lat' dir='ltr'><strong>suae,</strong></span> <span class='ocrx_word' id='word_1_239' title='bbox 2637 1868 2818 1908; x_wconf 90' lang='lat' dir='ltr'><strong>amore</strong></span> <span class='ocrx_word' id='word_1_240' title='bbox 2843 1835 3163 1926; x_wconf 75' lang='lat' dir='ltr'><strong>compimcta</strong></span> <span class='ocrx_word' id='word_1_241' title='bbox 3191 1863 3453 1932; x_wconf 82' lang='lat' dir='ltr'><strong>martyrii,</strong></span> <span class='ocrx_word' id='word_1_242' title='bbox 3485 1873 3568 1917; x_wconf 86' lang='lat' dir='ltr'><strong>ta-</strong></span> 
     </span>
    </p>
   </div>
   <div class='ocr_carea' id='block_1_34' title="bbox 302 1954 1889 2027">
    <p class='ocr_par' dir='ltr' id='par_1_34' title="bbox 302 1954 1889 2027">
     <span class='ocr_line' id='line_1_34' title="bbox 302 1954 1889 2027; baseline 0 -15"><span class='ocrx_word' id='word_1_243' title='bbox 302 1964 697 2027; x_wconf 86' lang='lat' dir='ltr'><strong>perpetrasset,</strong></span> <span class='ocrx_word' id='word_1_244' title='bbox 729 1956 927 2010; x_wconf 87' lang='lat' dir='ltr'><strong>ideirco</strong></span> <span class='ocrx_word' id='word_1_245' title='bbox 954 1970 1058 2009; x_wconf 93' lang='lat' dir='ltr'><strong>non</strong></span> <span class='ocrx_word' id='word_1_246' title='bbox 1085 1955 1280 2008; x_wconf 89' lang='lat' dir='ltr'><strong>debere</strong></span> <span class='ocrx_word' id='word_1_247' title='bbox 1305 1954 1586 2010; x_wconf 88' lang='lat' dir='ltr'><strong>universos</strong></span> <span class='ocrx_word' id='word_1_248' title='bbox 1624 1956 1889 2025; x_wconf 85' lang='lat' dir='ltr'><strong>perimere</strong></span> 
     </span>
    </p>
   </div>
   <div class='ocr_carea' id='block_1_35' title="bbox 303 2042 1888 2114">
    <p class='ocr_par' dir='ltr' id='par_1_35' title="bbox 303 2042 1888 2114">
     <span class='ocr_line' id='line_1_35' title="bbox 303 2042 1888 2114; baseline -0.002 -14"><span class='ocrx_word' id='word_1_249' title='bbox 303 2047 646 2109; x_wconf 84' lang='lat' dir='ltr'><strong>asserebant,</strong></span> <span class='ocrx_word' id='word_1_250' title='bbox 690 2060 824 2114; x_wconf 88' lang='lat' dir='ltr'><strong>quos</strong></span> <span class='ocrx_word' id='word_1_251' title='bbox 850 2056 956 2098; x_wconf 84' lang='lat' dir='ltr'><strong>non</strong></span> <span class='ocrx_word' id='word_1_252' title='bbox 981 2043 1136 2112; x_wconf 65' lang='lat' dir='ltr'><strong>praeit</strong></span> <span class='ocrx_word' id='word_1_253' title='bbox 1176 2042 1473 2113; x_wconf 88' lang='lat' dir='ltr'><strong>personalis</strong></span> <span class='ocrx_word' id='word_1_254' title='bbox 1511 2043 1618 2097; x_wconf 84' lang='lat' dir='ltr'><strong>dux</strong></span> <span class='ocrx_word' id='word_1_255' title='bbox 1649 2043 1712 2097; x_wconf 87' lang='lat' dir='ltr'><strong>ad</strong></span> <span class='ocrx_word' id='word_1_256' title='bbox 1751 2059 1888 2112; x_wconf 68' lang='lat' dir='ltr'><strong>prae-</strong></span> 
     </span>
    </p>
   </div>
   <div class='ocr_carea' id='block_1_36' title="bbox 305 2128 1885 2206">
    <p class='ocr_par' dir='ltr' id='par_1_36' title="bbox 305 2128 1885 2206">
     <span class='ocr_line' id='line_1_36' title="bbox 305 2128 1885 2206; baseline 0 -17"><span class='ocrx_word' id='word_1_257' title='bbox 305 2135 498 2206; x_wconf 86' lang='lat' dir='ltr'><strong>lium);</strong></span> <span class='ocrx_word' id='word_1_258' title='bbox 527 2147 552 2175; x_wconf 78' lang='grc' dir='ltr'>ιι</span> <span class='ocrx_word' id='word_1_259' title='bbox 583 2135 776 2189; x_wconf 80' lang='lat' dir='ltr'><strong>exhinc</strong></span> <span class='ocrx_word' id='word_1_260' title='bbox 816 2135 977 2188; x_wconf 83' lang='lat' dir='ltr'><strong>credo</strong></span> <span class='ocrx_word' id='word_1_261' title='bbox 1003 2128 1115 2202; x_wconf 76' lang='lat' dir='ltr'><strong>jam</strong></span> <span class='ocrx_word' id='word_1_262' title='bbox 1145 2132 1380 2188; x_wconf 90' lang='lat' dir='ltr'><strong>funditus</strong></span> <span class='ocrx_word' id='word_1_263' title='bbox 1414 2133 1885 2189; x_wconf 88' lang='lat' dir='ltr'><strong>Christianismum</strong></span> 
     </span>
    </p>
   </div>
   <div class='ocr_carea' id='block_1_37' title="bbox 303 2223 1884 2294">
    <p class='ocr_par' dir='ltr' id='par_1_37' title="bbox 303 2223 1884 2294">
     <span class='ocr_line' id='line_1_37' title="bbox 303 2223 1884 2294; baseline -0.001 -14"><span class='ocrx_word' id='word_1_264' title='bbox 303 2233 558 2280; x_wconf 89' lang='lat' dir='ltr'><strong>nostrum</strong></span> <span class='ocrx_word' id='word_1_265' title='bbox 586 2224 783 2294; x_wconf 92' lang='lat' dir='ltr'><strong>partim</strong></span> <span class='ocrx_word' id='word_1_266' title='bbox 830 2223 1021 2294; x_wconf 86' lang='lat' dir='ltr'><strong>gladio,</strong></span> <span class='ocrx_word' id='word_1_267' title='bbox 1059 2224 1255 2292; x_wconf 87' lang='lat' dir='ltr'><strong>partim</strong></span> <span class='ocrx_word' id='word_1_268' title='bbox 1300 2223 1738 2292; x_wconf 68' lang='lat' dir='ltr'><strong>prazvaricatione</strong></span> <span class='ocrx_word' id='word_1_269' title='bbox 1785 2239 1884 2279; x_wconf 79' lang='lat' dir='ltr'><strong>ex-</strong></span> 
     </span>
    </p>
   </div>
   <div class='ocr_carea' id='block_1_38' title="bbox 302 2313 1886 2386">
    <p class='ocr_par' dir='ltr' id='par_1_38' title="bbox 302 2313 1886 2386">
     <span class='ocr_line' id='line_1_38' title="bbox 302 2313 1886 2386; baseline 0 -17"><span class='ocrx_word' id='word_1_270' title='bbox 302 2315 607 2384; x_wconf 87' lang='lat' dir='ltr'><strong>stingueret</strong></span> <span class='ocrx_word' id='word_1_271' title='bbox 665 2314 762 2384; x_wconf 79' lang='grc'><strong>(5).</strong></span> <span class='ocrx_word' id='word_1_272' title='bbox 807 2313 1178 2368; x_wconf 87' lang='lat' dir='ltr'><strong>Fortissimum</strong></span> <span class='ocrx_word' id='word_1_273' title='bbox 1231 2325 1359 2367; x_wconf 83' lang='lat' dir='ltr'><strong>vero</strong></span> <span class='ocrx_word' id='word_1_274' title='bbox 1405 2314 1662 2368; x_wconf 86' lang='lat' dir='ltr'><strong>athletam</strong></span> <span class='ocrx_word' id='word_1_275' title='bbox 1710 2314 1886 2386; x_wconf 86' lang='lat' dir='ltr'><strong>gladio</strong></span> 
     </span>
    </p>
   </div>
   <div class='ocr_carea' id='block_1_39' title="bbox 303 2403 1882 2475">
    <p class='ocr_par' dir='ltr' id='par_1_39' title="bbox 303 2403 1882 2475">
     <span class='ocr_line' id='line_1_39' title="bbox 303 2403 1882 2475; baseline 0.001 -18"><span class='ocrx_word' id='word_1_276' title='bbox 303 2404 664 2470; x_wconf 79' lang='lat' dir='ltr'><strong>interﬁciens,</strong></span> <span class='ocrx_word' id='word_1_277' title='bbox 716 2403 957 2474; x_wconf 88' lang='lat' dir='ltr'><strong>patibulo</strong></span> <span class='ocrx_word' id='word_1_278' title='bbox 1001 2404 1141 2458; x_wconf 89' lang='lat' dir='ltr'><strong>ultra</strong></span> <span class='ocrx_word' id='word_1_279' title='bbox 1173 2418 1387 2459; x_wconf 88' lang='lat' dir='ltr'><strong>amnem</strong></span> <span class='ocrx_word' id='word_1_280' title='bbox 1442 2405 1696 2474; x_wconf 86' lang='lat' dir='ltr'><strong>suspendi</strong></span> <span class='ocrx_word' id='word_1_281' title='bbox 1743 2419 1882 2475; x_wconf 72' lang='lat' dir='ltr'><strong>pne-</strong></span> 
     </span>
    </p>
   </div>
   <div class='ocr_carea' id='block_1_40' title="bbox 303 2492 1870 2560">
    <p class='ocr_par' dir='ltr' id='par_1_40' title="bbox 303 2492 1870 2560">
     <span class='ocr_line' id='line_1_40' title="bbox 303 2492 1870 2560; baseline 0.001 -15"><span class='ocrx_word' id='word_1_282' title='bbox 303 2492 473 2560; x_wconf 87' lang='lat' dir='ltr'><strong>cepit.</strong></span> <span class='ocrx_word' id='word_1_283' title='bbox 1859 2503 1870 2522; x_wconf 80' lang='lat'><strong>‘</strong></span> 
     </span>
    </p>
   </div>
   <div class='ocr_carea' id='block_1_41' title="bbox 895 2623 1290 2680">
    <p class='ocr_par' dir='ltr' id='par_1_41' title="bbox 895 2623 1290 2680">
     <span class='ocr_line' id='line_1_41' title="bbox 895 2623 1290 2680; baseline -0.005 0"><span class='ocrx_word' id='word_1_284' title='bbox 895 2625 1120 2680; x_wconf 79' lang='lat' dir='ltr'><strong>CAPUT</strong></span> <span class='ocrx_word' id='word_1_285' title='bbox 1162 2623 1290 2679; x_wconf 72' lang='lat' dir='ltr'><strong>Vill.</strong></span> 
     </span>
    </p>
   </div>
   <div class='ocr_carea' id='block_1_42' title="bbox 417 2758 1747 2840">
    <p class='ocr_par' dir='ltr' id='par_1_42' title="bbox 417 2758 1747 2840">
     <span class='ocr_line' id='line_1_42' title="bbox 417 2758 1747 2840; baseline -0.002 -24"><span class='ocrx_word' id='word_1_286' title='bbox 417 2760 574 2816; x_wconf 75' lang='lat' dir='ltr'><strong>Gesta</strong></span> <span class='ocrx_word' id='word_1_287' title='bbox 610 2761 896 2826; x_wconf 78' lang='lat' dir='ltr'><strong>Anastasii,</strong></span> <span class='ocrx_word' id='word_1_288' title='bbox 929 2759 976 2812; x_wconf 82' lang='lat' dir='ltr'><strong>F</strong></span> <span class='ocrx_word' id='word_1_289' title='bbox 979 2760 1123 2814; x_wconf 76' lang='lat' dir='ltr'><strong>elicis</strong></span> <span class='ocrx_word' id='word_1_290' title='bbox 1147 2769 1194 2814; x_wconf 83' lang='lat' dir='ltr'><strong>et</strong></span> <span class='ocrx_word' id='word_1_291' title='bbox 1215 2758 1402 2830; x_wconf 75' lang='lat' dir='ltr'><strong>Digna:</strong></span> <span class='ocrx_word' id='word_1_292' title='bbox 1435 2769 1747 2840; x_wconf 80' lang='lat' dir='ltr'><strong>martyrum.</strong></span> 
     </span>
    </p>
   </div>
   <div class='ocr_carea' id='block_1_43' title="bbox 378 2894 1878 2967">
    <p class='ocr_par' dir='ltr' id='par_1_43' title="bbox 378 2894 1878 2967">
     <span class='ocr_line' id='line_1_43' title="bbox 378 2894 1878 2967; baseline -0.003 -13"><span class='ocrx_word' id='word_1_293' title='bbox 378 2901 429 2954; x_wconf 79' lang='lat' dir='ltr'><strong>i.</strong></span> <span class='ocrx_word' id='word_1_294' title='bbox 455 2897 626 2966; x_wconf 88' lang='lat' dir='ltr'><strong>Quem</strong></span> <span class='ocrx_word' id='word_1_295' title='bbox 653 2911 884 2967; x_wconf 86' lang='lat' dir='ltr'><strong>sequens</strong></span> <span class='ocrx_word' id='word_1_296' title='bbox 905 2895 981 2967; x_wconf 82' lang='grc' dir='ltr'><strong>(Ι)</strong></span> <span class='ocrx_word' id='word_1_297' title='bbox 1007 2894 1114 2950; x_wconf 91' lang='lat' dir='ltr'><strong>alio</strong></span> <span class='ocrx_word' id='word_1_298' title='bbox 1133 2895 1220 2951; x_wconf 92' lang='lat' dir='ltr'><strong>die</strong></span> <span class='ocrx_word' id='word_1_299' title='bbox 1239 2895 1560 2950; x_wconf 82' lang='lat' dir='ltr'><strong>Anastasius</strong></span> <span class='ocrx_word' id='word_1_300' title='bbox 1575 2895 1878 2967; x_wconf 84' lang='lat' dir='ltr'><strong>presbyter,</strong></span> 
     </span>
    </p>
   </div>
   <div class='ocr_carea' id='block_1_44' title="bbox 296 2984 1878 3061">
    <p class='ocr_par' dir='ltr' id='par_1_44' title="bbox 296 2984 1878 3061">
     <span class='ocr_line' id='line_1_44' title="bbox 296 2984 1878 3061; baseline -0.004 -16"><span class='ocrx_word' id='word_1_301' title='bbox 296 2991 393 3061; x_wconf 86' lang='lat' dir='ltr'><strong>qui</strong></span> <span class='ocrx_word' id='word_1_302' title='bbox 424 2991 492 3044; x_wconf 88' lang='lat' dir='ltr'><strong>ab</strong></span> <span class='ocrx_word' id='word_1_303' title='bbox 518 2989 735 3042; x_wconf 89' lang='lat' dir='ltr'><strong>ineunte</strong></span> <span class='ocrx_word' id='word_1_304' title='bbox 759 2997 916 3041; x_wconf 68' lang='lat' dir='ltr'><strong>aetate</strong></span> <span class='ocrx_word' id='word_1_305' title='bbox 957 2987 1096 3056; x_wconf 90' lang='lat' dir='ltr'><strong>apud</strong></span> <span class='ocrx_word' id='word_1_306' title='bbox 1134 2986 1410 3040; x_wconf 88' lang='lat' dir='ltr'><strong>basilicam</strong></span> <span class='ocrx_word' id='word_1_307' title='bbox 1464 2986 1634 3040; x_wconf 92' lang='lat' dir='ltr'><strong>sancti</strong></span> <span class='ocrx_word' id='word_1_308' title='bbox 1683 2984 1878 3038; x_wconf 87' lang='lat' dir='ltr'><strong>Aciscli</strong></span> 
     </span>
    </p>
   </div>
   <div class='ocr_carea' id='block_1_45' title="bbox 295 3077 1880 3147">
    <p class='ocr_par' dir='ltr' id='par_1_45' title="bbox 295 3077 1880 3147">
     <span class='ocr_line' id='line_1_45' title="bbox 295 3077 1880 3147; baseline -0.005 -10"><span class='ocrx_word' id='word_1_309' title='bbox 295 3079 665 3137; x_wconf 89' lang='lat' dir='ltr'><strong>Cordubensis</strong></span> <span class='ocrx_word' id='word_1_310' title='bbox 712 3078 1007 3147; x_wconf 91' lang='lat' dir='ltr'><strong>disciplinis</strong></span> <span class='ocrx_word' id='word_1_311' title='bbox 1064 3087 1118 3132; x_wconf 93' lang='lat' dir='ltr'><strong>et</strong></span> <span class='ocrx_word' id='word_1_312' title='bbox 1156 3077 1353 3132; x_wconf 88' lang='lat' dir='ltr'><strong>litteris</strong></span> <span class='ocrx_word' id='word_1_313' title='bbox 1399 3077 1666 3142; x_wconf 90' lang='lat' dir='ltr'><strong>eruditus,</strong></span> <span class='ocrx_word' id='word_1_314' title='bbox 1705 3091 1880 3145; x_wconf 87' lang='lat' dir='ltr'><strong>usque</strong></span> 
     </span>
    </p>
   </div>
   <div class='ocr_carea' id='block_1_46' title="bbox 1989 1938 3565 2024">
    <p class='ocr_par' dir='ltr' id='par_1_46' title="bbox 1989 1938 3565 2024">
     <span class='ocr_line' id='line_1_46' title="bbox 1989 1938 3565 2024; baseline 0.011 -32"><span class='ocrx_word' id='word_1_315' title='bbox 1989 1938 2098 1992; x_wconf 92' lang='lat' dir='ltr'><strong>cito</strong></span> <span class='ocrx_word' id='word_1_316' title='bbox 2121 1941 2466 2010; x_wconf 87' lang='lat' dir='ltr'><strong>cogitamine,</strong></span> <span class='ocrx_word' id='word_1_317' title='bbox 2497 1943 2694 2010; x_wconf 89' lang='lat' dir='ltr'><strong>quibus</strong></span> <span class='ocrx_word' id='word_1_318' title='bbox 2733 1945 2801 1998; x_wconf 91' lang='lat' dir='ltr'><strong>ad</strong></span> <span class='ocrx_word' id='word_1_319' title='bbox 2830 1945 2882 1999; x_wconf 89' lang='lat' dir='ltr'><strong>id</strong></span> <span class='ocrx_word' id='word_1_320' title='bbox 2931 1956 3113 2016; x_wconf 88' lang='lat' dir='ltr'><strong>posset</strong></span> <span class='ocrx_word' id='word_1_321' title='bbox 3158 1950 3372 2006; x_wconf 90' lang='lat' dir='ltr'><strong>indiciis</strong></span> <span class='ocrx_word' id='word_1_322' title='bbox 3418 1955 3565 2024; x_wconf 56' lang='lat' dir='ltr'><strong>aspi-</strong></span> 
     </span>
    </p>
   </div>
   <div class='ocr_carea' id='block_1_47' title="bbox 1989 2032 3567 2106">
    <p class='ocr_par' dir='ltr' id='par_1_47' title="bbox 1989 2032 3567 2106">
     <span class='ocr_line' id='line_1_47' title="bbox 1989 2032 3567 2106; baseline 0.011 -23"><span class='ocrx_word' id='word_1_323' title='bbox 1989 2045 2133 2096; x_wconf 89' lang='lat' dir='ltr'><strong>rare,</strong></span> <span class='ocrx_word' id='word_1_324' title='bbox 2161 2032 2356 2101; x_wconf 67' lang='lat' dir='ltr'><strong>smpius</strong></span> <span class='ocrx_word' id='word_1_325' title='bbox 2380 2034 2650 2088; x_wconf 90' lang='lat' dir='ltr'><strong>ruminare</strong></span> <span class='ocrx_word' id='word_1_326' title='bbox 2696 2035 2980 2106; x_wconf 88' lang='lat' dir='ltr'><strong>coepisset,</strong></span> <span class='ocrx_word' id='word_1_327' title='bbox 3035 2039 3096 2092; x_wconf 87' lang='lat' dir='ltr'><strong>iit</strong></span> <span class='ocrx_word' id='word_1_328' title='bbox 3141 2040 3346 2096; x_wconf 78' lang='lat' dir='ltr'><strong>aifatim</strong></span> <span class='ocrx_word' id='word_1_329' title='bbox 3395 2043 3567 2100; x_wconf 78' lang='lat' dir='ltr'><strong>lzetior</strong></span> 
     </span>
    </p>
   </div>
   <div class='ocr_carea' id='block_1_48' title="bbox 1987 2123 3564 2201">
    <p class='ocr_par' dir='ltr' id='par_1_48' title="bbox 1987 2123 3564 2201">
     <span class='ocr_line' id='line_1_48' title="bbox 1987 2123 3564 2201; baseline 0.009 -24"><span class='ocrx_word' id='word_1_330' title='bbox 1987 2123 2178 2178; x_wconf 91' lang='lat' dir='ltr'><strong>horum</strong></span> <span class='ocrx_word' id='word_1_331' title='bbox 2203 2125 2462 2179; x_wconf 90' lang='lat' dir='ltr'><strong>instructa</strong></span> <span class='ocrx_word' id='word_1_332' title='bbox 2492 2127 2771 2197; x_wconf 85' lang='lat' dir='ltr'><strong>martyrio,</strong></span> <span class='ocrx_word' id='word_1_333' title='bbox 2810 2143 2918 2198; x_wconf 92' lang='lat' dir='ltr'><strong>quo</strong></span> <span class='ocrx_word' id='word_1_334' title='bbox 2937 2131 3090 2198; x_wconf 90' lang='lat' dir='ltr'><strong>quasi</strong></span> <span class='ocrx_word' id='word_1_335' title='bbox 3132 2133 3215 2186; x_wconf 92' lang='lat' dir='ltr'><strong>his</strong></span> <span class='ocrx_word' id='word_1_336' title='bbox 3258 2135 3564 2201; x_wconf 64' lang='lat' dir='ltr'><strong>praeceden-</strong></span> 
     </span>
    </p>
   </div>
   <div class='ocr_carea' id='block_1_49' title="bbox 1986 2212 3560 2286">
    <p class='ocr_par' dir='ltr' id='par_1_49' title="bbox 1986 2212 3560 2286">
     <span class='ocr_line' id='line_1_49' title="bbox 1986 2212 3560 2286; baseline 0.009 -20"><span class='ocrx_word' id='word_1_337' title='bbox 1986 2212 2128 2267; x_wconf 91' lang='lat' dir='ltr'><strong>tibus</strong></span> <span class='ocrx_word' id='word_1_338' title='bbox 2160 2214 2274 2268; x_wconf 77' lang='lat' dir='ltr'><strong>bznc</strong></span> <span class='ocrx_word' id='word_1_339' title='bbox 2310 2214 2534 2269; x_wconf 86' lang='lat' dir='ltr'><strong>ﬁrmiori</strong></span> <span class='ocrx_word' id='word_1_340' title='bbox 2571 2231 2789 2286; x_wconf 85' lang='lat' dir='ltr'><strong>gressus</strong></span> <span class='ocrx_word' id='word_1_341' title='bbox 2815 2221 3128 2275; x_wconf 89' lang='lat' dir='ltr'><strong>succederet</strong></span> <span class='ocrx_word' id='word_1_342' title='bbox 3170 2223 3236 2276; x_wconf 88' lang='lat' dir='ltr'><strong>ad</strong></span> <span class='ocrx_word' id='word_1_343' title='bbox 3285 2237 3560 2280; x_wconf 87' lang='lat' dir='ltr'><strong>coronam.</strong></span> 
     </span>
    </p>
   </div>
   <div class='ocr_carea' id='block_1_50' title="bbox 1983 2301 3558 2385">
    <p class='ocr_par' dir='ltr' id='par_1_50' title="bbox 1983 2301 3558 2385">
     <span class='ocr_line' id='line_1_50' title="bbox 1983 2301 3558 2385; baseline 0.01 -29"><span class='ocrx_word' id='word_1_344' title='bbox 1983 2301 2211 2373; x_wconf 85' lang='lat' dir='ltr'><strong>ideoque</strong></span> <span class='ocrx_word' id='word_1_345' title='bbox 2240 2306 2440 2374; x_wconf 90' lang='lat' dir='ltr'><strong>apertis</strong></span> <span class='ocrx_word' id='word_1_346' title='bbox 2469 2306 2688 2363; x_wconf 88' lang='lat' dir='ltr'><strong>silenter</strong></span> <span class='ocrx_word' id='word_1_347' title='bbox 2720 2311 2950 2364; x_wconf 73' lang='lat' dir='ltr'><strong>cmuobii</strong></span> <span class='ocrx_word' id='word_1_348' title='bbox 2984 2311 3255 2379; x_wconf 89' lang='lat' dir='ltr'><strong>claustris,</strong></span> <span class='ocrx_word' id='word_1_349' title='bbox 3303 2332 3426 2371; x_wconf 91' lang='lat' dir='ltr'><strong>cum</strong></span> <span class='ocrx_word' id='word_1_350' title='bbox 3446 2315 3558 2385; x_wconf 89' lang='lat' dir='ltr'><strong>jam</strong></span> 
     </span>
    </p>
   </div>
   <div class='ocr_carea' id='block_1_51' title="bbox 1981 2395 3557 2477">
    <p class='ocr_par' dir='ltr' id='par_1_51' title="bbox 1981 2395 3557 2477">
     <span class='ocr_line' id='line_1_51' title="bbox 1981 2395 3557 2477; baseline 0.009 -29"><span class='ocrx_word' id='word_1_351' title='bbox 1981 2395 2170 2451; x_wconf 90' lang='lat' dir='ltr'><strong>beatos</strong></span> <span class='ocrx_word' id='word_1_352' title='bbox 2193 2397 2429 2464; x_wconf 85' lang='lat' dir='ltr'><strong>pendere</strong></span> <span class='ocrx_word' id='word_1_353' title='bbox 2457 2399 2808 2468; x_wconf 89' lang='lat' dir='ltr'><strong>comperisset</strong></span> <span class='ocrx_word' id='word_1_354' title='bbox 2830 2409 3114 2472; x_wconf 83' lang='lat' dir='ltr'><strong>martyres,</strong></span> <span class='ocrx_word' id='word_1_355' title='bbox 3151 2407 3364 2462; x_wconf 86' lang='lat' dir='ltr'><strong>concito</strong></span> <span class='ocrx_word' id='word_1_356' title='bbox 3387 2409 3557 2477; x_wconf 78' lang='lat' dir='ltr'><strong>gradu</strong></span> 
     </span>
    </p>
   </div>
   <div class='ocr_carea' id='block_1_52' title="bbox 1977 2484 3558 2569">
    <p class='ocr_par' dir='ltr' id='par_1_52' title="bbox 1977 2484 3558 2569">
     <span class='ocr_line' id='line_1_52' title="bbox 1977 2484 3558 2569; baseline 0.011 -31"><span class='ocrx_word' id='word_1_357' title='bbox 1977 2484 2209 2553; x_wconf 82' lang='lat' dir='ltr'><strong>iudicem</strong></span> <span class='ocrx_word' id='word_1_358' title='bbox 2243 2496 2452 2556; x_wconf 88' lang='lat' dir='ltr'><strong>petens,</strong></span> <span class='ocrx_word' id='word_1_359' title='bbox 2485 2506 2581 2544; x_wconf 92' lang='lat' dir='ltr'><strong>cur</strong></span> <span class='ocrx_word' id='word_1_360' title='bbox 2607 2491 2802 2546; x_wconf 80' lang='lat' dir='ltr'><strong>fratres</strong></span> <span class='ocrx_word' id='word_1_361' title='bbox 2843 2488 2970 2547; x_wconf 83' lang='lat' dir='ltr'><strong>suos</strong></span> <span class='ocrx_word' id='word_1_362' title='bbox 3014 2509 3290 2563; x_wconf 74' lang='lat' dir='ltr'><strong>przecones</strong></span> <span class='ocrx_word' id='word_1_363' title='bbox 3335 2499 3558 2569; x_wconf 57' lang='lat' dir='ltr'><strong>justiti:</strong></span> 
     </span>
    </p>
   </div>
   <div class='ocr_carea' id='block_1_53' title="bbox 1983 2579 3557 2654">
    <p class='ocr_par' dir='ltr' id='par_1_53' title="bbox 1983 2579 3557 2654">
     <span class='ocr_line' id='line_1_53' title="bbox 1983 2579 3557 2654; baseline 0.008 -22"><span class='ocrx_word' id='word_1_364' title='bbox 1983 2579 2349 2644; x_wconf 85' lang='lat' dir='ltr'><strong>trucidaverit,</strong></span> <span class='ocrx_word' id='word_1_365' title='bbox 2382 2581 2682 2637; x_wconf 89' lang='lat' dir='ltr'><strong>assertione</strong></span> <span class='ocrx_word' id='word_1_366' title='bbox 2710 2583 2973 2652; x_wconf 90' lang='lat' dir='ltr'><strong>intrepida</strong></span> <span class='ocrx_word' id='word_1_367' title='bbox 2997 2597 3364 2654; x_wconf 89' lang='lat' dir='ltr'><strong>percontatur.</strong></span> <span class='ocrx_word' id='word_1_368' title='bbox 3418 2609 3438 2642; x_wconf 84' lang='grc'>‹</span> <span class='ocrx_word' id='word_1_369' title='bbox 3475 2592 3557 2646; x_wconf 83' lang='lat' dir='ltr'><strong>An</strong></span> 
     </span>
    </p>
   </div>
   <div class='ocr_carea' id='block_1_54' title="bbox 1978 2668 3561 2749">
    <p class='ocr_par' dir='ltr' id='par_1_54' title="bbox 1978 2668 3561 2749">
     <span class='ocr_line' id='line_1_54' title="bbox 1978 2668 3561 2749; baseline 0.011 -32"><span class='ocrx_word' id='word_1_370' title='bbox 1978 2668 2128 2736; x_wconf 89' lang='lat' dir='ltr'><strong>quia,</strong></span> <span class='ocrx_word' id='word_1_371' title='bbox 2154 2669 2348 2738; x_wconf 88' lang='lat' dir='ltr'><strong>inquit,</strong></span> <span class='ocrx_word' id='word_1_372' title='bbox 2374 2671 2468 2725; x_wconf 90' lang='lat' dir='ltr'><strong>Dei</strong></span> <span class='ocrx_word' id='word_1_373' title='bbox 2491 2673 2728 2728; x_wconf 82' lang='lat' dir='ltr'><strong>Cultores</strong></span> <span class='ocrx_word' id='word_1_374' title='bbox 2753 2674 3054 2741; x_wconf 79' lang='lat' dir='ltr'><strong>existimas,</strong></span> <span class='ocrx_word' id='word_1_375' title='bbox 3109 2687 3460 2749; x_wconf 87' lang='lat' dir='ltr'><strong>sanctamque</strong></span> <span class='ocrx_word' id='word_1_376' title='bbox 3498 2682 3561 2736; x_wconf 46' lang='lat' dir='ltr'><strong>ili</strong></span> 
     </span>
    </p>
   </div>
   <div class='ocr_carea' id='block_1_55' title="bbox 1979 2758 3559 2834">
    <p class='ocr_par' dir='ltr' id='par_1_55' title="bbox 1979 2758 3559 2834">
     <span class='ocr_line' id='line_1_55' title="bbox 1979 2758 3559 2834; baseline 0.009 -22"><span class='ocrx_word' id='word_1_377' title='bbox 1979 2758 2169 2812; x_wconf 90' lang='lat' dir='ltr'><strong>deliter</strong></span> <span class='ocrx_word' id='word_1_378' title='bbox 2211 2760 2436 2815; x_wconf 91' lang='lat' dir='ltr'><strong>colimus</strong></span> <span class='ocrx_word' id='word_1_379' title='bbox 2481 2761 2821 2826; x_wconf 86' lang='lat' dir='ltr'><strong>Trinitatem,</strong></span> <span class='ocrx_word' id='word_1_380' title='bbox 2859 2763 3094 2830; x_wconf 81' lang='lat' dir='ltr'><strong>Patrem,</strong></span> <span class='ocrx_word' id='word_1_381' title='bbox 3140 2776 3196 2820; x_wconf 89' lang='lat' dir='ltr'><strong>et</strong></span> <span class='ocrx_word' id='word_1_382' title='bbox 3235 2768 3455 2834; x_wconf 88' lang='lat' dir='ltr'><strong>Filium,</strong></span> <span class='ocrx_word' id='word_1_383' title='bbox 3503 2777 3559 2826; x_wconf 78' lang='lat' dir='ltr'><strong>et</strong></span> 
     </span>
    </p>
   </div>
   <div class='ocr_carea' id='block_1_56' title="bbox 1980 2849 3554 2926">
    <p class='ocr_par' dir='ltr' id='par_1_56' title="bbox 1980 2849 3554 2926">
     <span class='ocr_line' id='line_1_56' title="bbox 1980 2849 3554 2926; baseline 0.008 -23"><span class='ocrx_word' id='word_1_384' title='bbox 1980 2849 2239 2918; x_wconf 88' lang='lat' dir='ltr'><strong>Spiritum</strong></span> <span class='ocrx_word' id='word_1_385' title='bbox 2269 2862 2537 2917; x_wconf 88' lang='lat' dir='ltr'><strong>sanctum,</strong></span> <span class='ocrx_word' id='word_1_386' title='bbox 2569 2870 2732 2908; x_wconf 92' lang='lat' dir='ltr'><strong>unum</strong></span> <span class='ocrx_word' id='word_1_387' title='bbox 2769 2863 2823 2909; x_wconf 90' lang='lat' dir='ltr'><strong>et</strong></span> <span class='ocrx_word' id='word_1_388' title='bbox 2851 2870 3037 2910; x_wconf 83' lang='lat' dir='ltr'><strong>verum</strong></span> <span class='ocrx_word' id='word_1_389' title='bbox 3086 2857 3254 2912; x_wconf 87' lang='lat' dir='ltr'><strong>Deum</strong></span> <span class='ocrx_word' id='word_1_390' title='bbox 3303 2860 3554 2926; x_wconf 84' lang='lat' dir='ltr'><strong>fatentes.</strong></span> 
     </span>
    </p>
   </div>
   <div class='ocr_carea' id='block_1_57' title="bbox 1978 2945 3545 3013">
    <p class='ocr_par' dir='ltr' id='par_1_57' title="bbox 1978 2945 3545 3013">
     <span class='ocr_line' id='line_1_57' title="bbox 1978 2945 3545 3013; baseline 0.008 -18"><span class='ocrx_word' id='word_1_391' title='bbox 1978 2951 2032 2995; x_wconf 90' lang='lat' dir='ltr'><strong>et</strong></span> <span class='ocrx_word' id='word_1_392' title='bbox 2054 2957 2212 2997; x_wconf 91' lang='lat' dir='ltr'><strong>omne</strong></span> <span class='ocrx_word' id='word_1_393' title='bbox 2239 2945 2381 3012; x_wconf 93' lang='lat' dir='ltr'><strong>quod</strong></span> <span class='ocrx_word' id='word_1_394' title='bbox 2411 2947 2478 2999; x_wconf 89' lang='lat' dir='ltr'><strong>ab</strong></span> <span class='ocrx_word' id='word_1_395' title='bbox 2501 2945 2605 3000; x_wconf 89' lang='lat' dir='ltr'><strong>hac</strong></span> <span class='ocrx_word' id='word_1_396' title='bbox 2633 2945 2951 2999; x_wconf 87' lang='lat' dir='ltr'><strong>credulitate</strong></span> <span class='ocrx_word' id='word_1_397' title='bbox 2994 2947 3264 3013; x_wconf 87' lang='lat' dir='ltr'><strong>dissentit,</strong></span> <span class='ocrx_word' id='word_1_398' title='bbox 3311 2965 3417 3005; x_wconf 93' lang='lat' dir='ltr'><strong>non</strong></span> <span class='ocrx_word' id='word_1_399' title='bbox 3469 2966 3545 3007; x_wconf 86' lang='lat' dir='ltr'><strong>so-</strong></span> 
     </span>
    </p>
   </div>
   <div class='ocr_carea' id='block_1_58' title="bbox 1978 3033 3525 3104">
    <p class='ocr_par' dir='ltr' id='par_1_58' title="bbox 1978 3033 3525 3104">
     <span class='ocr_line' id='line_1_58' title="bbox 1978 3033 3525 3104; baseline 0.006 -19"><span class='ocrx_word' id='word_1_400' title='bbox 1978 3033 2086 3086; x_wconf 93' lang='lat' dir='ltr'><strong>lum</strong></span> <span class='ocrx_word' id='word_1_401' title='bbox 2123 3048 2406 3104; x_wconf 82' lang='lat' dir='ltr'><strong>negamus,</strong></span> <span class='ocrx_word' id='word_1_402' title='bbox 2441 3050 2629 3090; x_wconf 92' lang='lat' dir='ltr'><strong>verum</strong></span> <span class='ocrx_word' id='word_1_403' title='bbox 2659 3038 2821 3090; x_wconf 91' lang='lat' dir='ltr'><strong>etiam</strong></span> <span class='ocrx_word' id='word_1_404' title='bbox 2874 3039 3226 3104; x_wconf 87' lang='lat' dir='ltr'><strong>detestamur,</strong></span> <span class='ocrx_word' id='word_1_405' title='bbox 3276 3040 3525 3096; x_wconf 68' lang='lat' dir='ltr'><strong>maledici</strong></span> 
     </span>
    </p>
   </div>
   <div class='ocr_carea' id='block_1_59' title="bbox 1983 3127 3334 3193">
    <p class='ocr_par' dir='ltr' id='par_1_59' title="bbox 1983 3127 3334 3193">
     <span class='ocr_line' id='line_1_59' title="bbox 1983 3127 3334 3193; baseline 0.004 -16"><span class='ocrx_word' id='word_1_406' title='bbox 1983 3140 2120 3188; x_wconf 91' lang='lat' dir='ltr'><strong>mus,</strong></span> <span class='ocrx_word' id='word_1_407' title='bbox 2161 3136 2216 3179; x_wconf 92' lang='lat' dir='ltr'><strong>et</strong></span> <span class='ocrx_word' id='word_1_408' title='bbox 2247 3127 2654 3193; x_wconf 83' lang='lat' dir='ltr'><strong>confundimus;</strong></span> <span class='ocrx_word' id='word_1_409' title='bbox 2684 3128 2885 3183; x_wconf 90' lang='lat' dir='ltr'><strong>idcirco</strong></span> <span class='ocrx_word' id='word_1_410' title='bbox 2914 3129 3288 3186; x_wconf 82' lang='lat' dir='ltr'><strong>confodimur?</strong></span> <span class='ocrx_word' id='word_1_411' title='bbox 3317 3151 3334 3183; x_wconf 74' lang='grc' dir='ltr'><strong><em>ι</em></strong></span> 
     </span>
    </p>
   </div>
   <div class='ocr_carea' id='block_1_60' title="bbox 297 3168 3554 3278">
    <p class='ocr_par' dir='ltr' id='par_1_60' title="bbox 297 3168 3554 3278">
     <span class='ocr_line' id='line_1_60' title="bbox 297 3168 3554 3278; baseline -0.001 -53"><span class='ocrx_word' id='word_1_412' title='bbox 297 3173 368 3227; x_wconf 84' lang='lat' dir='ltr'><strong>ad</strong></span> <span class='ocrx_word' id='word_1_413' title='bbox 395 3172 609 3243; x_wconf 80' lang='lat' dir='ltr'><strong>plenam</strong></span> <span class='ocrx_word' id='word_1_414' title='bbox 645 3169 981 3238; x_wconf 89' lang='lat' dir='ltr'><strong>juventutem</strong></span> <span class='ocrx_word' id='word_1_415' title='bbox 1016 3169 1214 3223; x_wconf 88' lang='lat' dir='ltr'><strong>ibidem</strong></span> <span class='ocrx_word' id='word_1_416' title='bbox 1248 3169 1302 3224; x_wconf 94' lang='lat' dir='ltr'><strong>in</strong></span> <span class='ocrx_word' id='word_1_417' title='bbox 1342 3169 1671 3224; x_wconf 87' lang='lat' dir='ltr'><strong>Diaconatus</strong></span> <span class='ocrx_word' id='word_1_418' title='bbox 1701 3168 1874 3223; x_wconf 89' lang='lat' dir='ltr'><strong>oilicio</strong></span> <span class='ocrx_word' id='word_1_419' title='bbox 1902 3175 1948 3238; x_wconf 74' lang='grc' dir='ltr'>ρ</span> <span class='ocrx_word' id='word_1_420' title='bbox 3457 3235 3554 3278; x_wconf 61' lang='lat' dir='ltr'><strong>ora</strong></span> 
     </span>
    </p>
   </div>
   <div class='ocr_carea' id='block_1_61' title="bbox 296 3261 1875 3336">
    <p class='ocr_par' dir='ltr' id='par_1_61' title="bbox 296 3261 1875 3336">
     <span class='ocr_line' id='line_1_61' title="bbox 296 3261 1875 3336; baseline -0.004 -15"><span class='ocrx_word' id='word_1_421' title='bbox 296 3269 500 3336; x_wconf 87' lang='lat' dir='ltr'><strong>degens</strong></span> <span class='ocrx_word' id='word_1_422' title='bbox 532 3264 583 3328; x_wconf 74' lang='grc' dir='ltr'><strong>ι’,</strong></span> <span class='ocrx_word' id='word_1_423' title='bbox 623 3271 907 3332; x_wconf 90' lang='lat' dir='ltr'><strong>postquam</strong></span> <span class='ocrx_word' id='word_1_424' title='bbox 936 3262 1284 3316; x_wconf 87' lang='lat' dir='ltr'><strong>monasticam</strong></span> <span class='ocrx_word' id='word_1_425' title='bbox 1319 3262 1503 3325; x_wconf 86' lang='lat' dir='ltr'><strong>vitam,</strong></span> <span class='ocrx_word' id='word_1_426' title='bbox 1547 3276 1654 3330; x_wconf 88' lang='lat' dir='ltr'><strong>qua</strong></span> <span class='ocrx_word' id='word_1_427' title='bbox 1676 3261 1875 3315; x_wconf 90' lang='lat' dir='ltr'><strong>dudum</strong></span> 
     </span>
    </p>
   </div>
   <div class='ocr_carea' id='block_1_62' title="bbox 295 3350 1875 3422">
    <p class='ocr_par' dir='ltr' id='par_1_62' title="bbox 295 3350 1875 3422">
     <span class='ocr_line' id='line_1_62' title="bbox 295 3350 1875 3422; baseline -0.002 -15"><span class='ocrx_word' id='word_1_428' title='bbox 295 3355 475 3408; x_wconf 80' lang='lat' dir='ltr'><strong>fuerat</strong></span> <span class='ocrx_word' id='word_1_429' title='bbox 507 3360 689 3422; x_wconf 89' lang='lat' dir='ltr'><strong>spreto</strong></span> <span class='ocrx_word' id='word_1_430' title='bbox 719 3364 741 3391; x_wconf 73' lang='grc' dir='ltr'><strong>ε</strong></span> <span class='ocrx_word' id='word_1_431' title='bbox 776 3353 1077 3406; x_wconf 90' lang='lat' dir='ltr'><strong>ministerio</strong></span> <span class='ocrx_word' id='word_1_432' title='bbox 1119 3351 1419 3406; x_wconf 89' lang='lat' dir='ltr'><strong>oblectatus</strong></span> <span class='ocrx_word' id='word_1_433' title='bbox 1445 3350 1545 3421; x_wconf 75' lang='lat'><strong>(‘2),</strong></span> <span class='ocrx_word' id='word_1_434' title='bbox 1573 3351 1624 3404; x_wconf 93' lang='lat' dir='ltr'><strong>in</strong></span> <span class='ocrx_word' id='word_1_435' title='bbox 1655 3351 1875 3405; x_wconf 82' lang='lat' dir='ltr'><strong>senibus</strong></span> 
     </span>
    </p>
   </div>
   <div class='ocr_carea' id='block_1_63' title="bbox 293 3440 1872 3516">
    <p class='ocr_par' dir='ltr' id='par_1_63' title="bbox 293 3440 1872 3516">
     <span class='ocr_line' id='line_1_63' title="bbox 293 3440 1872 3516; baseline -0.004 -16"><span class='ocrx_word' id='word_1_436' title='bbox 293 3453 502 3516; x_wconf 89' lang='lat' dir='ltr'><strong>egerat,</strong></span> <span class='ocrx_word' id='word_1_437' title='bbox 525 3445 738 3500; x_wconf 90' lang='lat' dir='ltr'><strong>demum</strong></span> <span class='ocrx_word' id='word_1_438' title='bbox 762 3443 1066 3498; x_wconf 89' lang='lat' dir='ltr'><strong>sacerdotio</strong></span> <span class='ocrx_word' id='word_1_439' title='bbox 1081 3441 1400 3512; x_wconf 90' lang='lat' dir='ltr'><strong>applicatur.</strong></span> <span class='ocrx_word' id='word_1_440' title='bbox 1417 3440 1640 3496; x_wconf 90' lang='lat' dir='ltr'><strong>Concito</strong></span> <span class='ocrx_word' id='word_1_441' title='bbox 1661 3455 1872 3510; x_wconf 87' lang='lat' dir='ltr'><strong>gressu,</strong></span> 
     </span>
    </p>
   </div>
   <div class='ocr_carea' id='block_1_64' title="bbox 296 3532 1873 3608">
    <p class='ocr_par' dir='ltr' id='par_1_64' title="bbox 296 3532 1873 3608">
     <span class='ocr_line' id='line_1_64' title="bbox 296 3532 1873 3608; baseline -0.004 -16"><span class='ocrx_word' id='word_1_442' title='bbox 296 3537 556 3608; x_wconf 88' lang='lat' dir='ltr'><strong>palatium</strong></span> <span class='ocrx_word' id='word_1_443' title='bbox 586 3547 778 3608; x_wconf 88' lang='lat' dir='ltr'><strong>petens</strong></span> <span class='ocrx_word' id='word_1_444' title='bbox 822 3537 1000 3590; x_wconf 88' lang='lat' dir='ltr'><strong>adstat</strong></span> <span class='ocrx_word' id='word_1_445' title='bbox 1029 3533 1359 3598; x_wconf 91' lang='lat' dir='ltr'><strong>consulibus,</strong></span> <span class='ocrx_word' id='word_1_446' title='bbox 1402 3534 1720 3602; x_wconf 89' lang='lat' dir='ltr'><strong>hostemque</strong></span> <span class='ocrx_word' id='word_1_447' title='bbox 1753 3532 1873 3586; x_wconf 80' lang='lat' dir='ltr'><strong>fidei</strong></span> 
     </span>
    </p>
   </div>
   <div class='ocr_carea' id='block_1_65' title="bbox 293 3622 1874 3692">
    <p class='ocr_par' dir='ltr' id='par_1_65' title="bbox 293 3622 1874 3692">
     <span class='ocr_line' id='line_1_65' title="bbox 293 3622 1874 3692; baseline -0.001 -14"><span class='ocrx_word' id='word_1_448' title='bbox 293 3627 554 3682; x_wconf 75' lang='lat' dir='ltr'><strong>veridicis</strong></span> <span class='ocrx_word' id='word_1_449' title='bbox 577 3625 931 3680; x_wconf 90' lang='lat' dir='ltr'><strong>assertionum</strong></span> <span class='ocrx_word' id='word_1_450' title='bbox 959 3623 1192 3679; x_wconf 90' lang='lat' dir='ltr'><strong>stimulis</strong></span> <span class='ocrx_word' id='word_1_451' title='bbox 1221 3622 1441 3688; x_wconf 83' lang='lat' dir='ltr'><strong>feriens,</strong></span> <span class='ocrx_word' id='word_1_452' title='bbox 1483 3623 1658 3692; x_wconf 85' lang='lat' dir='ltr'><strong>gladio</strong></span> <span class='ocrx_word' id='word_1_453' title='bbox 1689 3622 1874 3676; x_wconf 86' lang='lat' dir='ltr'><strong>confe-</strong></span> 
     </span>
    </p>
   </div>
   <div class='ocr_carea' id='block_1_66' title="bbox 292 3714 1876 3789">
    <p class='ocr_par' dir='ltr' id='par_1_66' title="bbox 292 3714 1876 3789">
     <span class='ocr_line' id='line_1_66' title="bbox 292 3714 1876 3789; baseline -0.005 -12"><span class='ocrx_word' id='word_1_454' title='bbox 292 3724 423 3778; x_wconf 90' lang='lat' dir='ltr'><strong>stim</strong></span> <span class='ocrx_word' id='word_1_455' title='bbox 457 3721 751 3784; x_wconf 88' lang='lat' dir='ltr'><strong>abscissus,</strong></span> <span class='ocrx_word' id='word_1_456' title='bbox 802 3719 1162 3789; x_wconf 89' lang='lat' dir='ltr'><strong>suspenditur.</strong></span> <span class='ocrx_word' id='word_1_457' title='bbox 1210 3715 1345 3771; x_wconf 91' lang='lat' dir='ltr'><strong>Cum</strong></span> <span class='ocrx_word' id='word_1_458' title='bbox 1373 3731 1480 3786; x_wconf 92' lang='lat' dir='ltr'><strong>quo</strong></span> <span class='ocrx_word' id='word_1_459' title='bbox 1507 3723 1562 3769; x_wconf 92' lang='lat' dir='ltr'><strong>et</strong></span> <span class='ocrx_word' id='word_1_460' title='bbox 1589 3714 1736 3769; x_wconf 80' lang='lat' dir='ltr'><strong>Felix</strong></span> <span class='ocrx_word' id='word_1_461' title='bbox 1767 3729 1876 3769; x_wconf 92' lang='lat' dir='ltr'><strong>mo-</strong></span> 
     </span>
    </p>
   </div>
   <div class='ocr_carea' id='block_1_67' title="bbox 295 3807 1875 3881">
    <p class='ocr_par' dir='ltr' id='par_1_67' title="bbox 295 3807 1875 3881">
     <span class='ocr_line' id='line_1_67' title="bbox 295 3807 1875 3881; baseline -0.006 -12"><span class='ocrx_word' id='word_1_462' title='bbox 295 3814 528 3876; x_wconf 84' lang='lat' dir='ltr'><strong>nachus,</strong></span> <span class='ocrx_word' id='word_1_463' title='bbox 561 3827 630 3868; x_wconf 75' lang='lat' dir='ltr'><strong>ex</strong></span> <span class='ocrx_word' id='word_1_464' title='bbox 665 3811 860 3881; x_wconf 85' lang='lat' dir='ltr'><strong>oppido</strong></span> <span class='ocrx_word' id='word_1_465' title='bbox 903 3808 1270 3878; x_wconf 92' lang='lat' dir='ltr'><strong>Complutensi</strong></span> <span class='ocrx_word' id='word_1_466' title='bbox 1312 3807 1625 3877; x_wconf 85' lang='lat' dir='ltr'><strong>progenitus</strong></span> <span class='ocrx_word' id='word_1_467' title='bbox 1655 3807 1754 3877; x_wconf 75' lang='lat'><strong>(&#39;5),</strong></span> <span class='ocrx_word' id='word_1_468' title='bbox 1781 3821 1875 3862; x_wconf 92' lang='lat' dir='ltr'><strong>na-</strong></span> 
     </span>
    </p>
   </div>
   <div class='ocr_carea' id='block_1_68' title="bbox 294 3901 1875 3974">
    <p class='ocr_par' dir='ltr' id='par_1_68' title="bbox 294 3901 1875 3974">
     <span class='ocr_line' id='line_1_68' title="bbox 294 3901 1875 3974; baseline -0.006 -12"><span class='ocrx_word' id='word_1_469' title='bbox 294 3911 443 3962; x_wconf 88' lang='lat' dir='ltr'><strong>tione</strong></span> <span class='ocrx_word' id='word_1_470' title='bbox 491 3906 732 3969; x_wconf 85' lang='lat' dir='ltr'><strong>Getulus,</strong></span> <span class='ocrx_word' id='word_1_471' title='bbox 784 3915 840 3960; x_wconf 88' lang='lat' dir='ltr'><strong>et</strong></span> <span class='ocrx_word' id='word_1_472' title='bbox 869 3904 1100 3974; x_wconf 86' lang='lat' dir='ltr'><strong>quadam</strong></span> <span class='ocrx_word' id='word_1_473' title='bbox 1152 3902 1436 3958; x_wconf 86' lang='lat' dir='ltr'><strong>occasione</strong></span> <span class='ocrx_word' id='word_1_474' title='bbox 1472 3903 1526 3955; x_wconf 95' lang='lat' dir='ltr'><strong>in</strong></span> <span class='ocrx_word' id='word_1_475' title='bbox 1570 3901 1598 3941; x_wconf 74' lang='grc' dir='ltr'><em>δ</em></span> <span class='ocrx_word' id='word_1_476' title='bbox 1626 3901 1875 3955; x_wconf 85' lang='lat' dir='ltr'><strong>Asturias</strong></span> 
     </span>
    </p>
   </div>
   <div class='ocr_carea' id='block_1_69' title="bbox 293 3991 1872 4061">
    <p class='ocr_par' dir='ltr' id='par_1_69' title="bbox 293 3991 1872 4061">
     <span class='ocr_line' id='line_1_69' title="bbox 293 3991 1872 4061; baseline -0.006 -7"><span class='ocrx_word' id='word_1_477' title='bbox 293 3998 600 4061; x_wconf 75' lang='lat' dir='ltr'><strong>devolutus,</strong></span> <span class='ocrx_word' id='word_1_478' title='bbox 645 3997 737 4052; x_wconf 89' lang='lat' dir='ltr'><strong>ubi</strong></span> <span class='ocrx_word' id='word_1_479' title='bbox 783 4004 838 4049; x_wconf 89' lang='lat' dir='ltr'><strong>et</strong></span> <span class='ocrx_word' id='word_1_480' title='bbox 871 3995 1026 4050; x_wconf 83' lang='lat' dir='ltr'><strong>ﬁdem</strong></span> <span class='ocrx_word' id='word_1_481' title='bbox 1083 3993 1421 4057; x_wconf 87' lang='lat' dir='ltr'><strong>catholicam,</strong></span> <span class='ocrx_word' id='word_1_482' title='bbox 1457 4001 1514 4048; x_wconf 91' lang='lat' dir='ltr'><strong>et</strong></span> <span class='ocrx_word' id='word_1_483' title='bbox 1559 3991 1872 4059; x_wconf 83' lang='lat' dir='ltr'><strong>religionem</strong></span> 
     </span>
    </p>
   </div>
   <div class='ocr_carea' id='block_1_70' title="bbox 292 4080 1872 4150">
    <p class='ocr_par' dir='ltr' id='par_1_70' title="bbox 292 4080 1872 4150">
     <span class='ocr_line' id='line_1_70' title="bbox 292 4080 1872 4150; baseline -0.007 -5"><span class='ocrx_word' id='word_1_484' title='bbox 292 4089 648 4145; x_wconf 88' lang='lat' dir='ltr'><strong>monasticam</strong></span> <span class='ocrx_word' id='word_1_485' title='bbox 695 4086 902 4150; x_wconf 88' lang='lat' dir='ltr'><strong>didicit,</strong></span> <span class='ocrx_word' id='word_1_486' title='bbox 949 4085 1138 4140; x_wconf 89' lang='lat' dir='ltr'><strong>eodem</strong></span> <span class='ocrx_word' id='word_1_487' title='bbox 1165 4083 1252 4137; x_wconf 91' lang='lat' dir='ltr'><strong>die</strong></span> <span class='ocrx_word' id='word_1_488' title='bbox 1279 4084 1379 4136; x_wconf 91' lang='lat' dir='ltr'><strong>hac</strong></span> <span class='ocrx_word' id='word_1_489' title='bbox 1407 4080 1739 4142; x_wconf 83' lang='lat' dir='ltr'><strong>professione</strong></span> <span class='ocrx_word' id='word_1_490' title='bbox 1777 4081 1872 4135; x_wconf 92' lang='lat' dir='ltr'><strong>de-</strong></span> 
     </span>
    </p>
   </div>
   <div class='ocr_carea' id='block_1_71' title="bbox 293 4177 720 4248">
    <p class='ocr_par' dir='ltr' id='par_1_71' title="bbox 293 4177 720 4248">
     <span class='ocr_line' id='line_1_71' title="bbox 293 4177 720 4248; baseline -0.009 -13"><span class='ocrx_word' id='word_1_491' title='bbox 293 4182 442 4235; x_wconf 83' lang='lat' dir='ltr'><strong>cisus</strong></span> <span class='ocrx_word' id='word_1_492' title='bbox 472 4177 720 4248; x_wconf 73' lang='lat' dir='ltr'><strong>aiiigitur.</strong></span> 
     </span>
    </p>
   </div>
   <div class='ocr_carea' id='block_1_72' title="bbox 364 4262 1873 4338">
    <p class='ocr_par' dir='ltr' id='par_1_72' title="bbox 364 4262 1873 4338">
     <span class='ocr_line' id='line_1_72' title="bbox 364 4262 1873 4338; baseline -0.005 -13"><span class='ocrx_word' id='word_1_493' title='bbox 364 4271 420 4325; x_wconf 72' lang='lat'><strong>2.</strong></span> <span class='ocrx_word' id='word_1_494' title='bbox 454 4269 696 4338; x_wconf 86' lang='lat' dir='ltr'><strong>Cumque</strong></span> <span class='ocrx_word' id='word_1_495' title='bbox 721 4267 834 4322; x_wconf 90' lang='lat' dir='ltr'><strong>dies</strong></span> <span class='ocrx_word' id='word_1_496' title='bbox 857 4265 945 4320; x_wconf 90' lang='lat' dir='ltr'><strong>illa</strong></span> <span class='ocrx_word' id='word_1_497' title='bbox 975 4264 1267 4319; x_wconf 79' lang='lat' dir='ltr'><strong>maximum</strong></span> <span class='ocrx_word' id='word_1_498' title='bbox 1296 4277 1484 4317; x_wconf 88' lang='lat' dir='ltr'><strong>cursus</strong></span> <span class='ocrx_word' id='word_1_499' title='bbox 1527 4262 1606 4316; x_wconf 89' lang='lat' dir='ltr'><strong>sui</strong></span> <span class='ocrx_word' id='word_1_500' title='bbox 1653 4276 1873 4332; x_wconf 65' lang='lat' dir='ltr'><strong>explens</strong></span> 
     </span>
    </p>
   </div>
   <div class='ocr_carea' id='block_1_73' title="bbox 294 4352 1876 4425">
    <p class='ocr_par' dir='ltr' id='par_1_73' title="bbox 294 4352 1876 4425">
     <span class='ocr_line' id='line_1_73' title="bbox 294 4352 1876 4425; baseline -0.006 -9"><span class='ocrx_word' id='word_1_501' title='bbox 294 4358 646 4420; x_wconf 84' lang='lat' dir='ltr'><strong>metabulum,</strong></span> <span class='ocrx_word' id='word_1_502' title='bbox 665 4355 777 4425; x_wconf 89' lang='lat' dir='ltr'><strong>jam</strong></span> <span class='ocrx_word' id='word_1_503' title='bbox 806 4371 942 4424; x_wconf 90' lang='lat' dir='ltr'><strong>pene</strong></span> <span class='ocrx_word' id='word_1_504' title='bbox 963 4355 1039 4420; x_wconf 70' lang='grc'><strong>(4)</strong></span> <span class='ocrx_word' id='word_1_505' title='bbox 1083 4355 1134 4407; x_wconf 93' lang='lat' dir='ltr'><strong>in</strong></span> <span class='ocrx_word' id='word_1_506' title='bbox 1163 4354 1350 4407; x_wconf 91' lang='lat' dir='ltr'><strong>horam</strong></span> <span class='ocrx_word' id='word_1_507' title='bbox 1393 4368 1590 4406; x_wconf 87' lang='lat' dir='ltr'><strong>nonam</strong></span> <span class='ocrx_word' id='word_1_508' title='bbox 1637 4352 1876 4423; x_wconf 86' lang='lat' dir='ltr'><strong>diverge-</strong></span> 
     </span>
    </p>
   </div>
   <div class='ocr_carea' id='block_1_74' title="bbox 294 4444 1872 4520">
    <p class='ocr_par' dir='ltr' id='par_1_74' title="bbox 294 4444 1872 4520">
     <span class='ocr_line' id='line_1_74' title="bbox 294 4444 1872 4520; baseline -0.006 -13"><span class='ocrx_word' id='word_1_509' title='bbox 294 4461 400 4514; x_wconf 83' lang='lat' dir='ltr'><strong>ret,</strong></span> <span class='ocrx_word' id='word_1_510' title='bbox 426 4452 577 4520; x_wconf 81' lang='lat' dir='ltr'><strong>virgo</strong></span> <span class='ocrx_word' id='word_1_511' title='bbox 603 4448 845 4518; x_wconf 66' lang='lat' dir='ltr'><strong>quaedam</strong></span> <span class='ocrx_word' id='word_1_512' title='bbox 869 4445 1287 4507; x_wconf 88' lang='lat' dir='ltr'><strong>adolescentula,</strong></span> <span class='ocrx_word' id='word_1_513' title='bbox 1329 4444 1522 4498; x_wconf 87' lang='lat' dir='ltr'><strong>merito</strong></span> <span class='ocrx_word' id='word_1_514' title='bbox 1555 4451 1609 4498; x_wconf 90' lang='lat' dir='ltr'><strong>et</strong></span> <span class='ocrx_word' id='word_1_515' title='bbox 1658 4445 1872 4498; x_wconf 87' lang='lat' dir='ltr'><strong>nomine</strong></span> 
     </span>
    </p>
   </div>
   <div class='ocr_carea' id='block_1_75' title="bbox 1977 3302 3546 3374">
    <p class='ocr_par' dir='ltr' id='par_1_75' title="bbox 1977 3302 3546 3374">
     <span class='ocr_line' id='line_1_75' title="bbox 1977 3302 3546 3374; baseline 0.006 -18"><span class='ocrx_word' id='word_1_516' title='bbox 1977 3302 2273 3357; x_wconf 86' lang='lat' dir='ltr'><strong>disserente</strong></span> <span class='ocrx_word' id='word_1_517' title='bbox 2292 3304 2487 3372; x_wconf 90' lang='lat' dir='ltr'><strong>puella,</strong></span> <span class='ocrx_word' id='word_1_518' title='bbox 2519 3305 2652 3359; x_wconf 90' lang='lat' dir='ltr'><strong>nihil</strong></span> <span class='ocrx_word' id='word_1_519' title='bbox 2679 3305 2962 3362; x_wconf 80' lang='lat' dir='ltr'><strong>cu&#39;nctatus</strong></span> <span class='ocrx_word' id='word_1_520' title='bbox 2984 3308 3208 3374; x_wconf 89' lang='lat' dir='ltr'><strong>arbiter,</strong></span> <span class='ocrx_word' id='word_1_521' title='bbox 3264 3309 3546 3365; x_wconf 86' lang='lat' dir='ltr'><strong>lictoribus</strong></span> 
     </span>
    </p>
   </div>
   <div class='ocr_carea' id='block_1_76' title="bbox 1977 3391 3543 3466">
    <p class='ocr_par' dir='ltr' id='par_1_76' title="bbox 1977 3391 3543 3466">
     <span class='ocr_line' id='line_1_76' title="bbox 1977 3391 3543 3466; baseline 0.004 -18"><span class='ocrx_word' id='word_1_522' title='bbox 1977 3393 2345 3448; x_wconf 89' lang='lat' dir='ltr'><strong>decollandam</strong></span> <span class='ocrx_word' id='word_1_523' title='bbox 2375 3391 2683 3457; x_wconf 81' lang='lat' dir='ltr'><strong>committit.</strong></span> <span class='ocrx_word' id='word_1_524' title='bbox 2715 3398 2806 3466; x_wconf 88' lang='lat' dir='ltr'><strong>qui</strong></span> <span class='ocrx_word' id='word_1_525' title='bbox 2838 3413 2959 3452; x_wconf 80' lang='lat' dir='ltr'><strong>mox</strong></span> <span class='ocrx_word' id='word_1_526' title='bbox 2986 3409 3008 3437; x_wconf 77' lang='grc' dir='ltr'>ε</span> <span class='ocrx_word' id='word_1_527' title='bbox 3038 3399 3282 3454; x_wconf 90' lang='lat' dir='ltr'><strong>delicatis</strong></span> <span class='ocrx_word' id='word_1_528' title='bbox 3305 3398 3543 3454; x_wconf 83' lang='lat' dir='ltr'><strong>inferunt</strong></span> 
     </span>
    </p>
   </div>
   <div class='ocr_carea' id='block_1_77' title="bbox 1967 3481 3551 3554">
    <p class='ocr_par' dir='ltr' id='par_1_77' title="bbox 1967 3481 3551 3554">
     <span class='ocr_line' id='line_1_77' title="bbox 1967 3481 3551 3554; baseline 0.006 -20"><span class='ocrx_word' id='word_1_529' title='bbox 1967 3481 2212 3554; x_wconf 90' lang='lat' dir='ltr'><strong>jugulum</strong></span> <span class='ocrx_word' id='word_1_530' title='bbox 2241 3485 2488 3540; x_wconf 91' lang='lat' dir='ltr'><strong>collibus.</strong></span> <span class='ocrx_word' id='word_1_531' title='bbox 2522 3485 2631 3540; x_wconf 82' lang='lat' dir='ltr'><strong>Nec</strong></span> <span class='ocrx_word' id='word_1_532' title='bbox 2676 3502 2826 3541; x_wconf 87' lang='lat' dir='ltr'><strong>mora</strong></span> <span class='ocrx_word' id='word_1_533' title='bbox 2875 3489 3236 3544; x_wconf 90' lang='lat' dir='ltr'><strong>consternatis</strong></span> <span class='ocrx_word' id='word_1_534' title='bbox 3291 3503 3551 3552; x_wconf 84' lang='lat' dir='ltr'><strong>corruens</strong></span> 
     </span>
    </p>
   </div>
   <div class='ocr_carea' id='block_1_78' title="bbox 1974 3574 3549 3648">
    <p class='ocr_par' dir='ltr' id='par_1_78' title="bbox 1974 3574 3549 3648">
     <span class='ocr_line' id='line_1_78' title="bbox 1974 3574 3549 3648; baseline 0.006 -23"><span class='ocrx_word' id='word_1_535' title='bbox 1974 3574 2254 3637; x_wconf 90' lang='lat' dir='ltr'><strong>membris,</strong></span> <span class='ocrx_word' id='word_1_536' title='bbox 2287 3576 2515 3644; x_wconf 89' lang='lat' dir='ltr'><strong>equuleo</strong></span> <span class='ocrx_word' id='word_1_537' title='bbox 2545 3577 2794 3632; x_wconf 90' lang='lat' dir='ltr'><strong>deorsum</strong></span> <span class='ocrx_word' id='word_1_538' title='bbox 2841 3592 2996 3632; x_wconf 89' lang='lat' dir='ltr'><strong>versa</strong></span> <span class='ocrx_word' id='word_1_539' title='bbox 3043 3579 3406 3648; x_wconf 87' lang='lat' dir='ltr'><strong>suspenditur,</strong></span> <span class='ocrx_word' id='word_1_540' title='bbox 3441 3595 3549 3635; x_wconf 68' lang='lat' dir='ltr'><strong>cae-</strong></span> 
     </span>
    </p>
   </div>
   <div class='ocr_carea' id='block_1_79' title="bbox 1977 3663 3554 3736">
    <p class='ocr_par' dir='ltr' id='par_1_79' title="bbox 1977 3663 3554 3736">
     <span class='ocr_line' id='line_1_79' title="bbox 1977 3663 3554 3736; baseline 0.006 -21"><span class='ocrx_word' id='word_1_541' title='bbox 1977 3663 2383 3733; x_wconf 84' lang='lat' dir='ltr'><strong>terisquetraus</strong></span> <span class='ocrx_word' id='word_1_542' title='bbox 2405 3665 2604 3722; x_wconf 81' lang='lat' dir='ltr'><strong>ﬂumen</strong></span> <span class='ocrx_word' id='word_1_543' title='bbox 2647 3668 2984 3723; x_wconf 90' lang='lat' dir='ltr'><strong>adsciscitur.</strong></span> <span class='ocrx_word' id='word_1_544' title='bbox 3036 3667 3149 3723; x_wconf 84' lang='lat' dir='ltr'><strong>Hoc</strong></span> <span class='ocrx_word' id='word_1_545' title='bbox 3186 3684 3417 3736; x_wconf 87' lang='lat' dir='ltr'><strong>namque</strong></span> <span class='ocrx_word' id='word_1_546' title='bbox 3463 3683 3554 3724; x_wconf 81' lang='lat' dir='ltr'><strong>or-</strong></span> 
     </span>
    </p>
   </div>
   <div class='ocr_carea' id='block_1_80' title="bbox 1976 3753 3551 3832">
    <p class='ocr_par' dir='ltr' id='par_1_80' title="bbox 1976 3753 3551 3832">
     <span class='ocr_line' id='line_1_80' title="bbox 1976 3753 3551 3832; baseline 0.004 -24"><span class='ocrx_word' id='word_1_547' title='bbox 1976 3753 2175 3809; x_wconf 68' lang='lat' dir='ltr'><strong>c‘inehi</strong></span> <span class='ocrx_word' id='word_1_548' title='bbox 2207 3765 2316 3811; x_wconf 91' lang='lat' dir='ltr'><strong>tres</strong></span> <span class='ocrx_word' id='word_1_549' title='bbox 2357 3758 2550 3821; x_wconf 91' lang='lat' dir='ltr'><strong>vocati,</strong></span> <span class='ocrx_word' id='word_1_550' title='bbox 2603 3757 2942 3824; x_wconf 79' lang='lat' dir='ltr'><strong>Anastasius,</strong></span> <span class='ocrx_word' id='word_1_551' title='bbox 2991 3760 3199 3814; x_wconf 86' lang='lat' dir='ltr'><strong>scilicet</strong></span> <span class='ocrx_word' id='word_1_552' title='bbox 3247 3762 3551 3832; x_wconf 82' lang='lat' dir='ltr'><strong>presbyter,</strong></span> 
     </span>
    </p>
   </div>
   <div class='ocr_carea' id='block_1_81' title="bbox 1973 3844 3556 3921">
    <p class='ocr_par' dir='ltr' id='par_1_81' title="bbox 1973 3844 3556 3921">
     <span class='ocr_line' id='line_1_81' title="bbox 1973 3844 3556 3921; baseline 0.005 -23"><span class='ocrx_word' id='word_1_553' title='bbox 1973 3844 2122 3900; x_wconf 78' lang='lat' dir='ltr'><strong>Felix</strong></span> <span class='ocrx_word' id='word_1_554' title='bbox 2151 3849 2469 3914; x_wconf 91' lang='lat' dir='ltr'><strong>monachus,</strong></span> <span class='ocrx_word' id='word_1_555' title='bbox 2512 3857 2568 3904; x_wconf 89' lang='lat' dir='ltr'><strong>et</strong></span> <span class='ocrx_word' id='word_1_556' title='bbox 2606 3850 2771 3918; x_wconf 87' lang='lat' dir='ltr'><strong>Digna</strong></span> <span class='ocrx_word' id='word_1_557' title='bbox 2819 3851 2970 3921; x_wconf 86' lang='lat' dir='ltr'><strong>virgo</strong></span> <span class='ocrx_word' id='word_1_558' title='bbox 3018 3851 3172 3905; x_wconf 87' lang='lat' dir='ltr'><strong>beata</strong></span> <span class='ocrx_word' id='word_1_559' title='bbox 3221 3852 3409 3906; x_wconf 90' lang='lat' dir='ltr'><strong>eodem</strong></span> <span class='ocrx_word' id='word_1_560' title='bbox 3467 3851 3556 3906; x_wconf 79' lang='lat' dir='ltr'><strong>die</strong></span> 
     </span>
    </p>
   </div>
   <div class='ocr_carea' id='block_1_82' title="bbox 1975 3935 3551 4009">
    <p class='ocr_par' dir='ltr' id='par_1_82' title="bbox 1975 3935 3551 4009">
     <span class='ocr_line' id='line_1_82' title="bbox 1975 3935 3551 4009; baseline 0.004 -19"><span class='ocrx_word' id='word_1_561' title='bbox 1975 3935 2266 4006; x_wconf 85' lang='lat' dir='ltr'><strong>dispariter</strong></span> <span class='ocrx_word' id='word_1_562' title='bbox 2279 3939 2610 4006; x_wconf 88' lang='lat' dir='ltr'><strong>ceciderunt,</strong></span> <span class='ocrx_word' id='word_1_563' title='bbox 2629 3955 2757 3994; x_wconf 83' lang='lat' dir='ltr'><strong>xvm</strong></span> <span class='ocrx_word' id='word_1_564' title='bbox 2783 3941 3006 3996; x_wconf 85' lang='lat' dir='ltr'><strong>Kalend.</strong></span> <span class='ocrx_word' id='word_1_565' title='bbox 3034 3940 3178 4009; x_wconf 86' lang='lat' dir='ltr'><strong>Julii,</strong></span> <span class='ocrx_word' id='word_1_566' title='bbox 3195 3957 3300 3996; x_wconf 67' lang='lat' dir='ltr'><strong>mra</strong></span> <span class='ocrx_word' id='word_1_567' title='bbox 3313 3956 3551 3998; x_wconf 79' lang='lat' dir='ltr'><strong>neccxcl.</strong></span> 
     </span>
    </p>
   </div>
   <div class='ocr_carea' id='block_1_83' title="bbox 2585 4076 2943 4132">
    <p class='ocr_par' dir='ltr' id='par_1_83' title="bbox 2585 4076 2943 4132">
     <span class='ocr_line' id='line_1_83' title="bbox 2585 4076 2943 4132; baseline 0.006 -2"><span class='ocrx_word' id='word_1_568' title='bbox 2585 4076 2813 4132; x_wconf 81' lang='lat' dir='ltr'><strong>CAPUT</strong></span> <span class='ocrx_word' id='word_1_569' title='bbox 2851 4077 2943 4132; x_wconf 79' lang='lat' dir='ltr'><strong>1X.</strong></span> 
     </span>
    </p>
   </div>
   <div class='ocr_carea' id='block_1_84' title="bbox 2397 4165 3138 4238">
    <p class='ocr_par' dir='ltr' id='par_1_84' title="bbox 2397 4165 3138 4238">
     <span class='ocr_line' id='line_1_84' title="bbox 2397 4165 3138 4238; baseline 0 -16"><span class='ocrx_word' id='word_1_570' title='bbox 2397 4165 2628 4222; x_wconf 78' lang='lat' dir='ltr'><strong>Bcnildis</strong></span> <span class='ocrx_word' id='word_1_571' title='bbox 2656 4178 2894 4221; x_wconf 90' lang='lat' dir='ltr'><strong>matrona</strong></span> <span class='ocrx_word' id='word_1_572' title='bbox 2924 4177 3138 4238; x_wconf 87' lang='lat' dir='ltr'><strong>martyr.</strong></span> 
     </span>
    </p>
   </div>
   <div class='ocr_carea' id='block_1_85' title="bbox 2045 4277 3626 4347">
    <p class='ocr_par' dir='ltr' id='par_1_85' title="bbox 2045 4277 3626 4347">
     <span class='ocr_line' id='line_1_85' title="bbox 2045 4277 3626 4347; baseline 0 -15"><span class='ocrx_word' id='word_1_573' title='bbox 2045 4277 2286 4346; x_wconf 90' lang='lat' dir='ltr'><strong>Denique</strong></span> <span class='ocrx_word' id='word_1_574' title='bbox 2313 4277 2412 4333; x_wconf 92' lang='lat' dir='ltr'><strong>hos</strong></span> <span class='ocrx_word' id='word_1_575' title='bbox 2447 4293 2678 4347; x_wconf 89' lang='lat' dir='ltr'><strong>sequens</strong></span> <span class='ocrx_word' id='word_1_576' title='bbox 2710 4277 2948 4332; x_wconf 89' lang='lat' dir='ltr'><strong>Bcnildis</strong></span> <span class='ocrx_word' id='word_1_577' title='bbox 2995 4277 3190 4332; x_wconf 92' lang='lat' dir='ltr'><strong>femina</strong></span> <span class='ocrx_word' id='word_1_578' title='bbox 3241 4286 3400 4334; x_wconf 79' lang='lat' dir='ltr'><strong>aetate</strong></span> <span class='ocrx_word' id='word_1_579' title='bbox 3437 4277 3567 4346; x_wconf 35' lang='lat' dir='ltr'><strong>jam,</strong></span> <span class='ocrx_word' id='word_1_580' title='bbox 3618 4303 3626 4312; x_wconf 66' lang='grc' dir='ltr'><strong>ο</strong></span> 
     </span>
    </p>
   </div>
   <div class='ocr_carea' id='block_1_86' title="bbox 1974 4365 3551 4438">
    <p class='ocr_par' dir='ltr' id='par_1_86' title="bbox 1974 4365 3551 4438">
     <span class='ocr_line' id='line_1_86' title="bbox 1974 4365 3551 4438; baseline 0.001 -19"><span class='ocrx_word' id='word_1_581' title='bbox 1974 4375 2248 4436; x_wconf 86' lang='lat' dir='ltr'><strong>provecta,</strong></span> <span class='ocrx_word' id='word_1_582' title='bbox 2272 4375 2326 4420; x_wconf 84' lang='lat' dir='ltr'><strong>et</strong></span> <span class='ocrx_word' id='word_1_583' title='bbox 2348 4377 2408 4421; x_wconf 89' lang='lat' dir='ltr'><strong>ut</strong></span> <span class='ocrx_word' id='word_1_584' title='bbox 2433 4365 2631 4430; x_wconf 85' lang='lat' dir='ltr'><strong>ferunt,</strong></span> <span class='ocrx_word' id='word_1_585' title='bbox 2665 4378 2768 4420; x_wconf 85' lang='lat' dir='ltr'><strong>non</strong></span> <span class='ocrx_word' id='word_1_586' title='bbox 2794 4367 2966 4420; x_wconf 85' lang='lat' dir='ltr'><strong>medie</strong></span> <span class='ocrx_word' id='word_1_587' title='bbox 2992 4367 3261 4431; x_wconf 88' lang='lat' dir='ltr'><strong>timorata,</strong></span> <span class='ocrx_word' id='word_1_588' title='bbox 3293 4367 3393 4422; x_wconf 71' lang='grc' dir='ltr'><strong>επὶ)</strong></span> <span class='ocrx_word' id='word_1_589' title='bbox 3430 4379 3551 4438; x_wconf 71' lang='grc' dir='ltr'><strong>[ιι-οο</strong></span> 
     </span>
    </p>
   </div>
   <div class='ocr_carea' id='block_1_87' title="bbox 1981 4455 3552 4523">
    <p class='ocr_par' dir='ltr' id='par_1_87' title="bbox 1981 4455 3552 4523">
     <span class='ocr_line' id='line_1_87' title="bbox 1981 4455 3552 4523; baseline 0.002 -14"><span class='ocrx_word' id='word_1_590' title='bbox 1981 4455 2209 4510; x_wconf 84' lang='lat' dir='ltr'><strong>fessione</strong></span> <span class='ocrx_word' id='word_1_591' title='bbox 2235 4466 2548 4511; x_wconf 67' lang='lat' dir='ltr'><strong>cmtcrorum</strong></span> <span class='ocrx_word' id='word_1_592' title='bbox 2575 4457 2825 4512; x_wconf 86' lang='lat' dir='ltr'><strong>occubuit</strong></span> <span class='ocrx_word' id='word_1_593' title='bbox 2852 4473 2959 4511; x_wconf 80' lang='lat' dir='ltr'><strong>xvu</strong></span> <span class='ocrx_word' id='word_1_594' title='bbox 2989 4457 3254 4512; x_wconf 84' lang='lat' dir='ltr'><strong>Kalendas</strong></span> <span class='ocrx_word' id='word_1_595' title='bbox 3274 4456 3419 4523; x_wconf 85' lang='lat' dir='ltr'><strong>Julii,</strong></span> <span class='ocrx_word' id='word_1_596' title='bbox 3443 4474 3552 4512; x_wconf 67' lang='lat' dir='ltr'><strong>aera</strong></span> 
     </span>
    </p>
   </div>
   <div class='ocr_carea' id='block_1_88' title="bbox 295 4529 3552 4618">
    <p class='ocr_par' dir='ltr' id='par_1_88' title="bbox 295 4529 3552 4618">
     <span class='ocr_line' id='line_1_88' title="bbox 295 4529 3552 4618; baseline -0.002 -22"><span class='ocrx_word' id='word_1_597' title='bbox 295 4544 489 4613; x_wconf 87' lang='lat' dir='ltr'><strong>Digna,</strong></span> <span class='ocrx_word' id='word_1_598' title='bbox 521 4555 588 4594; x_wconf 84' lang='lat' dir='ltr'><strong>ex</strong></span> <span class='ocrx_word' id='word_1_599' title='bbox 609 4538 836 4607; x_wconf 89' lang='lat' dir='ltr'><strong>collegio</strong></span> <span class='ocrx_word' id='word_1_600' title='bbox 855 4534 1178 4590; x_wconf 86' lang='lat' dir='ltr'><strong>venerabilis</strong></span> <span class='ocrx_word' id='word_1_601' title='bbox 1203 4533 1496 4595; x_wconf 79' lang='lat' dir='ltr'><strong>Elisabetli,</strong></span> <span class='ocrx_word' id='word_1_602' title='bbox 1531 4531 1683 4601; x_wconf 85' lang='lat' dir='ltr'><strong>cujus</strong></span> <span class='ocrx_word' id='word_1_603' title='bbox 1708 4534 1870 4587; x_wconf 72' lang='lat' dir='ltr'><strong>ratio-</strong></span> <span class='ocrx_word' id='word_1_604' title='bbox 1900 4529 1949 4586; x_wconf 87' lang='lat' dir='ltr'><strong>D</strong></span> <span class='ocrx_word' id='word_1_605' title='bbox 1976 4563 2081 4617; x_wconf 69' lang='lat' dir='ltr'><strong>qua</strong></span> <span class='ocrx_word' id='word_1_606' title='bbox 2111 4564 2272 4616; x_wconf 63' lang='lat' dir='ltr'><strong>supra</strong></span> <span class='ocrx_word' id='word_1_607' title='bbox 2311 4547 2408 4614; x_wconf 68' lang='grc' dir='ltr'><strong>(ι),</strong></span> <span class='ocrx_word' id='word_1_608' title='bbox 2437 4549 2674 4615; x_wconf 62' lang='lat' dir='ltr'><strong>Quorum</strong></span> <span class='ocrx_word' id='word_1_609' title='bbox 2719 4551 2978 4602; x_wconf 55' lang='lat' dir='ltr'><strong>cadavera</strong></span> <span class='ocrx_word' id='word_1_610' title='bbox 3021 4557 3142 4617; x_wconf 75' lang='grc' dir='ltr'><strong>ροει</strong></span> <span class='ocrx_word' id='word_1_611' title='bbox 3185 4549 3392 4618; x_wconf 58' lang='lat' dir='ltr'><strong>aliquo;</strong></span> <span class='ocrx_word' id='word_1_612' title='bbox 3435 4548 3552 4604; x_wconf 72' lang='lat' dir='ltr'><strong>dies</strong></span> 
     </span>
    </p>
   </div>
   <div class='ocr_carea' id='block_1_89' title="bbox 292 4622 1868 4688">
    <p class='ocr_par' dir='ltr' id='par_1_89' title="bbox 292 4622 1868 4688">
     <span class='ocr_line' id='line_1_89' title="bbox 292 4622 1868 4688; baseline -0.006 -2"><span class='ocrx_word' id='word_1_613' title='bbox 292 4647 421 4687; x_wconf 85' lang='lat' dir='ltr'><strong>nem</strong></span> <span class='ocrx_word' id='word_1_614' title='bbox 455 4631 590 4684; x_wconf 87' lang='lat' dir='ltr'><strong>iiber</strong></span> <span class='ocrx_word' id='word_1_615' title='bbox 615 4628 881 4682; x_wconf 86' lang='lat' dir='ltr'><strong>secundus</strong></span> <span class='ocrx_word' id='word_1_616' title='bbox 906 4625 1178 4688; x_wconf 78' lang='lat' dir='ltr'><strong>edisserit,</strong></span> <span class='ocrx_word' id='word_1_617' title='bbox 1209 4623 1319 4677; x_wconf 89' lang='lat' dir='ltr'><strong>Deo</strong></span> <span class='ocrx_word' id='word_1_618' title='bbox 1342 4622 1609 4677; x_wconf 81' lang='lat' dir='ltr'><strong>revelante</strong></span> <span class='ocrx_word' id='word_1_619' title='bbox 1638 4632 1695 4678; x_wconf 92' lang='lat' dir='ltr'><strong>et</strong></span> <span class='ocrx_word' id='word_1_620' title='bbox 1737 4639 1868 4678; x_wconf 89' lang='lat' dir='ltr'><strong>eou-</strong></span> 
     </span>
    </p>
   </div>
   <div class='ocr_carea' id='block_1_90' title="bbox 295 4713 1871 4786">
    <p class='ocr_par' dir='ltr' id='par_1_90' title="bbox 295 4713 1871 4786">
     <span class='ocr_line' id='line_1_90' title="bbox 295 4713 1871 4786; baseline -0.006 -10"><span class='ocrx_word' id='word_1_621' title='bbox 295 4722 552 4783; x_wconf 82' lang='lat' dir='ltr'><strong>fortante,</strong></span> <span class='ocrx_word' id='word_1_622' title='bbox 579 4719 644 4772; x_wconf 90' lang='lat' dir='ltr'><strong>ad</strong></span> <span class='ocrx_word' id='word_1_623' title='bbox 667 4719 897 4786; x_wconf 90' lang='lat' dir='ltr'><strong>palmam</strong></span> <span class='ocrx_word' id='word_1_624' title='bbox 940 4715 1217 4784; x_wconf 89' lang='lat' dir='ltr'><strong>processit.</strong></span> <span class='ocrx_word' id='word_1_625' title='bbox 1254 4713 1418 4767; x_wconf 87' lang='lat' dir='ltr'><strong>Paulo</strong></span> <span class='ocrx_word' id='word_1_626' title='bbox 1462 4729 1694 4782; x_wconf 85' lang='lat' dir='ltr'><strong>namque</strong></span> <span class='ocrx_word' id='word_1_627' title='bbox 1746 4721 1871 4767; x_wconf 87' lang='lat' dir='ltr'><strong>ante</strong></span> 
     </span>
    </p>
   </div>
   <div class='ocr_carea' id='block_1_91' title="bbox 294 4806 1874 4878">
    <p class='ocr_par' dir='ltr' id='par_1_91' title="bbox 294 4806 1874 4878">
     <span class='ocr_line' id='line_1_91' title="bbox 294 4806 1874 4878; baseline -0.003 -13"><span class='ocrx_word' id='word_1_628' title='bbox 294 4809 614 4878; x_wconf 82' lang='lat' dir='ltr'><strong>martyrium</strong></span> <span class='ocrx_word' id='word_1_629' title='bbox 641 4824 818 4874; x_wconf 90' lang='lat' dir='ltr'><strong>suum,</strong></span> <span class='ocrx_word' id='word_1_630' title='bbox 841 4809 1095 4862; x_wconf 88' lang='lat' dir='ltr'><strong>assistere</strong></span> <span class='ocrx_word' id='word_1_631' title='bbox 1123 4806 1223 4860; x_wconf 89' lang='lat' dir='ltr'><strong>sibi</strong></span> <span class='ocrx_word' id='word_1_632' title='bbox 1277 4821 1372 4876; x_wconf 88' lang='lat' dir='ltr'><strong>per</strong></span> <span class='ocrx_word' id='word_1_633' title='bbox 1415 4807 1682 4861; x_wconf 90' lang='lat' dir='ltr'><strong>somnium</strong></span> <span class='ocrx_word' id='word_1_634' title='bbox 1730 4807 1874 4862; x_wconf 87' lang='lat' dir='ltr'><strong>videt</strong></span> 
     </span>
    </p>
   </div>
   <div class='ocr_carea' id='block_1_92' title="bbox 294 4897 1872 4968">
    <p class='ocr_par' dir='ltr' id='par_1_92' title="bbox 294 4897 1872 4968">
     <span class='ocr_line' id='line_1_92' title="bbox 294 4897 1872 4968; baseline 0 -16"><span class='ocrx_word' id='word_1_635' title='bbox 294 4899 553 4968; x_wconf 87' lang='lat' dir='ltr'><strong>puellam,</strong></span> <span class='ocrx_word' id='word_1_636' title='bbox 575 4897 760 4951; x_wconf 89' lang='lat' dir='ltr'><strong>habitu</strong></span> <span class='ocrx_word' id='word_1_637' title='bbox 790 4906 844 4950; x_wconf 90' lang='lat' dir='ltr'><strong>et</strong></span> <span class='ocrx_word' id='word_1_638' title='bbox 875 4898 1054 4964; x_wconf 88' lang='lat' dir='ltr'><strong>specie</strong></span> <span class='ocrx_word' id='word_1_639' title='bbox 1082 4908 1446 4967; x_wconf 83' lang='lat' dir='ltr'><strong>percomptam</strong></span> <span class='ocrx_word' id='word_1_640' title='bbox 1474 4897 1739 4968; x_wconf 79' lang='lat' dir='ltr'><strong>angelico,</strong></span> <span class='ocrx_word' id='word_1_641' title='bbox 1783 4913 1872 4952; x_wconf 85' lang='lat' dir='ltr'><strong>ro-</strong></span> 
     </span>
    </p>
   </div>
   <div class='ocr_carea' id='block_1_93' title="bbox 292 4986 1871 5056">
    <p class='ocr_par' dir='ltr' id='par_1_93' title="bbox 292 4986 1871 5056">
     <span class='ocr_line' id='line_1_93' title="bbox 292 4986 1871 5056; baseline -0.003 -12"><span class='ocrx_word' id='word_1_642' title='bbox 292 5005 385 5044; x_wconf 77' lang='lat' dir='ltr'><strong>sas</strong></span> <span class='ocrx_word' id='word_1_643' title='bbox 416 5003 479 5042; x_wconf 87' lang='lat' dir='ltr'><strong>ac</strong></span> <span class='ocrx_word' id='word_1_644' title='bbox 506 4988 614 5040; x_wconf 88' lang='lat' dir='ltr'><strong>lilia</strong></span> <span class='ocrx_word' id='word_1_645' title='bbox 635 5002 795 5040; x_wconf 90' lang='lat' dir='ltr'><strong>manu</strong></span> <span class='ocrx_word' id='word_1_646' title='bbox 819 4996 1135 5056; x_wconf 87' lang='lat' dir='ltr'><strong>gestantem.</strong></span> <span class='ocrx_word' id='word_1_647' title='bbox 1193 4986 1365 5053; x_wconf 87' lang='lat' dir='ltr'><strong>Quam</strong></span> <span class='ocrx_word' id='word_1_648' title='bbox 1408 5002 1528 5041; x_wconf 91' lang='lat' dir='ltr'><strong>cum</strong></span> <span class='ocrx_word' id='word_1_649' title='bbox 1553 4988 1618 5040; x_wconf 91' lang='lat' dir='ltr'><strong>de</strong></span> <span class='ocrx_word' id='word_1_650' title='bbox 1656 4987 1871 5041; x_wconf 90' lang='lat' dir='ltr'><strong>nomine</strong></span> 
     </span>
    </p>
   </div>
   <div class='ocr_carea' id='block_1_94' title="bbox 293 5076 1872 5146">
    <p class='ocr_par' dir='ltr' id='par_1_94' title="bbox 293 5076 1872 5146">
     <span class='ocr_line' id='line_1_94' title="bbox 293 5076 1872 5146; baseline -0.002 -13"><span class='ocrx_word' id='word_1_651' title='bbox 293 5092 570 5146; x_wconf 83' lang='lat' dir='ltr'><strong>causaque</strong></span> <span class='ocrx_word' id='word_1_652' title='bbox 607 5077 690 5131; x_wconf 91' lang='lat' dir='ltr'><strong>sui</strong></span> <span class='ocrx_word' id='word_1_653' title='bbox 735 5076 1039 5145; x_wconf 81' lang='lat' dir='ltr'><strong>exploraret</strong></span> <span class='ocrx_word' id='word_1_654' title='bbox 1067 5077 1368 5131; x_wconf 88' lang='lat' dir='ltr'><strong>adventus:</strong></span> <span class='ocrx_word' id='word_1_655' title='bbox 1405 5096 1421 5126; x_wconf 77' lang='grc' dir='ltr'>ι</span> <span class='ocrx_word' id='word_1_656' title='bbox 1450 5077 1562 5146; x_wconf 83' lang='lat' dir='ltr'><strong>Ego</strong></span> <span class='ocrx_word' id='word_1_657' title='bbox 1600 5091 1737 5143; x_wconf 90' lang='lat' dir='ltr'><strong>sum,</strong></span> <span class='ocrx_word' id='word_1_658' title='bbox 1794 5077 1872 5130; x_wconf 86' lang='lat' dir='ltr'><strong>in-</strong></span> 
     </span>
    </p>
   </div>
   <div class='ocr_carea' id='block_1_95' title="bbox 290 5166 1869 5238">
    <p class='ocr_par' dir='ltr' id='par_1_95' title="bbox 290 5166 1869 5238">
     <span class='ocr_line' id='line_1_95' title="bbox 290 5166 1869 5238; baseline 0 -17"><span class='ocrx_word' id='word_1_659' title='bbox 290 5169 432 5238; x_wconf 89' lang='lat' dir='ltr'><strong>quit,</strong></span> <span class='ocrx_word' id='word_1_660' title='bbox 482 5167 712 5236; x_wconf 76' lang='lat' dir='ltr'><strong>Agatha,</strong></span> <span class='ocrx_word' id='word_1_661' title='bbox 745 5166 870 5220; x_wconf 89' lang='lat' dir='ltr'><strong>olim</strong></span> <span class='ocrx_word' id='word_1_662' title='bbox 920 5177 1139 5237; x_wconf 89' lang='lat' dir='ltr'><strong>propter</strong></span> <span class='ocrx_word' id='word_1_663' title='bbox 1183 5166 1456 5222; x_wconf 85' lang='lat' dir='ltr'><strong>Christum</strong></span> <span class='ocrx_word' id='word_1_664' title='bbox 1509 5167 1642 5222; x_wconf 91' lang='lat' dir='ltr'><strong>diris</strong></span> <span class='ocrx_word' id='word_1_665' title='bbox 1686 5167 1869 5221; x_wconf 85' lang='lat' dir='ltr'><strong>attrita</strong></span> 
     </span>
    </p>
   </div>
   <div class='ocr_carea' id='block_1_96' title="bbox 367 5322 1872 5394">
    <p class='ocr_par' dir='ltr' id='par_1_96' title="bbox 367 5322 1872 5394">
     <span class='ocr_line' id='line_1_96' title="bbox 367 5322 1872 5394; baseline 0.001 -17"><span class='ocrx_word' id='word_1_666' title='bbox 367 5337 395 5366; x_wconf 78' lang='grc' dir='ltr'>ι</span> <span class='ocrx_word' id='word_1_667' title='bbox 426 5322 631 5379; x_wconf 70' lang='lat' dir='ltr'><strong>Exhinc</strong></span> <span class='ocrx_word' id='word_1_668' title='bbox 676 5326 926 5394; x_wconf 87' lang='lat' dir='ltr'><strong>ponimus</strong></span> <span class='ocrx_word' id='word_1_669' title='bbox 968 5342 1089 5382; x_wconf 90' lang='lat' dir='ltr'><strong>cum</strong></span> <span class='ocrx_word' id='word_1_670' title='bbox 1126 5325 1468 5394; x_wconf 82' lang='lat' dir='ltr'><strong>lienscbenio</strong></span> <span class='ocrx_word' id='word_1_671' title='bbox 1516 5325 1580 5378; x_wconf 90' lang='lat' dir='ltr'><strong>ad</strong></span> <span class='ocrx_word' id='word_1_672' title='bbox 1622 5325 1762 5380; x_wconf 88' lang='lat' dir='ltr'><strong>diem</strong></span> <span class='ocrx_word' id='word_1_673' title='bbox 1806 5327 1872 5379; x_wconf 81' lang='lat' dir='ltr'><strong>l5</strong></span> 
     </span>
    </p>
   </div>
   <div class='ocr_carea' id='block_1_97' title="bbox 294 5393 1869 5518">
    <p class='ocr_par' dir='ltr' id='par_1_97' title="bbox 294 5393 1869 5518">
     <span class='ocr_line' id='line_1_97' title="bbox 294 5393 1869 5516; baseline 0 -68"><span class='ocrx_word' id='word_1_674' title='bbox 294 5393 466 5516; x_wconf 50' lang='lat' dir='ltr'><strong>Junii,</strong></span> <span class='ocrx_word' id='word_1_675' title='bbox 506 5393 754 5465; x_wconf 75' lang='lat' dir='ltr'><strong>quamvis</strong></span> <span class='ocrx_word' id='word_1_676' title='bbox 798 5395 1044 5462; x_wconf 82' lang='lat' dir='ltr'><strong>Morales,</strong></span> <span class='ocrx_word' id='word_1_677' title='bbox 1097 5393 1458 5463; x_wconf 83' lang='lat' dir='ltr'><strong>Schottusque</strong></span> <span class='ocrx_word' id='word_1_678' title='bbox 1485 5395 1787 5460; x_wconf 89' lang='lat' dir='ltr'><strong>ediderunt,</strong></span> <span class='ocrx_word' id='word_1_679' title='bbox 1823 5406 1869 5448; x_wconf 84' lang='lat' dir='ltr'><strong>et</strong></span> 
     </span>
     <span class='ocr_line' id='line_1_98' title="bbox 313 5480 438 5518; baseline 0.008 -1"><span class='ocrx_word' id='word_1_680' title='bbox 313 5480 438 5518; x_wconf 82' lang='lat' dir='ltr'><strong>unc.</strong></span> 
     </span>
    </p>
   </div>
   <div class='ocr_carea' id='block_1_98' title="bbox 371 5533 1869 5605">
    <p class='ocr_par' dir='ltr' id='par_1_98' title="bbox 371 5533 1869 5605">
     <span class='ocr_line' id='line_1_99' title="bbox 371 5533 1869 5605; baseline -0.001 -17"><span class='ocrx_word' id='word_1_681' title='bbox 371 5533 581 5605; x_wconf 47' lang='lat' dir='ltr'><strong>{Hunc</strong></span> <span class='ocrx_word' id='word_1_682' title='bbox 625 5534 804 5591; x_wconf 92' lang='lat' dir='ltr'><strong>locum</strong></span> <span class='ocrx_word' id='word_1_683' title='bbox 842 5547 1127 5605; x_wconf 88' lang='lat' dir='ltr'><strong>sequentes</strong></span> <span class='ocrx_word' id='word_1_684' title='bbox 1183 5535 1582 5592; x_wconf 85' lang='lat' dir='ltr'><strong>lienschenium</strong></span> <span class='ocrx_word' id='word_1_685' title='bbox 1624 5534 1690 5605; x_wconf 86' lang='lat' dir='ltr'><strong>ad</strong></span> <span class='ocrx_word' id='word_1_686' title='bbox 1729 5534 1869 5589; x_wconf 89' lang='lat' dir='ltr'><strong>diem</strong></span> 
     </span>
    </p>
   </div>
   <div class='ocr_carea' id='block_1_99' title="bbox 297 5601 1870 5670">
    <p class='ocr_par' dir='ltr' id='par_1_99' title="bbox 297 5601 1870 5670">
     <span class='ocr_line' id='line_1_100' title="bbox 297 5601 1870 5670; baseline -0.001 -12"><span class='ocrx_word' id='word_1_687' title='bbox 297 5602 367 5658; x_wconf 73' lang='lat' dir='ltr'><strong>ﬂ</strong></span> <span class='ocrx_word' id='word_1_688' title='bbox 399 5601 544 5658; x_wconf 81' lang='lat' dir='ltr'><strong>Junii</strong></span> <span class='ocrx_word' id='word_1_689' title='bbox 586 5607 666 5660; x_wconf 90' lang='lat' dir='ltr'><strong>sie</strong></span> <span class='ocrx_word' id='word_1_690' title='bbox 710 5601 1060 5670; x_wconf 82' lang='lat' dir='ltr'><strong>restituimus,</strong></span> <span class='ocrx_word' id='word_1_691' title='bbox 1109 5622 1234 5661; x_wconf 91' lang='lat' dir='ltr'><strong>eum</strong></span> <span class='ocrx_word' id='word_1_692' title='bbox 1273 5605 1499 5660; x_wconf 81' lang='lat' dir='ltr'><strong>Morales</strong></span> <span class='ocrx_word' id='word_1_693' title='bbox 1523 5613 1577 5660; x_wconf 87' lang='lat' dir='ltr'><strong>et</strong></span> <span class='ocrx_word' id='word_1_694' title='bbox 1615 5604 1870 5660; x_wconf 82' lang='lat' dir='ltr'><strong>Sehottus</strong></span> 
     </span>
    </p>
   </div>
   <div class='ocr_carea' id='block_1_100' title="bbox 296 5675 1870 5744">
    <p class='ocr_par' dir='ltr' id='par_1_100' title="bbox 296 5675 1870 5744">
     <span class='ocr_line' id='line_1_101' title="bbox 296 5675 1870 5744; baseline 0 -16"><span class='ocrx_word' id='word_1_695' title='bbox 296 5676 812 5744; x_wconf 26' lang='lat' dir='ltr'><strong>eorrupteﬂlegant:</strong></span> <span class='ocrx_word' id='word_1_696' title='bbox 843 5675 967 5732; x_wconf 70' lang='lat' dir='ltr'><strong>Post</strong></span> <span class='ocrx_word' id='word_1_697' title='bbox 1009 5678 1296 5733; x_wconf 76' lang='lat' dir='ltr'><strong>mouastica</strong></span> <span class='ocrx_word' id='word_1_698' title='bbox 1337 5677 1440 5731; x_wconf 74' lang='lat' dir='ltr'><strong>vita</strong></span> <span class='ocrx_word' id='word_1_699' title='bbox 1603 5676 1870 5730; x_wconf 77' lang='lat' dir='ltr'><strong>inreuibus</strong></span> 
     </span>
    </p>
   </div>
   <div class='ocr_carea' id='block_1_101' title="bbox 297 5743 839 5812">
    <p class='ocr_par' dir='ltr' id='par_1_101' title="bbox 297 5743 839 5812">
     <span class='ocr_line' id='line_1_102' title="bbox 297 5743 839 5812; baseline 0.009 -17"><span class='ocrx_word' id='word_1_700' title='bbox 297 5753 493 5812; x_wconf 78' lang='lat' dir='ltr'><strong>egerat.</strong></span> <span class='ocrx_word' id='word_1_701' title='bbox 552 5743 671 5800; x_wconf 78' lang='lat' dir='ltr'><strong>Vid.</strong></span> <span class='ocrx_word' id='word_1_702' title='bbox 713 5744 839 5800; x_wconf 87' lang='lat' dir='ltr'><strong>Sch.</strong></span> 
     </span>
    </p>
   </div>
   <div class='ocr_carea' id='block_1_102' title="bbox 1977 4637 3548 4707">
    <p class='ocr_par' dir='ltr' id='par_1_102' title="bbox 1977 4637 3548 4707">
     <span class='ocr_line' id='line_1_103' title="bbox 1977 4637 3548 4707; baseline 0.001 -16"><span class='ocrx_word' id='word_1_703' title='bbox 1977 4638 2178 4705; x_wconf 80' lang='lat' dir='ltr'><strong>ingenti</strong></span> <span class='ocrx_word' id='word_1_704' title='bbox 2201 4648 2540 4693; x_wconf 88' lang='lat' dir='ltr'><strong>concremata</strong></span> <span class='ocrx_word' id='word_1_705' title='bbox 2572 4639 2837 4703; x_wconf 91' lang='lat' dir='ltr'><strong>incendio,</strong></span> <span class='ocrx_word' id='word_1_706' title='bbox 2862 4638 2929 4693; x_wconf 89' lang='lat' dir='ltr'><strong>ad</strong></span> <span class='ocrx_word' id='word_1_707' title='bbox 2953 4639 3196 4693; x_wconf 87' lang='lat' dir='ltr'><strong>ultimum</strong></span> <span class='ocrx_word' id='word_1_708' title='bbox 3226 4637 3371 4693; x_wconf 83' lang='lat' dir='ltr'><strong>ﬂuvii</strong></span> <span class='ocrx_word' id='word_1_709' title='bbox 3425 4653 3548 4707; x_wconf 82' lang='lat' dir='ltr'><strong>pro-</strong></span> 
     </span>
    </p>
   </div>
   <div class='ocr_carea' id='block_1_103' title="bbox 1965 4723 2564 4796">
    <p class='ocr_par' dir='ltr' id='par_1_103' title="bbox 1965 4723 2564 4796">
     <span class='ocr_line' id='line_1_104' title="bbox 1965 4723 2564 4796; baseline 0 -16"><span class='ocrx_word' id='word_1_710' title='bbox 1965 4723 2130 4794; x_wconf 83' lang='lat' dir='ltr'><strong>jccta,</strong></span> <span class='ocrx_word' id='word_1_711' title='bbox 2152 4726 2392 4796; x_wconf 90' lang='lat' dir='ltr'><strong>dispersa</strong></span> <span class='ocrx_word' id='word_1_712' title='bbox 2421 4733 2564 4782; x_wconf 79' lang='lat' dir='ltr'><strong>sunt.</strong></span> 
     </span>
    </p>
   </div>
   <div class='ocr_carea' id='block_1_104' title="bbox 2607 4853 2940 4911">
    <p class='ocr_par' dir='ltr' id='par_1_104' title="bbox 2607 4853 2940 4911">
     <span class='ocr_line' id='line_1_105' title="bbox 2607 4853 2940 4911; baseline 0 -2"><span class='ocrx_word' id='word_1_713' title='bbox 2607 4853 2832 4911; x_wconf 83' lang='lat' dir='ltr'><strong>CAPUT</strong></span> <span class='ocrx_word' id='word_1_714' title='bbox 2872 4853 2940 4909; x_wconf 77' lang='grc' dir='ltr'><strong>Χ.</strong></span> 
     </span>
    </p>
   </div>
   <div class='ocr_carea' id='block_1_105' title="bbox 2388 4967 3140 5038">
    <p class='ocr_par' dir='ltr' id='par_1_105' title="bbox 2388 4967 3140 5038">
     <span class='ocr_line' id='line_1_106' title="bbox 2388 4967 3140 5038; baseline -0.003 -16"><span class='ocrx_word' id='word_1_715' title='bbox 2388 4967 2583 5022; x_wconf 84' lang='lat' dir='ltr'><strong>Sancta</strong></span> <span class='ocrx_word' id='word_1_716' title='bbox 2637 4967 2889 5022; x_wconf 85' lang='lat' dir='ltr'><strong>Columba</strong></span> <span class='ocrx_word' id='word_1_717' title='bbox 2921 4978 3140 5038; x_wconf 84' lang='lat' dir='ltr'><strong>martyr.</strong></span> 
     </span>
    </p>
   </div>
   <div class='ocr_carea' id='block_1_106' title="bbox 2047 5074 3549 5146">
    <p class='ocr_par' dir='ltr' id='par_1_106' title="bbox 2047 5074 3549 5146">
     <span class='ocr_line' id='line_1_107' title="bbox 2047 5074 3549 5146; baseline 0.001 -15"><span class='ocrx_word' id='word_1_718' title='bbox 2047 5079 2096 5131; x_wconf 84' lang='lat' dir='ltr'><strong>i.</strong></span> <span class='ocrx_word' id='word_1_719' title='bbox 2127 5077 2380 5146; x_wconf 87' lang='lat' dir='ltr'><strong>Cogimur</strong></span> <span class='ocrx_word' id='word_1_720' title='bbox 2409 5079 2490 5132; x_wconf 80' lang='lat' dir='ltr'><strong>vel</strong></span> <span class='ocrx_word' id='word_1_721' title='bbox 2520 5081 2906 5135; x_wconf 88' lang='lat' dir='ltr'><strong>numerositate</strong></span> <span class='ocrx_word' id='word_1_722' title='bbox 2947 5078 3291 5143; x_wconf 87' lang='lat' dir='ltr'><strong>certantium,</strong></span> <span class='ocrx_word' id='word_1_723' title='bbox 3338 5074 3422 5130; x_wconf 89' lang='lat' dir='ltr'><strong>vel</strong></span> <span class='ocrx_word' id='word_1_724' title='bbox 3457 5077 3549 5133; x_wconf 74' lang='lat' dir='ltr'><strong>de-</strong></span> 
     </span>
    </p>
   </div>
   <div class='ocr_carea' id='block_1_107' title="bbox 1973 5168 3541 5240">
    <p class='ocr_par' dir='ltr' id='par_1_107' title="bbox 1973 5168 3541 5240">
     <span class='ocr_line' id='line_1_108' title="bbox 1973 5168 3541 5240; baseline -0.001 -16"><span class='ocrx_word' id='word_1_725' title='bbox 1973 5169 2084 5224; x_wconf 79' lang='lat' dir='ltr'><strong>bita</strong></span> <span class='ocrx_word' id='word_1_726' title='bbox 2113 5170 2400 5240; x_wconf 89' lang='lat' dir='ltr'><strong>sponsione</strong></span> <span class='ocrx_word' id='word_1_727' title='bbox 2428 5179 2696 5235; x_wconf 85' lang='lat' dir='ltr'><strong>votorum,</strong></span> <span class='ocrx_word' id='word_1_728' title='bbox 2729 5172 2782 5226; x_wconf 93' lang='lat' dir='ltr'><strong>in</strong></span> <span class='ocrx_word' id='word_1_729' title='bbox 2815 5170 3025 5240; x_wconf 88' lang='lat' dir='ltr'><strong>longam</strong></span> <span class='ocrx_word' id='word_1_730' title='bbox 3052 5168 3300 5223; x_wconf 89' lang='lat' dir='ltr'><strong>dictionis</strong></span> <span class='ocrx_word' id='word_1_731' title='bbox 3347 5168 3541 5222; x_wconf 89' lang='lat' dir='ltr'><strong>seriem</strong></span> 
     </span>
    </p>
   </div>
   <div class='ocr_carea' id='block_1_108' title="bbox 2051 5319 3552 5393">
    <p class='ocr_par' dir='ltr' id='par_1_108' title="bbox 2051 5319 3552 5393">
     <span class='ocr_line' id='line_1_109' title="bbox 2051 5319 3552 5393; baseline -0.003 -15"><span class='ocrx_word' id='word_1_732' title='bbox 2051 5337 2073 5364; x_wconf 73' lang='grc' dir='ltr'><strong>ο</strong></span> <span class='ocrx_word' id='word_1_733' title='bbox 2107 5324 2326 5379; x_wconf 86' lang='lat' dir='ltr'><strong>Diaconi</strong></span> <span class='ocrx_word' id='word_1_734' title='bbox 2363 5325 2569 5379; x_wconf 78' lang='lat' dir='ltr'><strong>ordinis</strong></span> <span class='ocrx_word' id='word_1_735' title='bbox 2591 5324 2744 5393; x_wconf 89' lang='lat' dir='ltr'><strong>cujus</strong></span> <span class='ocrx_word' id='word_1_736' title='bbox 2777 5331 2860 5378; x_wconf 86' lang='lat' dir='ltr'><strong>est</strong></span> <span class='ocrx_word' id='word_1_737' title='bbox 2889 5321 3209 5393; x_wconf 71' lang='lat' dir='ltr'><strong>prmscrtim,</strong></span> <span class='ocrx_word' id='word_1_738' title='bbox 3239 5328 3297 5393; x_wconf 84' lang='lat' dir='ltr'><strong>ut</strong></span> <span class='ocrx_word' id='word_1_739' title='bbox 3319 5319 3552 5393; x_wconf 71' lang='lat' dir='ltr'><strong>vocabu-</strong></span> 
     </span>
    </p>
   </div>
   <div class='ocr_carea' id='block_1_109' title="bbox 1975 5391 3548 5464">
    <p class='ocr_par' dir='ltr' id='par_1_109' title="bbox 1975 5391 3548 5464">
     <span class='ocr_line' id='line_1_110' title="bbox 1975 5391 3548 5464; baseline -0.004 -15"><span class='ocrx_word' id='word_1_740' title='bbox 1975 5396 2083 5449; x_wconf 90' lang='lat' dir='ltr'><strong>lum</strong></span> <span class='ocrx_word' id='word_1_741' title='bbox 2127 5396 2300 5464; x_wconf 89' lang='lat' dir='ltr'><strong>ipsum</strong></span> <span class='ocrx_word' id='word_1_742' title='bbox 2347 5395 2553 5449; x_wconf 62' lang='lat' dir='ltr'><strong>Graecis</strong></span> <span class='ocrx_word' id='word_1_743' title='bbox 2609 5391 2787 5458; x_wconf 87' lang='lat' dir='ltr'><strong>sonat,</strong></span> <span class='ocrx_word' id='word_1_744' title='bbox 2829 5391 2898 5446; x_wconf 89' lang='lat' dir='ltr'><strong>in</strong></span> <span class='ocrx_word' id='word_1_745' title='bbox 2931 5392 3168 5446; x_wconf 76' lang='lat' dir='ltr'><strong>Ecclesia</strong></span> <span class='ocrx_word' id='word_1_746' title='bbox 3215 5391 3548 5444; x_wconf 77' lang='lat' dir='ltr'><strong>ministrare.</strong></span> 
     </span>
    </p>
   </div>
   <div class='ocr_carea' id='block_1_110' title="bbox 2066 5481 2186 5518">
    <p class='ocr_par' dir='ltr' id='par_1_110' title="bbox 2066 5481 2186 5518">
     <span class='ocr_line' id='line_1_111' title="bbox 2066 5481 2186 5518; baseline -0.008 0"><span class='ocrx_word' id='word_1_747' title='bbox 2066 5481 2186 5518; x_wconf 59' lang='lat' dir='ltr'><strong>“AL.</strong></span> 
     </span>
    </p>
   </div>
   <div class='ocr_carea' id='block_1_111' title="bbox 1977 5465 3550 5604">
    <p class='ocr_par' dir='ltr' id='par_1_111' title="bbox 1977 5465 3550 5604">
     <span class='ocr_line' id='line_1_112' title="bbox 2066 5481 2373 5518; baseline -0.013 0"><span class='ocrx_word' id='word_1_748' title='bbox 2066 5481 2186 5518; x_wconf 58' lang='lat' dir='ltr'><strong>RM“</strong></span> <span class='ocrx_word' id='word_1_749' title='bbox 2366 5487 2373 5494; x_wconf 85' lang='lat'><strong>-</strong></span> 
     </span>
     <span class='ocr_line' id='line_1_113' title="bbox 1977 5465 3550 5604; baseline -0.003 -15"><span class='ocrx_word' id='word_1_750' title='bbox 1977 5465 2070 5574; x_wconf 45' lang='lat' dir='ltr'><strong>M21</strong></span> <span class='ocrx_word' id='word_1_751' title='bbox 2104 5535 2239 5589; x_wconf 88' lang='lat' dir='ltr'><strong>Hinc</strong></span> <span class='ocrx_word' id='word_1_752' title='bbox 2273 5535 2491 5604; x_wconf 85' lang='lat' dir='ltr'><strong>quidam</strong></span> <span class='ocrx_word' id='word_1_753' title='bbox 2537 5535 2679 5604; x_wconf 82' lang='lat' dir='ltr'><strong>hunc</strong></span> <span class='ocrx_word' id='word_1_754' title='bbox 2717 5533 2934 5586; x_wconf 91' lang='lat' dir='ltr'><strong>nomine</strong></span> <span class='ocrx_word' id='word_1_755' title='bbox 2968 5538 3029 5604; x_wconf 90' lang='lat' dir='ltr'><strong>_et</strong></span> <span class='ocrx_word' id='word_1_756' title='bbox 3062 5545 3120 5584; x_wconf 84' lang='lat' dir='ltr'><strong>re</strong></span> <span class='ocrx_word' id='word_1_757' title='bbox 3158 5530 3270 5604; x_wconf 78' lang='lat' dir='ltr'><strong>ipsa</strong></span> <span class='ocrx_word' id='word_1_758' title='bbox 3315 5528 3550 5584; x_wconf 85' lang='lat' dir='ltr'><strong>Felicem</strong></span> 
     </span>
    </p>
   </div>
   <div class='ocr_carea' id='block_1_112' title="bbox 1975 5601 3264 5672">
    <p class='ocr_par' dir='ltr' id='par_1_112' title="bbox 1975 5601 3264 5672">
     <span class='ocr_line' id='line_1_114' title="bbox 1975 5601 3264 5672; baseline -0.009 -10"><span class='ocrx_word' id='word_1_759' title='bbox 1975 5615 2266 5672; x_wconf 79' lang='lat' dir='ltr'><strong>martyrem</strong></span> <span class='ocrx_word' id='word_1_760' title='bbox 2291 5601 2343 5658; x_wconf 86' lang='lat' dir='ltr'><strong>in</strong></span> <span class='ocrx_word' id='word_1_761' title='bbox 2371 5603 2602 5658; x_wconf 78' lang='lat' dir='ltr'><strong>Asturiis</strong></span> <span class='ocrx_word' id='word_1_762' title='bbox 2632 5618 2844 5670; x_wconf 87' lang='lat' dir='ltr'><strong>passum</strong></span> <span class='ocrx_word' id='word_1_763' title='bbox 2876 5602 3158 5672; x_wconf 88' lang='lat' dir='ltr'><strong>scripsere.</strong></span> <span class='ocrx_word' id='word_1_764' title='bbox 3188 5601 3264 5654; x_wconf 81' lang='lat' dir='ltr'><strong>lo.</strong></span> 
     </span>
    </p>
   </div>
   <div class='ocr_carea' id='block_1_113' title="bbox 2049 5664 3548 5741">
    <p class='ocr_par' dir='ltr' id='par_1_113' title="bbox 2049 5664 3548 5741">
     <span class='ocr_line' id='line_1_115' title="bbox 2049 5664 3548 5741; baseline -0.001 -13"><span class='ocrx_word' id='word_1_765' title='bbox 2049 5687 2072 5715; x_wconf 78' lang='grc' dir='ltr'><strong>ε</strong></span> <span class='ocrx_word' id='word_1_766' title='bbox 2104 5664 2218 5728; x_wconf 78' lang='lat' dir='ltr'><strong>Non</strong></span> <span class='ocrx_word' id='word_1_767' title='bbox 2251 5675 2340 5729; x_wconf 93' lang='lat' dir='ltr'><strong>hie</strong></span> <span class='ocrx_word' id='word_1_768' title='bbox 2367 5664 2720 5741; x_wconf 68' lang='lat' dir='ltr'><strong>astipulaniur</strong></span> <span class='ocrx_word' id='word_1_769' title='bbox 2745 5664 3101 5738; x_wconf 72' lang='lat' dir='ltr'><strong>lleuschehio,</strong></span> <span class='ocrx_word' id='word_1_770' title='bbox 3143 5673 3232 5741; x_wconf 82' lang='lat' dir='ltr'><strong>qui</strong></span> <span class='ocrx_word' id='word_1_771' title='bbox 3259 5668 3498 5727; x_wconf 73' lang='lat' dir='ltr'><strong>correxi!</strong></span> <span class='ocrx_word' id='word_1_772' title='bbox 3531 5683 3548 5726; x_wconf 82' lang='lat'><strong>:</strong></span> 
     </span>
    </p>
   </div>
   <div class='ocr_carea' id='block_1_114' title="bbox 1975 5741 2905 5812">
    <p class='ocr_par' dir='ltr' id='par_1_114' title="bbox 1975 5741 2905 5812">
     <span class='ocr_line' id='line_1_116' title="bbox 1975 5741 2905 5812; baseline -0.002 -14"><span class='ocrx_word' id='word_1_773' title='bbox 1975 5745 2183 5798; x_wconf 81' lang='lat' dir='ltr'><strong>delicati</strong></span> <span class='ocrx_word' id='word_1_774' title='bbox 2219 5744 2467 5812; x_wconf 79' lang='lat' dir='ltr'><strong>impetum</strong></span> <span class='ocrx_word' id='word_1_775' title='bbox 2491 5741 2734 5811; x_wconf 79' lang='lat' dir='ltr'><strong>jugulum</strong></span> <span class='ocrx_word' id='word_1_776' title='bbox 2764 5742 2905 5796; x_wconf 68' lang='lat' dir='ltr'><strong>(alii.</strong></span> 
     </span>
    </p>
   </div>
  </div>
