4094 6346
621 365 724 422 807

1748 317 1809 412 s.
1847 351 2119 412 EULOGII
2159 350 2477 408 ARCHIEP.
2519 350 2768 410 roum.

3789 343 3891 412 ωδ

621 475 820 548 stylum
849 472 1188 544 protendere.
1223 469 1359 526 Hinc
1388 475 1489 534 est,
1525 466 1668 537 quod
1698 466 1841 521 ultra
1862 480 2026 536 quam
2049 473 2204 534 puta-
2230 467 2278 526 Α
2306 463 2558 518 diendum
2589 472 2712 533 apta
2731 503 2744 529 ,
2775 462 2844 518 ad
2884 462 3255 521 miserandum
3299 459 3560 536 clemens,
3611 466 3683 522 ad
3711 465 3890 522 indul-

619 561 834 627 bam‘us,
857 562 910 616 in
934 575 1187 633 magnum
1208 558 1449 615 codicem
1475 555 1732 612 materies
1756 563 1911 610 aucta
1933 552 2201 624 opusculi,

617 666 757 724 pene
779 651 999 705 modum
1022 646 1413 704 mediocritatis
1432 643 1749 700 excesserit.
1805 643 1942 710 Quia
1977 651 2100 712 post
2123 649 2203 695 tot

619 742 808 800 funera
838 751 890 798 et
914 739 1335 812 importabilium
1357 751 1720 792 aerumnarum
1749 727 2061 790 discrimina
2083 732 2204 787 nul-

619 835 730 890 lum
767 848 988 906 prorsus
1021 833 1149 888 talia
1177 833 1525 901 opinaremur
1551 841 1953 900 aggressurum.
1979 826 2089 880 Nos
2121 835 2202 880 ta-

621 939 747 979 men
773 925 842 978 ab
869 921 1134 978 inchoatis
1157 920 1465 976 nullatenus
1492 920 1808 983 reticemus,
1851 931 1958 988 quo
1982 923 2202 970 cuncto-

620 1027 741 1066 rum
771 1011 1028 1074 rationes,
1053 1016 1112 1062 ut
1131 1007 1496 1077 promisimus,
1519 1021 1854 1061 enarremus.

687 1099 743 1155 2.
771 1099 979 1154 Interea
1015 1096 1118 1152 fuit
1144 1098 1297 1168 virgo
1330 1096 1576 1167 quaedam
1630 1095 1826 1150 nobilis
1880 1101 1937 1148 et
1982 1093 2200 1156 decora,

618 1187 878 1244 Columba
925 1187 1165 1250 nomine,
1189 1201 1258 1240 ex
1285 1184 1481 1254 oppido
1509 1182 1842 1238 Cordubensi
1895 1181 2197 1252 progenita,

616 1281 824 1352 praefati
853 1281 1064 1336 abbatis
1089 1280 1327 1342 Martini,
1358 1287 1414 1334 et
1435 1278 1726 1342 Elisabeth,
1783 1278 1850 1332 de
1901 1277 2096 1346 quibus
2145 1276 2198 1330 in

616 1370 1042 1441 prtecedentibus
1071 1369 1508 1432 memoravimus,
1531 1383 1705 1423 soror.
1749 1367 1899 1434 Qum,
1950 1383 2072 1421 eum
2118 1367 2200 1420 in-

618 1469 703 1515 ter
734 1461 873 1514 bona
903 1468 1188 1530 parentum
1221 1457 1512 1513 tenerrime
1558 1458 1612 1511 in
1669 1457 1825 1512 annis
1871 1456 2199 1526 puellaribus

618 1549 838 1619 degens,
863 1549 1196 1619 propositum
1223 1547 1500 1600 Elisabetlt
1528 1546 1732 1600 sororis
1752 1561 1883 1610 sum,
1909 1547 2051 1616 quod
2073 1561 2194 1600 cum

616 1623 734 1692 viro
763 1653 860 1701 suo
880 1651 904 1678 ι
931 1638 1204 1693 Hieremia
1229 1635 1405 1691 adhuc
1450 1636 1607 1705 vulgo
1653 1636 1868 1690 admisti
1916 1635 2194 1705 gerebant,

617 1738 934 1797 agnosceret
963 1729 1075 1798 (qui
1126 1728 1285 1796 longe
1327 1734 1615 1795 antequam
1662 1726 2052 1791 monasterium
2105 1741 2197 1795 pe-

2304 555 2537 624 gendum
2577 552 2752 608 facilis
2779 592 2795 619 ,
2839 552 2908 607 ad
2954 554 3356 624 praedicandum
3403 557 3642 622 diserta,
3691 557 3760 612 ad
3810 557 3894 612 in.

2304 644 2618 699 struendum
2648 652 2916 716 prompta.
2952 642 3047 699 His
3082 660 3300 716 quoque
3323 647 3614 702 virtutibus
3635 645 3855 702 clarens
3874 690 3890 712 ,

2302 744 2620 790 cunctorum
2650 735 2703 789 in
2733 750 2792 790 se
2812 735 3141 806 provocabat
3167 733 3449 803 atl‘ectum,
3483 737 3740 792 omnibus
3771 753 3894 792 nor-

2305 840 2446 878 mam
2469 825 2852 894 speculumque
2881 827 3188 880 sanctitatis
3215 818 3476 882 existens.
3511 828 3582 881 Et
3600 827 3732 896 quia
3771 842 3891 884 cre-

2302 917 2400 970 bro
2427 915 2726 970 adversarii
2752 915 3142 970 tentalionibus
3169 917 3612 988 propulsabatur,
3641 917 3763 972 ideo
3789 917 3892 973 fre~

2301 1004 2676 1073 quentioribus
2724 1019 2783 1058 se
2835 1002 3018 1059 coram
3077 1005 3307 1062 Domino
3366 1005 3585 1061 ﬂetibus
3651 1016 3888 1070 mactat;

2304 1111 2516 1162 verens,
2547 1112 2616 1152 ne
2639 1097 2732 1152 diu
2771 1105 3023 1167 congesta
3053 1095 3293 1151 laborum
3337 1083 3590 1151 vilissimi
3619 1096 3892 1166 praedonis

2303 1185 2603 1253 irruptioue
2648 1185 2910 1256 perirent.
2964 1183 3103 1241 Hinc
3151 1187 3218 1240 ad
3269 1184 3532 1254 majorem
3582 1187 3892 1242 sanctitatis

2301 1277 2563 1331 cautelam
2589 1261 2818 1348 erigitur
2841 1313 2857 1342 ,
2890 1276 3146 1354 metuque
3172 1273 3343 1332 hostis
3372 1271 3568 1332 adacta
3636 1277 3894 1334 solertius

2300 1355 2366 1421 ad
2407 1383 2674 1423 summam
2705 1369 2965 1424 virtutum
2994 1357 3311 1423 districtiori
3337 1365 3448 1423 vita
3475 1370 3788 1424 "contendit.

2371 1443 2424 1512 Β.
2466 1451 2618 1538 lianc
2655 1473 2802 1538 saepe
2842 1443 3172 1529 aegrimoniis
3203 1467 3442 1514 tentator
3475 1468 3762 1525 macerat,
3791 1460 3889 1515 im-

2299 1549 2464 1628 mittit
2486 1533 2780 1616 fastidium,
2811 1550 3044 1620 speciem
3067 1551 3305 1605 virorum
3329 1551 3642 1620 praetendit,
3675 1550 3888 1620 longum

2299 1641 2494 1696 astruit
2517 1643 2739 1709 victum,
2767 1634 3100 1713 diversisque
3127 1636 3313 1715 fatigat
3331 1643 3660 1713 phantasiis.
3689 1645 3890 1711 Quibus

2299 1731 2542 1787 horribili
2575 1745 2722 1790 metu
2753 1717 3029 1808 eompuisa
3064 1726 3211 1806 luget
3237 1728 3571 1800 immaniter,
3623 1737 3696 1790 ne
3743 1735 3887 1806 lapsu

616 1828 809 1880 terent,
838 1818 1016 1872 multis
1051 1833 1110 1872 se
1139 1817 1354 1872 Christo
1381 1817 1728 1887 religionibus
1776 1816 1914 1870 inter
1959 1832 2195 1872 eonven-
2232 1817 2274 1874 Β
2305 1821 2494 1876 mortis
2522 1837 2551 1876 a
2577 1823 2850 1878 consortio
2875 1823 3162 1877 dirimatur
3199 1819 3419 1894 sponsi,
3460 1825 3620 1896 cujus
3655 1833 3810 1878 tanto
3835 1840 3889 1880 se

617 1917 704 1961 tus
733 1907 910 1977 populi
948 1906 1378 1974 consecrarunt),
1425 1921 1664 1975 persaepe
1709 1906 2014 1975 genitorum
2073 1906 2197 1960 reli-

616 2006 704 2052 cto
736 1998 1032 2064 consortio,
1069 1998 1286 2052 domum
1327 1998 1530 2051 sororis
1576 1995 1912 2065 frequentius
1947 1998 2193 2064 visitans,

615 2089 812 2144 talibus
851 2104 912 2143 se
959 2089 1383 2159 consignandam
1425 2089 1564 2142 votis
1607 2097 1846 2157 exoptat,
1895 2089 2195 2159 anhelaque

614 2178 776 2246 hujus
831 2179 1087 2248 propositi
1132 2179 1159 2218 δ
1195 2194 1359 2232 verna
1408 2179 1552 2246 cupit
1596 2179 1848 2232 existere.
1899 2169 2193 2234 Confestim

614 2269 797 2338 itaque
824 2277 1038 2324 terrena
1066 2269 1248 2323 omnia
1275 2283 1528 2337 spernere
1568 2269 1868 2334 desiderat;
1898 2271 1992 2325 sed
2010 2271 2195 2325 adver-

612 2367 766 2414 satur
792 2360 983 2430 puellae
1023 2361 1309 2415 intentioni
1350 2360 1579 2430 genitrix
1630 2370 2012 2430 repugnatura.
2064 2363 2194 2428 Quae

609 2449 777 2502 etiam
803 2459 991 2503 contra
1017 2449 1256 2504 sobolem
1287 2448 1560 2503 Elisabeth
1590 2448 1812 2518 ejusque
1834 2450 2006 2504 virum
2033 2450 2192 2506 foedis
2231 2447 2234 2450 ’

609 2539 908 2596 iracundia:
957 2541 1191 2595 motibus
1227 2541 1480 2605 excitata,
1533 2539 1768 2610 graviter
1821 2541 2188 2609 conqueritur,

607 2631 748 2697 quod
774 2630 849 2683 ita
875 2631 1236 2684 adolescentis
1280 2629 1508 2683 illiceret
1561 2629 1823 2692 animum,
1869 2629 2009 2698 quod
2051 2631 2192 2684 sicut

604 2736 684 2786 se,
713 2731 769 2776 et
792 2722 948 2775 istam
971 2722 1326 2790 disperderet,
1351 2719 1718 2790 mundumque
1745 2719 1875 2774 ﬂore
1925 2735 2022 2774 suo
2070 2717 2192 2774 ver-

609 2820 828 2866 nantem
852 2812 1112 2881 dissipato
1143 2811 1489 2864 matrimonio
1510 2809 1896 2878 relinquentes,
1941 2809 1994 2862 in
2046 2809 2188 2864 sola-

606 2901 682 2957 tio
715 2912 1028 2957 exteret-um
1061 2903 1110 2957 id
1135 2912 1394 2972 cuperent
1420 2916 1735 2972 congerere.

675 2992 728 3046 5.
763 2993 906 3046 Inter
931 2993 1072 3048 hanc
1101 3002 1279 3048 autem
1306 2991 1753 3046 conflictationem
1791 2989 1871 3063 (ut
1901 2991 2043 3061 vulgi
2071 3007 2188 3047 mos

605 3083 738 3152 est),
760 3084 1079 3152 disquiritur
1107 3084 1173 3136 ad
1215 3083 1466 3152 copulam
1506 3082 1802 3150 nuptialem
1833 3081 2026 3152 puella,
2073 3098 2187 3137 cre-

605 3175 828 3243 brisque
903 3175 1424 3243 interpellationibus
1507 3174 1852 3229 secularilate
1919 3153 2261 3230 involverec

604 3274 864 3335 exoptant
893 3266 1578 3322 emlestium-thalamorum
1604 3266 1805 3334 nuptiis
1827 3266 2082 3321 divinitus
2102 3283 2188 3322 as-

605 3355 894 3421 signatam.
925 3357 1134 3410 Etcum
1167 3371 1262 3411 nec
1288 3356 1374 3409 illa
1401 3355 1754 3420 consentiret,
1781 3370 1879 3408 nec
1903 3365 2073 3410 mater
2095 3357 2189 3412 de.

607 3446 846 3511 sisteret,
878 3461 983 3514 quo
1027 3446 1377 3500 nihilominus
1435 3443 1627 3512 nuptui
1681 3445 2013 3510 traderetur;
2075 3431 2191 3515 ipsa

581 3533 779 3588 "mater
813 3532 929 3604 (Dei
964 3533 1322 3603 providentia)
1353 3547 1421 3586 ex
1452 3531 1747 3601 improviso
1767 3533 2015 3588 molestia
2037 3537 2192 3606 :egri-

607 3625 813 3680 tudinis
833 3634 1115 3695 occupata,
1147 3626 1245 3680 sub
1275 3624 1441 3680 celeri
1468 3623 1750 3679 vocatione
1773 3625 1971 3679 mundo
2010 3640 2192 3680 exem-

603 3726 694 3786 pta
718 3720 961 3773 recessit.
993 3717 1259 3784 Remanet
1286 3717 1379 3770 Dei
1424 3715 1647 3780 famula,
1695 3731 1801 3770 non
1845 3724 1954 3770 tam
2000 3717 2191 3771 matris

603 3810 753 3865 obitu
782 3812 1122 3876 contristata,
1161 3827 1321 3881 quam
1348 3811 1522 3864 laetior
1568 3811 1738 3881 gratia
1793 3826 1902 3865 sua:
1958 3810 2192 3879 devotio-

603 3901 688 3955 nis
713 3881 830 3956 sine
863 3901 1179 3971 cujusquam
1211 3901 1520 3971 prmjuilieio
1547 3900 1918 3970 adimplendw.

675 3988 731 4041 4.
773 3989 974 4042 Verum
1019 3990 1274 4042 nonnullo
1322 4000 1563 4060 tempore
1607 3991 1659 4043 in
1694 3999 1881 4045 sancta
1930 3991 2192 4062 religione

604 4076 743 4142 apud
767 4076 955 4130 urbem
985 4078 1224 4146 utrisque
1252 4081 1529 4134 sororibus
1561 4081 1902 4135 versantibus
1931 4084 2190 4139 continuo

603 4164 818 4232 expleto
835 4165 951 4234 jam
987 4169 1224 4238 propriis
1253 4171 1343 4241 (ut
1375 4170 1650 4240 diximus)
1683 4171 1988 4239 sumptibus
2011 4171 2190 4228 Taba-

603 4255 758 4308 nensi
799 4258 1079 4324 coenobio,
1126 4274 1190 4314 eo
1225 4274 1283 4314 se
1312 4261 1415 4314 viri
1453 4275 1576 4314 cum
1621 4259 1936 4314 mulieribus
1974 4261 2190 4318 Christo

605 4345 890 4401 militaturi
935 4348 1243 4403 conferunt.
1299 4350 1374 4404 Ibi
1431 4358 1617 4404 sancta
1666 4350 1819 4420 virgo
1862 4353 2092 4406 terrenis
2131 4368 2190 4408 se

605 4451 842 4502 exuens,
893 4440 1062 4494 hteret
1094 4443 1434 4508 cmle5!ibus,
1467 4452 1521 4498 et
1565 4452 1798 4498 mentem
1827 4445 1895 4498 ad
1945 4446 2183 4501 studium

605 4528 1007 4600 Seripturarum
1040 4544 1380 4598 convertens,
1411 4536 1469 4589 fit
1496 4536 1784 4591 admodum
1809 4536 2073 4592 eruditior
2100 4539 2183 4592 in-

603 4621 904 4691 vestigandi
929 4633 991 4678 ae
1013 4624 1313 4679 disserendi
1344 4627 1736 4681 sententiarum
1770 4626 2020 4682 obscura.
2047 4627 2180 4684 Cre-

603 4709 708 4764 scit
735 4711 924 4766 beatse'
947 4713 1173 4783 virginis
1205 4715 1564 4770 sanctimonia
1584 4755 1599 4782 ,
1626 4726 1682 4772 et
1703 4716 1811 4771 late
1839 4715 2046 4773 diffusa
2074 4731 2184 4773 ca:-

603 4801 749 4855 nobii
799 4801 943 4856 fama
985 4806 1150 4860 etiam
1173 4807 1359 4874 procul
1388 4807 1616 4862 sitarum
1646 4808 1713 4862 ad
1745 4823 1802 4862 se
1824 4808 2037 4862 urbium
2071 4810 2184 4866 dis-

602 4903 798 4946 cursus
832 4893 1056 4958 invitat,
1089 4910 1195 4963 quo
1243 4895 1427 4950 talium
1468 4896 1832 4967 exemplorum
1861 4899 2188 4970 magisteriis

604 4979 994 5037 imbuerentur.
1026 4983 1154 5038 lianc
1188 4995 1368 5039 autem
1398 4987 1549 5056 virgo
1579 4987 1680 5040 sub
1719 4986 1904 5042 fratris
1933 4990 2015 5043 sui
2044 4989 2182 5044 Mar-

602 5069 701 5123 tini
732 5082 784 5125 et
811 5072 1084 5129 Elisabeth
1115 5077 1376 5146 regimine
1400 5091 1643 5140 manens,
1671 5077 1928 5147 praecellit
1951 5080 2177 5142 meritis,

601 5169 654 5212 et
684 5163 854 5230 gratia
892 5163 1192 5222 honestatis
1219 5168 1470 5222 omnibus
1491 5167 1665 5237 prmit.
1693 5168 1748 5221 ln
1773 5170 2180 5226 conversatione

600 5248 904 5319 laudabilis,
934 5256 988 5309 in
1017 5257 1320 5312 humilitate
1343 5258 1613 5321 sublimis,
1649 5259 1702 5312 in
1729 5261 1978 5315 castitate
2003 5261 2181 5330 perfe-

599 5349 706 5407 cta,
738 5343 791 5396 in
822 5344 1088 5402 charitate
1115 5346 1291 5414 firma,
1325 5347 1379 5402 in
1402 5349 1675 5405 exorando
1704 5359 1932 5417 attenta,
1962 5351 2029 5406 ad
2050 5352 2180 5406 obe-

669 5547 696 5577 ⁶
719 5540 836 5600 Lib.
863 5562 924 5610 tt,
950 5556 1067 5615 cap.
1099 5541 1153 5608 4,
1179 5555 1362 5615 aperte
1397 5545 1730 5600 ostendimus
1753 5543 1900 5615 hunc
1929 5543 2175 5615 eumdem

597 5609 1083 5686 essejiieremiam,
1105 5609 1494 5686 quiinartyreo
1510 5631 1630 5684 cap.
1659 5613 1931 5686 scribitur.
1964 5609 2171 5668 MOBAL.

671 5682 698 5722 δ
714 5684 824 5755 line
839 5695 950 5738 est:
969 5682 1237 5755 cupiebat,
1253 5682 1456 5740 relictis
1477 5682 1810 5755 parentibus,
1830 5683 1881 5736 in
1908 5694 2177 5755 monaste-

600 5752 738 5805 tiutn
764 5751 1049 5807 ilict'cmitu
1073 5751 1493 5822 transmigrare;
1523 5765 1574 5808 et
1603 5764 1857 5822 tanquam
1886 5754 2172 5808 vernacula

2212 4497 2261 4556 D

2302 1909 2496 1964 ardore
2532 1911 2812 1966 charitatis
2843 1911 3119 1966 asserebat
3151 1913 3375 1967 interius
3421 1929 3545 1969 esse
3579 1913 3885 1983 conﬂagra-

2301 2007 2502 2063 tam,ut
2523 2003 2675 2071 quasi
2705 2003 2902 2057 excisa:
2927 2004 3108 2074 carnis
3133 2003 3388 2059 cicatrice
3411 2020 3510 2074 pro
3531 2005 3656 2074 ejus
3685 2005 3884 2059 deside-

2301 2089 2380 2144 rio
2402 2097 2578 2144 mente
2601 2091 2878 2145 vulnerata
2895 2071 3156 2156 existens,
3177 2093 3280 2146 nisi
3303 2091 3419 2148 solo
3456 2092 3576 2160 ejus
3603 2081 3810 2148 intuitu
3833 2094 3882 2148 in

2297 2175 2468 2243 ccelis,
2499 2179 2642 2234 nullo
2671 2181 2831 2235 modo
2853 2175 2874 2220 δ
2894 2197 2950 2236 se
2974 2171 3293 2250 perhibebat
3317 2197 3477 2252 posse
3507 2187 3737 2237 sanare.
3769 2183 3884 2238 Nul-

2296 2257 2404 2322 lum
2453 2286 2690 2340 unquam
2733 2264 3073 2340 peccatorem
3121 2274 3371 2344 quamvis
3414 2274 3771 2344 gravioribus
3797 2289 3881 2344 op-

2295 2364 2536 2432 pressum
2574 2363 2814 2433 peccatis
2842 2379 3093 2419 sermone
3113 2379 3210 2420 suo
3238 2365 3396 2429 laesit,
3424 2365 3492 2419 de
3521 2363 3729 2420 nullius
3755 2366 3879 2418 acu.

2294 2451 2394 2506 bus
2444 2452 2742 2522 judicavit,
2802 2454 2868 2508 de
2917 2447 3116 2509 nullius
3161 2455 3471 2522 desperavit
3521 2452 3748 2519 salute,
3790 2467 3878 2508 nec

2294 2556 2617 2610 quemquam
2662 2542 2786 2596 licet.
2818 2541 2975 2595 fcrdis
3003 2541 3319 2597 infamatum
3350 2543 3604 2611 despexit
3647 2543 3880 2597 remot-io

2293 2629 2411 2684 bus.
2445 2629 2571 2684 Scio
2593 2630 2906 2702 (referebat)
2940 2632 3208 2686 versutias
3236 2632 3565 2695 dmmonum,
3594 2632 3714 2685 scio
3745 2631 3880 2686 inso-

2293 2719 2485 2776 leutias
2507 2722 2783 2776 hominum
2811 2763 2826 2787 ,
2851 2722 2940 2790 qui
2966 2722 3234 2776 interdum
3273 2723 3447 2792 ipsum
3479 2721 3875 2776 maledictionis

2293 2810 2714 2864 subsannatione
2735 2813 3022 2881 impelunt,
3047 2827 3204 2880 quem
3227 2811 3514 2881 probatum
3542 2811 3876 2881 dignioribus

2292 2900 2501 2955 meritis
2526 2901 2685 2956 habet
2718 2899 3091 2970 Omnipotens.
3130 2901 3294 2955 Multa
3335 2908 3464 2954 sunt
3495 2899 3647 2954 enim
3683 2899 3876 2967 judicio

2291 2993 2648 3046 condemnata
2678 2993 2952 3057 humano,
2993 3007 3115 3061 quae
3161 2991 3344 3045 divino
3374 2997 3504 3044 sunt
3551 2990 3786 3058 probata
3829 2999 3877 3043 et

2291 3080 2622 3137 sanctifidata
2676 3080 2948 3144 consilio;
2993 3089 3048 3136 et
3103 3080 3421 3150 plerumque
3475 3079 3874 3148 opinationibus

2293 3171 2404 3226 suis
2448 3171 2916 3241 transgrediuntur
2946 3169 3192 3224 homines
3225 3168 3464 3222 divinam
3507 3168 3872 3231 sententiam;

2293 3262 2417 3315 dum
2447 3257 2602 3327 cujus
2647 3259 2826 3313 meriti
2879 3258 3020 3327 apud
3053 3258 3203 3312 illum
3247 3257 3480 3327 quisque
3525 3268 3871 3325 permaneat,

2292 3349 2567 3413 nesciant;
2611 3357 2664 3402 et
2707 3357 2887 3401 tamen
2916 3346 3030 3415 jam
3057 3350 3210 3418 quasi
3237 3349 3466 3419 praesagi
3499 3348 3836 3402 occultorum
3857 3387 3871 3412 ,

2291 3441 2375 3494 vel
2401 3441 2617 3509 dignum
2647 3438 2964 3507 praedicent,
2988 3439 3072 3494 vel
3097 3439 3380 3508 reprobum
3419 3435 3717 3492 infament.
3749 3437 3872 3492 Cum

2289 3534 2474 3603 utique
2503 3533 2899 3603 inculpabilius,
2923 3535 2971 3588 si
2991 3535 3058 3589 ad
3081 3549 3138 3588 se
3165 3541 3523 3597 reverterent,
3541 3531 3868 3601 judicareut,

2290 3627 2390 3680 etsi
2418 3635 2621 3695 quanto
2642 3627 2727 3682 vel
2761 3628 2906 3696 quali
2941 3629 3092 3682 oneri
3139 3629 3516 3697 unusquisque
3565 3629 3871 3696 subiaceat,

2290 3713 2374 3770 vel
2396 3733 2502 3786 quo
2523 3717 2592 3771 sit
2617 3717 2799 3771 debito
2834 3733 2961 3772 reus
2987 3718 3313 3782 intenderet,
3342 3718 3659 3774 nullatenus
3695 3720 3874 3788 culpa-

2290 3807 2471 3861 biliter
2495 3808 2562 3861 de
2587 3808 2877 3879 incognitis
2906 3810 3268 3878 disputarem.
3312 3809 3419 3864 Sed
3441 3819 3615 3881 agunt
3637 3810 3871 3866 nonnulli

2292 3897 2407 3951 haec
2430 3936 2444 3962 ,
2490 3901 2598 3966 quo
2643 3897 2698 3952 in
2727 3898 2955 3952 veritate
2981 3900 3330 3968 exprobratio
3353 3900 3532 3954 divina
3565 3909 3758 3956 contra
3783 3917 3872 3955 nos

2289 3987 2418 4042 olim
2459 3989 2672 4058 prolata
2702 3990 2980 4057 firmetur,
3007 4006 3128 4060 qua:
3149 3992 3225 4046 ait
3257 4011 3269 4046 :
3303 3993 3568 4046 Attendite
3589 4002 3638 4046 et
3667 3993 3872 4046 auscul-

2291 4087 2412 4132 tate.
2447 4078 2616 4160 Nemo
2638 4081 2778 4152 quod
2804 4081 2994 4136 bonum
3022 4093 3097 4136 est
3119 4083 3352 4154 loquitur
3378 4101 3396 4138 ~.'
3446 4084 3628 4138 nullus
3665 4094 3744 4140 est
3788 4087 3871 4155 qui

2289 4181 2414 4241 agat
2462 4175 2819 4240 paenitentiam
2856 4185 3068 4246 prapter
3105 4186 3370 4246 peccatum
3401 4194 3592 4242 suum,
3641 4180 3818 4232 dicetis
3851 4195 3869 4232 :

2291 4261 2433 4328 Quid
2454 4263 2594 4332 feci?
2619 4264 2834 4333 (Jerem.
2858 4267 3186 4337 vm,6.)Qui
3209 4268 3409 4336 proprii
3434 4267 3697 4323 facinoris
3727 4270 3872 4324 trahe

2289 4352 2554 4422 neglecta,
2582 4354 2649 4408 de
2679 4353 2901 4410 festucis
2931 4355 3158 4410 aliorum
3185 4356 3399 4410 solliciti
3433 4367 3824 4426 permanentes
3853 4399 3868 4422 ,

2289 4442 2429 4508 quod
2445 4441 2548 4495 levi
2573 4443 2956 4498 susurrationis
2978 4444 3454 4514 aurecaptaverint
3469 4459 3661 4498 verum
3685 4445 3872 4500 nihilo-

2286 4534 2463 4589 minus
2490 4544 2545 4589 et
2572 4533 2879 4591 nullatenus
2902 4536 3216 4592 incredibile
3251 4552 3370 4592 esse
3399 4537 3700 4594 affirmant.

2355 4625 2407 4678 6.
2447 4624 2730 4695 Nunquam
2755 4636 2935 4684 autem
2958 4629 3107 4698 virgo
3127 4628 3546 4682 clementissima
3569 4629 3691 4684 sine
3711 4643 3870 4683 causa

2285 4717 2422 4772 iram
2453 4718 2710 4785 admovit,
2737 4721 2840 4775 nisi
2870 4736 2992 4776 cum
3019 4720 3157 4778 forte
3183 4729 3276 4775 aut
3307 4721 3588 4776 infantulis
3607 4753 3624 4786 ,
3655 4731 3751 4775 aut
3779 4721 3872 4776 ali-

2286 4816 2448 4878 quam
2472 4823 2502 4863 e
2547 4811 2822 4866 sororibus
2864 4812 3218 4882 negligentem
3259 4813 3564 4882 aspiceret,
3597 4827 3738 4880 quas
3763 4810 3872 4866 solo

2289 4902 2482 4956 intuitu
2521 4902 2798 4957 oculorum
2844 4904 3199 4975 redarguebat
3242 4901 3542 4957 humiliter.
3588 4899 3869 4970 Nunquam

2289 4993 2576 5062 aliquando
2640 4994 2694 5048 in
2750 4995 3067 5064 cujusquam
3129 4993 3376 5064 prorupit
3431 4991 3867 5050 contumeliam,

2290 5095 2562 5152 nunquam
2585 5098 2646 5136 os
2671 5080 2786 5150 ejus
2800 5083 3110 5152 vaniloquio
3133 5091 3218 5137 est
3242 5090 3584 5150 occupatum,
3603 5094 3868 5150 nusquam

2289 5175 2458 5231 aniles
2483 5185 2538 5231 et
2561 5176 2762 5231 otiosas
2792 5175 3000 5230 fabulas
3021 5176 3134 5230 suis
3158 5189 3314 5246 passa
3336 5184 3423 5228 est
3435 5172 3652 5226 admitti
3682 5170 3868 5226 aud'ti-

2287 5265 2408 5320 bus.
2427 5265 2702 5322 Christum
2733 5267 2914 5330 corde,
2931 5267 3205 5322 Christum
3232 5279 3328 5320 ore
3355 5264 3553 5334 saepius
3582 5263 3862 5320 meditans.

2289 5353 2434 5410 illam
2460 5354 2797 5426 frequentius
2825 5373 2946 5413 cum
2968 5356 3114 5412 omni
3137 5347 3328 5410 affectu
3353 5352 3585 5408 canebat
3618 5349 3864 5418 antipha-

2285 5533 2479 5589 ancilla
2507 5532 2556 5586 ei
2584 5531 2968 5586 adhaerescere.
2993 5530 3069 5584 lu.

2358 5616 2379 5644 ο
2423 5605 2589 5658 Recte
2633 5602 3020 5657 Constantinus
3051 5592 3360 5670 Suysltenus
3407 5594 3476 5650 ad
3514 5594 3591 5670 _|7
3625 5589 3860 5662 Septem-

2284 5677 2399 5758 bris
2427 5693 2440 5731 :
2476 5673 2580 5728 Pro
2608 5673 2928 5745 perhibebat
2955 5669 3065 5741 lege
3090 5667 3416 5743 perhiberet,
3448 5667 3526 5720 uti
3549 5673 3600 5721 et
3639 5678 3760 5716 tua:
3779 5672 3856 5713 sa-

2285 5763 2399 5801 nari
2431 5763 2525 5818 pro
2551 5759 2757 5798 sanare.
