4094 6346
285 413 394 469 809
695 421 712 438 ‘
1289 407 1714 465 MEMORIALIS
1752 406 2199 465 SANCTORUM.
2240 437 2308 454 -ρ-
2347 405 2476 460 LIB.
2513 403 2600 457 Ill.
3450 407 3557 463 810

283 536 438 585 nam,
477 534 641 590 quam
671 519 726 575 in
759 519 975 575 laudem
1003 525 1316 574 sanctorum
1343 519 1486 574 beati
1509 519 1700 576 Patres
1721 521 1870 576 suavi
1899 525 1953 584 Α
1976 519 2170 573 lectam
2212 517 2331 573 urbi
2363 517 2706 581 admoveret,
2734 515 2790 569 in
2824 515 3160 584 praediolum,
3193 519 3334 586 quod
3360 520 3560 577 dudum

285 623 452 672 cantu
479 624 834 687 aptaverunt,
890 634 910 668 ‹
939 614 1103 685 Aperi
1133 615 1284 682 mihi,
1322 615 1547 672 Domine
1570 656 1586 682 ,
1638 617 1875 688 paradisi

275 708 530 778 januam,
557 717 619 763 ut
643 709 710 764 ad
736 707 884 764 illam
911 707 1146 780 patriam
1175 714 1440 773 revertar,
1473 708 1564 763 ubi
1593 723 1740 765 mors
1770 723 1875 763 non

283 811 395 869 est,
420 800 512 856 ubi
541 801 700 857 dulce
718 802 974 872 gaudium
1000 809 1334 872 perseverat.
1365 821 1384 855 ι
1416 801 1554 857 Cum
1596 803 1680 859 his
1710 803 1878 859 collo-

283 890 382 961 qui
408 889 798 956 delectabatur,
834 905 1064 960 quorum
1086 905 1240 945 mens
1269 890 1500 961 spiritali
1527 891 1729 948 virtute
1759 908 1878 948 suc-

283 982 500 1048 cincta,
564 983 892 1038 mortificata
942 998 1065 1039 cum
1123 983 1270 1039 vitiis
1319 991 1375 1039 et
1427 983 1878 1054 concupiscentiis

281 1073 533 1128 membra
559 1073 845 1143 gerebant,
872 1087 974 1128 nec
999 1073 1252 1144 cuiquam
1279 1088 1357 1138 se,
1405 1073 1510 1129 nisi
1555 1072 1695 1129 forte
1721 1074 1879 1144 spiri-

283 1163 526 1218 tualibus
553 1163 704 1228 viris,
733 1171 789 1220 et
814 1163 868 1219 id
891 1179 1172 1234 perrarum
1203 1164 1491 1231 ac'serius,
1520 1162 1726 1220 visendi
1748 1179 1880 1234 prae-

283 1255 471 1310 stabat
497 1247 796 1312 accessum.
835 1253 972 1324 Quia
1001 1255 1234 1312 claustra
1263 1257 1588 1312 feminarum
1617 1273 1646 1312 a
1673 1256 1880 1314 cellulis

283 1345 679 1401 monachorum
704 1345 828 1401 altis
862 1338 1171 1418 interjectis
1211 1348 1487 1417 disparata
1517 1349 1793 1413 maceriis,
1817 1348 1880 1403 li-

281 1449 377 1495 cet
407 1440 566 1496 unius
594 1440 764 1512 patris
800 1442 1167 1512 gubernaculo
1204 1453 1551 1514 regerentur,
1593 1444 1677 1499 lue
1699 1452 1878 1498 tamen

282 1531 647 1599 sequestratis
671 1546 732 1586 se
763 1533 1157 1588 mansiunculis
1186 1535 1562 1600 retrudentes,
1606 1533 1739 1612 nulli
1765 1549 1880 1589 om-

281 1619 418 1675 nino
445 1621 734 1676 contuendi
757 1637 816 1678 se
847 1623 1160 1680 facultatem
1186 1625 1520 1693 praebebant.
1553 1623 1660 1680 Sed
1677 1624 1723 1680 si
1753 1623 1880 1679 sub-

283 1709 416 1764 inde
453 1718 546 1764 aut
589 1709 850 1767 fratribus
894 1728 1131 1786 congrua
1163 1713 1393 1770 instaret
1429 1713 1759 1780 necessitas,
1789 1722 1881 1769 aut

281 1802 564 1873 hospitum
603 1805 692 1875 pia
728 1817 755 1846 α
796 1805 1111 1878 impetraret
1151 1807 1482 1875 humanitas,
1520 1808 1633 1863 sola
1658 1823 1882 1863 venera-

1979 607 2080 663 sibi
2123 608 2180 662 in
2222 606 2455 663 confinio
2483 606 2722 662 basilica:
2772 607 2944 662 sancti
2973 606 3000 646 ά
3037 606 3290 679 Cypriani
3345 621 3560 666 exstru-

1979 706 2193 763 xerant,
2222 711 2341 754 sese
2369 696 2656 753 conferunt
2685 697 3046 754 retrudendm.
3075 697 3175 755 llic
3203 700 3316 770 jam
3364 704 3564 758 consti-

1981 796 2095 842 tuta
2139 788 2449 843 beatissima
2476 787 2630 858 virgo
2666 787 3160 859 incomparabiliter
3203 789 3386 858 ﬂebat,
3415 791 3566 862 luge-

1979 875 2178 946 batque
2224 877 2480 943 ubertim,
2523 885 2576 932 et
2606 893 2759 932 suam
2799 878 3034 948 quietem
3068 894 3230 948 quam
3258 879 3483 950 gerebat
3508 881 3565 936 in

1980 972 2274 1038 montibus,
2297 981 2353 1027 et
2380 971 2642 1028 tumultus
2668 987 2804 1042 quos
2829 971 2881 1026 in
2909 971 3042 1027 urbe
3073 973 3390 1029 incurrerat.
3415 973 3567 1028 Sem-

1979 1081 2076 1136 per
2107 1073 2285 1120 tamen
2313 1075 2368 1121 et
2406 1068 2569 1122 corde
2617 1073 2672 1120 et
2721 1066 2903 1137 lingua
2931 1066 3202 1122 clamabat
3236 1086 3248 1122 :
3284 1066 3364 1121 Tu
3407 1069 3561 1131 nosti,

1979 1156 2223 1224 Domine,
2255 1159 2380 1229 quia
2409 1159 2547 1213 diem
2575 1158 2801 1213 hominis
2837 1176 2940 1212 non
2978 1159 3245 1229 concupiui
3280 1176 3438 1230 super
3462 1170 3567 1214 ter-

1981 1268 2095 1306 ram
2125 1250 2346 1324 (Jerent.
2378 1267 2511 1317 xvu,
2536 1251 2647 1324 16).
2680 1250 2909 1322 Semper
2953 1251 3307 1322 praedicabat,
3354 1267 3567 1324 semper

1980 1346 2193 1410 orabat,
2226 1359 2440 1414 semper
2469 1343 2712 1399 Psalmos
2738 1342 2990 1408 canebat,
3014 1359 3228 1414 semper
3253 1343 3309 1399 in
3330 1359 3425 1399 ore
3449 1344 3566 1414 ejus

1981 1436 2098 1492 laus
2125 1445 2181 1490 et
2206 1436 2512 1492 benedictio
2545 1417 2757 1492 Domitii
2797 1438 3106 1493 resonabat.
3135 1437 3204 1492 Et
3232 1437 3358 1506 quia
3396 1437 3564 1508 virgi-

1980 1546 2110 1585 num
2155 1530 2367 1586 mansio
2401 1529 2612 1600 praefati
2659 1530 2954 1585 sanctuarii
2995 1531 3290 1601 parietibus
3328 1532 3568 1586 cohaere-

1979 1620 2093 1687 bat,
2135 1630 2454 1694 tantumque
2500 1623 2714 1694 objectu
2745 1623 2994 1679 maceria:
3028 1640 3059 1677 a
3089 1623 3354 1678 vestibulo
3379 1624 3568 1680 altaris

1981 1713 2370 1780 dirimebatur;
2413 1715 2458 1770 si
2485 1730 2648 1784 quem
2681 1714 2822 1770 forte
2857 1724 3076 1770 cantum
3114 1723 3424 1772 sanctorum
3454 1715 3570 1771 lau-

1983 1802 2138 1859 dibus
2176 1812 2520 1860 resonantem
2560 1820 2658 1874 per
2683 1805 2945 1860 natalitia
2985 1814 3284 1878 martyrum
3333 1807 3571 1863 audisset

280 1896 412 1952 bilis
441 1897 715 1956 Elisabeth
747 1915 846 1970 per
879 1899 1174 1958 fenestram
1214 1918 1274 1959 se
1317 1902 1606 1958 exhibebat
1648 1916 1877 1957 cernen-
1906 1892 1954 1952 B
1982 1897 2268 1978 a_clericis
2306 1897 2682 1968 psallentibus,
2715 1897 3002 1954 confestim
3037 1899 3270 1968 quadam
3313 1899 3566 1967 jucundi-

282 1989 434 2056 dam,
462 2007 581 2060 quae
606 1991 757 2062 prior
784 2001 838 2048 et
859 1995 1024 2050 totius
1053 2004 1173 2050 erat
1193 2005 1370 2050 mater
1387 2009 1514 2050 vera
1538 1995 1870 2050 monasterii.

361 2083 414 2136 7.
453 2084 696 2150 Quodam
713 2085 877 2156 igitur
895 2094 1134 2158 tempore
1155 2087 1312 2159 petiit
1332 2104 1362 2141 a
1380 2086 1874 2143 consororibusCo-

282 2177 496 2244 lumba,
511 2189 572 2234 ut
592 2179 735 2234 inter
758 2179 876 2250 ipsa
893 2180 1130 2237 clauStra
1152 2181 1206 2236 in
1222 2182 1452 2252 quodam
1474 2181 1669 2253 angulo
1685 2181 1876 2238 cellula

283 2271 392 2326 sibi
420 2272 661 2339 daretur,
677 2289 783 2344 quo
796 2290 980 2331 secum
1007 2276 1121 2330 sola
1138 2279 1427 2332 demorans
1449 2277 1705 2334 immunis
1724 2294 1754 2332 a
1770 2293 1875 2334 ca:-

287 2372 528 2417 terarum
545 2365 776 2436 strepitu
795 2365 966 2422 fieret.
984 2367 1243 2422 Annuunt
1263 2381 1362 2437 pro
1376 2376 1566 2439 rogatu
1581 2376 1782 2424 sancta:
1795 2383 1876 2423 so-

285 2469 465 2520 rores,
481 2457 834 2528 praebentque
847 2459 1234 2515 adminiculum
1251 2475 1350 2516 suo
1365 2476 1632 2516 consensu
1645 2462 1874 2533 augendi

283 2543 515 2615 virginis
542 2547 889 2604 sanctitatem
908 2589 924 2615 ,
949 2565 1070 2620 quae
1092 2550 1329 2620 aliquam
1355 2551 1519 2606 etiam
1551 2552 1675 2608 inde
1701 2553 1876 2623 perci-

282 2652 417 2707 pere
445 2639 790 2697 confidebant
808 2644 1133 2699 mercedem.
1155 2642 1387 2700 Utenim
1403 2646 1627 2715 praemio
1656 2645 1876 2716 dignum

284 2737 374 2782 est
393 2740 597 2786 sanctae
621 2735 1052 2792 conversationis
1077 2735 1340 2802 studium,
1357 2737 1430 2791 ita
1459 2746 1514 2792 et
1541 2753 1669 2809 erga
1684 2739 1772 2808 pie
1800 2738 1878 2792 vi-

283 2827 475 2875 ventes
504 2821 790 2899 religiosus
837 2823 1083 2880 allectus.
1131 2823 1243 2882 Nec
1271 2825 1438 2882 distat
1483 2841 1514 2880 a
1543 2826 1703 2882 factis
1735 2827 1876 2883 bona

283 2913 606 2979 consensio,
655 2931 775 2984 quae
801 2932 909 2972 non
933 2916 1136 2972 virtute
1161 2917 1350 2983 animi,
1373 2917 1469 2973 sed
1491 2918 1688 2973 virium
1717 2901 1878 2990 quas.-

283 3011 442 3056 satur
472 3004 718 3072 defectu;
743 3013 801 3059 ut
841 3021 962 3061 cum
993 3006 1131 3061 forte
1158 3022 1266 3062 non
1299 3007 1464 3062 fuerit
1489 3008 1644 3078 vigor
1682 3024 1875 3080 corpo-

282 3097 365 3152 ris
397 3096 525 3151 talia
553 3098 880 3165 exercendi,
916 3099 986 3154 sit
1008 3100 1204 3154 mentis
1237 3100 1466 3156 intentio
1492 3101 1758 3158 similibus
1787 3103 1879 3158 de-

282 3189 543 3245 lectandi.
590 3189 911 3246 Communia
949 3200 1075 3246 sunt
1122 3192 1269 3248 enim
1317 3193 1496 3264 operis
1523 3195 1697 3249 sancti
1724 3210 1876 3251 com-

1980 1999 2092 2047 tate
2121 1989 2425 2046 caelestium
2467 1990 2863 2046 desideriorum
2891 1999 3215 2060 compuncta
3251 2006 3569 2062 prorumpe—

1976 2085 2152 2140 bat‘in
2182 2084 2484 2157 lacrymas;
2518 2093 2578 2140 ut
2606 2099 2713 2140 non
2743 2085 2922 2139 minus
2956 2083 3104 2138 illam
3139 2084 3408 2138 introrsus
3443 2097 3566 2139 cre-

1979 2177 2134 2232 deres
2163 2177 2546 2247 proclamare:
2587 2175 2762 2232 Sitivit
2800 2177 2980 2229 anima
3019 2191 3135 2228 mea
3173 2174 3243 2228 ad
3287 2173 3448 2228 Deum
3493 2174 3571 2228 vi-

1976 2288 2131 2337 vum;
2163 2271 2374 2341 quando
2424 2272 2627 2327 veniam
2678 2279 2727 2325 et
2769 2269 3028 2341 apparebo
3068 2254 3189 2323 ante
3231 2267 3418 2336 faciem
3449 2265 3566 2319 Dei.

1977 2359 2028 2414 F
2032 2369 2221 2415 uerunt
2251 2361 2380 2414 mihi
2424 2361 2672 2431 lacryma:
2701 2376 2864 2430 panes
2893 2359 2978 2413 die
3017 2375 3079 2413 ac
3128 2366 3293 2424 nocte,
3333 2358 3459 2411 dum
3490 2357 3571 2408 di-

1977 2452 2114 2506 citur
2135 2452 2262 2522 mihi
2281 2452 2544 2522 quotidie:
2569 2449 2668 2505 Ubi
2689 2461 2764 2505 est
2777 2450 2919 2505 Deus
2934 2447 3273 2519 tuus?(Psal.
3289 2463 3399 2513 xu,
3417 2449 3472 2513 5,
3488 2447 3568 2516 Δ.)

1975 2544 2112 2613 Ipsis
2149 2519 2354 2598 etenim
2393 2542 2624 2598 nexibus
2662 2541 2929 2612 corporis,
2955 2539 3154 2610 quibus
3195 2539 3250 2593 in
3281 2539 3383 2593 hac
3413 2552 3569 2606 pere-

1977 2634 2281 2705 grinatione
2312 2649 2464 2689 mens
2505 2633 2682 2688 sancti
2713 2632 2976 2703 cujusque
3005 2639 3242 2695 retenta,
3272 2630 3340 2684 ab
3370 2628 3460 2683 illa
3490 2630 3574 2683 in-

1979 2723 2180 2780 effabili
2210 2724 2462 2780 claritate
2487 2732 2800 2779 sanctorum
2831 2738 2952 2778 cum
2985 2738 3180 2793 magna
3212 2736 3572 2792 supernorum

1979 2816 2371 2871 desideriorum
2407 2816 2496 2871 siti
2522 2825 2712 2871 exusta
2743 2831 2802 2871 se
2821 2813 3090 2885 jungitur,
3127 2813 3274 2869 velut
3307 2813 3573 2869 obstanti-

1978 2909 2080 2965 bus
2115 2925 2392 2964 murorum
2440 2909 2711 2980 repagulis
2740 2922 2809 2963 ne
2853 2908 2922 2962 ad
2963 2907 3242 2962 civitatem
3277 2906 3572 2961 viventium

1979 3002 2214 3071 concito,
2249 3018 2356 3072 quo
2382 3001 2515 3068 vult,
2545 3016 2734 3072 gressu
2767 3001 3062 3072 pertingat,
3089 2999 3244 3068 quasi
3283 3014 3315 3055 e
3352 2999 3572 3070 regione

1979 3110 2116 3150 onus
2160 3094 2529 3149 membrorum
2575 3094 2676 3149 sibi
2727 3093 2976 3159 credens,
3002 3091 3257 3147 resistere
3303 3091 3479 3161 plorat
3519 3102 3573 3145 ct

1981 3186 2149 3242 dicit:
2180 3185 2418 3240 Fuerunt
2446 3186 2577 3240 mihi
2604 3186 2853 3257 lacrymte
2873 3201 3002 3240 mea
3023 3201 3184 3256 panes
3207 3185 3293 3240 die
3318 3201 3380 3238 ac
3402 3196 3571 3250 nocte,

284 3283 514 3348 mercia,
537 3292 671 3339 eteo
689 3281 825 3338 ﬁunt
844 3283 1059 3341 Christo
1079 3286 1408 3356 gratissima,
1431 3301 1539 3356 quo
1559 3287 1885 3358 simpliciter,
1903 3273 1948 3335 C
1979 3279 2104 3333 dum
2137 3280 2334 3333 dicitur
2359 3280 2488 3333 mihi
2523 3279 2755 3350 quotidie
2781 3292 2797 3330 :
2835 3276 2932 3331 Ubi
2967 3285 3042 3332 est
3069 3277 3213 3332 Deus
3241 3277 3404 3331 tuus?
3437 3276 3570 3332 Cmn

284 3375 344 3429 in
375 3376 642 3432 charitate
669 3377 911 3448 perfecta
940 3378 1008 3432 ad
1036 3388 1284 3436 nostrum
1314 3379 1602 3437 referimus
1637 3396 1878 3439 commo-

285 3468 418 3521 dum
448 3467 704 3522 fraternae
733 3469 1040 3526 sanctitatis
1060 3471 1317 3527 studium.

359 3563 412 3646 8_.
451 3562 693 3633 Denique
718 3563 937 3636 indepta
963 3567 1340 3626 benedictione
1380 3587 1651 3641 sororum,
1687 3590 1877 3631 exsors

283 3656 438 3710 omni
480 3658 862 3714 cmnobialium
908 3661 1122 3716 actione
1159 3678 1436 3731 curarum,
1468 3667 1621 3740 virgo
1653 3684 1877 3724 venera-

282 3749 412 3804 bilis
459 3749 514 3804 in
545 3751 998 3823 contemplatione
1026 3754 1122 3811 Dei
1152 3765 1207 3810 et
1245 3758 1595 3815 meditatione
1627 3761 1875 3830 Scriptu-

285 3855 472 3894 rarum
517 3840 746 3897 multum
785 3845 1045 3914 temporis
1090 3860 1478 3916 perseverans,
1519 3859 1642 3921 post
1683 3855 1876 3909 crebra

283 3932 524 4002 suspiria
559 3942 613 3988 et
651 3933 810 3990 fletus
835 3935 1150 4003 immensos,
1185 3940 1242 3994 in
1277 3941 1472 4010 quibus
1510 3943 1731 4013 Speciali
1759 3961 1878 3999 mu-

286 4039 423 4080 nere
467 4041 630 4096 supra
679 4027 942 4098 plurimos
988 4030 1202 4086 ctelitus
1239 4033 1545 4100 eminebat,
1586 4035 1762 4091 denuo
1809 4038 1876 4092 ad

286 4121 637 4178 instruendos
671 4124 868 4180 divinis
900 4125 1141 4194 pastibus
1176 4128 1625 4198 convirginalium
1667 4132 1877 4187 animos

290 4214 582 4269 revertitur
604 4215 673 4270 ad
701 4223 923 4270 coetum.
949 4215 1153 4272 Ferunt
1181 4234 1413 4290 namque
1456 4220 1601 4276 illam
1635 4237 1877 4293 persaepe

289 4314 476 4361 ternas
503 4315 559 4361 et
585 4315 877 4377 quaternas
907 4309 1096 4376 horas,
1123 4327 1332 4366 necnon
1359 4328 1529 4384 usque
1557 4313 1612 4368 in
1639 4315 1873 4370 medium

287 4396 436 4450 diem
459 4396 514 4452 in
543 4399 789 4454 oratione
827 4399 1184 4467 decumbere;
1220 4409 1274 4457 et
1309 4417 1428 4458 cum
1468 4404 1615 4460 nulla
1656 4421 1876 4462 resona-

287 4495 414 4542 rent
441 4488 694 4560 suspiria,
730 4489 985 4560 nulloque
1024 4491 1256 4563 singultu
1295 4495 1539 4549 membra
1571 4495 1879 4552 incuteren-

1982 3370 2072 3426 illo
2097 3372 2284 3442 utique
2319 3386 2442 3427 esse
2478 3370 2772 3437 desiderat,
2804 3386 2930 3426 cum
2959 3385 3066 3442 quo
3094 3369 3387 3440 Apostolus
3423 3385 3573 3426 reso-

1980 3462 2091 3517 luta
2127 3463 2237 3533 jam
2289 3462 2620 3518 mortalitate
2660 3462 2882 3532 cupiens
2925 3476 3268 3530 permanere,
3311 3462 3568 3518 dicebat:

1986 3554 2213 3609 Dissolvi
2234 3562 2283 3608 et
2306 3571 2416 3610 esse
2440 3571 2557 3609 cum
2580 3552 2788 3609 Christo
2809 3553 2996 3609 melius
3019 3565 3093 3609 est
3113 3553 3368 3625 (Philipp.
3387 3569 3430 3620 ι,
3451 3554 3568 3625 23).

2054 3670 2142 3726 10.
2181 3669 2382 3727 Verum
2423 3669 2794 3726 indesinenter
2819 3668 2904 3722 his
2931 3667 3071 3722 votis
3097 3677 3284 3723 sancta
3312 3667 3570 3722 Columba

1982 3762 2259 3826 insistens,
2293 3777 2415 3817 cum
2448 3761 2568 3830 plus
2597 3759 2824 3829 aliquid,
2857 3768 2918 3813 ut
2952 3759 3184 3825 reor,oin
3220 3758 3569 3826 semetipsam

1980 3853 2252 3908 cruciatus
2297 3852 2411 3922 ipsa
2463 3851 2718 3915 inferret,
2769 3865 2933 3920 quam
2973 3849 3160 3904 furens
3194 3860 3217 3887 ο
3249 3849 3571 3920 imploderet

1981 3945 2244 4010 carnifex,
2277 3944 2607 4015 vigiliarum,
2648 3943 3002 4012 jejuniorum,
3028 3953 3215 4015 .atque
3256 3946 3566 4000 orationum

1981 4037 2191 4091 scilicet
2219 4034 2590 4090 continuando
2618 4034 2864 4099 labores;
2897 4034 3051 4104 quasi
3071 4049 3234 4104 parva
3259 4043 3442 4090 essent
3469 4035 3569 4090 ista

1979 4125 2184 4190 omnia,
2214 4123 2438 4196 proprio
2466 4133 2524 4179 et
2550 4123 2799 4180 ultroneo
2838 4125 2892 4178 in
2923 4140 2981 4180 se
3008 4135 3136 4180 voto
3163 4125 3309 4180 illata
3339 4133 3575 4180 tormen-

1981 4226 2055 4284 ta,
2083 4215 2234 4271 velut
2261 4216 2328 4272 de
2359 4216 2471 4271 suis
2499 4216 2664 4272 etiam
2694 4216 2926 4280 meritis,
2959 4217 3062 4271 etsi
3110 4215 3318 4285 majora
3352 4231 3570 4272 exerce—

1980 4319 2095 4374 ret,
2142 4325 2252 4364 non
2300 4309 2624 4364 confidebat.
2655 4309 2735 4365 Ac
2778 4318 3060 4375 metuens,
3099 4325 3170 4364 ne
3214 4311 3567 4365 centesimum

1979 4399 2306 4471 virginitatis
2339 4416 2450 4455 sua:
2485 4398 2721 4456 fructum
2753 4416 2982 4456 vacuum
3013 4401 3150 4471 apud
3179 4401 3396 4458 Patrem
3421 4413 3568 4458 com-

1982 4493 2122 4547 modi
2170 4493 2462 4564 reperiret,
2516 4493 2584 4548 ad
2631 4491 2901 4548 inellabile
2951 4495 3195 4565 martyrii
3236 4495 3452 4550 indubia
3488 4495 3566 4550 lu-

289 4591 414 4648 tur,
469 4581 524 4636 in
567 4598 760 4655 magno
813 4593 992 4640 tamen
1045 4585 1262 4641 silentio
1307 4586 1490 4643 fletum
1545 4591 1825 4660 promebat
1860 4609 1871 4643 :
1903 4629 1956 4689 Β
1982 4603 2132 4642 crum
2166 4587 2390 4656 aSpirat,
2423 4586 2564 4656 quod
2592 4597 2908 4657 peccatores
2936 4587 3099 4642 etiam
3122 4588 3327 4644 directo
3355 4588 3569 4642 tramite

288 4672 429 4727 adeo
459 4683 519 4728 ut
545 4676 734 4730 subtus
761 4675 790 4716 ιι
816 4684 1006 4741 matta,
1033 4679 1089 4732 in
1109 4693 1214 4748 qua
1239 4678 1328 4733 illa
1349 4689 1622 4750 prostrato
1651 4697 1877 4752 corpore

288 4766 574 4831 exorabat,
599 4767 911 4823 humectum
949 4767 1203 4839 lacrymis
1230 4771 1595 4839 pavimentum
1625 4774 1877 4828 ostende-

293 4867 464 4913 retur.
506 4858 798 4914 Maximum
849 4861 1012 4916 etiam
1063 4863 1116 4918 in
1172 4861 1636 4919 obsecrationibus
1685 4868 1875 4920 stando

290 4952 579 5020 spondens
603 4952 951 5019 curriculum,
988 4954 1043 5008 in
1092 4962 1296 5009 tantam
1329 4957 1508 5012 subito
1541 4957 1815 5012 ferebatur
1849 4971 1870 4997 ο

291 5043 582 5109 theoriam,
626 5053 687 5098 ut
728 5045 1032 5114 geminatus
1081 5063 1148 5101 ex
1189 5056 1418 5117 utroque
1466 5049 1621 5104 oculo
1671 5051 1876 5105 rivulus

293 5134 656 5206 lacrymarum
695 5136 764 5190 ad
797 5144 1038 5192 mentum
1078 5137 1432 5203 descendens,
1464 5140 1518 5192 in
1548 5155 1714 5194 unum
1744 5155 1875 5195 con-

291 5240 488 5280 versus
525 5233 783 5292 meatum,
827 5227 1019 5282 crebra
1053 5227 1343 5284 stillatione
1372 5230 1621 5302 guttatim
1663 5232 1816 5301 quasi
1847 5249 1877 5288 e

296 5325 443 5372 tecto
472 5317 526 5371 in
556 5317 779 5372 humum
809 5315 1074 5374 inﬂueret.

366 5410 420 5465 9.
461 5410 668 5465 Interea
707 5425 830 5465 cum
873 5409 1026 5466 furor
1063 5413 1472 5482 persecutionis,
1502 5414 1595 5485 qui
1634 5415 1687 5469 in
1723 5417 1872 5472 exci-

294 5503 444 5558 dium
491 5500 844 5558 ecclesiarum
887 5499 1172 5570 fremebat,
1208 5504 1349 5560 hanc
1396 5504 1715 5562 feminarum
1765 5507 1875 5563 col-

367 5667 396 5727 ει
433 5653 598 5727 forte
626 5655 934 5726 Imperaret.
974 5655 1238 5727 Suysken.

368 5725 400 5767 ιι
433 5723 797 5797 Ιηνιθιιιιηλέᾳι
821 5736 1008 5797 sparto
1035 5723 1127 5782 seu
1149 5727 1316 5797 junco
1345 5739 1722 5787 stramentum.
1747 5732 1874 5788 lnde

297 5797 437 5869 apud
469 5795 626 5852 Ovid.
653 5797 706 5852 in
732 5795 880 5851 Fast.
913 5796 1128 5866 Scirpea
1153 5795 1340 5853 inatta.
1381 5800 1590 5856 MORAL.

372 5882 392 5907 ε
435 5869 682 5923 (Ιτωουιιι
709 5878 794 5923 est
821 5869 1164 5936 vocabulum,
1187 5872 1342 5940 quasi
1374 5881 1424 5925 tu
1457 5875 1621 5940 dicas,
1648 5887 1875 5929 contem-

629 5962 905 6021 Ρηιοι.
951 5961 1144 6024 CXV.

1981 4679 2034 4734 in
2065 4695 2289 4750 regnum
2326 4679 2492 4734 mittit
2514 4679 2800 4745 caelorum,
2833 4680 3047 4734 dicente
3073 4679 3364 4753 Evangelio
3391 4699 3402 4734 :
3437 4680 3567 4750 Reg-

1981 4789 2105 4826 num
2135 4770 2382 4826 caelorum
2416 4772 2518 4825 vim
2564 4773 2783 4841 patitur,
2811 4781 2857 4824 et
2894 4771 3108 4826 violenti
3152 4773 3404 4842 diripiunt
3433 4771 3565 4824 illud

1982 4863 2200 4934 (Matth.
2227 4880 2303 4927 xt,
2339 4863 2449 4936 12).
2489 4861 2760 4931 Hincjam
2796 4865 3075 4920 ardentius
3118 4867 3173 4920 in
3205 4881 3389 4919 amore
3416 4865 3568 4918 Chri-

1979 4955 2048 5008 sti
2075 4971 2352 5019 succensa,
2384 4955 2612 5010 concitis
2638 4956 2705 5010 ad
2735 4969 2856 5010 eum
2902 4957 3176 5028 gressibus
3210 4956 3294 5011 cui
3335 4956 3567 5012 ﬁdeliter

1980 5046 2242 5100 servierat
2276 5047 2536 5102 anhelans
2580 5049 2882 5118 pervenire,
2919 5049 3240 5118 quibusdam
3280 5048 3439 5102 etiam
3482 5064 3566 5103 re-

1983 5137 2337 5193 velationibus
2376 5139 2443 5193 ad
2479 5139 2532 5194 id
2555 5138 2865 5208 frequenter
2889 5139 3154 5208 impulsa;
3183 5137 3418 5208 quodam
3455 5139 3559 5202 die,

1979 5229 2188 5300 irrupto
2241 5230 2481 5296 latibulo,
2515 5232 2773 5287 reseratis
2812 5232 2974 5285 tacite
3021 5230 3227 5284 foribus
3279 5230 3332 5284 in
3385 5230 3561 5286 forum

1978 5322 2304 5392 digrediens,
2336 5323 2464 5378 licet
2491 5323 2508 5362 ί
2563 5323 2835 5394 incognita
2863 5321 3072 5376 viarum
3107 5321 3257 5376 urbis
3282 5322 3560 5387 existeret,

1978 5414 2201 5485 provido
2231 5422 2412 5472 tamen
2439 5414 2744 5486 exploratu,
2781 5429 2888 5484 quo
2911 5412 3078 5482 judex
3121 5421 3444 5480 moraretur,
3475 5413 3565 5468 ad-

1980 5507 2158 5564 discit.

1983 5663 2285 5734 plationem.
2315 5664 2390 5719 In.
2415 5684 2422 5692 ·

2050 5733 2077 5773 ά
2117 5734 2187 5789 Et
2208 5735 2321 5790 haec
2351 5733 2569 5790 basilica
2598 5733 2740 5788 intra
2766 5734 2956 5790 urbem
2982 5731 3104 5788 fuit.
3131 5732 3205 5789 lo.

2058 5819 2080 5844 θ
2115 5804 2172 5859 ld
2203 5815 2308 5870 est,
2334 5807 2630 5874 inﬂictnrus
2659 5813 2807 5860 esset.
2837 5805 3101 5862 Sursum.

2061 5876 2077 5913 ί
2117 5875 2227 5930 Pro
2249 5877 2455 5946 ignara.
2487 5876 2560 5928 In.

3010 5963 3090 6030 ‘36
