4094 6346
581 430 683 505 sit

1727 369 2103 473 sfaunocn
2139 382 2463 468 ARCHIEP.
2504 404 2753 464 TOLET.

600 510 606 519 Ι
653 546 745 602 11.
780 543 859 601 lbi
901 557 1025 599 cum
1060 538 1426 611 pervenisset,
1458 518 1693 604 ejusque
1731 540 1933 589 astaret
1970 524 2177 588 obtuli-1'
2199 529 2246 589 A
2275 520 2549 581 Christum
2595 512 2685 591 ψῖί
2722 517 2856 611 vivit
2880 528 3025 611 _cum
3078 514 3239 611 Patre
3280 510 3857 611 et‘Spiritu-ancto,

580 639 704 704 bus,
728 636 823 693 dat
856 631 1244 704 professionem
1277 624 1557 683 catholicae
1588 622 1735 688 ﬁdei,
1769 619 1974 695 profert
2002 634 2168 675 evan-

583 730 813 801 gelicam
849 725 1156 789 veritatem,
1188 721 1430 791 iniquum
1473 718 1665 789 dogma
1701 715 1961 781 retundit,
1985 723 2167 769 aucto-

584 835 810 894 remque
838 817 1017 891 magni
1057 829 1178 872 esse
1219 811 1441 868 sceleris
1470 809 1598 865 talia
1622 815 2040 881 praesumentem
2070 820 2166 858 an‘

581 916 858 977 nuntians,
889 912 1065 980 ipsum
1111 907 1287 962 denuo
1328 903 1615 969 arbitrum,
1652 915 1821 972 quare
1863 915 1921 957 se
1968 899 2168 954 talibus

582 1004 882 1076 sacrilegiis
906 998 1263 1062 combinaret,
1286 995 1498 1053 blandis
1523 995 1810 1051 admodum
1834 993 2015 1048 verbis
2038 993 2167 1051 hor-

584 1106 750 1153 tatur.
782 1092 948 1163 Cujus
988 1090 1224 1160 speciem
1272 1086 1545 1157 verbaque
1592 1085 1841 1150 miratus,
1872 1084 2016 1139 illico
2044 1098 2165 1139 eam

584 1191 637 1249 in
664 1186 923 1261 palatium
965 1184 1188 1247 ducens,
1222 1188 1495 1251 satrapam
1523 1177 1753 1235 concilio
1784 1184 2160 1247 repraesentat.

577 1280 654 1337 ibi
682 1280 856 1335 adhuc
892 1276 1200 1348 proﬁtetur,
1228 1273 1508 1344 praedicat,
1533 1272 1811 1337 admonet,
1838 1284 2029 1327 omnes
2053 1285 2164 1327 sua:

580 1375 760 1446 potius
785 1372 984 1428 debere
1022 1368 1181 1424 saluti
1215 1366 1500 1424 consulere
1524 1381 1687 1437 quam
1716 1365 1868 1419 vanis
1914 1363 2165 1419 insistere

577 1463 1004 1536 deceptionibus,
1036 1461 1235 1532 quibus
1259 1472 1380 1514 eam
1408 1465 1773 1513 transvertere
1802 1454 2159 1510 conabantur.

576 1557 801 1615 Dicebat
831 1554 1020 1619 etiam,
1052 1567 1159 1608 non
1198 1550 1357 1606 talem
1392 1547 1641 1605 Christus
1682 1547 1845 1604 habet
1887 1558 2159 1615 sponsam,

576 1664 695 1721 quae
722 1644 999 1705 immutari
1024 1644 1094 1701 de
1116 1642 1343 1714 pristina
1385 1640 1758 1711 compactione
1788 1652 2006 1693 ararum
2046 1632 2163 1705 ejus

576 1739 883 1813 praevaleat.
922 1758 941 1790 ι
970 1736 1107 1792 Nam
1129 1735 1250 1805 quis
1275 1734 1439 1790 ditior
1463 1732 1553 1788 illo
1582 1742 1683 1797 est,
1718 1740 1776 1786 ut
1805 1746 1899 1786 vos
1943 1745 2031 1786 me
2072 1727 2163 1783 co-

573 1832 678 1903 piis
723 1844 907 1886 rerum
956 1828 1195 1885 credatis
1222 1826 1459 1883 illicere?
1487 1822 1620 1892 Quis
1646 1823 1920 1894 pulchrior
1956 1837 2021 1876 eo
2053 1830 2157 1887 est,

575 1891 727 1993 cujus
748 1920 946 1993 speciei
976 1919 1149 1975 forma
1171 1933 1285 1989 prae
1310 1915 1434 1971 ﬁliis
1459 1891 1735 1971 hominum
1763 1911 1949 1975 claret,
1983 1921 2041 1965 ut
2064 1925 2162 1966 vos
2189 1891 2238 1953 Β

576 2029 663 2069 me
708 2020 878 2083 nuptu
926 2018 1146 2065 terreno
1194 2006 1535 2063 arbitremini
1582 2002 1993 2061 oblectandam?
2029 2000 2162 2070 Quis

577 2102 755 2157 cultus
794 2100 876 2157 vel
925 2106 1077 2156 secta
1113 2096 1435 2167 evangelicae
1478 2094 1601 2151 ﬁdei
1648 2094 1876 2150 veritate
1924 2090 2163 2149 sanctior

576 2202 682 2261 est,
706 2209 827 2265 quae
854 2207 951 2264 per
976 2200 1147 2248 totum
1184 2190 1372 2247 orbem
1404 2186 1768 2259 apostolorum
1790 2186 2012 2242 vocibus
2040 2199 2163 2255 pro-

576 2285 835 2357 mulgata,
866 2292 1083 2339 aeternae
1125 2280 1239 2352 spei
1284 2279 1628 2335 credentibus
1667 2277 1945 2349 praemium
1977 2292 2161 2349 repro-

574 2379 819 2445 mittens,
848 2389 1013 2432 omne
1033 2372 1485 2447 prophetismum,
1508 2369 1653 2441 quod
1674 2370 1740 2424 ab
1771 2368 1862 2423 illa
1889 2368 2159 2435 dissentit,

574 2470 865 2534 anathema
902 2482 1024 2523 esse
1060 2466 1116 2520 in
1147 2464 1374 2521 veritate
1397 2478 1503 2521 non
1551 2460 1771 2519 dubium
1813 2461 1928 2517 est?
1961 2460 2162 2529 Quam-

567 2564 763 2619 obrem
796 2561 988 2617 relicta
1018 2559 1279 2624 vanitate,
1308 2572 1494 2613 verum
1531 2554 1807 2627 Evangelii
1845 2554 2037 2610 ducem
2076 2569 2162 2610 re-

570 2651 794 2724 quirite,
827 2665 937 2725 quo
970 2647 1164 2707 melius
1196 2646 1290 2703 ﬁlii
1320 2646 1474 2713 lucis,
1503 2661 1665 2716 quam
1703 2644 1974 2718 genimina
2012 2656 2161 2701 tene-

562 2745 824 2812 .brarum,
849 2743 1150 2813 mortisque
1183 2740 1394 2798 soboles
1439 2737 1799 2811 appellemini.
1828 2736 1920 2792 Ille
1958 2737 2160 2792 etenim

575 2839 749 2894 dixit:
785 2834 892 2905 Qui
925 2835 1162 2907 sequitur
1195 2849 1295 2899 me,
1337 2846 1441 2887 non
1473 2828 1761 2886 ambulabit
1800 2831 1856 2884 in
1894 2828 2115 2883 tenebris
2138 2842 2158 2881 :

574 2940 621 2985 et
648 2930 815 2985 omnia
840 2929 931 3000 qui
963 2927 1110 2995 vivit,
1133 2936 1184 2982 et
1224 2924 1386 2981 credit
1431 2925 1486 2981 in
1524 2939 1625 2990 me,
1661 2939 1766 2978 non
1810 2921 2063 2976 morietur
2102 2923 2195 2976 in.

575 3032 827 3077 wternum
849 3020 1030 3092 (Joan.
1066 3035 1187 3086 νιιι,
1218 3018 1306 3085 12,
1333 3026 1379 3073 et
1408 3033 1484 3083 χι,
1514 3014 1627 3087 26).
1660 3035 1678 3067 ι

647 3113 734 3169 12.
778 3112 945 3184 igitur
974 3127 1099 3168 cum
1142 3108 1496 3166 fortissimam
1531 3106 1755 3180 virginis
1795 3105 2159 3162 constantiam

577 3218 604 3247 ι
630 3204 882 3271 consules
918 3203 1157 3260 universi
1186 3202 1550 3268 adverterent,
1581 3209 1638 3257 et
1670 3217 1845 3273 neque
1887 3199 2161 3255 immutari

558 3311 735 3368 posse
785 3295 981 3352 talibus
1025 3294 1286 3350 imbutam
1334 3291 1570 3348 oraculis
1619 3258 1938 3357 cernerent,
1987 3258 2236 3362 nequeC

580 3389 854 3444 hortatum
893 3386 1212 3444 assertionis
1254 3383 1369 3454 ejus
1410 3384 1553 3440 ferre
1575 3383 1820 3439 valerent
1854 3402 1867 3437 :
1905 3385 2161 3442 continuo

575 3488 702 3537 ante
726 3479 875 3537 fores
918 3479 1106 3552 palatii
1148 3492 1268 3532 eam
1309 3475 1566 3531 trucidari
1613 3472 1956 3546 praecipiunt.
1989 3475 2162 3543 Quam

575 3575 651 3647 (t)
693 3589 817 3629 cum
847 3588 1060 3629 summa
1107 3570 1412 3627 reverentia
1460 3566 1538 3640 (Ξ)
1584 3567 1701 3623 foro
1749 3566 2159 3636 constituentes,

573 3669 652 3742 (3)
689 3686 797 3726 non
840 3684 898 3725 se
934 3668 1084 3739 prius
1124 3663 1381 3721 decollari
1428 3661 1692 3736 permisit,
1745 3674 1905 3731 quam
1939 3661 2162 3730 praemio

572 3764 822 3821 lictorem
849 3762 1001 3833 virgo
1032 3756 1396 3815 sacratissima
1441 3756 1755 3811 honoraret.
1811 3751 2010 3822 Sicque
2036 3768 2161 3823 pro-

574 3857 698 3912 nior
721 3854 989 3911 cervicem
1022 3848 1314 3915 inclinans,
1345 3848 1400 3902 in
1440 3844 1595 3917 lapsu
1620 3842 1841 3916 1)juguli
1872 3843 2161 3899 delicatum

573 3963 770 4018 corpus
808 3943 1088 4001 sternitur.
1126 3941 1236 3997 Nec
1273 3954 1447 4006 mora,
1476 3946 1536 3994 ut
1561 3944 1679 3994 erat
1705 3936 1861 3992 lineis
1890 3935 2160 4003 indutum,

576 4038 812 4095 cadaver
861 4042 1045 4106 sporta
1098 4033 1399 4088 immissum
1456 4029 1609 4085 alveo
1659 4028 1851 4099 projici
1892 4027 2162 4098 principes

578 4124 996 4191 mandaverunt,
1026 4138 1135 4203 nec.
1150 4108 1292 4178 sicut
1317 4130 1511 4178 caetera
1541 4118 1845 4177 occisorum
1872 4119 2158 4185 cadavera,

578 4228 673 4275 ant
697 4208 811 4290 pro
832 4212 1038 4273 foribus
1062 4212 1443 4288 neglexerunt,
1483 4221 1575 4267 aut
1604 4208 1833 4283 equuleo
1863 4209 2159 4281 suspende-

576 4320 706 4367 runt
731 4327 798 4365 xv
823 4308 1045 4365 Kalend.
1078 4304 1266 4365 Octob.
1294 4322 1401 4362 aera
1429 4319 1669 4361 ncccxcn
1704 4303 1857 4372 Quod
1886 4312 2006 4373 post
2036 4318 2161 4358 sex-

575 4408 691 4456 tum
716 4400 858 4456 diem
889 4398 1114 4455 illaesum
1151 4407 1206 4454 et
1243 4398 1513 4469 integrum
1540 4395 1904 4466 quorumdam
1936 4392 2158 4450 solertia

585 4490 964 4557 monachorum
996 4488 1257 4545 divinitus
1296 4488 1455 4543 nobis
1492 4486 1713 4542 allatum
1756 4496 1855 4550 est,
1895 4484 2162 4556 dignoque

2270 629 2412 669 unus
2441 622 2499 669 et
2527 608 2853 667 immortalis
2878 607 3045 674 Deus,
3073 621 3173 678 per
3210 604 3424 662 inﬁnita
3466 603 3667 662 saecula
3692 617 3863 662 ncu-

2273 707 2468 762 lorum.
2498 703 2693 759 Amen.

2882 832 3113 903 CAPUT
3150 837 3243 899 X1.
3324 829 3344 839 ’

2667 950 2929 1023 Pompo“
2972 952 3116 1022 virgo
3155 960 3205 1006 et
3241 960 3461 1021 martyr.

2339 1094 2389 1149 i.
2409 1090 2575 1164 igitur
2594 1106 2718 1148 cum
2736 1091 2805 1146 ad
2826 1089 3122 1145 multorum
3146 1089 3396 1147 notitiam
3423 1089 3543 1160 ipso
3566 1088 3657 1144 die
3682 1100 3871 1144 rumor

2266 1184 2626 1243 consummati
2671 1180 2915 1256 martyrii
2953 1180 3226 1255 praedicta:
3250 1181 3477 1255 virginis
3501 1181 3865 1252 pervenisset,

2267 1287 2321 1334 et
2345 1293 2450 1333 non
2475 1276 2647 1333 solum
2679 1285 2844 1332 totam
2888 1274 3169 1332 civitatem
3195 1288 3385 1333 verum
3405 1273 3577 1330 etiam
3600 1272 3869 1330 viciniora

2267 1372 2385 1428 loca
2422 1371 2743 1441 inserperet,
2774 1368 2928 1441 virgo
2957 1368 3206 1440 quaedam
3243 1364 3596 1432 venerabilis,
3644 1365 3869 1421 nomine

2264 1464 2555 1539 Pomposa,
2601 1481 2665 1521 ex
2715 1464 2965 1522 emnobio
2991 1463 3179 1521 Sancti
3227 1462 3553 1533 Saivatoris,
3603 1460 3757 1534 quod
3802 1462 3869 1517 ad

2266 1557 2507 1614 radicem
2534 1556 2718 1615 Pinna:
2757 1556 3011 1615 Mellariaz
3050 1557 3407 1614 constitutum
3452 1564 3568 1623 est,
3621 1570 3738 1628 quo
3776 1555 3867 1612 du-

2266 1650 2394 1706 dum
2434 1665 2493 1706 se
2519 1665 2642 1706 cum
2670 1646 3010 1722 parentibus,
3052 1648 3312 1707 fratribus
3340 1658 3397 1705 et
3427 1646 3684 1722 cognatis
3712 1646 3867 1703 Chri«

2266 1749 2350 1797 sto
2384 1742 2681 1797 militatura
2712 1742 3018 1800 contulerat
3061 1743 3151 1815 (ex
3181 1757 3290 1815 quo
3318 1752 3478 1798 antea
3514 1740 3868 1798 beatissimus

2267 1828 2486 1887 Fandila
2532 1830 2773 1904 ejusdem
2822 1831 2925 1888 loci
2974 1832 3230 1889 sacerdos
3276 1830 3405 1889 olim
3437 1830 3863 1901 descenderat);

2266 1939 2391 1980 mox
2420 1933 2480 1979 ut
2515 1923 2644 1980 illud
2674 1924 2993 1999 martyrium
3029 1941 3060 1980 a
3087 1926 3394 1981 dicentibus
3420 1923 3722 1997 comperit,
3754 1923 3857 1979 alio

2266 2012 2353 2068 die
2380 2023 2402 2052 ο
2432 2012 2540 2069 cita
2568 2015 2829 2070 occurrit.
2862 2014 2938 2088 (1)
2968 2013 3094 2071 Haec
3134 2024 3368 2088 namque
3393 2014 3548 2089 virgo
3577 2015 3745 2071 beata
3769 2031 3865 2089 pa-

2266 2114 2480 2161 rentum
2509 2113 2564 2160 et
2592 2104 3019 2178 propinquorum
3067 2114 3312 2164 sanctam
3360 2106 3864 2173 conversationem,

2265 2214 2430 2270 quam
2457 2199 2719 2270 gerebant
2753 2200 2809 2255 in
2834 2198 3103 2264 Corduba,
3136 2213 3204 2255 ex
3242 2214 3348 2272 qua
3381 2208 3542 2255 erant
3571 2198 3859 2271 progeniti,

2262 2304 2511 2356 cernens,
2541 2287 2829 2347 confestim
2873 2291 3032 2346 avida
3079 2300 3261 2347 mente
3310 2290 3399 2347 tali
3446 2305 3507 2346 se
3548 2299 3685 2347 voto
3728 2292 3862 2346 assi—

2264 2396 2460 2453 gnans,
2506 2396 2630 2437 cum
2680 2382 2765 2437 his
2810 2382 2971 2438 simul
3026 2383 3286 2439 mundum
3331 2383 3582 2454 spernit,
3630 2382 3861 2439 labentia

2266 2471 2482 2537 deserit,
2520 2474 2887 2544 integritatem
2935 2475 3227 2548 promittit,
3267 2488 3639 2549 mansuraque
3670 2492 3861 2549 peren-

2266 2564 2410 2619 niter
2434 2570 2548 2620 toto
2572 2564 2765 2620 nititur
2789 2570 2988 2622 co‘natu
3016 2574 3291 2638 appetere.

2334 2652 2390 2709 2.
2433 2653 2773 2728 Quapropter
2813 2664 3067 2728 parentes
3109 2652 3250 2727 ejus,
3292 2656 3559 2713 distracto
3606 2656 3860 2728 patrimo-

2268 2746 2380 2813 nio,
2410 2747 2693 2819 praefatum
2737 2746 3047 2804 coenobium
3086 2752 3488 2814 construentes,
3533 2747 3595 2804 in
3626 2762 3697 2803 eo
3726 2747 3858 2810 loco,

2267 2839 2360 2911 qui
2398 2854 2467 2895 ex
2508 2855 2574 2896 eo
2604 2840 2732 2913 quia
2772 2840 2840 2895 ab
2875 2836 3174 2912 antiquitus
3212 2847 3500 2912 congestos
3531 2839 3591 2895 in
3634 2836 3729 2895 illa
3761 2839 3860 2895 cel-

2266 2929 2396 2985 siori
2425 2945 2559 3004 rupe
2584 2945 2743 3004 apum
2772 2930 3039 2989 industria
3066 2930 3239 2999 favos,
3273 2928 3350 3004 (Ξ)
3378 2930 3473 3002 qui
3502 2946 3681 3003 usque
3710 2931 3861 2987 botbe

2266 3030 2610 3094 permanent,
2646 3021 2882 3092 majores
2909 3023 3083 3079 nostri
3110 3023 3384 3089 viderunt,
3415 3022 3598 3079 Pinna
3624 3023 3859 3080 Mellaria

2266 3123 2490 3172 vocatus
2534 3122 2634 3170 est.
2686 3112 2890 3170 ibidem
2937 3124 3117 3171 autem
3167 3128 3227 3171 se
3270 3114 3337 3170 ad
3382 3110 3715 3170 exercitium
3747 3114 3863 3169 vita:

2266 3205 2580 3261 monasticae
2620 3203 2964 3269 collocantes,
3002 3203 3223 3261 tradunt
3260 3204 3483 3261 beatam
3520 3204 3670 3260 hanc
3696 3204 3859 3274 virgi-

2266 3310 2389 3350 nem
2430 3295 2569 3350 inter
2618 3294 2765 3350 illum
2820 3308 3043 3352 suorum
3093 3303 3419 3353 conventum
3490 3293 3861 3367 pulchriorem

2264 3388 2435 3461 gratia
2463 3388 2766 3445 sanctitatis
2792 3388 3071 3457 ﬂoruisse;
3098 3397 3155 3444 et
3177 3402 3300 3462 quze
3319 3388 3575 3445 ultimum
3604 3402 3707 3460 per
3732 3398 3860 3445 ata-

2265 3486 2374 3533 tem
2422 3478 2651 3551 gradum
2706 3479 2941 3547 tenebat,
2974 3480 3035 3535 ﬁt
3062 3481 3277 3536 caeteris
3322 3478 3707 3535 excellentiori
3754 3478 3861 3535 cui-

2265 3570 2411 3627 mine
2454 3570 2779 3627 innocentia;
2817 3584 2881 3628 ac
2907 3571 3273 3644 simplicitatis
3308 3570 3509 3627 merito
3544 3571 3855 3628 sublimata.

2264 3658 2548 3733 Tantaque
2594 3663 2648 3717 in
2689 3662 3096 3734 Scripturarum
3144 3662 3497 3719 meditatione
3548 3661 3852 3719 fortissima

2266 3753 2645 3825 permanebat,
2674 3763 2756 3821 ut,
2790 3754 2834 3810 si
2868 3754 2985 3809 ﬁeri
3010 3762 3214 3825 posset,
3244 3769 3353 3810 non
3381 3753 3598 3821 diebus,
3621 3768 3737 3810 non
3764 3767 3860 3808 no-

2263 3836 2445 3903 ctibus
2492 3860 2525 3901 a
2589 3844 2822 3902 lectione
2882 3854 3146 3911 vacaret,
3200 3846 3305 3902 nisi
3354 3846 3722 3917 quarumdam
3784 3845 3863 3901 in-

2267 3938 2576 4009 gruentium
2642 3945 3026 4009 tempestatum
3074 3937 3428 4009 impediretur
3470 3936 3754 4009 procellis.
3804 3935 3860 3993 Si

2265 4030 2396 4100 quid
2419 4028 2559 4087 forte
2589 4028 2657 4086 ad
2683 4044 2838 4085 suam
2886 4037 3266 4101 exaggeratam
3311 4028 3540 4086 sentiret
3583 4027 3857 4097 injun'am,

2266 4122 2355 4177 illa
2383 4137 2502 4191 quae
2527 4133 2705 4178 macte
2727 4119 2756 4162 δ
2784 4121 3105 4177 humilitatis
3131 4121 3303 4195 gratia
3325 4120 3699 4191 prominebat,
3726 4134 3857 4176 eun—

2268 4224 2357 4271 cta
2385 4200 2611 4286 patienti
2643 4214 2826 4272 animo
2855 4203 3178 4272 sustineb'at.
3232 4213 3474 4270 instabat
3502 4212 3731 4287 vigiliis,
3774 4212 3856 4285 je-

2258 4305 2448 4376 juniis,
2479 4314 2535 4361 et
2561 4305 2899 4361 orationibus
2925 4305 3168 4362 crebrius
3197 4304 3515 4372 incubabat,
3544 4306 3749 4376 quibus
3778 4304 3858 4359 ta-

2263 4407 2425 4456 vente
2447 4398 2678 4456 Domino
2704 4396 3088 4456 inviolabiliter
3114 4406 3300 4455 votum
3321 4406 3509 4470 posset
3530 4410 3859 4456 conservare

2264 4492 2619 4561 promissum.

574 4581 751 4639 o‘iiicio
780 4583 834 4637 in
860 4580 1087 4637 Basilica
1116 4578 1192 4654 (4)
1219 4588 1419 4635 sancta:
1442 4576 1665 4633 Eulaliae
1693 4577 1915 4649 virginis
1937 4585 1992 4632 et
2018 4591 2157 4633 mar-
2185 4618 2239 4681 D
2335 4581 2391 4638 5.
2422 4580 2582 4637 Plura
2632 4591 2779 4649 sunt,
2811 4596 2932 4654 qua:
2976 4581 3043 4637 de
3067 4580 3186 4652 ejus
3220 4580 3533 4647 sanctitate,
3588 4578 3857 4637 referente

575 4679 735 4752 tyris,
759 4693 881 4748 quae
914 4677 968 4731 in
1004 4676 1122 4730 vico
1149 4671 1425 4745 Fragellas
1469 4671 1765 4727 constituta
1794 4679 1898 4739 est,
1927 4671 2160 4726 honora-

572 4771 736 4826 bilem
769 4768 969 4825 meruit
995 4766 1346 4838 sepulturam.
1397 4762 1510 4821 Hoc
1536 4763 1692 4822 nobis
1716 4764 1785 4820 ad
1815 4764 1975 4820 ﬁdem
2002 4763 2069 4819 de
2094 4778 2160 4820 ea

570 4863 805 4919 relatum
829 4870 930 4917 est.

642 4954 733 5010 15.
774 4953 1041 5008 Caeterum
1081 4959 1136 5006 tu
1174 4951 1567 5015 sacratissima,
1604 4964 1724 5020 quae
1752 4949 1955 5004 utiliter
1979 4949 2161 5006 Eccle-

570 5047 708 5103 siam
747 5044 1068 5102 catholicam
1107 5050 1161 5097 et
1196 5042 1385 5096 vivens
1418 5041 1846 5096 conversationis
1885 5042 2158 5111 exemplo,

569 5148 626 5196 et
651 5140 892 5195 moriens
916 5137 1062 5193 celso
1087 5136 1404 5191 meritorum
1428 5134 1666 5191 instituis
1690 5134 2013 5205 patrocinio,
2044 5142 2160 5190 esto

571 5246 783 5288 memor
831 5230 1055 5287 cultoris
1090 5230 1200 5296 tui;
1241 5245 1369 5285 erue
1401 5244 1487 5283 me
1522 5227 1730 5299 laqueis
1777 5228 1981 5291 mundi,
2032 5228 2159 5284 abs-

570 5323 724 5378 trahe
778 5320 1275 5393 perturbationibus
1321 5319 1524 5385 saeculi,
1565 5329 1620 5375 et
1644 5319 1831 5375 confer
1859 5328 1983 5390 post
2014 5334 2161 5375 mor-

571 5422 678 5470 tem
705 5413 947 5485 requiem
976 5413 1232 5485 paradisi.
1256 5410 1364 5468 Per
1384 5412 1671 5468 Dominum
1700 5418 1948 5467 nostrum
1971 5411 2157 5468 Jesum

638 5582 666 5612 ι
692 5567 943 5624 Consules
971 5569 1058 5639 hic
1086 5584 1183 5637 pro
1209 5568 1561 5639 magistratus
1590 5566 1670 5621 vel
1695 5565 1873 5635 gentis
1900 5566 2153 5639 primori-

566 5642 670 5696 bus
697 5640 996 5709 usurpavit.
1026 5635 1116 5695 Sic
1137 5639 1242 5709 lib.
1264 5635 1325 5701 tt,
1353 5653 1475 5709 cap.
1503 5638 1552 5700 1,
1592 5651 1794 5709 annum
1850 5635 2153 5709 consulatus

564 5706 1001 5778 Abdarralimﬁani
1044 5724 1144 5778 pro
1200 5706 1439 5778 ejusdem
1488 5708 1631 5778 regni
1690 5720 1833 5762 anno
1886 5706 2150 5762 adhibuit.

568 5724 1001 5838 ἒιῗὲἓιῗῗΈῗὲἷ
1024 5724 1310 5832 ίεῖῗιοῗιῧῗ

638 5851 667 5890 ιι
695 5848 923 5920 Iugulus
956 5846 1044 5903 hic
1081 5863 1178 5918 pro
1207 5845 1381 5918 gladio
1430 5848 1510 5903 vel
1540 5850 1744 5915 securi,
1785 5864 1891 5919 qua
1917 5847 2158 5920 jugulari

2264 4675 2423 4732 nobis
2463 4674 2664 4730 famqu
2691 4673 2895 4732 Christi
2920 4674 3100 4732 Felice
3134 4672 3423 4740 monacho,
3466 4674 3716 4747 ejusdem
3751 4689 3859 4730 om.

2264 4767 2410 4824 nobii
2438 4764 2649 4833 abbate,
2685 4767 3073 4839 cognovimus:
3103 4780 3226 4838 qua:
3250 4767 3477 4823 obtentu
3503 4766 3750 4823 evitandi
3782 4767 3859 4822 fa-

2264 4858 2483 4915 stidium
2529 4857 2915 4928 relinquentes,
2946 4859 3013 4915 ad
3041 4858 3191 4923 illud,
3225 4858 3369 4930 quod
3394 4874 3518 4915 eam
3546 4860 3672 4916 sine
3697 4860 3861 4915 dubio

2264 4948 2403 5005 caelo
2431 4949 2714 5021 praemisit,
2743 4965 3141 5022 quampmpere
3168 4948 3512 5007 festinamus.
3540 4949 3681 5005 Cum
3711 4950 3859 5006 enim

2264 5053 2486 5095 summa:
2534 5039 2907 5095 sanctimoniae
2950 5042 3185 5096 studium
3233 5048 3465 5113 gereret,
3518 5041 3859 5111 serviretque

2262 5132 2373 5187 Deo
2413 5130 2665 5197 ﬁdeliter,
2709 5147 2835 5188 mox
2878 5140 2939 5187 ut
2983 5132 3154 5189 beatae
3200 5132 3479 5189 Columbae
3530 5133 3857 5203 martyrium

2260 5222 2547 5294 comperit,
2575 5221 2718 5279 illico
2762 5224 2990 5280 interius
3034 5225 3157 5295 igne
3206 5222 3539 5297 conﬁagrata
3580 5223 3854 5296 martyrii,

2265 5313 2325 5369 ﬁt
2351 5314 2638 5370 admodum
2686 5315 2862 5371 laetior
2886 5315 2980 5371 tali
3012 5316 3201 5373 nuntio
3230 5324 3495 5373 recreata.
3548 5314 3617 5371 Et
3660 5316 3854 5386 quibus

2262 5408 2329 5465 ad
2355 5408 2409 5464 id
2436 5417 2621 5479 posset
2647 5409 2960 5482 pertingere
3008 5409 3277 5480 passibus,
3311 5409 3480 5466 tacito
3504 5419 3563 5465 et
3591 5407 3850 5481 singulari

2262 5566 2735 5637 soletLaccipitur.
2769 5569 2843 5624 In.
2877 5567 3139 5624 Suvsxss.

2335 5648 2355 5675 ο
2400 5636 2740 5710 Ηίηοξρῃιηγθ
2781 5637 3257 5710 deprehendimus,
3299 5653 3424 5695 eum
3492 5638 3663 5710 alium
3704 5637 3841 5710 diem

2263 5708 2875 5834 gﬁigiapﬁlgmulogius
2916 5710 3183 5777 nominat,
3212 5711 3512 5766 crastinum
3538 5709 3739 5764 debere
3764 5708 3839 5762 in-

2332 5846 2359 5889 d
2382 5846 2639 5905 Libenter
2661 5851 2761 5905 hac
2790 5866 2923 5911 voce
2955 5866 3078 5907 cum
3107 5850 3262 5907 Livio
3293 5851 3479 5905 utitur.
3514 5851 3568 5904 la
