4094 6346
210 453 319 510 813

1213 443 1638 502 ΜΕΜΟΜΔΙᾸΒ
1682 441 2131 500 SANCTORUM.
2177 470 2244 482 --
2286 438 2414 496 LIB.
2455 437 2541 494 ΠΙ.

3393 437 3500 494 8η

211 565 546 640 cogitamine
594 564 850 620 ruminat.
890 563 980 630 Et,
1006 579 1040 618 ο
1089 565 1284 618 miram
1327 563 1664 618 vocationem
1696 562 1801 615 Do—
1830 565 1879 622 Α
1906 561 2156 616 rumdam
2201 565 2531 621 commento,
2565 553 2648 608 vel
2692 552 2884 607 fraude
2927 552 3232 623 gentilium,
3258 554 3326 609 ad
3356 570 3500 610 mar-

209 657 372 724 mini,
400 665 457 712 et
485 669 731 726 superna;
773 653 1146 724 dispositionis
1192 654 1396 710 aditum
1445 652 1802 723 patefactum,

211 764 329 820 quo
355 747 535 808 nullus
559 744 974 816 prmdestiuatus
1001 745 1331 814 llmartyrio,
1359 744 1605 814 martyrii
1636 744 1804 814 gloria

213 838 602 901 defraudatur;
643 850 752 906 quo
781 850 939 889 nemo
974 835 1135 890 coetui
1163 833 1486 890 Sanctorum
1514 834 1804 904 ascriptus,

211 928 456 986 humana
500 933 680 996 potest
728 924 1111 994 illaqueatione
1160 925 1366 982 teneri!
1419 925 1622 981 Ferunt
1653 941 1806 980 nam-

211 1035 343 1092 que,
372 1019 516 1091 quod
556 1018 727 1078 multo
755 1020 890 1076 satis
929 1028 1056 1075 ante
1097 1022 1200 1078 hoc
1247 1029 1459 1092 tempus
1499 1022 1614 1076 haec
1654 1021 1806 1093 virgo

213 1113 286 1168 ad
329 1113 649 1182 martyrium
691 1111 1049 1178 convalescet,
1085 1113 1187 1168 nisi
1218 1113 1540 1184 quibusdam
1586 1131 1805 1170 suorum

215 1203 576 1274 impediretur
617 1202 906 1272 repagulis,
953 1203 1044 1272 qui
1089 1218 1230 1268 eam,
1259 1219 1422 1261 causa
1471 1205 1806 1264 stevientium

212 1293 684 1365 persecutionum,
713 1292 822 1352 alta
852 1293 1142 1350 servabant
1167 1295 1432 1351 custodia.

287 1387 346 1441 4.
379 1385 488 1442 Sed
510 1387 640 1456 quid
675 1387 730 1444 in
763 1401 823 1443 se
850 1394 1030 1457 potest
1055 1388 1256 1444 habere
1287 1392 1544 1446 custodia:
1572 1393 1809 1448 conditio

215 1477 547 1534 miserabilis
567 1518 582 1544 ,
612 1480 849 1548 quando,
881 1478 1024 1536 sicut
1054 1480 1316 1550 scriptum
1345 1492 1458 1537 est:
1487 1481 1606 1538 Nisi
1630 1483 1810 1539 Domi-

216 1584 322 1624 tius
363 1569 691 1635 custodierit,
730 1570 787 1624 in
829 1586 1024 1630 vanum
1057 1571 1273 1642 vigilant
1315 1570 1489 1645 (Psal.
1521 1589 1700 1639 cuvr,
1729 1577 1808 1648 I),

216 1660 312 1728 qui
359 1659 673 1724 humaniter
711 1675 772 1717 se
815 1661 1090 1732 quippiam
1131 1665 1406 1720 custodire
1445 1667 1812 1721 arbitrantur?

205 1749 436 1808 Etenim
484 1752 601 1822 ipsa
653 1754 1073 1824 superveniente
1121 1763 1302 1822 nocte,
1335 1768 1706 1814 consummata
1757 1761 1810 1814 in

217 1844 318 1900 Dei
351 1845 600 1906 laudibus
627 1856 891 1904 nocturna
923 1848 1131 1920 vigilia,
1161 1865 1298 1905 unus
1329 1866 1361 1906 e
1389 1852 1649 1908 fratribus
1676 1854 1806 1920 suis,

217 1937 432 1994 caneris
471 1939 782 2007 quiescendi
821 1941 996 2009 gratia
1040 1943 1468 2013 regredientibus
1504 1948 1571 1999 ad
1609 1946 1807 2012 cubile,
1840 1933 1888 1996 B

221 2029 382 2098 quasi
424 2029 682 2088 divinitus
719 2039 1053 2098 moneretur,
1084 2041 1141 2088 et
1169 2043 1314 2090 certe
1352 2051 1459 2090 non
1487 2036 1605 2091 sine
1629 2039 1813 2107 provi-

219 2121 408 2178 dentia
439 2121 673 2188 Domini,
704 2133 919 2195 arrepta
956 2125 1107 2181 clave
1136 2136 1348 2198 portam
1391 2131 1704 2186 monasterii
1734 2132 1816 2186 in-

223 2226 518 2272 consuetus
572 2217 806 2286 aperuit,
853 2218 1187 2290 minimoque
1237 2222 1611 2278 tantummodo
1660 2223 1815 2280 clavo

221 2311 566 2382 superposito
590 2313 833 2368 retrusit.
859 2313 942 2369 Ad
970 2330 1133 2386 quam
1163 2315 1254 2370 illa
1284 2315 1506 2372 silenter
1529 2321 1814 2388 accedens,

220 2409 278 2456 et
309 2400 448 2456 clam
483 2401 682 2458 ostium
714 2418 986 2469 reserans,
1027 2405 1176 2460 vadit
1207 2421 1305 2477 per
1345 2409 1598 2464 tenebras
1639 2412 1817 2467 noctis

223 2496 438 2553 cmlesti
473 2496 677 2551 lumine
709 2497 978 2554 illustrata
1017 2519 1029 2552 :
1064 2507 1346 2571 totumque
1378 2502 1507 2559 illud
1537 2505 1642 2558 iter
1665 2513 1816 2561 vasta

221 2589 507 2647 horridum
529 2590 557 2632 δ
583 2591 875 2647 solitudine
905 2602 1035 2647 ante
1063 2591 1200 2649 lucis
1231 2596 1606 2666 crepusculum
1635 2605 1815 2653 trans-

222 2685 379 2749 iens,
427 2683 759 2740 clarescente
813 2702 974 2741 mane
1009 2688 1197 2743 urbem
1236 2688 1556 2758 ingreditur,
1594 2705 1820 2759 seseque

225 2776 505 2834 obtutibus
543 2778 739 2849 iudicis
783 2781 1102 2850 praesentari
1147 2795 1256 2836 non
1298 2779 1496 2838 dill'ert.
1546 2782 1628 2838 Ad
1656 2798 1816 2852 quem

227 2880 428 2927 sancta:
455 2871 576 2926 ﬁdei
608 2872 874 2927 rationem
903 2887 1234 2944 proponens,
1265 2883 1554 2946 vatemque
1581 2874 1816 2945 impudi—

229 2978 352 3018 cum
375 2963 607 3033 simplici
634 2963 1012 3020 exhortatione
1035 2965 1393 3033 confundens,
1420 2966 1706 3022 confestim
1729 2965 1818 3020 ille

231 3057 411 3127 gladio
435 3057 811 3112 trucidandam
841 3057 1106 3125 decernit,
1136 3059 1323 3130 sicque
1352 3067 1476 3114 ante
1504 3059 1648 3114 fores
1677 3070 1697 3097 ε
1726 3073 1820 3128 pa-

232 3147 346 3204 latii
387 3149 715 3215 constituta,
767 3158 1018 3220 exempto
1065 3152 1244 3221 capite
1290 3159 1673 3206 consternatur
1720 3161 1820 3202 xm

233 3241 456 3298 Kalend.
505 3241 692 3297 Octob.
728 3241 806 3313 (5)
851 3257 958 3297 aera
991 3257 1233 3298 nccexcr.
1283 3240 1451 3312 Cujus
1488 3241 1716 3295 cadaver
1763 3239 1819 3293 in

236 3290 456 3298 ..πω-η
513 3290 692 3297 πη--
731 3290 803 3313 ,η
852 3290 958 3297 πη
991 3290 1232 3298 ___---__-
1292 3290 1448 3312 ην-
1495 3290 1708 3295 -__-_.__

236 3331 434 3388 Ilurnen
479 3332 853 3402 projicientes,
916 3334 1275 3404 quorumdam
1308 3333 1335 3372 ἀ
1363 3333 1821 3388 mercenariorum
1849 3304 1897 3372 0
1925 3290 1959 3345 q

235 3427 416 3480 studio
447 3427 498 3480 in
543 3427 779 3496 quadam
821 3426 974 3481 fovea
1005 3439 1028 3466 ο
1055 3435 1367 3498 congestum
1396 3427 1627 3496 desuper
1655 3423 1825 3479 multo

236 3519 460 3589 pulvere
491 3518 808 3573 tumulatur.
841 3519 921 3574 Ex
947 3535 1054 3589 quo
1088 3520 1312 3585 iterum,
1342 3519 1560 3575 Christo
1587 3518 1822 3582 favente,

236 3621 358 3683 post
394 3613 510 3667 dies
547 3619 682 3682 pene
717 3612 907 3682 viginti
943 3613 1209 3669 industria
1247 3611 1604 3683 quorumdam
1635 3626 1825 3666 mona-

237 3703 464 3757 chorum
489 3702 610 3756 inde
633 3702 989 3769 abstractum,
1016 3704 1084 3759 ad
1110 3703 1426 3774 praedictum
1454 3705 1626 3759 beata:
1664 3703 1829 3774 virgi-

237 3793 326 3850 nis
353 3792 575 3848 Eulalim
609 3795 978 3850 sanctuarium
1021 3805 1383 3868 reportantes,
1427 3795 1590 3868 digno
1629 3796 1826 3851 ibidem

239 3885 582 3944 sacerdotum
631 3893 686 3941 et
739 3885 1113 3957 religiosorum
1173 3888 1498 3954 ministerio,
1549 3888 1616 3942 ad
1665 3887 1832 3956 pedes

239 3984 444 4032 sanetae.
484 3974 758 4032 Columba:
799 3978 1080 4032 humatum
1125 3987 1228 4032 est.
1281 3977 1436 4045 Quod
1481 3976 1832 4033 nihilominus

240 4068 424 4124 divina
465 4069 734 4125 credimus
761 4070 1169 4141 dispensatione
1199 4080 1500 4141 peractum,
1533 4079 1594 4125 ut
1622 4085 1744 4140 quae
1773 4084 1830 4125 se

243 4161 297 4216 in
335 4161 445 4216 vita
489 4177 582 4216 sua
622 4171 770 4218 tanta
802 4163 1068 4218 charitate
1101 4163 1423 4229 dilexerant,
1461 4171 1636 4218 morte
1665 4163 1830 4217 etiam

243 4269 310 4310 ac
353 4254 630 4324 sepultura
671 4255 917 4312 indivisa:
960 4264 1260 4319 manerent,
1307 4261 1569 4326 regnante
1605 4253 1831 4310 Domino

241 4345 374 4404 Jesu
403 4347 620 4403 Christo
641 4348 695 4403 in
728 4347 924 4404 saecula
951 4348 1295 4405 saeculorum.

840 4481 1068 4541 CAPUT
1113 4484 1222 4542 XII.

599 4595 874 4654 Abundius
899 4597 1166 4668 presbyter
1182 4607 1232 4652 et
1255 4609 1472 4670 martyr.

325 4707 403 4762 Ex
447 4709 546 4764 hoc
578 4719 757 4766 autem
791 4721 1047 4782 tempore,
1093 4711 1277 4768 decem
1309 4714 1584 4770 mensibus
1615 4717 1635 4754 τ
1669 4717 1836 4772 inter-

243 4801 430 4872 jectis,
461 4801 680 4872 quidam
710 4805 1014 4875 presbyter,
1044 4804 1322 4861 Abundius
1349 4807 1598 4872 nomine,
1628 4807 1694 4865 de
1718 4809 1839 4863 vico

256 4895 282 4932 Β
309 4894 619 4961 Ananellos,
645 4897 737 4966 qui
751 4893 844 4952 'est
864 4897 917 4951 in
937 4907 1192 4952 montana
1217 4898 1571 4965 Cordubensi,
1596 4909 1837 4967 exortus,

253 4985 564 5056 ibidemque
587 4989 949 5044 sacerdotium
971 5005 1125 5045 suum
1155 5005 1418 5060 peragens
1441 4991 1689 5063 (ferunt),
1713 5007 1840 5063 quo-

332 5135 621 5224 ﬁYerbum
669 5145 944 5224 martyrio,
976 5145 1118 5224 quod
1162 5143 1416 5224 scircitus
1456 5146 1636 5224 nescio
1674 5162 1841 5224 quare

253 5209 488 5288 omisit,
509 5209 850 5288 oceasioner'n
892 5209 1039 5288 dedit
1069 5213 1422 5271 Constantino
1454 5209 1741 5288 Suyskeno
1764 5218 1841 5288 ad

255 5281 496 5358 diem”
531 5283 864 5358 Septembris
910 5287 1046 5339 hanc
1086 5295 1294 5358 notam
1323 5281 1685 5358 subjungere:
1719 5287 1842 5341 Non

256 5352 472 5428 quilibet
497 5355 945 5428 Aprtedestirsatsts;
1002 5357 1090 5428 sed
1141 5357 1356 5427 quilibet
1409 5352 1477 5411 ad
1525 5352 1843 5428 martyrium

257 5423 694 5504 prwdestinatus,
731 5425 843 5494 ejus
882 5426 1048 5548 yloria
1084 5423 1187 5481 non
1223 5429 1522 5496 fraudator.
1560 5423 1842 5499 Superﬂua

261 5502 348 5546 est
375 5497 772 5548 animadversio
803 5496 855 5548 in
905 5499 1117 5548 ectione
1149 5509 1328 5548 textus
1357 5515 1518 5548 ninam
1542 5499 1709 5548 edidit
1741 5499 1842 5548 Mo—

261 5502 348 5617 es:
375 5495 772 5551 animadversio
803 5496 855 5550 in
886 5495 1117 5553 lectione
1149 5495 1328 5553 textus
1357 5515 1518 5569 quam
1542 5495 1709 5556 edidit
1741 5499 1844 5554 Mo-

262 5578 328 5617 ra
349 5579 426 5617 es.

262 5578 426 5619 rates.

1911 653 2110 724 tyrium
2156 651 2322 706 fuisse
2350 652 2378 690 ιλ
2414 655 2770 720 pertractum.
2824 643 2932 701 Sed
2979 645 3069 701 ille
3113 647 3211 701 Dei
3261 647 3501 705 famulus

1909 759 2032 799 eum
2063 758 2121 798 se
2145 742 2376 814 quadam
2403 741 2692 798 vocatione
2707 741 2760 794 in
2787 738 3114 795 sacrificium
3143 755 3332 795 verum
3353 741 3505 798 οωιί-

1909 843 1997 889 tus
2028 835 2199 904 aptari
2239 834 2596 904 conspiceret,
2629 849 2737 902 quo
2765 831 2955 888 nolens
2998 832 3316 900 ducebatur,
3349 844 3506 904 grato

1909 927 2091 981 animo
2121 926 2270 980 adiit.
2319 929 2398 982 Ac
2441 926 2520 981 sic
2549 925 2915 996 interrogatus
2948 925 3203 995 ajudice,
3235 926 3502 1000 intrepida

1911 1017 2266 1090 responsione
2304 1018 2568 1072 rationem
2597 1015 2722 1071 ﬁdei
2765 1016 3024 1086 pandens,
3056 1016 3246 1074 ultimo
3269 1017 3506 1074 scelero-

1911 1126 2026 1165 sum
2054 1109 2433 1180 dogmatistem
2460 1107 2682 1177 ejusque
2712 1105 2947 1162 cultores
2969 1107 3225 1162 veridicis
3251 1108 3507 1164 assertio-

1909 1216 2042 1256 num
2088 1197 2313 1269 objectis
2361 1197 2614 1254 inculcat.
2656 1197 2889 1268 Ideoque
2920 1197 3020 1252 sub
3048 1199 3211 1254 celeri
3257 1200 3510 1272 indigna-

1913 1291 2060 1348 tione
2093 1299 2428 1362 peremptus,
2455 1291 2680 1347 canibus
2712 1300 2766 1346 et
2805 1289 2994 1348 bestiis
3036 1291 3378 1350 devorandus
3417 1309 3510 1350 ex—

1912 1386 2133 1456 ponitur
2163 1401 2196 1439 v
2220 1384 2344 1442 Idus
2373 1383 2518 1452 Julii,
2550 1400 2659 1440 tera
2688 1400 2952 1442 occcxcu.

2504 1497 2736 1556 CAPUT
2778 1498 2914 1555 XIII.

1950 1589 2270 1662 Martyrium
2310 1601 2612 1648 sanctorum
2636 1590 2926 1655 Amatoris,
2951 1588 3098 1645 Petri
3121 1601 3170 1646 et
3202 1591 3470 1648 Ludovici.

1987 1703 2310 1758 Succedenti
2357 1705 2589 1774 denique
2639 1713 2918 1776 tempore,
2960 1706 3177 1775 quidam
3228 1695 3513 1780 presbyter

1916 1797 2254 1862 adolescens,
2298 1797 2514 1853 nomine
2561 1799 2816 1863 Amator,
2850 1799 2940 1869 qui
2990 1801 3116 1854 olim
3161 1815 3228 1855 ex
3259 1801 3504 1871 oppidoi

1917 1889 2214 1946 Tuecitano
2243 1906 2368 1945 cum
2411 1891 2656 1962 genitore
2686 1898 2741 1944 et
2763 1889 3024 1945 fratribus
3051 1892 3162 1946 suis
3203 1890 3508 1946 Cordubam

1919 1984 2159 2040 discendi
2191 1985 2364 2056 gratia
2408 1985 2758 2049 adventaret;
2786 1991 2841 2038 et
2867 1983 3060 2040 Petrus
3099 1986 3418 2051 monachus,
3449 2001 3514 2042 ac

1919 2075 1999 2146 (l)
2024 2074 2330 2131 Ludovicus
2351 2074 2674 2131 contribulis
2699 2081 2901 2139 noster,
2935 2083 2988 2129 et
3015 2073 3184 2130 frater
3215 2074 3368 2131 Pauli
3395 2077 3509 2132 dia-

1917 2173 2057 2237 coni,
2098 2172 2253 2242 cujus
2299 2171 2620 2242 martyrium
2672 2170 2810 2225 liber
2851 2169 3123 2225 secundus
3171 2171 3414 2240 exponit,
3445 2185 3515 2226 ex

1917 2264 2128 2320 civibus
2170 2263 2613 2319 Cordubensibus
2639 2263 2768 2329 orti,
2798 2277 2906 2318 uno
2931 2277 2989 2318 se
3017 2262 3221 2317 ftedere
3248 2247 3512 2332 colligan-

1917 2366 1999 2413 tes
2021 2357 2089 2412 ad
2114 2357 2514 2426 praadicandam
2528 2355 2902 2428 evangelicum
2931 2356 3214 2411 veritatem
3237 2365 3512 2428 aptarunt;

1919 2449 2146 2518 ideoque
2211 2447 2465 2502 celeriter
2519 2449 2621 2502 sub
2682 2447 3106 2516 praecedentium
3178 2445 3515 2516 professione

1917 2539 2181 2612 perempti
2211 2548 2337 2594 sunt
2366 2554 2406 2594 il
2437 2538 2662 2594 Kalend.
2695 2538 2887 2605 Maias,
2911 2553 3020 2593 aera
3052 2553 3336 2594 ncccxctu.
3366 2537 3513 2605 Quo-

1920 2648 2039 2688 rum
2085 2645 2314 2702 corpora
2367 2629 2672 2685 ﬂuvialibus
2728 2621 2983 2685 immersa
3034 2629 3370 2700 gurgitibus,
3406 2629 3518 2685 Deo

1918 2721 2154 2789 fautore,
2185 2731 2308 2793 post
2336 2711 2543 2790 aliquot
2573 2721 2690 2776 dies
2717 2720 2884 2775 littori
2915 2727 3279 2789 exponuntur,
3311 2729 3514 2774 etcum

1921 2814 2134 2884 penitus
2177 2812 2378 2868 nullam
2412 2827 2523 2867 sum
2567 2812 2765 2882 quietis
2814 2820 3037 2868 sanctus
3081 2811 3336 2868 sacerdos
3378 2813 3518 2867 noti-

1923 2906 2054 2960 tiam
2081 2906 2310 2971 dederit,
2343 2911 2566 2960 manent
2595 2913 2776 2961 tamen
2807 2907 2987 2961 caeteri
3023 2907 3198 2961 sancti
3234 2907 3517 2963 venerabi-

1921 2995 2046 3050 liter
2069 2998 2123 3052 in
2151 2997 2496 3068 prmgnitis
2520 2997 2652 3052 locis
2676 2996 2918 3068 repositi.
2946 2996 3080 3051 Nam
3104 2996 3296 3053 beatus
3323 2997 3515 3052 Petrus

1923 3090 1980 3144 in
2007 3090 2192 3144 Pinnm
2215 3089 2572 3144 Mellariensis
2597 3089 2844 3146 coenobio
2865 3090 3182 3155 tumulatur,
3209 3087 3514 3144 Ludovicus

1924 3182 1979 3236 in
2025 3183 2146 3238 vico
2175 3183 2251 3254 (2)
2280 3182 2574 3238 ltalicensis
2606 3182 2917 3251 provinciae,
2948 3183 3168 3237 nomine
3197 3181 3276 3252 (5)
3303 3181 3513 3247 Palma,

1962 3291 2044 3332 uae
2073 3274 2298 3346 Singilio
2319 3273 2542 3330 ﬂumine
2563 3273 2835 3344 praesidet,
2869 3273 3102 3344 digniter
3131 3274 3441 3345 requiescit.

2493 3389 2503 3448 .'
2514 3384 2742 3443 CAPUT
2780 3385 2921 3443 XIV.

2376 3478 2454 3534 De
2489 3476 2790 3534 Witesindo
2815 3487 3066 3549 martyre.

1999 3593 2076 3650 Ea
2105 3600 2424 3663 tempestate
2463 3587 2804 3647 Witesindus
2849 3591 3070 3661 quidam
3098 3591 3182 3647 vir
3211 3599 3373 3648 aetate
3407 3593 3520 3662 jam

1929 3686 2144 3757 plenus.
2186 3701 2254 3741 ex
2301 3681 2577 3755 provincia
2607 3683 2686 3755 (l)
2717 3683 3036 3755 Egabrensi,
3081 3685 3172 3754 qui
3224 3685 3408 3740 nescio
3453 3685 3523 3740 ob

1930 3793 2094 3848 quam
2124 3777 2555 3848 persecutionem
2581 3776 2783 3830 dudum
2817 3775 2941 3830 fidei
2972 3782 3176 3831 sancta;
3205 3775 3410 3846 lapsum
3443 3777 3522 3830 in-

1932 3876 2210 3933 currerat,
2244 3868 2370 3922 dum
2409 3867 2476 3922 ad
2522 3865 2843 3921 exercitium
2884 3864 3056 3936 nuper
3103 3865 3300 3936 indepti
3347 3865 3522 3922 cultus

1935 3963 2338 4025 adhortaretur,
2365 3960 2598 4032 abnegat
2619 3974 2678 4015 se
2701 3957 2968 4028 ejusmodi
2997 3959 3281 4031 sacrilegio
3303 3975 3523 4016 manere

1933 4056 2189 4112 infectum
2219 4074 2230 4110 :
2257 4055 2398 4126 quod
2449 4055 2534 4110 vel
2581 4055 2762 4110 carnis
2807 4054 3143 4123 infirmitate,
3170 4056 3253 4111 vel
3293 4056 3523 4111 circum-

1934 4151 2187 4206 ventione
2214 4149 2411 4205 diaboli
2449 4150 2627 4205 subito
2662 4149 2763 4205 sibi
2805 4157 3116 4220 susceptum
3156 4159 3256 4205 est.
3290 4149 3383 4206 illo
3416 4149 3525 4206 mo"-

1934 4250 2118 4298 mento
2159 4257 2281 4297 cum
2324 4241 2449 4296 talia
2498 4240 2778 4306 fateretur,
2810 4241 2911 4297 sub
2950 4240 3115 4296 celeri
3155 4241 3525 4313 indignatione

1932 4347 2246 4410 peremptus
2270 4345 2371 4404 est,
2396 4352 2504 4393 atra
2530 4353 2635 4408 qua
2663 4352 2843 4408 supra.

2540 4445 2767 4504 CAPUT
2801 4445 2918 4504 XV.

1940 4539 2111 4597 Heiiw
2140 4542 2444 4614 presbyteri,
2476 4537 2939 4664 Pauli‘etdsidori
2963 4543 3340 4600 monachorum
3379 4562 3525 4602 mar-

2652 4627 2841 4664 imum.

2651 4627 2841 4683 yrmm.

2011 4715 2278 4771 Praeterea
2322 4713 2501 4768 Helias
2523 4711 2805 4784 presbyter
2825 4711 2936 4781 jam
2965 4729 3128 4769 senex
3156 4731 3222 4770 ex
3251 4715 3524 4786 provincia

1943 4807 2214 4863 Lusitania
2235 4849 2249 4871 ,
2279 4821 2400 4860 eum
2436 4803 2600 4859 Paulo
2625 4813 2678 4859 et
2703 4803 2908 4861 Isidoro
2937 4805 3216 4861 monachis
3242 4805 3416 4861 adhuc
3445 4806 3528 4876 ju-

1943 4899 2104 4955 venili
2152 4907 2311 4954 aetate
2356 4895 2704 4962 florentibus,
2753 4897 2852 4952 sub
2904 4899 3140 4968 priorum
3194 4899 3527 4968 professione

1944 4991 2204 5064 perempti
2249 4997 2374 5044 sunt
2403 5003 2471 5042 xv
2497 4987 2614 5042 Kal.
2648 4987 2771 5043 Maii
2797 4987 2898 5060 (I),
2920 5005 3028 5044 aera
3077 5004 3348 5044 occcxcw.
3383 4988 3527 5056 Quo-

1947 5145 2083 5198 uarii
2113 5141 2400 5198 Christiani
2444 5141 2628 5210 fuisse,
2654 5129 2746 5196 aut
2774 5157 2806 5193 a
2837 5138 3152 5194 Christianis
3177 5140 3435 5200 conducti,
3473 5153 3526 5192 ut

1947 5213 2234 5270 venerabile
2258 5229 2444 5281 corpus
2466 5211 2738 5282 ﬂumini...
2770 5211 3104 5275 subductum,
3128 5211 3274 5266 humi
3305 5211 3527 5265 inauda-

1947 5304 1973 5338 r
2042 5299 2080 5338 t.

1975 5303 2046 5395 8’:
2085 5353 2243 5411 Forte
2271 5364 2531 5426 congesto.
2567 5353 2828 5426 Sursum.

2027 5427 2043 5464 τ
2086 5429 2271 5481 Annus
2325 5421 2612 5497 insequens
2656 5425 2766 5495 jam
2818 5437 2961 5478 nunc
2999 5421 3306 5479 denotatur.
3357 5426 3406 5482 Is
3435 5426 3534 5481 fuit

1948 5497 2072 5555 854.
2105 5497 2312 5553 Monac.

2027 5573 2053 5610 8
2081 5569 2329 5633 Frustra,
2361 5565 2486 5636 quid
2533 5567 2596 5620 de
2637 5565 2738 5619 hoc
2772 5563 2947 5619 viculo
2975 5564 3156 5622 dicere
3200 5569 3424 5636 possim,
3457 5569 3538 5625 in-

336 5633 366 5673 δ
405 5635 471 5689 Et
501 5635 824 5712 confragoso
861 5639 1024 5693 etiam
1067 5655 1164 5708 per
1204 5639 1373 5695 clivos
1401 5648 1456 5695 et
1485 5656 1616 5695 saxa
1657 5642 1852 5697 itinere
1953 5641 2183 5712 quirani.
2211 5640 2288 5712 In.

263 5717 620 5788 praeruptum.
654 5710 860 5788 Monac.

263 5847 285 5901 1
341 5788 364 5816 ε
405 5777 566 5834 Vides
595 5779 790 5836 iterum
822 5781 994 5836 forum
1039 5781 1105 5835 ad
1148 5797 1324 5837 arcem
1359 5785 1526 5852 ipsam
1557 5784 1846 5841 exstitisse.

291 5861 422 5901 neu.

329 5863 422 5902 Eli.

341 5919 368 5957 ιι
409 5921 572 5976 [tecte
606 5923 917 5995 Suysltenus
946 5944 956 5978 :
985 5919 1196 5980 Passim
1239 5927 1523 5980 creduntur
1552 5927 1630 5979 illi
1655 5943 1853 6019 nterce-

2024 5713 2050 5751 ιι
2089 5709 2212 5766 Haec
2241 5709 2457 5782 latinius
2479 5704 2846 5774 emendanda;
2885 5716 2975 5763 aut
3000 5707 3286 5780 legendum
3313 5730 3325 5766 :
3348 5711 3534 5782 fertur,

1955 5791 2263 5852 pertractus.
2297 5779 2533 5852 Senorjr.

2039 5857 2049 5892 ί
2098 5851 2172 5906 De
2219 5853 2320 5906 hoc
2367 5849 2560 5921 oppido
2611 5858 2755 5922 retro
2804 5851 3148 5922 dictumjam
3188 5865 3290 5911 est.
3327 5854 3535 5910 Monac.

1961 5923 2143 5982 Schol.
2171 5924 2226 5979 in
2250 5921 2343 5977 lib.
2375 5920 2582 5991 u,eap.
2619 5920 2672 5977 8.
