4094 6346
546 440 656 497 815

1653 419 1710 478 S.
1747 420 2027 480 EULOGll
2063 418 2387 476 ARCHIEP.
2431 417 2680 475 TOLE'I‘.

543 521 669 610 rum
726 562 956 620 corpora
1004 545 1262 618 patibulis
1319 544 1559 609 elevata,
1602 548 1726 612 post
1770 539 1970 596 multos
2019 538 2138 594 dies
2164 541 2219 602 Α
2241 536 2406 592 etiam
2443 549 2612 590 sacrae
2648 530 2952 587 devotionis
2971 527 3053 602 (2)
3081 527 3394 600 insignitam
3424 527 3686 598 stigmate
3709 541 3852 584 con-

546 643 760 701 Btntico
789 641 911 699 sinu
939 640 1263 696 conduntur.

1145 748 1373 806 CAPUT
1409 747 1550 803 XVI.

842 843 920 899 De
943 839 1205 912 Argimiro
1243 837 1498 892 monacho
1525 845 1574 892 et
1600 844 1852 906 martyre.

624 960 755 1018 Inde
777 966 1039 1030 praeterea
1059 955 1363 1027 Argimirus
1391 953 1612 1026 quidam
1633 948 1712 1023 (1)
1737 949 2038 1026 confessor,
2059 948 2144 1002 vir

553 1051 771 1117 nobilis,
795 1058 851 1106 et
893 1057 1052 1104 retate
1088 1047 1202 1119 jam
1245 1047 1568 1118 plenus,'ex
1595 1043 1794 1115 oppido
1845 1037 2144 1111 Egabrensi

553 1142 929 1216 cognationem
970 1140 1238 1204 ducebat;
1267 1148 1324 1195 et
1346 1138 1595 1216 quodam.
1615 1145 1854 1205 tempore
1882 1132 2146 1188 Corduba:

553 1212 801 1288 Patricia:
825 1229 903 1303 (ἓ)
929 1245 1124 1286 censor
1155 1245 1186 1284 a
1210 1242 1335 1300 rege
1363 1212 1652 1299 praefectus
1675 1225 1978 1280 exstiterat.
2013 1220 2149 1276 Cum

555 1331 796 1378 semotus
837 1319 906 1374 ab
954 1318 1429 1375 administratione
1463 1315 1673 1386 iudicii,
1704 1313 1871 1368 otium
1914 1310 2148 1367 emnobii

554 1412 816 1470 incoleret
850 1411 1086 1483 quietus,
1118 1409 1476 1482 quorumdam
1517 1405 1860 1462 ethnicorum
1911 1403 2033 1458 dolo
2066 1401 2152 1457 vel

555 1506 682 1562 odio
721 1505 1144 1569 circumventus,
1193 1510 1484 1558 accusatur
1512 1513 1697 1556 coram
1717 1496 1897 1570 judice
1923 1496 1989 1550 de
2023 1494 2150 1550 sub-

559 1598 750 1654 sannio
778 1596 921 1652 vatis
949 1596 1056 1663 sui,
1089 1603 1146 1650 et
1178 1594 1540 1664 exprobratur
1570 1591 1636 1646 de
1657 1587 1994 1660 professione
2019 1585 2157 1640 divi-

563 1689 750 1745 nitatis
773 1687 894 1744 Filii
922 1687 1042 1753 Dei,
1075 1685 1326 1757 quodque
1356 1685 1460 1740 isto
1490 1677 1999 1752 omnipotentiorem
2036 1675 2156 1730 nul-

561 1782 674 1837 lum
705 1781 870 1836 alium
901 1779 1157 1843 fateatur,
1191 1785 1246 1832 et
1275 1775 1426 1830 illum
1453 1771 1715 1828 vanitatis
1743 1777 2043 1834 auctorem,
2067 1767 2160 1822 du-

559 1887 789 1944 cemque
836 1881 1044 1928 asserat
1092 1869 1447 1941 perditorum.
1505 1865 1775 1921 Continuo
1821 1863 1916 1918 Dei
1970 1876 2174 1924 servus,

565 1967 668 2022 sub
717 1964 909 2037 grandi
946 1972 1003 2018 et
1033 1962 1371 2019 ferocissimo
1425 1959 1624 2030 judicis
1680 1966 1828 2014 motu
1881 1957 2160 2027 conjectus

565 2055 854 2128 ergastulis
909 2054 1115 2109 arctius
1159 2059 1462 2109 coactatur.
1504 2051 1677 2118 Quem
1726 2064 1909 2105 coram
1951 2062 2011 2102 se
2040 2054 2161 2118 post

568 2149 776 2219 aliquot
805 2147 923 2204 dies
944 2146 1142 2218 jubens
1173 2145 1456 2210 assistere,
1478 2144 1606 2199 dum
1633 2142 1746 2198 suis
1774 2139 2161 2197 adhortationi-

568 2243 671 2298 bus
696 2249 754 2298 et
773 2251 801 2279 ⁸
824 2241 1109 2298 lenociniis
1139 2239 1409 2309 quoddam
1441 2238 1730 2294 verborum
1756 2236 1985 2306 profano
2033 2234 2161 2289 ritui

570 2332 884 2402 mancipare
911 2331 1090 2386 studet
1116 2345 1217 2385 nec
1254 2327 1511 2399 praevalet
1545 2341 1562 2380 :
1591 2327 1924 2398 pertinacem
1955 2325 2009 2379 in
2039 2338 2162 2379 san-

572 2435 661 2480 cto
684 2422 964 2494 proposito
996 2420 1222 2477 militem
1266 2418 1469 2476 Christi
1505 2417 1734 2488 equuleo
1771 2418 2043 2472 viventem
2071 2416 2166 2469 im-

572 2517 772 2586 posuit,
820 2528 1059 2584 enseque
1102 2511 1464 2569 transfossum
1514 2512 1746 2583 peremit
1793 2526 1848 2564 IV
1896 2508 2167 2564 Kalendas

572 2607 759 2673 Julias,
787 2623 895 2670 aera
921 2621 1195 2662 ncccxcw.
1228 2605 1392 2676 Cujus
1430 2619 1629 2675 corpus
1652 2617 1776 2658 cum
1814 2609 1936 2671 post
1969 2599 2167 2654 multos

573 2701 693 2755 dies
743 2715 811 2755 ex
852 2707 1126 2770 praecepto
1165 2696 1363 2768 judicis
1407 2697 1475 2751 de
1512 2693 1754 2765 patibulo
1781 2693 2164 2772 deponeretur,

575 2789 860 2860 cujusdam
911 2787 1150 2858 religiosi
1196 2785 1417 2842 solertia
1464 2784 1638 2840 sancti
1682 2782 1884 2839 Aciscli
1928 2781 2168 2847 basilica:

576 2883 914 2953 deportatur,
943 2895 1008 2936 ac
1048 2879 1210 2951 digno
1256 2876 1600 2940 sacerdotum
1646 2873 1953 2930 ministerio
1999 2888 2170 2943 prope

577 2973 843 3030 tumulum
866 2970 1114 3044 praedicti
1141 2969 1418 3041 martyris,
1436 2976 1493 3024 et
1513 2965 1689 3024 sancti
1714 2963 1953 3021 Perfecti
1981 2963 2170 3019 huma-

581 3074 702 3121 tum
724 3073 829 3122 est.

1155 3173 1384 3231 CAPUT
1421 3171 1582 3229 XVII.

949 3266 1028 3323 De
1053 3267 1231 3321 Aurea
1258 3266 1455 3337 virgine
1478 3273 1527 3318 et
1551 3272 1800 3333 martyre.

657 3394 708 3448 1.
750 3392 827 3447 Ea
875 3397 1193 3461 tempestate
1236 3390 1387 3458 virgo
1415 3386 1662 3459 quaedam
1703 3384 1920 3451 nobilis,
1952 3384 2171 3440 nomine

493 3539 500 3544 .
585 3484 785 3549 Aurea,
814 3493 1124 3538 sanctorum
1160 3478 1394 3549 Adulphi
1419 3487 1475 3533 et
1501 3475 1726 3534 Joannis
1754 3485 2076 3548 martyrum,
2105 3475 2173 3531 de

586 3574 782 3646 quibus
801 3573 854 3628 in
881 3569 1313 3644 pmcedentibus
1331 3568 1770 3633 memoravimus,
1797 3565 1826 3606 δ
1852 3581 2030 3632 soror,
2053 3581 2173 3636 qua:

592 3682 623 3722 a
655 3676 898 3738 tempore
919 3661 1216 3722 collisionis
1241 3677 1453 3728 eorum,
1477 3660 1781 3716 devotionis
1808 3660 2033 3730 praemio
2059 3657 2176 3713 fun-

590 3756 821 3829 gebatur
842 3795 860 3823 ,
887 3769 1013 3812 cum
1061 3752 1319 3809 revelatis
1366 3764 1536 3806 sacra
1577 3749 1853 3823 religionis
1881 3749 2075 3805 studiis
2119 3749 2174 3804 in

590 3848 840 3907 cmnobio
875 3845 1266 3904 Cuteclariensi
1289 3884 1306 3911 ,
1348 3843 1494 3914 quod
1535 3843 1834 3914 antiquitus
1883 3850 2084 3898 sanctae
2125 3850 2180 3896 et

591 3940 840 4011 gloriosae
871 3937 1096 4009 virginis
1123 3935 1308 3993 Maria:
1327 3933 1535 3990 nomini
1562 3935 1870 3991 dedicatum
1894 3941 1998 4000 est,
2030 3947 2178 3989 com-

593 4039 838 4088 maneret
870 4028 948 4101 (1)
982 4044 1081 4100 per
1132 4043 1303 4084 annos
1341 4027 1511 4084 ferme
1558 4026 1776 4099 triginta
1825 4034 1881 4082 et
1924 4026 2176 4097 amplius,

594 4119 806 4176 cunctis
846 4117 973 4175 ﬁdei
1012 4134 1124 4175 suae
1167 4119 1414 4174 notitiam
1463 4118 1702 4185 donans,
1753 4131 1854 4173 nec
1899 4116 2024 4172 ullis
2079 4117 2174 4170 ad-

595 4209 843 4266 umbrata
892 4211 1215 4282 pavoribus,
1257 4211 1728 4268 conversationem
1777 4208 2178 4265 Cbristianismi

603 4299 689 4357 sui
707 4299 890 4370 patulo
915 4300 1136 4373 gerebat
1154 4316 1471 4370 congressu.
1494 4299 1563 4355 Et
1590 4300 1717 4370 quia
1740 4308 1860 4354 erat
1881 4300 2182 4356 stemmatis

596 4399 720 4448 ortu
765 4392 1076 4461 praecincta,
1122 4392 1421 4462 grandique
1462 4389 1606 4446 fastu
1651 4389 1895 4444 Arabicae
1945 4390 2183 4446 traducis

597 4483 983 4548 cxornabatur,
1011 4482 1188 4538 nullus
1231 4491 1545 4538 exterorum
1584 4480 1810 4552 virginis
1853 4480 2012 4537 ﬁdem
2043 4492 2066 4521 °
2106 4482 2185 4536 in-

599 4589 821 4631 cursare
843 4573 1097 4641 audebat,
1119 4575 1290 4631 donec
1317 4573 1538 4644 quidam
1560 4587 1779 4628 suorum
1809 4587 1876 4628 ex
1904 4575 2182 4643 provincia

2241 631 2476 694 tuentes,
2529 625 2816 683 confestim
2866 625 2934 680 de
2979 637 3044 680 ea
3079 623 3250 695 iudici
3293 621 3538 677 referunt
3581 622 3854 692 quaestio—

2244 738 2388 779 nem.
2420 721 2524 789 Qui
2547 728 2604 776 et
2627 719 2744 790 ipse
2766 716 2891 788 jure
2925 715 3235 773 nativitatis
3264 714 3442 772 eidem
3471 714 3673 786 virgini
3705 728 3851 770 eon-

2245 815 2409 872 cretis
2434 812 2746 868 adhaerebat
2774 809 3063 881 prosapiis.

2315 905 2370 959 2.
2409 903 2527 959 Tali
2569 917 2700 973 ergo
2725 899 3034 956 stimulatus
3075 897 3358 965 relatione,
3386 897 3498 954 suis
3534 911 3660 952 eam
3706 896 3856 951 assi-

2246 1005 2392 1052 stere
2405 993 2602 1064 iubens
2619 993 2919 1058 obtutibus,
2941 1005 3114 1062 quare
3133 1005 3194 1046 se
3207 999 3320 1044 tam
3343 988 3597 1045 nobiliter
3618 996 3858 1043 auctam

2248 1083 2508 1140 famulatu
2534 1082 2662 1138 ﬁdei
2686 1081 3008 1138 Christianae
3041 1080 3367 1154 degenerem
3405 1078 3742 1143 reddiderit,
3769 1079 3860 1132 vi-

2249 1177 2393 1247 lique
2416 1175 2694 1246 proposito
2721 1181 2832 1229 tam
2854 1171 3100 1244 praecelsi
3125 1171 3342 1244 generis
3365 1170 3613 1226 infecerit
3646 1182 3678 1209 ο
3707 1168 3860 1224 infn-

2250 1269 2379 1333 lam,
2409 1265 2662 1323 clementi
2692 1264 2982 1321 admodum
3026 1263 3318 1319 exhortatu
3347 1260 3657 1332 compellat.
3693 1280 3718 1311 ε
3751 1259 3864 1314 Sed

2252 1359 2480 1430 poteris,
2524 1357 2719 1427 inquit,
2773 1368 3172 1426 quampropere
3201 1353 3330 1409 totis
3379 1350 3580 1406 absolvi
3617 1349 3866 1421 pedoti-

2252 1455 2374 1518 bus,
2399 1450 2742 1521 debitamque
2787 1447 3124 1518 interpolatae
3149 1445 3376 1518 originis
3417 1445 3665 1515 recipere
3699 1443 3869 1500 clari-

2256 1552 2438 1607 tatem,
2469 1542 2516 1598 si
2545 1541 2620 1596 tui
2652 1554 2846 1610 gerens
2869 1539 3195 1604 consultum,
3229 1537 3356 1593 ﬁdei
3385 1546 3584 1592 nostra:
3607 1535 3869 1592 cultibus

2255 1637 2461 1694 intimis
2506 1643 2561 1691 te
2603 1633 2747 1690 votis
2786 1631 3176 1689 admittendam
3216 1629 3481 1702 elegeris,
3505 1628 3869 1699 summisque

2257 1727 2414 1784 nobis
2457 1724 2738 1780 affectibus
2764 1738 2986 1795 parens,
3015 1723 3162 1793 quod
3187 1722 3467 1792 sequimur
3495 1719 3785 1791 sequaris,
3817 1729 3874 1773 et

2259 1837 2367 1892 quo
2393 1821 2664 1886 ducimur,
2691 1819 2770 1874 ire
2789 1817 3155 1874 contenderis.
3189 1814 3248 1871 Si
3273 1830 3406 1871 vero
3429 1822 3486 1870 et
3512 1821 3876 1882 contemptos

2188 1931 2235 1990 Β
2261 1930 2382 1980 nos,
2403 1908 2459 1969 et
2485 1913 2650 1969 etiam
2679 1926 2801 1982 quae
2827 1911 3057 1968 colimus
3091 1908 3460 1980 abrogaveris,
3487 1915 3545 1961 et
3567 1905 3696 1961 illos
3727 1920 3876 1974 quos

2261 2009 2526 2064 hactenus
2567 2004 2816 2060 aemulata
2854 2019 2936 2066 es,
2985 2001 3184 2058 intuitu
3237 1999 3364 2056 ﬁdei
3414 2007 3622 2055 sectare
3663 1999 3877 2053 decre-

2261 2098 2437 2163 veris;
2483 2105 2608 2167 post
2648 2096 2800 2151 varia
2839 2094 2973 2150 dira:
3008 2091 3362 2149 cruciationis
3407 2099 3706 2154 tormenta,
3747 2097 3878 2158 post

2264 2190 2642 2262 multiplicium
2683 2188 2931 2244 dolorum
2975 2187 3244 2241 immensa
3288 2182 3570 2254 supplicia,
3601 2197 3732 2251 quae
3763 2197 3882 2236 me-

2264 2283 2372 2338 rito
2413 2280 2553 2336 tanti
2596 2279 2843 2335 criminis
2888 2293 2986 2334 rea
3027 2277 3312 2348 rependes,
3333 2284 3608 2347 postremo
3649 2275 3879 2345 turpis-

2265 2373 2418 2428 simae
2465 2371 2659 2426 mortis
2698 2368 3021 2440 supplicium
3057 2367 3326 2423 incurres.
3355 2385 3374 2418 ι
3407 2365 3619 2421 Ferunt
3662 2365 3878 2420 eodem

2267 2469 2543 2518 momento
2566 2460 2832 2532 virginem
2858 2458 2961 2514 sub
2983 2457 3183 2529 judicis
3201 2455 3577 2528 objurgatione
3602 2457 3876 2521 cessisse,

2267 2561 2324 2608 et
2347 2567 2508 2609 omne
2535 2551 2640 2606 sibi
2665 2551 2988 2621 imperatum
3014 2548 3248 2604 libenter
3271 2547 3672 2617 exsequendum
3705 2547 3882 2618 polli-

2269 2646 2401 2701 ceri.
2444 2645 2514 2700 Et
2543 2644 2669 2714 quia
2711 2641 2906 2699 melius
2934 2642 3002 2698 de
3036 2641 3197 2696 rebus
3242 2655 3352 2696 non
3377 2640 3398 2679 ί
3425 2641 3664 2711 expertis
3701 2641 3881 2695 silen-

2269 2739 2399 2795 dum
2423 2747 2528 2804 est,
2560 2752 2724 2809 quam
2755 2735 3062 2807 procaciter
3086 2733 3357 2806 incognita
3394 2733 3678 2798 ventilare,
3705 2733 3881 2802 cujus

2270 2831 2352 2886 rei
2397 2831 2623 2886 obtentu
2675 2829 2792 2884 haec
2847 2827 2965 2899 ipsa
3011 2827 3225 2897 negatio
3276 2835 3569 2898 martyrem
3621 2824 3879 2880 futuram

2272 2921 2623 2992 subrepserit,
2647 2927 2830 2976 utrum
2849 2919 3140 2975 formidine
3168 2918 3372 2985 carnis,
3395 2933 3466 2972 an
3490 2932 3656 2973 causa
3678 2917 3880 2988 dispo—

2271 3017 2434 3074 nendi
2471 3031 2589 3073 rem
2629 3014 2973 3080 familiarem,
3002 3013 3371 3083 iucompertus
3411 3012 3706 3068 testiﬁcare
3759 3028 3877 3068 non

2274 3110 2466 3178 audeo,
2520 3109 2627 3166 nisi
2672 3107 2813 3165 forte
2859 3123 2928 3163 ex
2977 3106 3284 3163 subsecutis
3333 3105 3642 3172 eventibus,
3664 3106 3881 3175 quibus

2271 3203 2617 3276 postmodum
2662 3203 3002 3258 obstinanter
3047 3200 3104 3255 in
3157 3198 3499 3270 professione
3535 3200 3879 3269 perdurans.

2199 3290 2245 3355 C
2274 3297 2630 3368 promeritam
2674 3293 2867 3364 adepta
2912 3300 2996 3348 est
3021 3291 3286 3358 lauream,
3315 3299 3376 3346 ut
3407 3306 3526 3348 sese
3551 3290 3882 3360 conjectura

2276 3390 2571 3447 arbitratus
2614 3386 2836 3442 humani
2881 3387 3065 3452 habet,
3114 3386 3298 3442 carnis
3347 3384 3493 3441 illam
3546 3385 3882 3442 inﬁrmitate

2275 3495 2384 3536 non
2410 3478 2761 3536 succubuisse
2786 3477 3089 3534 credamus.

2346 3571 2400 3626 5.
2439 3571 2607 3644 Igitur
2652 3579 2775 3641 post
2809 3570 3050 3626 auditam
3080 3569 3249 3639 judex
3278 3569 3392 3626 oris
3427 3568 3542 3640 ejus
3575 3570 3884 3639 professio-

2277 3678 2560 3733 nem,'qua
2581 3661 2736 3732 juxta
2764 3677 2955 3718 omnes
3001 3661 3138 3717 ritus
3180 3661 3316 3734 legis
3355 3677 3464 3718 suae
3505 3662 3706 3733 degere
3751 3679 3885 3734 spo-

2278 3753 2574 3825 ponderat;
2607 3750 2749 3807 illico
2793 3751 3059 3817 abeundi,
3101 3766 3427 3822 quocunque
3470 3751 3616 3818 vult,
3652 3752 3885 3808 sibimet

2278 3847 2528 3902 libertate
2574 3845 2790 3910 collata,
2832 3861 2864 3901 e
2913 3845 3141 3917 vestigio
3184 3845 3405 3902 domum
3449 3846 3782 3918 regreditur,
3819 3863 3886 3902 ac

2279 3939 2420 3994 sicut
2463 3938 2614 4009 prius
2657 3938 2897 3993 militans
2939 3937 3174 4002 Christo,
3204 3937 3512 3994 nullatenus
3533 3955 3563 3994 a
3591 3940 3887 4010 proposito

2281 4037 2482 4084 sanctae
2520 4027 2645 4084 ﬁdei
2673 4028 2916 4084 desuevit
2938 4068 2953 4096 ,
2981 4043 3082 4085 nec
3108 4044 3138 4082 a
3159 4028 3398 4084 ﬁdelium
3428 4030 3790 4086 contubernio
3823 4046 3886 4085 se

2280 4135 2439 4190 passa
2463 4128 2549 4176 est
2587 4118 2906 4190 disgregari,
2933 4121 3062 4190 quin
3093 4120 3274 4190 potius
3302 4120 3515 4177 illorum
3543 4137 3796 4193 persaepe
3824 4138 3886 4178 se

2283 4212 2517 4268 canibus
2537 4225 2853 4278 conserens,
2867 4227 3004 4282 quos
3023 4212 3241 4282 pietatis
3267 4212 3460 4285 religio
3483 4213 3883 4284 pet-lustrabat,

2282 4303 2566 4376 condignis
2594 4303 2808 4359 ﬂetibus
2837 4303 3139 4376 aﬁ'ectuque
3167 4305 3384 4362 interno
3430 4305 3639 4378 lapm
3677 4305 3884 4378 lingua

2286 4394 2593 4465 deplorans,
2621 4395 2735 4465 spei
2761 4410 2872 4450 suae
2901 4410 3088 4451 veram
3113 4385 3366 4452 ﬁduciam
3395 4397 3462 4452 ad
3492 4397 3884 4467 Redemptoris

2285 4485 2469 4558 alligat
2497 4485 2886 4558 indulgentiam
2906 4528 2920 4553 ,
2945 4487 2992 4542 si
3022 4481 3170 4543 forte
3205 4497 3360 4544 reatu
3408 4489 3884 4560 pravaricationis

2285 4574 2577 4630 obnoxiam
2625 4575 2880 4631 famulam
2912 4593 3018 4632 non
3047 4578 3307 4647 repellat,
3330 4579 3423 4650 qui
3457 4580 3760 4636 adulteram
3810 4583 3883 4636 ab

599 4667 926 4741 Hispalensi,
952 4666 1096 4723 unde
1137 4682 1308 4738 genus
1352 4666 1621 4732 trahebat,
1652 4664 1932 4733 divinitus,
1959 4674 2019 4720 ut
2047 4666 2184 4723 arbi-
2213 4667 2266 4728 D
2289 4665 2456 4722 exitio
2504 4665 2848 4737 lapidationis
2875 4667 3116 4736 eripiens
3143 4667 3328 4738 (Joan.
3361 4685 3479 4735 vni,
3510 4671 3625 4740 11),
3653 4670 3878 4727 Petrum

601 4770 736 4826 tror,
765 4758 1039 4824 concitati,
1068 4773 1177 4828 quo
1199 4757 1312 4827 jam
1342 4756 1522 4813 debita
1547 4767 1673 4814 ante
1707 4757 1896 4814 mundi
1925 4760 2187 4814 constitu-

601 4856 806 4912 tionem
852 4851 1049 4924 virgini
1095 4865 1296 4908 corona
1339 4849 1586 4922 martyrii
1626 4860 1931 4921 pararetur,
1969 4859 2024 4905 et
2051 4866 2188 4921 prae-

603 4945 836 5005 stantius
883 4943 940 4998 in
991 4941 1302 4998 caelestibus
1353 4940 1420 4996 de
1469 4951 1843 4997 consummato
1912 4942 2187 4997 lzetaretur

607 5036 914 5108 triumpho,
944 5049 1107 5091 causa
1150 5033 1467 5104 explorandi
1515 5032 1584 5087 ad
1623 5046 1683 5088 se
1727 5033 1923 5105 perlati
1956 5035 2190 5090 rumoris

605 5129 804 5195 ﬁdem,
847 5143 912 5184 ac
956 5127 1291 5199 propositum
1337 5125 1592 5196 virginis,
1642 5127 1954 5191 venientes,
1999 5127 2191 5183 callide

607 5218 966 5276 contribulam
1008 5232 1161 5274 suam
1191 5217 1364 5289 gratia
1393 5214 1422 5255 ει
1447 5215 1746 5286 sospitandi
1791 5230 1910 5272 sese
1961 5217 2192 5272 invisere

607 5309 961 5366 mentiuntur.
1005 5307 1177 5376 Quam
1221 5323 1330 5364 non
1373 5307 1545 5363 solum
1589 5305 1974 5374 Christianam,
2001 5323 2190 5364 verum

680 5465 707 5494 ι
745 5451 907 5507 Forte
934 5449 1194 5522 lenocinio
1243 5450 1488 5522 quodam,
1537 5459 1631 5505 aut
1671 5449 1941 5522 lenociniis
1979 5450 2191 5520 quibus-

610 5524 874 5648 garlilt,taut
925 5520 1194 5577 lenociniis
1217 5519 1566 5593 quorumdam
1603 5519 1890 5576 verborum.
1919 5519 1997 5576 Ita
2044 5532 2193 5578 recte

653 5609 684 5647 c
725 5609 758 5650 o
788 5632 802 5646 .

681 5632 997 5734 inKi'teniia:
1024 5664 1207 5734 igitur,
1237 5664 1304 5717 de
1329 5678 1434 5733 qua
1464 5662 1556 5717 lib.
1580 5679 1649 5734 ιι,
1677 5678 1796 5734 cap.
1827 5663 1882 5729 8,
1920 5661 2047 5717 ﬁlia.
2079 5662 2189 5718 Mo-

613 5747 738 5787 ιιΑι..
769 5731 882 5786 Hoc
925 5731 1086 5804 caput
1109 5735 1274 5787 vitam
1296 5731 1534 5788 continet
1565 5733 1663 5790 SS.
1690 5731 1862 5789 Florae
1894 5744 1952 5790 et
1984 5734 2184 5798 Mariae,

613 5817 775 5872 quam
809 5818 906 5857 nos
945 5813 1064 5872 post
1095 5805 1477 5858 documentum
1507 5805 1748 5874 martyrii
1777 5805 2004 5860 edimus.

685 5880 710 5913 α
747 5871 910 5927 Forte
952 5874 1209 5928 incusare.
1238 5871 1534 5928 ῦυιιιεωι.
1567 5875 1812 5931 Cerrinus
1843 5877 1908 5932 ad
1952 5878 2010 5930 l‘)
2038 5877 2158 5932 Julii

2291 4772 2323 4812 a
2353 4757 2521 4812 maris
2549 4755 2798 4813 fluctibus
2840 4758 3184 4816 incubantem
3218 4760 3517 4832 apostolico
3559 4763 3878 4818 functumm

2290 4849 2523 4918 primatu
2545 4838 2786 4918 receptat
2813 4848 3026 4920 (Matth.
3053 4866 3164 4917 xxv,
3195 4851 3311 4923 51),
3337 4852 3626 4924 furemque
3656 4857 3683 4894 σ
3712 4854 3880 4924 patri-

2291 4940 2433 4996 cidio
2455 4940 2860 5011 coinquinatum
2891 4957 2991 4998 suo
3020 4945 3300 4999 comitatui
3330 4945 3642 5016 paradisum
3675 4945 3879 5001 lustra-

2295 5039 2448 5087 turus
2495 5032 2732 5089 admittit
2757 5031 2906 5104 (Luc.
2944 5050 3101 5101 xxut,
3134 5035 3248 5108 45).
3298 5035 3410 5093 Nec
3438 5038 3632 5094 obesse
3679 5036 3879 5092 ﬁdebat

2293 5126 2570 5199 praelargm
2613 5136 2668 5182 et
2717 5127 3126 5198 incomparabili
3166 5128 3380 5186 Domini
3432 5130 3622 5202 pietati
3670 5129 3876 5186 inutilis

2293 5217 2509 5274 famulae
2537 5226 2972 5274 momentaneum
3015 5219 3252 5288 crimen,
3301 5221 3444 5292 apud
3480 5235 3645 5292 quem
3686 5220 3872 5276 multi-

2294 5313 2453 5368 moda
2497 5312 2776 5367 miseratio
2802 5322 2858 5368 et
2885 5313 3188 5382 redemptio
3224 5313 3442 5385 copiosa
3480 5321 3536 5369 et
3570 5314 3873 5370 exuberans

2364 5449 2392 5489 ά
2430 5449 2640 5520 Schott.
2669 5459 2726 5504 et
2747 5465 2870 5506 cum
2893 5465 2961 5520 eo
2985 5449 3228 5520 Cuperus
3248 5449 3566 5520 hospitandi.

2372 5533 2396 5559 ε
2431 5519 2576 5576 Bene
2603 5520 2882 5591 Cuperus:
2909 5517 3014 5574 Per
3042 5517 3264 5575 infulam
3291 5517 3375 5573 hic
3412 5519 3761 5591 metaphon'ce
3797 5517 3870 5572 si.

2297 5591 2577 5663 gniﬁcatur
2599 5589 2766 5674 turjn’s
2792 5591 3043 5662 dignitas,
3066 5599 3122 5643 ut
3151 5607 3215 5644 ea:
3245 5607 3399 5644 sensu
3426 5589 3710 5659 colligitur.
3827 5656 3840 5668 .

2377 5661 2396 5700 ί
2438 5663 2494 5716 In
2525 5670 2694 5716 veteri
2722 5661 2945 5716 expertis
2990 5662 3364 5716 tantummodo
3391 5661 3509 5716 fuit.
3539 5660 3634 5714 sed
3670 5659 3840 5715 descrl

2301 5660 2313 5663 ⁷
2377 5661 2396 5700 ί
2438 5663 2494 5716 In
2525 5660 2694 5718 veteri
2722 5660 2945 5732 expertis
2990 5662 3364 5716 tantummodo
3391 5661 3509 5724 fuit,
3539 5660 3634 5714 sed
3670 5660 3870 5715 descri-

2296 5732 2466 5804 ptoris
2497 5733 2640 5804 haud
2667 5732 2829 5788 dubie
2864 5732 3016 5795 vitio,
3048 5747 3170 5786 cum
3212 5732 3393 5804 sensui
3423 5738 3610 5804 aperte
3633 5728 3869 5800 refrqa-

2300 5800 2470 5873 i‘etur.
2500 5803 2625 5873 Ideo
2663 5819 2760 5856 nos
2805 5803 3145 5873 negationem
3176 5802 3490 5873 adjecimus.
3517 5800 3724 5856 Hom.

2371 5878 2394 5914 ε
2433 5872 2552 5928 Vid.
2585 5871 2766 5928 Schol.
2800 5874 2853 5928 in
2877 5871 3410 5943 Apologcticqnum.
3445 5873 3497 5926 1.
