4094 6346
302 434 409 489 817

1261 429 1690 488 MEMORIALIS
1730 430 2176 489 SANCTORUM.
2221 464 2288 472 —
2327 432 2457 488 LIB.
2500 432 2588 488 Ill.

3474 439 3577 494 818

299 550 562 625 praevenit
608 547 795 619 gratia:
834 548 976 602 dono
1021 546 1291 619 indignos,
1328 555 1384 603 et
1434 547 1633 617 quibus
1680 547 1888 603 strenui
1915 549 1969 610 Α
1993 561 2112 615 quae
2143 562 2202 601 se
2225 554 2448 601 noverat
2475 547 2542 602 ad
2574 545 2679 601 tale
2700 545 2814 614 jam
2844 547 3104 605 divinitus
3128 549 3358 606 electam
3402 565 3584 612 certa-

297 644 504 701 laboris
532 640 799 713 stipendia
830 639 978 695 nulla
1007 640 1377 711 suppeditant,
1400 639 1647 696 consulta
1690 640 1891 711 pietate
1992 652 2138 703 men,
2171 645 2233 692 ut
2262 645 2382 692 erat
2406 638 2843 707 prudentioribus
2886 639 3089 695 diserta
3140 641 3431 711 facundiis,
3459 661 3584 703 san-

290 737 577 811 justificat.
609 736 784 809 Auget
810 745 1076 808 prmterea
1108 738 1262 809 virgo
1288 746 1477 793 sancta
1512 737 1887 809 compunctio-

295 852 445 902 nem,
477 834 717 891 studium
760 834 1163 891 lamentationis
1207 835 1553 905 multiplicat,
1584 837 1726 891 votis
1764 845 1887 892 vota

295 927 659 999 congeminat,
686 934 743 982 et
762 926 1034 997 duplicato
1060 941 1295 982 maerore
1322 925 1625 996 afl‘ectuque
1650 936 1887 983 mentem

292 1033 616 1091 perurgens,
646 1031 718 1072 ne
745 1033 1003 1089 supremo
1032 1019 1281 1074 examine
1311 1028 1406 1075 aut
1429 1022 1497 1075 de
1522 1020 1726 1076 scelere
1752 1037 1885 1077 cono

292 1110 554 1165 demnata
582 1117 789 1166 aeterno
814 1110 1153 1181 mancipetur
1180 1111 1462 1183 supplicio,
1488 1120 1581 1168 aut
1608 1130 1642 1168 a
1664 1128 1884 1169 consor-

292 1201 374 1256 tio
423 1198 657 1256 fratrum
711 1216 970 1270 suorum,
1011 1202 1243 1273 Adulphi
1296 1203 1501 1259 scilicet
1556 1212 1613 1261 et
1659 1202 1885 1262 Joannis

291 1298 602 1363 martyrum
630 1293 936 1358 beatorum,
965 1294 1219 1365 congruis
1258 1294 1576 1351 meritorum
1614 1297 1883 1369 repagulis

289 1381 635 1449 detrudatur,
661 1382 911 1441 felicibus
935 1385 1076 1440 votis
1102 1386 1385 1441 adnititur.

364 1474 419 1528 4.
459 1474 598 1530 Exin
640 1475 791 1531 claro
843 1476 1222 1549 intrepidoque
1265 1493 1520 1548 processu
1566 1481 1883 1552 frequenter

286 1565 583 1622 ecclesiam
616 1566 825 1632 adiens,
848 1567 1179 1639 jamjamque
1214 1569 1270 1624 in
1306 1570 1509 1625 virtute
1534 1572 1747 1627 Domini
1786 1589 1878 1629 ro-

285 1656 506 1723 borata,
538 1659 769 1714 terrenis
804 1658 1075 1715 abstracta
1105 1662 1369 1733 contagiis
1398 1672 1451 1717 et
1479 1664 1686 1718 caelesti
1714 1667 1880 1722 curiae

286 1748 513 1804 anhelat
565 1749 883 1805 ascribenda
918 1768 930 1803 :
965 1750 1010 1804 si
1061 1750 1201 1806 forte
1267 1751 1588 1822 cujusquam
1639 1755 1878 1812 recidivo

283 1841 707 1895 contestationis
755 1849 951 1907 eventu
996 1842 1050 1897 in
1076 1841 1166 1911 jus
1192 1844 1368 1899 denuo
1409 1845 1737 1901 mitteretur.
1769 1846 1877 1903 Sed

1991 738 2078 785 cto
2095 729 2208 798 jam
2228 730 2553 801 perlustrata
2582 740 2851 801 respectu,
2903 733 3074 803 judici
3119 734 3328 791 refert:
3366 754 3387 789 ι
3423 736 3575 795 Nun-

1989 836 2151 891 quam
2182 838 2212 876 a
2242 821 2462 878 Christo
2488 823 2599 878 Deo
2622 839 2742 878 meo
2772 828 3021 894 separata
3060 842 3199 893 sum,
3234 843 3513 898 nunquam
3546 846 3579 885 a
3610 864 3613 867 η

1988 916 2248 987 religione
2289 918 2509 987 pietatis
2543 917 2659 987 ejus
2688 918 2954 986 discessi,
3002 936 3277 990 nunquam
3320 921 3578 992 profana-

1989 1009 2228 1065 tionibus
2247 1012 2446 1066 vestris
2472 1010 2558 1065 vel
2581 1010 2651 1066 ad
2676 1020 3010 1067 momentum
3041 1011 3253 1080 inhaesi,
3306 1014 3433 1070 licet
3482 1016 3581 1071 du-

1987 1103 2115 1160 dum
2145 1119 2331 1160 coram
2354 1114 2431 1172 te,
2473 1104 2625 1175 lapsu
2652 1105 2887 1174 quodam
2913 1106 3203 1172 sermonis,
3234 1106 3417 1178 lingua
3451 1124 3580 1164 suc-

1986 1196 2253 1251 cubuerit.
2287 1196 2420 1251 Erat
2441 1203 2621 1251 autem
2654 1211 2750 1252 cor
2776 1212 2958 1252 meum
2980 1196 3237 1253 ﬁduciam
3270 1198 3476 1253 habens
3522 1200 3579 1256 in

1985 1289 2237 1355 Domino,
2292 1290 2383 1360 qui
2436 1305 2524 1345 me
2573 1304 2791 1345 suarum
2840 1289 3264 1360 promissionum
3310 1290 3580 1348 introrsus

1986 1383 2327 1439 adminiculis
2383 1382 2644 1454 erigebat,
2701 1382 2889 1438 dicens
2930 1400 2942 1436 :
2989 1382 3096 1449 Qui
3149 1382 3313 1437 credit
3363 1383 3420 1437 in
3472 1399 3577 1450 me,

1982 1474 2140 1528 etiam
2170 1475 2215 1528 si
2244 1483 2481 1528 mortuus
2528 1473 2712 1543 fuerit,
2757 1474 2892 1528 vivet
2937 1471 3118 1543 (Joan.
3170 1489 3241 1539 ιι,
3290 1471 3405 1544 25).
3450 1472 3581 1529 Inde

1982 1566 2230 1636 quamvis
2277 1566 2602 1622 verbotenus
2624 1565 2878 1635 laqueum
2906 1564 3370 1636 praevaricationis
3392 1565 3579 1621 incur-

1981 1659 2168 1723 rerim,
2192 1658 2372 1714 vivido
2396 1667 2576 1715 tamen
2617 1666 2819 1715 sanctae
2857 1658 3194 1715 credulitatis
3246 1667 3436 1714 tenore
3478 1674 3577 1714 cor

1980 1751 2360 1821 praemunitum
2386 1752 2659 1823 gerebam.
2685 1750 2823 1806 Nam
2862 1752 3047 1807 statim
3067 1767 3173 1822 quo
3204 1767 3236 1805 a
3274 1760 3326 1805 te
3362 1753 3574 1822 digres-

1981 1857 2041 1897 sa
2086 1858 2240 1908 sum,
2273 1850 2330 1896 et
2348 1841 2492 1897 votis
2519 1849 2575 1895 et
2613 1840 2896 1897 affectibus
2934 1840 3253 1913 lacrymosis
3297 1856 3461 1911 quem
3508 1842 3578 1897 ab

297 1932 421 1988 haec
445 1931 672 1989 callidus
699 1942 974 1989 veterator
1003 1949 1111 1990 non
1138 1935 1330 1991 leviter
1350 1936 1554 2003 ferens,
1584 1952 1707 1993 cum
1745 1938 1877 1995 fide-
1904 1934 1952 1995 B
1980 1934 2207 1989 infantia
2242 1949 2362 1989 mea
2402 1933 2699 1990 didiceram
2744 1933 2948 1989 cultum
2987 1934 3229 1999 exercui.
3261 1932 3421 1988 ﬁdem
3457 1949 3573 1988 ser-

280 2022 409 2078 liori
455 2024 750 2081 conciliatu
798 2041 971 2095 nuper
998 2027 1259 2097 elapsam,
1289 2027 1535 2085 Creatori
1584 2045 1684 2086 suo
1733 2046 1878 2088 nunc

287 2130 456 2184 quam
483 2124 642 2172 antea
669 2116 906 2173 militare
936 2118 1206 2192 intelligit,
1247 2136 1349 2177 nec
1377 2122 1429 2177 in
1453 2121 1636 2192 aliquo
1661 2124 1876 2192 penitus

280 2206 552 2276 profuisse
571 2209 1048 2267 circumventionis
1073 2227 1185 2268 suae
1204 2214 1536 2284 praestigium
1563 2223 1872 2281 contuetur,

280 2300 418 2369 quin
449 2299 649 2370 injecto
671 2312 891 2372 stupore
916 2305 1100 2361 nescio
1129 2304 1283 2374 cujus
1300 2305 1662 2371 hebetudinis,
1693 2316 1870 2363 trans-

280 2406 500 2448 versam
529 2394 757 2465 virginis
785 2394 1025 2466 linguam
1061 2412 1092 2451 a
1140 2396 1478 2468 professione
1520 2398 1769 2454 veritatis
1801 2399 1876 2454 le-

281 2483 427 2538 viter
452 2494 509 2539 et
528 2484 895 2556 perfunctorie
937 2496 1359 2555 contestaverat,
1386 2504 1501 2555 ore,
1551 2504 1661 2545 non
1713 2491 1876 2546 corde

279 2572 451 2628 fuisse
478 2574 743 2630 sublatam
773 2577 1095 2643 advertens;
1128 2579 1271 2633 haud
1317 2580 1477 2634 dubie
1511 2582 1875 2637 condaemoni-

278 2664 386 2719 bus
414 2664 482 2720 de
510 2675 804 2724 extenuato
839 2683 1002 2724 cursu
1032 2671 1402 2743 conqueritur,
1433 2672 1654 2727 dicens:
1692 2691 1711 2724 ‹
1749 2672 1875 2729 Haec

279 2757 478 2813 caelebs
498 2760 705 2828 pridem
743 2776 829 2816 me
857 2762 1015 2819 labiis
1044 2763 1266 2820 fortuito
1294 2765 1567 2820 honorans
1597 2768 1758 2822 modo
1781 2783 1875 2823 cor

280 2844 402 2915 ejus
421 2848 772 2918 praecinctum
819 2852 1021 2908 virtute
1052 2868 1309 2924 superna,
1338 2855 1532 2927 grandi
1587 2856 1800 2927 objectu
1843 2874 1873 2913 a

281 2939 422 2994 meis
445 2940 753 3009 disparatur
781 2942 1070 3000 illecebris.
1101 2966 1120 2997 ›
1168 2946 1235 3001 Et
1262 2947 1467 3002 idcirco
1494 2948 1782 3018 quemdam
1812 2949 1869 3003 in

280 3033 715 3099 persecutionem
761 3032 935 3090 beatae
977 3036 1206 3108 virginis
1252 3038 1527 3109 pruritans
1552 3039 1771 3109 .denuo,
1804 3040 1872 3095 ad

280 3124 702 3193 perquirendam
730 3134 977 3197 tyronem
1009 3127 1132 3183 ﬁdei
1156 3144 1267 3185 suae
1293 3131 1573 3201 compulit.

353 3214 407 3268 5.
449 3213 701 3271 Nonnulli
751 3218 958 3273 interea
1018 3220 1298 3290 gentilium
1355 3221 1471 3290 ejus
1524 3223 1868 3293 explorantes

1983 2026 2483 2098 vavi,propositum
2521 2026 2684 2099 gessi.
2723 2026 2907 2082 Restat
2954 2041 3085 2097 ergo
3127 2026 3242 2099 jam
3290 2042 3459 2094 nunc,
3514 2036 3576 2082 ut

1982 2118 2280 2174 secundum
2335 2118 2731 2189 profanationis
2776 2126 2973 2174 vestrae
3026 2117 3215 2185 ritum,
3258 2126 3351 2173 aut
3394 2118 3576 2190 gladio

1980 2211 2192 2266 vindice
2213 2211 2433 2281 puniar,
2470 2218 2565 2266 aut
2582 2210 2630 2265 si
2656 2208 2890 2265 inultum
2909 2210 3193 2282 praeterire
3217 2208 3424 2266 factum
3466 2208 3573 2264 hu-

1972 2302 2274 2373 juscemodi
2336 2311 2535 2374 potest,
2597 2304 2663 2358 de
2720 2301 2930 2371 reliquo
2997 2310 3109 2359 tota
3175 2317 3265 2359 me
3318 2300 3574 2357 libertate

1980 2398 2044 2453 ad
2092 2397 2472 2453 cohaarendum
2500 2396 2719 2453 Christo
2747 2396 2976 2452 Domino
2999 2397 3028 2437 ἢ
3058 2397 3432 2469 praetermitte.
3471 2416 3494 2450 ι

2048 2488 2102 2541 6.
2147 2484 2299 2542 Tunc
2326 2485 2753 2542 immanissimus
2774 2486 2978 2543 arbiter
2998 2487 3225 2559 virginis
3264 2487 3568 2543 assertione

1978 2590 2292 2643 succensus,
2315 2576 2559 2632 facturus
2586 2578 2653 2633 de
2682 2592 2747 2633 ea
2766 2579 2882 2649 regi
2903 2577 3245 2644 relationem,
3277 2576 3571 2647 ergastulis

1980 2668 2330 2739 mancipavit,
2391 2669 2706 2739 ingentique
2739 2668 3081 2725 vinculorum
3108 2684 3275 2724 onere
3322 2677 3572 2724 coarcta-

1976 2759 2073 2813 vit.
2098 2758 2271 2826 Quam
2318 2758 2426 2814 alio
2470 2759 2557 2814 die
2598 2773 2696 2829 per
2740 2759 3018 2817 decretum
3077 2758 3341 2829 principis
3386 2759 3571 2829 gladio

1978 2850 2274 2917 trucidans,
2307 2850 2595 2907 confestim
2624 2851 2878 2908 exanime
2911 2865 3110 2921 corpus
3136 2849 3254 2919 ejus
3282 2849 3564 2920 cujusdam

1976 2942 2260 2998 homicidae
2290 2941 2554 3013 patibulo,
2586 2942 2678 3012 qui
2702 2950 2827 2998 ante
2851 2956 3055 3013 paucos
3083 2943 3200 2998 dies
3224 2940 3418 3000 affixus
3445 2940 3566 2997 fue-

1975 3044 2082 3101 rat,
2107 3036 2283 3106 capite
2305 3036 2557 3091 deorsum
2615 3035 2872 3107 suspendi
2917 3036 3205 3106 praecepit;
3234 3035 3390 3105 cujus
3438 3035 3567 3091 bea-

1976 3134 2089 3181 tum
2118 3126 2352 3181 cadaver
2372 3142 2498 3183 cum
2524 3127 2737 3183 caeteris
2760 3126 2944 3183 furum
2971 3126 3254 3193 membris,
3303 3128 3395 3196 qui
3443 3136 3571 3182 tunc

1972 3218 2041 3273 ob
2091 3216 2355 3290 flagitium
2413 3219 2724 3288 interempti
2783 3226 2928 3284 sunt,
2989 3218 3213 3275 Baeticis
3253 3219 3571 3273 immersum

280 3308 783 3375 conversationem,
829 3309 1181 3367 nihilominus
1233 3311 1389 3381 juxta
1438 3315 1675 3383 priorem
1718 3318 1871 3373 habi-

1979 3309 2278 3379 gurgitibus
2319 3308 2528 3363 nullum
2567 3310 2831 3366 hactenus
2886 3310 3237 3379 comparendi
3280 3309 3569 3381 vestigium

280 3406 399 3453 tum
422 3400 626 3456 Christi
648 3401 906 3458 famulam
926 3404 1279 3474 reperientes,
1307 3406 1452 3462 illico
1484 3408 1551 3463 de
1588 3424 1651 3463 ea
1684 3424 1868 3466 coram

272 3489 462 3560 judice
481 3502 732 3562 questum
760 3497 1054 3566 deponunt,
1086 3498 1291 3555 crimen
1317 3509 1585 3565 asserunt,
1613 3501 1869 3572 dolosque

280 3585 655 3653 praetendunt;
682 3594 737 3641 et
768 3596 829 3641 ut
869 3590 1007 3644 tanti
1056 3590 1256 3646 abusus
1302 3593 1710 3662 pmumptioni
1751 3595 1868 3650 vin-

281 3675 690 3742 dex’occurr‘at,
725 3678 965 3749 talesque
991 3695 1155 3736 ausus
1186 3681 1346 3753 legali
1369 3684 1696 3739 auctoritate
1742 3700 1867 3755 per-

280 3765 464 3830 cellat,
516 3770 785 3836 perversis
834 3770 1029 3842 linguis
1085 3774 1434 3830 contendunt.
1478 3774 1579 3842 Qui
1618 3778 1866 3845 protinus

280 3858 595 3914 vehementi
619 3861 698 3916 ira
726 3872 1045 3930 commotus,
1070 3865 1331 3922 ferocium
1370 3867 1675 3924 truculento
1703 3870 1865 3924 satel-

280 3947 440 4003 litum
491 3951 793 4008 ministerio
840 3956 952 4011 suis
999 3972 1122 4012 eam
1164 3960 1440 4016 attrahere
1489 3962 1866 4032 conspectibus

272 4036 496 4106 juhens,
523 4041 666 4098 illico
702 4046 1000 4102 exhibitam
1034 4049 1101 4104 de
1120 4059 1431 4122 contemptu
1472 4067 1644 4121 nuper
1683 4053 1864 4122 adepti

278 4130 462 4187 cultus
498 4135 793 4207 redarguit,
824 4138 891 4194 de
925 4141 1172 4212 neglectu
1199 4143 1453 4212 promissi
1504 4145 1866 4199 comminatur

277 4226 566 4294 propositi,
598 4236 654 4282 et
682 4245 782 4284 cur
806 4232 943 4287 tanti
964 4244 992 4273 ει
1009 4231 1149 4302 juris
1183 4235 1461 4291 decretum
1489 4251 1597 4291 non
1627 4238 1863 4292 reverita

280 4315 373 4382 sit,
426 4318 729 4377 horrisonis
764 4334 1112 4394 percontatur
1157 4329 1505 4386 clamoribus.
1529 4329 1665 4385 Tum
1691 4332 1860 4400 virgo,

358 4461 385 4489 ι
420 4448 627 4509 Forsan
641 4455 863 4525 judicia.

1976 3401 2224 3471 praebuit.
2250 3401 2500 3458 Christus
2525 3410 2708 3459 autem
2754 3403 2898 3460 Deus
2938 3412 2995 3460 et
3043 3404 3305 3460 Dominus
3358 3411 3569 3471 noster,

1976 3495 2067 3564 qui
2101 3502 2187 3552 est
2233 3494 2445 3564 adjutor
2472 3494 2786 3551 bellantium
2821 3504 2877 3552 et
2912 3505 3217 3568 martyrum
3255 3505 3568 3564 coronator,

1975 3585 2068 3654 qui
2099 3585 2191 3639 dat
2214 3584 2376 3641 lassis
2395 3586 2675 3652 virtutem,
2717 3600 2777 3643 se
2825 3602 3040 3657 quoque
3082 3587 3392 3657 requirendi
3437 3586 3570 3642 affe-

1975 3683 2123 3731 ctum
2160 3676 2467 3743 insinuans,
2498 3677 2782 3748 providam
2809 3677 3060 3748 pulsandi
3098 3676 3324 3745 januam
3353 3676 3569 3731 miseri-

1974 3767 2170 3822 cordiae
2209 3784 2321 3823 suae
2351 3767 2563 3823 confert
2595 3767 2974 3834 intentionem,
3007 3767 3325 3821 multimodo
3378 3781 3563 3822 rerum

1972 3858 2165 3915 effectu
2194 3859 2490 3914 secundum
2518 3858 2784 3929 placitam
2802 3859 2908 3917 sibi
2930 3858 3390 3929 dispensationem
3424 3872 3565 3928 prae-

1972 3951 2165 4006 scitam
2195 3959 2250 4005 et
2274 3951 2713 4022 praedestinatam
2739 3962 2868 4008 ante
2910 3953 3096 4009 mundi
3137 3952 3465 4024 principium
3492 3951 3563 4007 ad

1973 4058 2228 4099 coronam
2256 4044 2505 4114 martyrii
2540 4043 2798 4099 famulam
2830 4060 2982 4101 suam
3021 4046 3079 4101 in
3121 4060 3257 4115 pace
3298 4043 3560 4114 suscepit.

1974 4132 2073 4189 Cui
2095 4142 2179 4189 est
2205 4134 2378 4189 honor
2405 4142 2459 4189 et
2480 4128 2670 4206 gloria,
2696 4136 2870 4191 virtus
2893 4146 2949 4192 et
2990 4145 3233 4207 potestas
3263 4136 3319 4190 in
3362 4133 3561 4190 saecula

1974 4230 2311 4286 saeculorum.
2346 4230 2537 4286 Amen;
2564 4228 2833 4287 Coronata
2869 4241 2954 4289 est
2993 4233 3110 4288 haec
3135 4232 3289 4301 virgo
3316 4245 3410 4285 xw
3453 4225 3561 4284 lia-

1972 4324 2161 4380 lendas
2181 4324 2429 4395 Augusti,
2461 4339 2572 4379 aera
2593 4339 2699 4393 qua
2724 4339 2906 4394 supra.

2045 4466 2071 4505 b
2111 4463 2445 4520 Connivendo
2474 4466 2652 4521 sinito.
2676 4463 2886 4520 MORAL.
