4094 6346
283 423 384 482 821

293 545 3138 576 Mm

1429 417 1914 478 DOCUMENTUM
1949 407 2420 476 MARTYRIALE.

3443 413 3546 472 82!

1595 693 1662 736 IN
1707 690 1954 736 NOMINE
1997 687 2226 732 DOMINI

795 853 1182 984 INCIPIT
1262 831 1572 979 LIBER
1633 851 1668 898 ³
1728 845 2420 977 ΒθθυΜΕΝἸἮΜ
2505 841 3026 974 MAB'I‘IRII

1103 1103 1678 1220 EULOGII
1765 1099 2652 1224 PRESBYTER]
2685 1177 2726 1242 ,

289 1335 474 1416 Quod
507 1333 576 1398 in
607 1347 849 1398 carcere
894 1326 1144 1408 positus
1177 1323 1532 1404 virginibus
1563 1321 1803 1385 Christi
1835 1321 2068 1382 FLonE
2113 1329 2166 1382 et
2203 1323 2435 1384 MARUE
2471 1317 2782 1400 ergastulo
2827 1319 3200 1400 mancipatis
3233 1317 3466 1380 dicavit
3497 1323 3550 1384 δ.

860 1555 1282 1616 PROCEMIUM.

355 1655 456 1724 Qui
487 1655 660 1726 copiis
697 1667 900 1718 rerum,
943 1659 998 1706 et
1037 1645 1318 1716 multiplici
1369 1651 1576 1714 quaestu
1605 1641 1868 1712 pecunia-

285 1763 406 1804 rum
427 1747 750 1816 exuberant,
775 1743 1036 1814 quidquid
1059 1741 1112 1796 iu
1141 1739 1304 1794 rebus
1325 1737 1564 1792 terrenis
1592 1733 1866 1798 affectant,

285 1841 442 1900 facile
471 1849 894 1912 consequuntur.
939 1837 1048 1892 Sed
1079 1835 1248 1890 multo
1273 1833 1432 1888 aliter
1452 1839 1536 1888 est
1561 1831 1788 1900 penuria
1815 1837 1872 1884 et

283 1933 428 1990 fame
455 1933 682 1996 vexatis,
731 1931 824 2000 qui
849 1929 940 1984 vix
983 1927 1354 1998 quotidianum
1389 1923 1588 1978 victum
1637 1935 1870 1992 operoso

281 2025 482 2082 sudore
533 2031 844 2096 capessunt.
901 2021 1060 2076 Dives
1099 2019 1242 2074 enim
1297 2015 1558 2086 cogitavit
1605 2023 1662 2070 et
1705 2015 1866 2080 fecit;

281 2133 488 2191 pauper
511 2117 800 2188 cogitando
819 2113 1038 2172 defecit.
1065 2112 1164 2167 Ast
1191 2123 1292 2182 ego
1323 2109 1428 2164 illis
1457 2109 1618 2179 longe
1647 2105 1872 2162 inferior

279 2215 524 2280 egestate
551 2205 790 2280 scientiae
809 2203 1207 2266 laborantibus,
1231 2209 1288 2255 et
1315 2213 1530 2264 eorum,
1551 2199 1644 2270 qui
1673 2197 1868 2268 exigua

283 2279 588 2354 litterarum
613 2279 882 2368 parcitate
923 2295 1140 2352 subnixi
1169 2301 1316 2359 sunt,
1354 2291 1580 2346 nimium
1619 2290 1866 2354 ultimus,

283 2393 386 2444 hoc
429 2405 565 2462 opus
595 2391 804 2461 abjccto
843 2389 978 2444 satis
1001 2387 1084 2460 (ut
1111 2387 1184 2440 ita
1228 2383 1484 2456 dixerim)
1511 2381 1652 2454 style
1679 2397 1872 2438 sensu-

279 2497 386 2550 que
415 2483 702 2552 digestum,
726 2495 792 2534 cx
821 2495 886 2534 eo
915 2479 1296 2532 Documentum
1317 2475 1558 2546 martyrii
1581 2473 1868 2546 appellavi,

280 2589 348 2628 ex
379 2587 488 2642 quo
515 2563 876 2642 quorumdam
905 2571 1177 2640 virginum
1202 2567 1414 2622 animos
1455 2581 1674 2624 reorum
1718 2583 1870 2622 man-

281 2668 584 2738 cipatarum
617 2667 798 2738 specui
827 2667 896 2720 ad
917 2663 1400 2722 consummandam
1435 2675 1652 2716 cursum
1695 2665 1872 2714 certa-

281 2757 446 2812 minis
473 2759 674 2822 imbui;
717 2773 810 2813 seu
843 2757 968 2827 quia
993 2753 1340 2826 profuturum
1367 2751 1486 2808 fore
1509 2751 1724 2806 eatteris
1743 2749 1870 2804 talia

281 2847 694 2916 exquirentibus
741 2847 968 2902 credidi.
1019 2843 1132 2902 Non
1173 2845 1336 2914 igitur
1383 2841 1650 2898 facundiae
1691 2839 1870 2896 nitore

1899 1555 1954 1616 Α
1981 1553 2068 1608 ﬁci
2091 1563 2148 1608 et
2180 1553 2508 1608 sanctificari
2531 1567 2724 1624 spero;
2757 1551 2844 1610 vel
2871 1551 2994 1622 quia
3023 1551 3218 1606 fecisse
3239 1567 3336 1608 vos
3361 1565 3558 1622 magna

1975 1656 2028 1702 et
2064 1647 2354 1702 laudabilia
2379 1649 2562 1704 verbis
2587 1647 2846 1718 prmdico,
2889 1645 3137 1702 sensibus
3171 1646 3430 1712 admiror,
3469 1645 3556 1700 lit-

1973 1740 2310 1807 terisetfero,
2339 1757 2624 1812 superasse
2667 1757 2764 1796 vos
2795 1741 2962 1806 viros,
3009 1755 3294 1810 superasse
3321 1741 3552 1796 clericos

1973 1833 2166 1888 fateor.
2201 1835 2444 1890 Excessit
2497 1835 2668 1888 virtus
2697 1842 2878 1888 vestra
2919 1833 3176 1904 praeclara
3212 1841 3560 1890 rnonumenta

1972 1917 2238 1990 virorum,
2269 1933 2326 1978 et
2351 1925 2404 1980 in
2437 1925 2672 1980 excelsis
2719 1924 2920 1980 elatum
2949 1925 3148 1980 laberis
3176 1923 3344 1978 vestri
3387 1923 3558 1978 vexil-

1973 2019 2081 2074 lum
2110 2019 2200 2074 dat
2223 2019 2474 2074 omnibus
2491 2017 2592 2090 piae
2615 2018 2944 2088 operationis
2969 2019 3386 2072 documentum;
3421 2016 3558 2072 inei-

1975 2113 2138 2168 tando
2171 2113 2382 2168 desides
2423 2113 2490 2166 ad
2543 2111 2894 2182 triumphum,
2949 2111 3246 2166 imbecilles
3293 2109 3556 2166 armando

1973 2203 2040 2256 ad
2061 2203 2324 2274 praelium,
2349 2203 2554 2258 debiles
2585 2203 2888 2258 roborando
2925 2203 2994 2258 ad
3031 2202 3252 2268 bellum,
3297 2203 3558 2274 tergiver-

1973 2301 2156 2348 santes
2177 2291 2448 2346 hortando
2487 2307 2582 2362 spe
2627 2293 2874 2350 vincendi
2928 2293 3230 2350 redivivum
3259 2295 3328 2350 ad
3377 2303 3562 2348 castra

1972 2395 2330 2460 pugnatorum
2365 2386 2544 2442 facere
2595 2389 2850 2452 reditum,
2889 2397 2944 2442 et
2997 2387 3262 2444 universae
3302 2386 3560 2444 Ecclesia!

1973 2481 2248 2552 specimen
2275 2495 2374 2550 pro
2399 2481 2624 2534 veritate
2673 2481 2940 2536 moriendi
2987 2481 3292 2536 exhibendo
3339 2479 3560 2550 signife—

1975 2589 2114 2628 rum.
2147 2573 2440 2644 Propterea
2465 2588 2574 2628 non
2601 2573 2842 2628 discedet
2885 2573 3006 2628 laus
3033 2581 3212 2628 vestra
3241 2573 3308 2628 de
3335 2587 3430 2628 ore
3457 2573 3558 2628 lto-

1975 2663 2180 2716 minum
2227 2677 2398 2732 usque
2449 2663 2504 2716 in
2537 2663 2814 2718 smculum.
2866 2661 3146 2733 Siquidem
3183 2662 3558 2732 praeconabilis

1973 2763 2056 2810 est
2083 2755 2322 2810 virorum
2343 2755 2592 2820 victoria,
2625 2755 2978 2810 excellentior
3005 2763 3184 2810 tamen
3228 2753 3554 2810 feminarum

1973 2847 2252 2902 extollitur
2275 2847 2482 2918 palma;
2509 2857 2562 2900 et
2588 2861 2710 2902 eum
2741 2861 2994 2916 magnum
3031 2847 3102 2902 sit
3131 2847 3184 2900 in
3231 2846 3364 2900 viris
3391 2845 3558 2900 victo-

279 2953 404 3010 quac
463 2939 594 2992 mihi
635 2938 832 3008 oppido
889 2937 1042 2990 deest
1097 2935 1384 2990 materiam
1431 2933 1554 2988 libri
1599 2930 1862 2994 succinxi,
1897 2925 1944 2986 B
1973 2938 2068 2992 rit]:
2113 2939 2348 3010 signum,
2399 2939 2718 3008 plerumque
2757 2937 2988 3008 gloriose
3031 2937 3332 2994 cﬂ‘cruntur
3377 2951 3560 2990 mares

281 3045 390 3084 non
441 3029 680 3100 leporem
715 3028 928 3082 venusti
963 3025 1232 3082 sermonis
1261 3025 1316 3078 in
1345 3022 1714 3078 exstructione
1753 3019 1872 3089 eius

283 3123 522 3188 intendi;
553 3121 646 3177 sed
693 3121 964 3192 quomodo
987 3135 1084 3190 per
1127 3119 1284 3188 hujus
1331 3115 1676 3172 instrumenti
1705 3115 1872 3170 virtu-

281 3221 390 3268 tem
441 3213 608 3268 Dcum
667 3227 884 3282 possem
929 3211 1234 3280 propitiari,
1292 3221 1522 3276 meoque
1579 3221 1666 3260 me
1714 3213 1870 3260 reatu

279 3303 564 3360 absolvere
593 3303 874 3376 [quoniam
903 3303 1166 3372 scriptum
1195 3307 1314 3354 est:
1351 3299 1456 3364 Qui
1485 3298 1712 3352 conuerti
1735 3297 1872 3364 fece-

279 3395 346 3450 rit
371 3407 712 3466 peccatorem,
741 3395 906 3450 salvat
939 3393 1170 3448 animant
1199 3393 1336 3462 ejus,
1359 3401 1408 3446 et
1441 3405 1658 3444 suorum
1687 3405 1870 3456 coope-

277 3486 346 3538 rit
395 3485 784 3540 multitudinem
831 3493 1166 3552 peccatorum
1213 3481 1354 3552 (Jac.
1403 3495 1456 3544 ν,
1499 3477 1614 3550 20).
1653 3479 1722 3532 Et
1769 3477 1870 3532 ite-

281 3593 442 3632 rum:
477 3577 584 3643 Qui
623 3577 692 3632 ad
727 3576 994 3646 justitiam
1039 3573 1286 3628 erudiunt
1335 3569 1552 3634 multos,
1595 3567 1866 3638 fulgebunt

275 3673 410 3724 sicut
439 3669 604 3724 stelas
631 3669 686 3722 in
731 3677 1006 3738 perpetuas
1049 3664 1362 3720 (cteruitates
1380 3661 1544 3734 [(Dan
1591 3675 1690 3724 xu,
1731 3658 1784 3730 5)
1817 3657 1866 3730 :]

275 3759 404 3814 inde
433 3760 538 3816 hoc
583 3759 906 3828 protemium
953 3765 1010 3814 et
1045 3753 1404 3826 praesentibus
1430 3761 1482 3808 et
1513 3751 1712 3806 futuris
1737 3765 1862 3822 pre-

275 3869 396 3910 cem
425 3855 686 3910 humilem
723 3851 896 3908 defert
925 3851 1242 3912 lectoribus,
1267 3857 1330 3902 ut
1357 3845 1586 3916 simplici
1615 3845 1868 3902 studeant

275 3965 596 4023 percurrere
643 3950 844 4014 animo,
889 3947 1032 4018 quod
1077 3943 1306 4016 simplex
1347 3941 1614 4012 depromit
1665 3938 1862 4002 oratio,

275 4041 616 4110 simplexque
641 4039 864 4096 dictavit
881 4037 1130 4094 intentio.
1153 4037 1220 4092 Et
1243 4035 1289 4092 si
1317 4033 1562 4090 fortassis
1589 4032 1644 4086 in
1675 4031 1868 4098 aliqui-

273 4134 380 4188 bus
419 4147 562 4188 sana:
607 4133 868 4188 doctrinae
897 4131 1222 4188 sententiam
1254 4141 1432 4182 meam
1461 4127 1682 4182 obstare
1713 4137 1868 4192 repe-

271 4227 472 4290 rerint,
491 4209 804 4282 nescientiie
823 4224 898 4290 id,
919 4238 1026 4278 non
1043 4220 1348 4276 voluntario
1367 4217 1542 4274 errori
1565 4215 1862 4280 aseribant;

274 4317 576 4386 meliusque
621 4315 958 4372 emendando
997 4311 1326 4382 indulgeant,
1355 4323 1518 4380 quam
1571 4307 1866 4376 reprehen-

271 4411 454 4466 dendo
481 4407 922 4480 derogationibus
949 4413 1170 4470 vacent;
1199 4403 1326 4474 quia
1349 4417 1456 4456 non
1483 4401 1590 4456 erit
1609 4401 1676 4454 ad
1695 4399 1865 4468 culpat

273 4519 412 4558 mete
467 4503 680 4556 titulum
731 4515 914 4554 coram
961 4499 1188 4554 Domino
1235 4493 1580 4550 referendum
1625 4493 1856 4556 crimen,

271 4593 420 4664 quod
445 4607 550 4648 non
579 4599 662 4648 est
683 4591 930 4652 ultroneo
959 4591 1106 4658 lapsu
1137 4585 1506 4644 commissum.

273 4721 584 4766 EULOGIUS
617 4723 852 4766 senvus
887 4701 1616 4782 cunrsrt(1)vmetmnus
1647 4713 1860 4758 SACMS

357 4803 578 4846 FLORIE
625 4801 704 4844 ET
749 4801 962 4844 MARIJE
1005 4799 1292 4842 CABCERE
1337 4795 1718 4842 COMPEDITIS
1761 4795 1862 4836 SA-

357 4883 594 4926 LUTEM.

345 4967 398 5020 1.
433 4965 666 5020 Parvum
699 4967 802 5022 hoc
829 4979 966 5036 Opus
997 4963 1332 5018 instructioni
1367 4969 1580 5026 vestrm,
1631 4969 1694 5016 ut
1713 4975 1856 5026 reor,

271 5057 666 5122 necessarium,
691 5065 892 5112 sanctae
923 5057 976 5110 in
1006 5055 1234 5110 Domino
1285 5053 1410 5108 Jesu
1451 5051 1672 5108 Christo
1711 5067 1862 5108 soro-

273 5167 383 5214 res,
417 5167 600 5220 operae
635 5151 868 5220 pretium
895 5149 1128 5206 condere
1173 5149 1318 5202 visus
1365 5163 1506 5210 sum,
1551 5147 1694 5216 quod
1749 5145 1860 5202 Deo

269 5251 488 5302 fautore
515 5243 668 5298 vobis
697 5241 790 5296 flet
821 5241 1140 5310 proficuum,
1181 5239 1422 5308 mihique
1455 5247 1508 5292 et
1545 5253 1690 5294 nune
1725 5237 1860 5296 etin

273 5337 460 5392 futuro
515 5336 766 5390 examine
811 5341 994 5404 surget
1039 5333 1092 5386 in
1139 5331 1542 5394 testimonium;
1601 5329 1684 5384 vel
1733 5331 1858 5400 quia

275 5429 446 5498 ipsius
469 5426 634 5490 dono,
666 5433 722 5480 et
743 5425 912 5480 sancti
949 5423 1308 5478 illustratione
1337 5421 1572 5491 Spiritus
1598 5435 1858 5492 organum

275 5519 470 5588 lingua:
501 5533 634 5572 mete
671 5517 940 5588 praeconio
975 5515 1220 5569 veritatis
1261 5513 1456 5582 repleri
1485 5511 1728 5572 confido;
1777 5511 1859 5564 vel

1973 3029 2050 3100 (‘2)
2069 3029 2342 3100 triumpho
2369 3033 2688 3086 adorearum
2713 3025 2970 3096 ;'majoris
2991 3043 3122 3084 vero
3145 3037 3230 3084 est
3255 3027 3562 3082 admiratio-

1971 3123 2056 3178 nis
2081 3121 2240 3178 laude
2267 3121 2552 3178 colendum
2577 3121 2828 3188 feminas,
2855 3133 2878 3160 ο
2896 3135 3008 3176 rem
3039 3119 3232 3176 fecisse
3259 3119 3500 3174 virorum
3529 3135 3544 3180 ;

1973 3215 2170 3286 quippe
2197 3229 2318 3284 quae
2339 3229 2500 3270 sexus
2527 3213 2610 3268 sui
2645 3213 2988 3284 fragilitatem
3021 3211 3222 3274 oblita-3,
3259 3211 3404 3266 celsa
3439 3209 3554 3262 vir-

1975 3314 2144 3358 tutum
2191 3313 2446 3376 appetere
2497 3319 2606 3360 non
2639 3310 2914 3368 verentur,
2949 3303 3004 3356 in
3037 3315 3142 3370 qua
3189 3299 3414 3356 subinde
3443 3299 3556 3354 for-

1971 3397 2106 3450 tium
2149 3395 2302 3466 vigor
2353 3395 2604 3450 lassatur.
2659 3393 2898 3462 Deniquc
2947 3393 3050 3448 hac
3093 3389 3556 3462 magnanimitatis

1971 3489 2170 3544 virtute
2191 3487 2316 3542 olim
2343 3487 2544 3556 legales
2587 3486 2802 3542 feminae
2853 3485 3048 3540 Esther
3093 3493 3146 3538 et
3191 3481 3378 3538 Iudith
3420 3483 3554 3538 sub-

1971 3581 2110 3636 nixae
2165 3580 2400 3644 fuerunt,
2431 3593 2552 3649 quae
2577 3587 2800 3648 propter
2847 3577 3198 3632 salvationem
3227 3573 3406 3644 populi
3459 3572 3552 3626 Dei

1973 3673 2210 3728 hostium
2237 3687 2358 3728 sese
2385 3669 2640 3742 periculis
2670 3667 2992 3736 iniecerunt.
3039 3667 3174 3722 Nam
3229 3681 3332 3720 una
3363 3681 3550 3718 carum

1971 3765 2142 3818 Aman
2173 3765 2226 3818 in
2257 3764 2550 3834 perniciem
2575 3761 2740 3816 Israel
2773 3760 2980 3818 nefaria
3009 3759 3406 3814 machinantem
3431 3771 3552 3826 per—

1967 3845 2136 3900 suasit
2167 3845 2278 3912 regi
2309 3844 2734 3914 crucit'igendum
2783 3845 2958 3916 (Esth.
2991 3865 3086 3916 vn,
3119 3853 3260 3920 seq.)
3305 3873 3318 3906 :
3359 3855 3548 3910 Altera

1969 3933 2200 4002 sopitum
2229 3935 2408 4004 quiete
2447 3935 2700 3990 vitiorum
2730 3936 3128 4010 Holopbernem
3155 3943 3308 3998 salvo
3347 3947 3554 4016 pudore

1965 4025 2192 4094 peremit
2223 4025 2454 4095 (Judith.
2485 4043 2602 4090 xm,
2633 4027 2668 4080 4
2699 4029 2860 4108 seq).
2895 4031 2962 4084 Et
2998 4033 3078 4088 sie
3103 4049 3226 4088 eum
3261 4035 3552 4090 excellenti

1967 4113 2192 4170 victoria
2239 4117 2446 4172 medias
2489 4129 2848 4188 pugnatorum
2897 4123 3044 4178 acies
3091 4125 3360 4188 scindens,
3397 4141 3554 4182 suum

1971 4205 2212 4260 revisura
2239 4207 2494 4276 populum
2535 4211 2642 4266 voti
2679 4226 2900 4282 compos
2931 4215 3255 4284 regreditur.

2039 4297 2090 4350 2.
2117 4297 2270 4354 Unde
2287 4315 2400 4366 vos,
2427 4317 2628 4371 qumso,
2643 4319 2860 4360 sorores
2883 4321 3036 4374 tuere,
3067 4317 3144 4374 ut,
3164 4309 3354 4366 harant
3370 4325 3552 4366 exem-

1967 4387 2054 4456 plo
2079 4391 2386 4454 succinctae,
2413 4395 2466 4446 in
2489 4393 2758 4448 excidium
2801 4395 3098 4452 adversarii
3127 4399 3222 4454 Dei
3251 4401 3554 4458 animosum

1968 4479 2216 4548 spiritum
2252 4483 2506 4554 erigatis;
2539 4494 2674 4540 etut
2715 4495 2824 4540 tam
2849 4503 2944 4542 vos
2975 4503 3136 4558 quam
3176 4499 3452 4548 catervam
3486 4491 3554 4548 Ii-

1968 4570 2164 4624 dclium
2189 4589 2218 4625 a
2243 4575 2562 4644 perditionis
2587 4587 2802 4632 internae
2825 4579 3034 4648 laqueis
3055 4585 3276 4638 eruatis.
3305 4585 3552 4656 Cmptum

1971 4663 2220 4718 anhelatc
2243 4665 2347 4720 iter
2373 4667 2652 4736 perlicere,
2683 4669 2810 4738 quia
2838 4671 2954 4726 hate
2972 4671 3058 4724 via
3087 4673 3302 4730 facilius
3327 4685 3382 4730 et
3405 4675 3552 4728 velo-

1969 4753 2086 4812 cius
2127 4769 2222 4808 vos
2267 4757 2332 4810 ad
2375 4759 2670 4814 thalamum
2712 4761 2892 4830 sponsi
2941 4765 3108 4818 vestri
3143 4767 3420 4834 perducet.
3455 4765 3552 4820 Est

1969 4845 2110 4904 enim
2143 4857 2370 4918 angusta
2413 4857 2468 4904 et
2507 4859 2656 4904 arcta
2689 4851 2902 4916 semita,
2933 4855 3028 4908 sed
3057 4857 3438 4926 compendiosa
3463 4873 3550 4912 ce-

1973 4935 2184 4992 leritate
2211 4955 2304 4994 vos
2339 4941 2438 4996 sub
2469 4943 2632 4998 ttnius
2683 4945 2830 5000 horae
2875 4947 3048 5014 spatio
3079 4949 3144 5000 ad
3175 4949 3356 5018 sponsi
3391 4950 3554 5004 vestri

1969 5029 2254 5098 pervenire
2271 5031 2432 5084 faciet
2457 5033 2728 5102 gaudium.
2755 5033 2872 5088 Non
2895 5037 3034 5090 desit
3059 5037 3298 5090 sacrario
3319 5039 3556 5108 pectoris

1971 5121 2134 5174 vestri
2181 5122 2468 5192 primaevus
2505 5125 2666 5178 ardor
2699 5125 2952 5192 bellandi,
2999 5129 3126 5198 quin
3171 5129 3348 5198 potius
3379 5131 3558 5198 quoti—
3611 5133 3620 5142 ’

1971 5215 2146 5272 dianis
2178 5219 2528 5272 incrementis
2565 5219 2704 5272 intra
2741 5221 3002 5274 mentium
3033 5233 3332 5276 vestrartnu
3369 5237 3554 5278 reces-

1964 5343 2058 5386 sus
2121 5327 2194 5382 sit
2234 5325 2528 5384 adauctus,
2575 5319 2890 5376 solemniter
2937 5313 3231 5384 crepitans,
3272 5323 3428 5380 quasn
3481 5323 3546 5364 ex

1963 5435 2072 5476 uno
2095 5435 2192 5476 ore
2215 5419 2388 5472 ambae
2425 5415 2452 5456 ιι
2481 5413 2718 5470 clamare
2745 5429 2756 5464 :
2791 5407 2924 5462 Mihi
2955 5415 3126 5460 autent
3172 5403 3306 5458 absit
3331 5399 3548 5474 gloriari

1965 5515 2136 5570 nisiiu
2159 5529 2312 5566 cruce
2343 5507 2552 5568 Domini
2587 5505 2690 5558 mei
2719 5501 2848 5556 Iesu
2877 5496 3094 5562 Christi,
3121 5512 3212 5566 per
3233 5510 3384 5566 quem
3419 5489 3548 5564 mihi

273 5579 398 5678 quia
427 5579 982 5680 coeptum-voluminis
1013 5605 1168 5674 hujus
1197 5579 1435 5662 laborem
1463 5605 1532 5660 ab
1557 5619 1624 5660 eo
1647 5613 1702 5660 et
1731 5619 1858 5674 per-
1887 5641 1940 5702 D
1965 5605 2192 5662 mundus
2219 5600 2502 5668 cruciﬁxus
2533 5605 2628 5660 est,
2653 5603 2700 5647 et
2721 5609 2812 5664 ego
2841 5589 3036 5644 mundo
3063 5587 3206 5658 (Gal.
3243 5601 3316 5650 vr,
3347 5579 3458 5656 l4).
3489 5625 3498 5634 .

345 5757 371 5786 ι
411 5743 660 5814 Scriptus
689 5743 832 5800 circa
869 5743 1032 5798 finem
1065 5741 1304 5814 octobris
1331 5741 1458 5794 anni
1485 5739 1610 5796 851.

347 5817 374 5856 b
399 5807 632 5876 Titulus,
681 5815 772 5882 qui
809 5814 864 5868 in
891 5811 1186 5870 exemplari
1227 5807 1466 5876 fuerant,
1507 5825 1698 5868 omnes
1739 5809 1864 5864 reli-

273 5887 512 5954 quimus.
547 5885 754 5940 ΜοιιΑι..

2041 5753 2060 5780 ε
2097 5737 2488 5810 Hispanismus.
2521 5729 2732 5788 Momm.

2037 5811 2064 5852 ί¹
2091 5809 2254 5868 Forte
2273 5809 2578 5862 clamantes.
