4094 6346
519 416 625 473 825

1657 414 1716 469 S.
1760 413 2038 471 EULOGII
2078 407 2395 468 ARCHIEP.
2440 408 2686 467 TOLET.

3693 415 3822 470 82b

589 528 642 582 5.
662 527 792 583 -Νοη
815 542 1162 594 vos,sorores
1180 543 1332 594 meae,
1362 525 1541 582 saeculi
1557 524 1925 581 blandimenta
1949 525 2098 582 deci-
2127 525 2180 585 Α
2203 523 2369 577 ritum
2395 531 2592 592 sperat.
2637 523 2791 590 Quod
2824 524 2870 579 si
2905 524 3070 596 (quod
3111 525 3274 599 absit)
3298 529 3660 598 persecutoris
3705 544 3822 584 vo-

519 617 1102 692 piant,quiChristum
1127 619 1410 674 Dominum
1442 633 1537 674 ore
1567 617 1864 688 apostolico
1877 617 2108 673 audistis

523 714 797 770 dicentem
825 731 837 766 :
873 710 1053 767 Nolite
1075 711 1289 782 diligere
1309 711 1584 777 mundum,
1623 725 1786 781 neque
1812 727 1874 765 ea
1892 725 2009 781 qua:
2050 711 2108 763 in

515 806 716 859 mundo
739 813 880 860 sunt.
908 803 969 874 Si
997 805 1113 874 quis
1127 801 1297 872 diligit
1316 803 1454 856 hunc
1466 801 1740 866 mundum,
1769 818 1872 856 non
1898 810 1971 856 est
1987 802 2107 856 cha-

522 897 654 950 ritas
677 895 858 950 Patris
879 897 1027 948 ineo.
1059 893 1198 959 Quia
1226 909 1376 948 omne
1401 893 1539 964 quod
1559 894 1614 946 in
1637 893 1832 948 mundo
1862 902 1960 959 est,
1985 909 2108 948 con-

520 989 839 1058 cupiscentia
860 987 1033 1040 carnis
1059 995 1106 1039 et
1129 985 1547 1055 concupiscentia
1567 984 1838 1039 oculorum
1852 994 2012 1053 cst,et
2026 1003 2109 1041 su-

514 1079 695 1146 perbia
725 1078 843 1132 vita:
868 1089 888 1127 :
912 1092 1030 1145 qua?
1052 1091 1156 1129 non
1175 1091 1238 1128 ea:
1253 1071 1439 1140 Patre,
1468 1075 1559 1128 sed
1587 1091 1652 1129 ea:
1688 1076 1885 1130 mundo
1910 1083 2006 1131 est.
2038 1075 2109 1131 Et

517 1172 748 1226 mundus
778 1170 995 1224 transiet
1021 1179 1069 1224 et
1095 1169 1512 1240 concupiscentia
1533 1169 1648 1238 eius
1672 1167 1726 1241 (Ι
1749 1167 1912 1223 Joan.
1943 1185 2003 1236 ιι,
2040 1170 2110 1224 15

517 1262 684 1334 seq.).
701 1262 818 1318 Non
842 1277 942 1318 vos
956 1262 1112 1333 copia
1135 1277 1317 1317 rerum
1342 1261 1549 1330 illiciat,
1565 1263 1691 1333 quia
1713 1262 1969 1333 scriptum
1983 1271 2068 1319 est
2093 1282 2105 1318 :

520 1354 701 1409 Nolite
737 1370 952 1426 sperare
996 1355 1053 1408 in
1077 1353 1464 1426 iniquitatibus,
1488 1364 1536 1408 et
1573 1355 1629 1407 in
1671 1353 1870 1424 rapinis
1898 1367 1918 1407 :
1949 1353 2110 1408 nolite

517 1449 885 1519 concupiscere
921 1448 1132 1503 divitias
1156 1464 1174 1503 :
1197 1449 1242 1502 si
1268 1448 1506 1519 affluant,
1541 1446 1698 1500 nolite
1735 1463 1826 1501 cor
1852 1463 2110 1518 apponere

516 1538 693 1612 (Psal.
722 1556 834 1606 LXI,
865 1539 976 1610 Η).
1003 1539 1072 1594 Et
1107 1540 1307 1594 iterum
1337 1557 1351 1594 :
1381 1537 1560 1593 Nolite
1583 1554 1792 1609 sperare
1831 1539 1886 1592 in
1914 1539 2111 1594 incerto

516 1631 826 1685 divitiarum
857 1629 909 1701 (I
950 1629 1085 1685 Tim.
1120 1646 1199 1697 v1,
1237 1630 1350 1701 17).
1382 1628 1500 1684 Non
1553 1645 1650 1684 vos
1679 1630 1919 1685 carceris
1946 1644 2110 1700 squa-

513 1725 655 1780 lidus
694 1725 890 1781 horror
913 1733 1145 1791 avertat,
1168 1739 1289 1794 qua:
1319 1737 1447 1779 vere
1471 1722 1621 1778 scitis
1639 1721 1954 1793 prophetas,
1985 1737 2114 1793 apo-

515 1820 702 1884 stolos,
736 1827 792 1873 et
811 1819 1003 1875 beatos
1029 1826 1300 1889 martyres
1323 1831 1424 1887 per
1449 1815 1748 1871 carceralia
1786 1814 2002 1871 vincula
2038 1815 2109 1870 ad

514 1910 793 1966 etelestem
843 1911 1073 1981 patriam
1123 1909 1436 1980 pervenisse
1493 1927 1505 1962 :

515 2000 902 2070 mysteriorum
932 2000 986 2054 in
1009 2007 1169 2055 antro
1193 1999 1389 2070 positis
1416 1997 1651 2053 revelata
1684 2007 1828 2053 sunt.
1855 1996 1972 2053 Non
2011 2011 2108 2054 vos

516 2093 933 2150 contubernium
985 2102 1293 2149 scortorum
1345 2094 1615 2158 exturbet,
1666 2091 1921 2162 quoniam
1973 2091 2108 2146 scri-

511 2193 665 2255 ptum
700 2193 826 2240 est:
867 2184 1017 2241 Sicut
1047 2184 1162 2239 lilia
1205 2185 1342 2238 inter
1389 2185 1590 2254 spinas,
1642 2183 1718 2237 sic
1774 2183 1944 2237 amica
1990 2199 2106 2237 mea

514 2278 654 2331 inter
678 2277 820 2346 ﬁlias
851 2275 1028 2348 (Cant.
1078 2292 1138 2343 tl,
1165 2275 1223 2348 2)
1273 2292 1287 2331 :
1339 2284 1395 2331 et
1434 2274 1694 2331 Dominus
1736 2273 1953 2344 quidem
1983 2290 2104 2327 cum

511 2373 708 2442 iniquis
738 2373 1014 2443 deputatus
1055 2381 1129 2426 est
1159 2370 1354 2443 (Marc.
1386 2387 1477 2437 xv,
1502 2369 1618 2442 28),
1644 2380 1698 2426 et
1729 2371 1870 2425 inter
1895 2379 2104 2425 utrum-

516 2480 624 2534 que
663 2465 932 2520 latronem
971 2462 1162 2520 aliixus
1198 2472 1300 2519 est.
1333 2462 1450 2520 Non
1503 2479 1600 2533 vos
1642 2463 1872 2519 furentis
1915 2464 2102 2535 judicii

513 2565 694 2611 terror
723 2557 992 2623 immutet,
1027 2557 1284 2626 quoniam
1315 2572 1418 2613 nec
1447 2556 1673 2626 capillus
1704 2555 1772 2612 de
1807 2557 1984 2627 capite
2005 2571 2102 2612 ve-

513 2656 631 2704 stro
654 2648 770 2704 sine
787 2647 947 2718 jussu
977 2647 1154 2703 Patris
1184 2649 1351 2704 vestri
1388 2647 1671 2704 avelletur.
1703 2647 1822 2704 Non
1853 2663 1950 2703 vos
1980 2662 2104 2702 cou-

511 2735 654 2794 vieia
681 2740 1001 2811 injuriarum
1027 2742 1351 2805 deterreant,
1386 2740 1642 2811 quoniam
1675 2740 1938 2811 scriptum
1966 2747 2051 2795 est
2082 2755 2096 2794 :

513 2828 693 2885 Nolite
732 2832 912 2887 timere
953 2832 1288 2903 opprobrium
1319 2833 1609 2899 hominum,
1657 2841 1705 2886 et
1751 2832 2098 2902 blasphemias

511 2940 694 2977 eorum
722 2941 784 2979 ne
813 2926 1075 2980 metuatis.
1125 2924 1276 2981 Sicut
1311 2928 1449 2981 enim
1495 2927 1874 2992 vestimentum,
1905 2928 1979 2980 sic
2017 2943 2098 2980 co-

509 3015 679 3067 medet
708 3031 792 3068 eos
823 3017 1042 3082 vermis;
1067 3025 1114 3070 et
1143 3017 1278 3070 sicut
1302 3016 1449 3083 lana,
1491 3018 1567 3070 sic
1597 3016 1872 3086 deﬂorabit
1900 3033 1987 3070 eos
2027 3018 2096 3070 ti-

511 3125 608 3160 nea
641 3107 775 3177 (Isa.
804 3125 873 3174 LI,
901 3110 957 3175 7,
983 3109 1059 3182 8).
1089 3110 1204 3166 Non
1235 3126 1332 3167 vos
1355 3111 1616 3182 supplicia
1641 3112 1786 3168 illata
1813 3127 2096 3182 pinnarum

509 3211 872 3267 marcescant,
904 3216 1012 3257 non
1041 3203 1350 3260 immanitas
1374 3205 1618 3261 dolorum
1645 3217 1950 3277 exsuperet,
1986 3223 2094 3262 non

511 3292 825 3347 vulneribus
850 3301 1246 3350 tormentorum
1284 3296 1436 3366 vigor
1468 3295 1590 3350 fidei
1620 3305 1815 3352 vestrae
1853 3313 2100 3353 succum-

511 3387 629 3451 bat,
658 3385 784 3456 quia
810 3387 1070 3457 scriptum
1107 3396 1190 3444 est
1221 3405 1233 3441 :
1281 3389 1462 3443 Nolite
1500 3391 1681 3444 timere
1713 3407 1799 3445 eos
1840 3393 1930 3462 qui
1963 3393 2100 3446 occi-

514 3477 645 3530 dunt
685 3493 893 3548 corpus,
936 3479 1127 3533 animae
1175 3495 1291 3534 vero
1340 3480 1393 3533 in
1434 3478 1580 3534 nullo
1621 3489 1836 3549 possunt
1874 3498 2096 3549 nocere;

512 3569 602 3624 sed
635 3569 805 3638 potius
836 3585 955 3624 eum
994 3571 1192 3637 timete,
1234 3571 1326 3641 qui
1353 3579 1520 3638 potest
1559 3586 1749 3640 corpus
1787 3580 1837 3624 et
1865 3573 2099 3627 animam

511 3661 746 3731 perdere,
777 3672 824 3716 et
855 3662 1058 3716 mittere
1081 3661 1138 3716 in
1174 3661 1467 3732 gehennam
1501 3659 1714 3731 (Matth.
1753 3677 1811 3728 x,
1836 3661 1949 3732 28).
1995 3664 2100 3718 Do-

513 3753 767 3808 minuset
794 3753 1052 3825 magister
1092 3760 1275 3808 vester
1308 3752 1412 3807 hoc
1449 3749 1626 3819 jubet,
1661 3765 1878 3807 sorores
1920 3767 2095 3819 meai;

515 3855 568 3900 et
607 3860 673 3901 ex
703 3833 819 3913 ejus
845 3845 1038 3900 deiﬁco
1061 3859 1156 3901 ore
1185 3845 1289 3900 ista
1318 3842 1525 3914 prolata
1551 3851 1694 3899 sunt.
1727 3841 1849 3898 Jam
1874 3860 1981 3900 non
2017 3855 2100 3900 est

517 3937 657 3990 ultra
701 3937 844 4006 quod
886 3945 1116 4004 metuas,
1151 3935 1374 4009 pusillus
1403 3952 1546 4006 grex,
1581 3937 1830 4006 quoniam
1864 3936 2100 4008 compla-

517 4034 624 4085 cuit
671 4030 823 4086 Patri
872 4039 1039 4086 vestro
1071 4031 1199 4085 dare
1245 4032 1384 4085 vobis
1431 4048 1644 4101 regnum
1669 4030 1819 4101 (Luc.
1858 4046 1957 4096 xu,
1985 4029 2098 4102 52).

517 4123 824 4177 Roboretur
857 4137 1079 4192 prorsus
1122 4122 1497 4178 vehementius
1523 4124 1760 4178 humana
1811 4122 2100 4192 fragilitas,

521 4221 576 4267 et
597 4223 814 4269 exserta
853 4229 1018 4268 manu
1051 4215 1104 4269 in
1141 4215 1441 4269 certamine
1466 4229 1567 4283 pro
1589 4215 1700 4269 Deo
1720 4229 1819 4269 suo
1847 4224 2100 4270 exerceat

517 4321 743 4376 pugnas.
776 4305 892 4376 Ipse
922 4307 1072 4361 dabit
1097 4306 1381 4372 auxilium,
1425 4306 1538 4376 ipse
1562 4305 1885 4361 victoriandi
1913 4305 2102 4362 confe-

517 4411 602 4455 ret
629 4401 905 4464 meritum,
926 4401 1016 4470 qui
1043 4401 1146 4455 tale
1169 4399 1508 4454 auditoribus
1528 4397 1721 4453 indixit
1748 4408 2100 4469 praaceptum:

521 4491 658 4546 Ecce
682 4507 773 4562 ego
803 4491 1066 4546 vobiscum
1088 4508 1205 4545 sum
1237 4491 1475 4544 omnibus
1496 4489 1677 4544 diebus
1704 4507 1865 4560 usque
1887 4491 1956 4545 ad
1983 4507 2106 4545 con-

519 4584 923 4638 summationem
945 4583 1124 4637 steculi
1152 4581 1370 4653 (Matth.
1401 4598 1590 4649 xxvm,
1610 4583 1725 4655 20).

590 4675 644 4730 4.
671 4674 1048 4730 Comminatur
1077 4685 1225 4731 certe
1253 4676 1424 4731 hostis
1452 4675 1665 4746 publica
1690 4692 1787 4733 vos
1812 4680 2107 4734 venalitate

521 4769 888 4834 dimittendas,
918 4767 1142 4839 foroque
1180 4768 1550 4838 imponendas,
1584 4776 1640 4822 et
1672 4768 1893 4824 nefariis
1923 4769 2109 4841 vulga-

522 4863 663 4916 rium
695 4860 1098 4932 prostituendas
1143 4858 1618 4927 obscoenitatibus,
1644 4859 1851 4915 crudeli
1890 4876 2110 4916 exsecu-

522 4957 672 5011 tione
706 4953 1075 5010 nundinaliter
1124 4953 1532 5018 distrahendas;
1581 4953 1677 5009 sed
1708 4969 1884 5024 neque
1926 4955 2112 5024 hujus-

453 5115 458 5120 ἢ
525 5046 735 5103 cemodi
763 5047 988 5101 obsecro
1016 5044 1214 5099 sedatis
1238 5043 1511 5098 furoribus
1537 5062 1549 5097 :
1582 5043 1723 5109 Quia
1755 5062 1856 5099 non
1887 5046 2112 5100 derelin-

524 5149 641 5210 quet
671 5137 925 5190 Dominus
950 5137 1148 5206 virgam
1179 5143 1509 5205 peccatorum
1532 5151 1688 5204 super
1715 5145 1908 5189 sortem
1935 5136 2108 5206 justo-

526 5246 666 5295 rum,
714 5237 770 5281 ut
800 5244 902 5282 non
952 5226 1231 5281 extendant
1270 5226 1402 5295 justi
1443 5225 1512 5278 ad
1552 5226 1878 5297 iniquitatem
1921 5245 2109 5283 manus

526 5337 651 5373 suas
684 5316 855 5390 (Psal.
887 5332 1071 5382 cxxw,
1101 5316 1177 5386 5).
1207 5315 1324 5386 Ipse
1358 5315 1505 5369 enim
1545 5329 1641 5370 vos
1667 5316 1925 5386 providus
1951 5332 2107 5372 scru-

529 5425 675 5470 tator
713 5422 1046 5470 secretorum
1076 5420 1382 5466 vestrorum
1410 5409 1688 5480 vestrique
1712 5409 1917 5480 vigoris
1939 5411 2110 5466 colla-

530 5517 616 5562 tor
635 5505 934 5578 propulsari
967 5504 1323 5558 tentationum
1358 5501 1620 5557 molestiis
1658 5517 1768 5557 non
1799 5503 1958 5569 sinet,
1991 5504 2113 5574 qui-

529 5601 631 5654 bus
659 5600 892 5669 probari,
941 5608 995 5653 et
1027 5615 1132 5654 non
1163 5595 1517 5652 succumbere
1540 5609 1700 5665 posse
1720 5603 1959 5650 vestrum
2003 5597 2110 5668 spi-

606 5750 631 5779 α
665 5736 740 5790 De
773 5737 889 5790 Civ.
923 5735 1040 5800 Dei,
1067 5735 1158 5791 lib.
1192 5752 1229 5801 ι,
1259 5752 1380 5806 cap.
1414 5737 1499 5791 18.

608 5808 636 5848 b
664 5806 763 5862 Hic
793 5807 943 5877 locus
973 5807 1186 5877 misere
1225 5805 1407 5861 fuitin
1437 5805 1731 5877 exemplari
1757 5805 1904 5877 lacer
1929 5815 1983 5863 et
2012 5808 2104 5862 de~

534 5887 816 5950 pravatus,
863 5876 1051 5954 Nullus
1105 5891 1326 5944 prorsus
1382 5886 1502 5931 erat
1546 5876 1757 5932 sensus.
1810 5876 1918 5933 Nos
1968 5894 2102 5947 quo-

2209 614 2387 684 luptas
2439 616 2686 686 improba
2735 616 3145 686 intercesserit,
3204 627 3259 675 et
3310 621 3420 675 vim
3476 621 3824 692 corporibus

2209 705 2494 773 inferens,
2549 707 2726 762 dicata
2783 709 2894 764 Deo
2953 711 3198 766 membra
3255 711 3536 769 libidinose
3597 714 3824 769 invitas

2208 797 2568 869 oppresserit;
2627 800 2816 870 procul
2870 802 2942 856 sit
2992 809 3204 857 tantum
3250 787 3320 858 ab
3343 806 3583 875 appetitu
3623 808 3822 862 animi

2208 891 2513 962 perniciosa
2562 892 2882 958 consensio;
2937 894 3066 964 quia
3121 908 3228 950 non
3287 896 3492 966 polluet
3549 907 3824 953 mentem

2210 983 2385 1039 aliena
2444 985 2739 1056 corruptio,
2798 1000 2962 1056 quam
3025 1000 3136 1041 non
3195 987 3364 1042 foedat
3421 991 3642 1060 propria
3709 989 3826 1045 de-

2211 1075 2445 1132 lectatio.

2279 1168 2333 1224 5.
2363 1169 2700 1241 Quapr0pter
2727 1169 2784 1224 in
2825 1170 3019 1226 harum
3052 1171 3411 1227 tentationum
3459 1172 3824 1238 discrimine,

2211 1275 2440 1333 quarum
2469 1263 2620 1335 gravi
2658 1261 3058 1318 conﬂictatione
3097 1263 3226 1319 hinc
3280 1263 3406 1319 inde
3437 1265 3823 1336 prominenti-

2211 1353 2313 1408 bus
2341 1352 2498 1407 bellis
2546 1351 2892 1408 imbecillitas
2936 1352 3175 1408 humana
3221 1361 3478 1421 vexatur;
3509 1356 3638 1411 dum
3685 1371 3830 1412 cor-

2210 1445 2359 1516 poris
2410 1445 2778 1516 integritatem
2820 1446 3072 1501 amittere
3109 1454 3346 1514 veretur,
3398 1437 3483 1503 vel
3529 1449 3826 1519 perditam

2210 1538 2440 1607 periisse
2485 1537 2648 1604 dolet,
2685 1536 2852 1591 etiam
2898 1553 3083 1593 coram
3129 1538 3358 1594 Domino
3399 1541 3624 1610 praemia
3667 1541 3828 1595 inte-

2213 1629 2425 1700 gritatis
2447 1643 2558 1684 sua:
2592 1633 2850 1685 meretur.
2897 1628 3008 1684 Nec
3047 1630 3195 1700 (dum
3229 1632 3372 1686 inter
3412 1632 3663 1688 homines
3691 1633 3824 1687 vim

2211 1735 2487 1792 perpessa,
2513 1721 2628 1791 jam
2677 1735 2805 1776 caro
2849 1721 3024 1790 turpis
3067 1730 3250 1776 notam
3301 1721 3538 1778 infamia:
3571 1723 3828 1779 subiisse

2211 1812 2628 1884 verecundatur)
2655 1812 2863 1869 crimen
2893 1821 3011 1877 est;
3043 1813 3137 1867 sed
3165 1813 3217 1866 id
3244 1813 3427 1883 potius
3447 1814 3822 1878 intuendum,

1565 1907 1854 1977 multisque
1899 1915 2107 1964 secreta
2134 1892 2182 1952 Β
2210 1903 2373 1978 idque
2417 1903 2668 1960 omnibus
2720 1904 2896 1958 modis
2937 1901 3299 1958 affectantium
3353 1912 3457 1972 est,
3509 1905 3655 1976 quod
3709 1921 3828 1961 nos

2210 1999 2320 2054 Deo
2343 1997 2696 2069 inculpabiles
2717 1996 2930 2061 reddat,
2953 2012 3062 2051 non
3084 2005 3262 2050 autem
3285 1997 3638 2052 metuendum
3663 1999 3826 2068 quod

2207 2089 2400 2160 vulgus
2447 2089 2515 2143 de
2566 2087 2726 2143 nobis
2765 2086 3028 2158 judicium
3061 2085 3220 2142 feret.
3253 2085 3523 2152 Quoniam
3554 2102 3668 2143 non
3714 2103 3826 2142 va-

2209 2183 2458 2240 cuahitur
2487 2181 2740 2238 mercede
2765 2180 3188 2251 incorruptionis
3225 2195 3399 2246 mens,
3426 2181 3594 2236 etiam
3619 2185 3823 2236 carnis

2206 2273 2517 2344 integritate
2589 2274 2841 2342 adempta
2868 2313 2883 2337 ,
2955 2272 3249 2328 dummodo
3312 2282 3637 2343 permaneat
3700 2275 3818 2328 sub

2207 2367 2516 2423 testimonio
2566 2368 2649 2423 sui
2701 2366 2930 2438 opiﬁcis
2961 2366 3184 2422 castitas
3234 2366 3511 2422 interioris
3562 2367 3824 2422 hominis

2205 2460 2428 2517 illibata.

2277 2549 2331 2604 6.
2363 2549 2498 2604 Nam
2530 2549 2933 2620 quantumlibet
2963 2549 3290 2606 adversariis
3318 2551 3478 2608 cedat
3507 2552 3819 2608 inﬁrmitas

2204 2646 2409 2712 carnis,
2441 2645 2638 2715 quibus
2681 2647 2870 2702 datum
2921 2654 3006 2702 est
3053 2662 3283 2717 corpora
3330 2648 3630 2714 trucidare,
3691 2660 3816 2704 tor-

2203 2739 2401 2794 mentis
2429 2737 2684 2810 allligere,
2715 2738 2917 2809 stupris
2952 2738 3330 2809 coinquinare,
3369 2741 3661 2811 pinnisque
3707 2741 3809 2796 di-

2201 2830 2374 2887 versis
2421 2831 2707 2898 addicere;
2749 2831 2805 2886 in
2851 2830 2998 2886 nullo
3038 2841 3222 2887 tamen
3261 2833 3550 2888 animabus
3587 2834 3808 2890 sancti-

2202 2923 2328 2976 tatis
2387 2923 2724 2993 propositum
2777 2923 3226 2980 conservantibus
3279 2935 3508 2996 possunt
3563 2941 3802 2984 nocere.

2200 3013 2360 3082 Quia,
2402 3023 2462 3068 ut
2487 3015 2678 3070 beatus
2706 3014 2784 3068 ait
2834 3015 3199 3088 Hieronymus
3232 3035 3247 3071 :
3284 3037 3303 3069 ι
3341 3017 3550 3089 Corpus
3574 3029 3807 3076 sancta-

2200 3123 2323 3164 rum
2353 3107 2639 3163 mulierum
2669 3123 2780 3163 non
2817 3108 2902 3164 vis
2941 3108 3201 3176 maculat,
3241 3110 3336 3164 sed
3363 3109 3637 3180 voluptas.
3678 3130 3696 3163 ι
3727 3111 3806 3166 Et

2203 3202 2400 3256 iterum
2451 3203 2828 3258 sanctissimus
2867 3204 3204 3276 Augustinus
3234 3217 3261 3245 ιι
3307 3223 3320 3258 :
3377 3224 3397 3253 ε
3438 3203 3555 3260 Νοιι
3587 3207 3806 3260 amittit

2203 3308 2400 3364 corpus
2429 3295 2773 3349 sanctitatem
2811 3305 3065 3350 manente
3091 3296 3260 3350 animi
3289 3297 3599 3363 sanctitate,
3626 3297 3804 3353 etiam

2202 3400 2429 3456 corpore
2474 3402 2774 3457 oppresso;
2817 3389 2958 3444 sicut
3002 3391 3329 3446 ammittitur
3380 3392 3633 3462 corporis
3671 3409 3802 3448 san-

2203 3476 2382 3541 ctitas,
2409 3475 2609 3532 violata
2657 3479 2822 3532 animi
2867 3481 3176 3548 sanctitate,
3209 3483 3372 3537 etiam
3422 3498 3655 3554 corpore
3705 3485 3800 3538 in-

2203 3575 2365 3621 tacto.
2403 3587 2421 3619 »
2457 3567 2546 3623 Sic
2572 3567 2793 3640 Joseph,
2818 3571 2898 3625 sic
2921 3571 3206 3638 Jeremias,
3237 3573 3317 3629 sic
3346 3573 3556 3639 Daniel,
3593 3583 3657 3630 et
3684 3583 3800 3630 tres

2201 3661 2376 3728 pueri,
2425 3661 2686 3732 multique
2731 3662 3082 3719 Hebraeorum
3125 3665 3359 3721 fideliter
3391 3666 3563 3722 Deum
3600 3667 3802 3722 colen-

2203 3758 2338 3812 tium
2377 3757 2465 3811 illa
2520 3767 2838 3830 tempestate
2891 3763 3186 3818 venundati
3241 3773 3388 3830 sunt,
3447 3774 3503 3820 et
3542 3773 3725 3820 tamen
3765 3781 3802 3820 a

2201 3848 2370 3904 verbo
2397 3847 2490 3904 Dei
2522 3865 2631 3905 non
2672 3861 3050 3918 recesserunt;
3091 3853 3220 3923 quia
3250 3855 3458 3911 nullum
3499 3856 3554 3910 in
3589 3865 3798 3911 statum

2204 3940 2555 4006 devenerunt,
2595 3955 2703 4010 quo
2741 3941 2907 3998 Deum
2938 3957 3098 3998 suum
3134 3959 3240 3999 non
3272 3945 3610 4008 invenirent;
3646 3945 3799 4000 illum

2203 4031 2391 4101 utique
2415 4031 2442 4070 ι)
2470 4031 2664 4101 ipsum,
2697 4032 2850 4102 cujus
2871 4033 2927 4088 in
2959 4042 3142 4090 mente
3165 4044 3221 4090 et
3257 4037 3562 4093 intentione
3585 4039 3798 4108 passio-

2203 4137 2329 4177 nem
2357 4122 2614 4189 ferentes,
2647 4132 2704 4178 et
2738 4125 2866 4179 dum
2910 4125 3267 4193 caederentur,
3300 4136 3355 4182 et
3388 4129 3516 4183 dum
3539 4145 3800 4185 secaren-

2208 4226 2318 4282 tur,
2333 4227 2388 4272 et
2407 4218 2532 4273 dum
2555 4217 2946 4289 lapidarentur,
2971 4227 3028 4274 et
3048 4219 3176 4274 dum
3198 4205 3582 4288 venderentur,
3598 4221 3801 4277 Christi

2207 4311 2515 4381 passionem
2573 4310 2905 4381 cogitabant,
2963 4311 3057 4381 qui
3102 4312 3269 4382 impio
3304 4321 3427 4383 post
3479 4314 3650 4368 multa
3702 4328 3801 4369 sa:-

2207 4404 2326 4458 cula
2383 4403 2677 4474 proditoris
2731 4403 2982 4474 discipuli
3027 4405 3412 4462 distrahendus
3473 4418 3596 4462 erat
3653 4423 3800 4462 mm-

2208 4495 2432 4552 mercio.

2278 4589 2333 4642 7.
2381 4587 2626 4658 Denique
2677 4587 2844 4644 Jonas
2881 4588 3145 4660 propheta
3196 4589 3294 4646 Dei
3342 4598 3478 4644 nutu
3525 4599 3694 4660 ponto
3733 4591 3802 4643 de

2215 4677 2341 4734 navi
2390 4677 2668 4748 projectus
2718 4679 2963 4751 (1012.1,
3009 4680 3072 4735 ll
3118 4695 3276 4751 seq.;
3325 4696 3387 4748 n,
3415 4681 3441 4735 ί
3481 4683 3661 4752 scq.),
3690 4681 3802 4736 hel-

2215 4768 2380 4824 luinis
2403 4768 2648 4825 faucibus
2670 4780 2877 4840 raptus,
2903 4787 2970 4826 ex
2996 4771 3288 4842 improviso
3311 4773 3524 4828 carceri
3544 4772 3803 4828 horrifico

2217 4862 2579 4934 mancipatur.
2649 4861 2758 4919 Sed
2826 4872 3006 4919 tamen
3071 4879 3264 4934 expers
3325 4865 3506 4919 omnis
3575 4864 3802 4919 rationis

2215 4959 2518 5008 monstrum
2567 4951 2695 5008 illud
2757 4952 3150 5008 rationabiliter
3191 4952 3437 5009 Creatori
3483 4969 3588 5010 suo
3641 4955 3797 5010 obsc-

2218 5061 2422 5117 quens,
2479 5046 2708 5117 mystice
2763 5047 3136 5102 tantummodo
3195 5047 3632 5103 conservandum
3699 5049 3798 5102 sibi

2210 5147 2391 5194 vatem
2421 5138 2688 5194 creditum
2727 5137 2844 5194 fore
2875 5137 3160 5205 intellexit,
3209 5147 3268 5193 et
3294 5137 3419 5193 inde
3465 5153 3574 5193 non
3617 5139 3803 5194 demo-

2212 5232 2447 5288 liendam
2495 5231 2794 5302 perniciter
2844 5231 2948 5286 alvi
2995 5232 3078 5286 sui
3128 5231 3396 5302 specubus
3441 5231 3798 5287 reverendam

2212 5325 2450 5395 praedam
2479 5323 2740 5393 reposuit.
2776 5321 2844 5378 Ut
2869 5338 2989 5393 qum
3011 5331 3129 5377 erat
3155 5321 3433 5392 prophetas
3461 5336 3630 5377 causa
3657 5323 3802 5392 peri-

2217 5415 2347 5481 culi,
2382 5415 2539 5472 fleret
2580 5425 2772 5487 postea
2806 5417 3121 5472 nationibus
3169 5416 3461 5472 creditoris
3507 5417 3568 5471 in
3619 5431 3800 5472 sacra-

2219 5515 2463 5562 mentum
2493 5507 2739 5580 mysterii
2783 5524 2797 5562 :
2825 5518 2880 5566 et
2910 5524 2977 5563 ex
3015 5523 3082 5563 eo
3104 5507 3369 5562 infractus
3395 5508 3720 5574 visceribus,
3748 5516 3799 5561 et

2219 5598 2503 5655 incolumis
2531 5605 2900 5670 permaneret,
2922 5614 2990 5654 ex
3018 5615 3126 5669 quo
3153 5596 3391 5654 triduani
3429 5598 3692 5670 temporis
3719 5613 3802 5654 se.

2213 5762 2321 5874 :in
2343 5747 2504 5802 modo
2539 5746 2833 5817 potuimus,
2883 5745 3290 5803 emendavimus
3319 5755 3376 5801 et
3410 5743 3794 5816 supplevimns.

2265 5833 2426 5874 ORAL.

2265 5833 2426 5874 ORAL.
