4094 6346
311 387 426 445 825

1446 385 1929 447 DOCUMENTUM
1966 383 2160 442 MART
2171 385 2440 442 YRIALE.

3477 396 3584 453 826
3595 399 3600 402 ’

311 505 592 580 pulturam
619 504 812 560 mortis
834 507 1193 576 portendebat
1215 508 1530 572 Dominicaa,
1561 508 1706 577 quod
1735 507 1893 561 abro-
1919 505 1974 569 Α
1995 503 2123 560 dum
2143 545 2159 572 ,
2212 513 2267 560 et
2302 505 2455 576 quasi
2504 502 2720 559 lucerna
2771 505 2827 559 in
2874 505 3160 577 caliginoso
3209 507 3324 562 loco
3383 509 3585 570 lucente

313 613 450 671 gans
473 595 570 652 Dei
596 596 680 651 sui
707 597 978 652 mandatis
1012 613 1230 669 parere,
1259 599 1489 654 Tarsum
1515 597 1709 653 maluit
1754 597 1900 651 navi-

314 705 463 763 gare.
486 687 580 744 Sic
603 701 631 731 ι
661 687 904 745 Malchus
929 693 1226 748 monachus
1249 693 1303 747 in
1326 692 1661 762 captivitate,
1689 689 1899 745 victrici
1930 743 1939 754 ,

314 781 537 837 dextera
559 779 864 836 castitatem
891 789 1094 848 tuetur,
1118 782 1524 853 crudeliumque
1559 782 1899 837 dominorum

305 874 441 946 jugo
459 871 700 938 exuitur,
749 872 875 928 dum
919 888 1020 944 pro
1066 887 1152 939 eo,
1197 874 1570 932 intercedente
1616 872 1895 945 pudicitia,

313 969 526 1017 armata
553 960 758 1032 ungula
782 963 968 1029 servit,
999 964 1222 1019 immani
1250 963 1470 1020 feritate
1496 962 1722 1034 impium
1763 977 1896 1017 cou-

315 1060 499 1108 terens
525 1051 837 1120 Dominum,
877 1054 970 1125 qui
1007 1047 1274 1126 pudicum'
1292 1055 1348 1109 in
1390 1064 1547 1110 antro
1576 1069 1675 1110 suo
1698 1054 1895 1108 immu-

311 1158 438 1198 nem
467 1143 765 1215 reliquerat
785 1143 1074 1201 Malchum.
1100 1144 1193 1201 Sic
1217 1145 1473 1201 Paulinus
1498 1143 1719 1200 Nolanae
1747 1145 1897 1201 urbis

311 1235 633 1306 episcopus,
666 1237 750 1290 vir
781 1236 996 1292 eximiae
1019 1237 1324 1293 sanctitatis
1356 1245 1412 1292 et
1459 1236 1897 1308 incomparabilis

315 1327 519 1392 meriti,
546 1335 772 1397 propter
802 1327 1021 1383 unicum
1046 1327 1222 1384 vidua:
1242 1327 1413 1384 lilium
1458 1336 1649 1399 sponte
1673 1327 1838 1383 subiit
1865 1327 1894 1366 ι)

310 1419 655 1484 servitutem,
692 1418 940 1490 exemplo
987 1420 1099 1476 veri
1143 1421 1388 1492 magistri
1429 1427 1756 1482 commotus,
1801 1418 1896 1488 qui

309 1511 440 1566 dum
467 1511 700 1568 liberum
741 1521 798 1568 et
821 1521 1153 1570 coaeternum
1188 1514 1465 1571 frueretur
1498 1529 1622 1570 cum
1649 1513 1810 1568 Patre
1841 1519 1897 1567 et

309 1603 516 1674 Spiritu
571 1616 760 1663 sancto
821 1615 1017 1662 cuncta
1064 1607 1383 1679 disponendi
1429 1608 1735 1680 imperium,
1793 1620 1894 1663 nec

305 1698 526 1766 praeiret
555 1700 818 1769 genitoris
847 1708 1090 1771 potestas
1123 1701 1465 1771 majestatem
1500 1702 1670 1773 prolis
1699 1717 1892 1756 coaevus

306 1788 698 1858 (quia,natura
740 1791 1054 1849 Divinitatis
1093 1793 1494 1850 indivisibiliter
1539 1795 1890 1865 persistente,

2003 596 2302 652 divinarum
2371 594 2776 667 Scripturarum
2830 607 3100 670 praecepta
3163 609 3584 675 sanctorumque

1995 684 2122 756 jura
2166 688 2457 742 verborum
2503 701 2534 742 e
2582 686 2821 743 tenebris
2861 697 3062 744 nostra;
3105 693 3582 763 peregrinationis,

2001 779 2197 848 quibus
2226 795 2256 834 a
2284 779 2513 834 Domino
2541 787 2597 834 et
2624 779 2907 835 beatorum
2937 783 3213 839 consortio
3242 799 3581 856 separamur,

2001 869 2415 940 contemplanda
2450 879 2608 937 sunt,
2643 879 2700 925 et
2723 873 2987 927 servanda
3008 914 3022 940 ,
3055 873 3219 930 donec
3258 878 3370 932 dies
3409 877 3583 934 luces-

2000 969 2106 1028 cat,
2135 970 2183 1014 et
2211 960 2401 1031 lucifer
2436 962 2640 1016 oriatur
2675 944 2728 1018 in
2757 964 3000 1018 cordibus
3032 967 3222 1021 nostris
3250 967 3338 1038 (II
3371 969 3516 1024 Pctr.
3542 987 3582 1038 ι,

2000 1052 2112 1124 19).
2153 1053 2324 1119 Unde,
2356 1054 2402 1108 si
2429 1053 2599 1110 libero
2628 1063 2850 1126 aspectu
2893 1058 3063 1112 Deum
3091 1073 3318 1115 cernere
3363 1062 3586 1118 anhela-

1999 1160 2138 1211 mus,
2189 1145 2341 1215 prius
2384 1145 2491 1202 ﬁde
2532 1148 2696 1206 corda
2753 1146 3092 1218 purificanda
3137 1159 3282 1218 sunt,
3330 1155 3585 1222 operibus

1999 1240 2472 1308 consecranda,'_et
2493 1257 2651 1298 muro
2679 1242 2965 1298 charitatis
2991 1244 3120 1300 hinc
3149 1245 3277 1301 inde
3312 1246 3583 1316 vallanda,

1998 1332 2192 1401 quibus
2233 1331 2478 1403 profecto
2507 1333 2652 1391 illius
2685 1335 2824 1391 sacri
2864 1336 3143 1410 Evangelii
3185 1341 3476 1410 sponsione
3505 1343 3588 1398 in-

1997 1431 2316 1478 cunctanter
2340 1424 2591 1496 condigni
2639 1426 2956 1495 habeamur,
2987 1443 3094 1499 qua
3144 1429 3346 1486 dicitur
3391 1451 3404 1487 :
3434 1431 3587 1488 Beati

1994 1515 2192 1569 mundo
2220 1516 2396 1583 corde,
2426 1519 2674 1588 quoniam
2696 1518 2797 1588 ipsi
2819 1519 2990 1574 Deum
3015 1520 3260 1576 uidebunt
3281 1522 3499 1594 (Matth.
3529 1541 3584 1593 v,

1994 1604 2072 1676 8).
2098 1605 2224 1660 Inde
2247 1621 2430 1677 quaeso
2462 1622 2582 1674 vos,
2607 1609 2782 1664 beata:
2808 1610 3053 1682 virgines
3073 1653 3088 1679 ,
3121 1627 3191 1668 ne
3215 1615 3454 1684 perdatis
3489 1631 3587 1672 co-

1995 1711 2187 1751 ronam
2216 1697 2368 1754 vobis
2403 1709 2670 1768 paratam,
2719 1717 2819 1758 nec
2865 1717 2963 1759 vos
2994 1720 3024 1758 a
3070 1705 3338 1762 charitate
3377 1707 3588 1765 Christi

1993 1787 2310 1857 cujusquam
2355 1789 2434 1844 rei
2481 1791 2768 1846 mundialis
2815 1793 3106 1850 oblectatio
3155 1806 3438 1869 segreget;
3490 1800 3585 1855 sed

305 1880 594 1938 diversitas
651 1899 1008 1954 personarum
1073 1885 1357 1942 inconfusa
1419 1887 1708 1951 manebat,
1781 1903 1887 1941 una
1915 1879 1964 1940 B
1990 1893 2147 1949 aequo
2173 1879 2355 1935 animo
2379 1895 2504 1936 cum
2530 1869 2800 1951 Apostolo'
2811 1885 3103 1954 praedicate
3131 1886 3376 1944 dicentes
3409 1906 3422 1942 :
3454 1887 3585 1956 Quis

303 1971 604 2042 eademque
624 1972 823 2040 Patris,
849 1984 904 2030 et
920 1973 1041 2029 Filii
1062 2016 1078 2042 ,
1099 1984 1156 2030 et
1175 1973 1412 2046 Spiritus
1439 1976 1612 2032 sancti
1639 1977 1892 2031 substan-

303 2066 379 2120 tia
427 2067 716 2139 existente)
761 2085 866 2122 non
920 2070 1160 2139 rapinant
1213 2069 1500 2123 arbitratus
1554 2078 1630 2122 est
1685 2085 1794 2123 csse
1839 2087 1893 2123 se

303 2157 559 2228 a’qualem
600 2157 748 2225 Deo,
793 2159 884 2214 sed
923 2160 1254 2229 semetipsum
1298 2160 1632 2225 exinaniens,
1668 2160 1893 2230 formant

302 2251 440 2304 servi
467 2253 687 2322 accepit,
717 2251 1013 2306 humiliavit
1040 2270 1094 2307 se
1120 2270 1283 2324 usque
1314 2253 1382 2306 ad
1407 2262 1648 2320 mortem,
1671 2263 1892 2308 mortem

303 2354 481 2398 autem
511 2348 684 2402 crucis
712 2345 933 2420 (Philip.
966 2363 1028 2413 ιι,
1061 2347 1114 2413 6,
1151 2349 1230 2418 8).

377 2438 430 2494 8.
473 2438 834 2511 Quapmpter,
860 2455 1076 2495 sorores
1102 2455 1256 2505 mete,
1288 2442 1391 2496 hoc
1421 2441 1717 2497 Dominicaz
1762 2457 1892 2513 pas-

303 2532 476 2587 sionis
515 2535 792 2604 exemplar
835 2541 962 2588 ante
1005 2533 1192 2587 oculos
1239 2534 1419 2590 cordis
1465 2542 1787 2601 statuentes,
1840 2543 1898 2590 et

305 2621 426 2691 ejus
447 2622 677 2694 vestigia
694 2622 811 2694 jugi
843 2622 1199 2679 meditatione
1226 2633 1532 2694 sequentes,
1564 2639 1723 2679 omne
1761 2632 1896 2679 tem-

303 2713 490 2784 porale
519 2713 967 2785 supplicium‘pro
997 2715 1166 2770 nihilo
1195 2717 1482 2786 reputate?
1509 2715 1647 2783 Quia
1672 2715 1802 2772 licet
1823 2716 1897 2772 sit

306 2819 564 2876 asperum
607 2815 662 2860 et
707 2821 976 2871 amarum,
1026 2809 1190 2863 breve
1223 2815 1404 2862 tamen
1450 2817 1534 2863 est
1585 2815 1748 2878 atque
1801 2807 1895 2863 ﬁni

305 2897 644 2969 contiguum,
671 2905 728 2953 et
755 2899 854 2954 sub
876 2899 1038 2954 unius
1068 2900 1330 2956 momenti
1359 2900 1536 2972 spatio
1574 2909 1666 2955 aut
1693 2900 1786 2971 qui
1814 2899 1894 2954 in-

305 2990 598 3060 fertperit,
623 2999 717 3045 aut
743 2991 1018 3046 sustinens
1039 2991 1240 3046 deﬁcit.
1267 2991 1406 3076 Quia
1435 3007 1610 3063 preme
1634 2993 1681 3048 si
1712 2993 1893 3049 acrio-

303 3095 393 3135 res
443 3091 466 3120 ο
519 3089 667 3149 sunt,
714 3082 822 3138 cito
878 3083 1132 3155 ingerunt
1185 3084 1427 3155 patiendi
1487 3084 1798 3151 delectum;
1847 3086 1894 3141 si

305 3191 437 3230 vero
461 3176 694 3232 leviores
738 3184 887 3243 sunt,
929 3176 1142 3232 facilius
1179 3178 1502 3233 tolerantur.
1551 3177 1609 3232 In
1658 3186 1892 3249 utroque

303 3284 522 3340 semper
545 3270 810 3342 gloriandi
834 3270 985 3328 vobis
1013 3281 1198 3327 manet
1237 3280 1522 3342 tropaeum,
1563 3273 1620 3327 in
1660 3282 1892 3343 utroque

301 3373 523 3430 semper
564 3359 844 3417 felicitatis
885 3361 1191 3417 cumulatur
1250 3362 1563 3432 profectus,
1611 3364 1740 3418 dum
1795 3379 1894 3434 per

299 3452 682 3510 multimodam
710 3455 1172 3511 excruciationem
1199 3456 1364 3512 veluti
1397 3472 1588 3513 aurum
1621 3458 1744 3528 igne
1767 3473 1893 3528 pro-

300 3547 513 3614 batum,
545 3549 795 3618 puriores
815 3549 1014 3605 anima:
1054 3558 1250 3606 vestrae
1281 3551 1655 3607 decidentibus
1701 3554 1892 3610 scoriis

301 3638 559 3694 vitiorum
595 3639 913 3708 redduntur,
960 3650 1017 3699 et
1053 3644 1231 3700 acrius
1268 3659 1430 3716 paena
1460 3655 1748 3717 grassante
1775 3661 1893 3702 ma-

301 3739 487 3785 turum
519 3732 828 3788 laureandis
847 3733 1003 3789 vobis
1034 3734 1202 3790 infert
1227 3736 1534 3804 interitum,
1567 3737 1890 3793 incunctan-

297 3829 387 3876 ter
416 3837 513 3878 vos
534 3823 884 3879 nihilominus
906 3825 974 3879 ad
1016 3837 1203 3880 verum
1233 3826 1568 3897 praemittens
1615 3828 1888 3894 solatium,

297 3917 368 3972 de
396 3931 504 3988 quo
536 3932 634 3986 per
671 3915 996 3988 Prophetam
1035 3918 1234 3974 dicitur
1271 3936 1284 3972 :
1327 3919 1476 3974 Dabo
1517 3921 1592 3974 eis
1640 3919 1889 3973 solatium

293 4025 497 4075 verum,
532 4025 712 4078 pacem
736 4026 891 4080 super
917 4027 1098 4081 pacem
1132 4009 1350 4084 (Jerem.
1384 4028 1499 4078 xw,
1527 4013 1636 4082 15).

369 4101 404 4156 9
454 4101 514 4156 ιη
561 4102 722 4172 hujus
759 4103 920 4174 igitur
947 4104 1073 4159 vita:
1119 4105 1503 4176 corruptione,
1552 4109 1890 4178 quantalibet

295 4192 530 4262 quisque
556 4201 865 4249 nostrorum
903 4194 1292 4264 tranquillitate
1315 4194 1548 4264 fruatur,
1587 4200 1886 4257 commodis

295 4294 599 4356 vegetetur,
647 4287 1008 4356 prosperitate
1049 4287 1290 4354 feratur;
1329 4303 1397 4343 ex
1434 4304 1500 4345 eo
1540 4299 1721 4346 tamen
1760 4292 1886 4362 quia

295 4377 708 4448 peregrinamur
754 4392 785 4431 a
825 4377 1077 4443 Domino,
1114 4379 1288 4450 magis
1329 4378 1720 4438 desolationem
1766 4398 1888 4440 esse

294 4484 459 4539 quam
488 4483 679 4540 pacem
708 4469 763 4523 in
788 4469 1018 4524 veritate
1050 4468 1323 4524 fatendum
1368 4478 1471 4526 est.
1499 4470 1637 4538 Quia
1669 4482 1882 4541 cuncta,

297 4576 419 4630 quae
476 4560 866 4631 temporalibus
907 4561 1068 4616 rebus
1119 4561 1352 4628 haerent,
1409 4571 1464 4618 et
1515 4563 1667 4618 vario
1704 4565 1886 4621 mundi

293 4654 502 4708 lumine
564 4652 1002 4724 perlustrantur,
1064 4652 1418 4709 nihilominus
1471 4655 1697 4710 vanitati
1763 4673 1885 4712 cor-

293 4738 643 4818 i'uptionique
695 4746 1070 4812 succumbunt,
1109 4755 1165 4801 et
1213 4745 1372 4802 facile
1405 4763 1436 4803 a
1474 4757 1618 4804 statu
1669 4766 1767 4807 suo
1805 4752 1883 4807 la-

294 4840 521 4906 buntur,
569 4838 784 4895 dicente
829 4838 1120 4895 Salomone
1161 4858 1174 4893 :
1225 4839 1418 4895 Omnia
1472 4858 1605 4896 vana
1635 4843 1731 4898 sub
1779 4843 1886 4898 sole

295 4930 498 5000 (Eccle.
522 4949 563 5000 ι,
595 4932 706 5003 14).
1863 4984 1866 4988 .

371 5022 456 5076 10.
489 5021 631 5078 Hinc
656 5022 1034 5078 vehementius
1070 5024 1175 5094 piis
1205 5022 1314 5078 Deo
1352 5022 1632 5080 affectibus
1678 5023 1882 5094 suppli-

295 5117 530 5173 candum
561 5126 666 5184 est,
697 5117 1009 5188 sanctisque
1050 5116 1365 5188 frequenter
1393 5115 1588 5172 studiis
1627 5116 1881 5172 insisten-

367 5228 555 5312 ll“Ejus
579 5230 758 5312 Vitam
876 5230 1242 5312 Hieronymus
1280 5231 1493 5312 egregie
1514 5231 1883 5312 “conscripsit,

294 5303 374 5384 ait
399 5300 598 5384 Daren:
643 5303 697 5356 in
728 5309 841 5358 not.
878 5302 955 5384 ad
979 5300 1334 5384 Martyrologl
1385 5300 1473 5356 die
1513 5301 1583 5384 2t
1607 5300 1880 5384 Octobris.

293 5373 378 5428 Ab
402 5375 506 5428 hoc
536 5373 783 5428 diversus
807 5383 910 5437 est,
941 5373 1042 5428 etsi
1066 5372 1333 5428 in'multis
1359 5373 1664 5438 conveniat,
1698 5387 1886 5427 mona-

297 5445 435 5515 chus
471 5443 560 5500 ille
594 5457 754 5515 quem
787 5443 1123 5500 Sozomenus
1145 5442 1536 5500 Malachionem
1569 5454 1748 5510 vocat,
1791 5445 1884 5514 qui

294 5514 488 5586 iisdem
517 5514 847 5586 temporibus
868 5515 1024 5580 vixit,
1046 5515 1113 5570 de
1141 5529 1248 5585 quo
1273 5515 1368 5570 lib.
1399 5530 1469 5580 γι,
1497 5530 1617 5586 cap.
1650 5515 1740 5586 52.

369 5586 409 5660 δ’
429 5585 507 5640 De
533 5584 642 5660 hoc
670 5586 865 5657 insigni
889 5584 1176 5660 charitatis
1201 5586 1449 5660 exemplo
1485 5584 1629 5658 qubd
1658 5585 1715 5660 S.
1749 5584 1896 5660 Gre;

295 5657 481 5730 gorius
545 5656 971 5729 Magnus'prius
1030 5656 1518 5730 commemoravit;
1550 5659 1767 5730 acriter
1830 5656 1895 5716 in:

293 5738 586 5798 utramque
628 5738 840 5800 partem
888 5731 1163 5800 disputant
1190 5729 1428 5800 eruditi;
1471 5729 1565 5784 sed
1611 5738 1666 5784 tu
1699 5730 1884 5800 videas

296 5797 680 5855 Dissertation.
717 5815 790 5854 vn
817 5797 1256 5868 Joan.Baptistaz
1281 5797 1356 5852 Le
1377 5798 1523 5854 Brun
1568 5801 1634 5855 ad
1679 5799 1883 5856 calcem

297 5871 534 5941 Operam
562 5870 623 5924 Β.
653 5870 866 5928 Paulini
899 5871 1027 5927 edit.
1067 5869 1238 5926 Paris.
1279 5869 1437 5925 1685.
1476 5871 1752 5927 Danielem
1779 5870 1883 5926 Pa-

1995 1971 2134 2025 enim
2171 1988 2264 2025 nos
2311 1973 2575 2043 separabit
2617 1991 2651 2028 a
2692 1975 2948 2030 charitate
2987 1976 3126 2030 Dei?
3167 1977 3472 2046 tribulatio,
3516 1997 3585 2038 an

1996 2063 2261 2132 angustia,
2295 2079 2364 2116 an
2392 2064 2704 2133 persecutio,
2751 2082 2820 2119 an
2869 2067 3058 2136 fames,
3109 2085 3182 2123 an
3238 2070 3471 2136 nuditas,
3517 2089 3588 2126 an

1994 2153 2307 2223 periculum,
2339 2172 2408 2208 an
2435 2155 2689 2226 gladius?
2709 2157 2891 2228 (Sicut.
2905 2160 3158 2231 scriptum
3198 2172 3294 2228 est,
3337 2165 3587 2233 quoniam

1995 2253 2206 2314 propter
2239 2253 2289 2299 te
2330 2247 2715 2316 mortiﬁcamur
2742 2257 2850 2303 tota
2880 2251 2982 2314 die,
3021 2253 3266 2306 aestimati
3309 2270 3494 2310 sumus
3530 2267 3588 2311 ut

1997 2336 2103 2390 ovis
2134 2336 2456 2408 occisionis.)
2482 2336 2590 2393 Sed
2614 2341 2668 2392 in
2698 2341 2780 2395 his
2833 2342 3071 2397 omnibus
3114 2361 3424 2414 superamus
3466 2362 3590 2417 pro-

1994 2436 2109 2499 pter
2131 2444 2272 2495 eum,
2297 2429 2389 2499 qui
2411 2429 2597 2485 dilexit
2617 2449 2731 2486 nos.
2758 2431 2945 2489 Certus
2973 2452 3091 2490 sum
3120 2437 3257 2491 enim
3277 2440 3402 2510 quia
3428 2457 3589 2512 neque

1998 2537 2160 2588 mors,
2211 2539 2373 2593 neque
2420 2525 2548 2592 vita,
2590 2542 2752 2598 neque
2795 2528 2992 2599 angeli,
3037 2547 3198 2600 neque
3237 2532 3583 2602 principatus,

1999 2630 2161 2684 neque
2203 2613 2474 2683 fortitudo,
2527 2632 2690 2687 neque
2731 2618 2976 2685 altitudo,
3024 2637 3184 2692 neque
3239 2623 3585 2693 profundum,

1999 2720 2163 2774 neque
2209 2706 2488 2772 instantia,
2533 2724 2696 2778 neque
2746 2710 2948 2779 futura,
2998 2729 3160 2784 neque
3201 2723 3446 2768 creatura
3479 2716 3588 2771 alia

1997 2797 2182 2865 poterit
2226 2813 2319 2851 nos
2373 2814 2620 2868 separare
2670 2817 2704 2853 a
2753 2800 3010 2857 charitate
3063 2802 3182 2869 Dei,
3232 2821 3351 2875 qua:
3405 2816 3481 2860 est
3529 2808 3586 2861 in

1999 2883 2205 2939 Christo
2250 2886 2378 2940 Iesu
2431 2887 2654 2943 Domino
2699 2890 3090 2962 aostrolRom.
3129 2908 3249 2959 vm,
3288 2893 3358 2949 55
3413 2895 3582 2966 seq.).

1999 2976 2139 3043 Quin
2167 2978 2348 3050 potius
2373 2979 2473 3034 ista
2497 2981 2676 3036 omnia
2703 2991 2925 3054 propter
2967 2993 3224 3040 aeternam
3265 2987 3580 3043 retributio-

2000 3082 2123 3122 nem
2159 3067 2514 3125 alacrioribus
2557 3071 2756 3128 animis
2796 3074 3046 3145 votisque
3085 3077 3483 3134 ardentioribus
3531 3091 3587 3136 et

2000 3161 2293 3228 querenda
2339 3168 2486 3225 sunt,
2517 3170 2573 3216 et
2613 3161 2854 3220 ferenda.
2887 3165 3068 3223 Manet
3105 3168 3252 3224 enim
3293 3169 3585 3242 unicuique

1921 3244 1969 3309 C
2001 3249 2142 3319 apud
2180 3249 2468 3305 Dominum
2504 3253 2737 3324 reposita
2762 3254 2965 3312 laboris
3007 3257 3092 3313 sui
3135 3273 3358 3326 corona,
3391 3269 3447 3316 et
3485 3277 3584 3332 pro

1996 3340 2257 3411 qualitate
2284 3343 2599 3400 certaminis
2647 3347 2966 3416 repensabit
3015 3348 3106 3404 ille
3155 3348 3395 3407 fructum
3441 3367 3584 3408 mer-

1995 3433 2162 3488 cedis.

2067 3541 2154 3596 11.
2195 3541 2459 3612 Equidem
2504 3559 2604 3601 nec
2653 3561 2754 3602 nos
2792 3546 2978 3605 divino
3026 3549 3294 3607 beneﬁcio
3337 3558 3586 3610 extorres

1994 3633 2113 3689 fieri
2161 3637 2453 3704 credimus,
2485 3653 2587 3694 nec
2627 3650 2904 3710 expertes,
2953 3651 3048 3698 aut
3090 3644 3336 3715 ingratos
3374 3645 3586 3702 caelesti

1991 3740 2217 3781 munere
2240 3741 2561 3798 speramus:
2597 3730 2744 3799 quia,
2771 3731 2896 3787 licet
2919 3733 3094 3801 inviti,
3126 3743 3306 3791 tamen
3344 3751 3444 3808 pro
3482 3753 3582 3793 no-

1993 3816 2140 3872 mine
2164 3832 2264 3872 suo
2285 3834 2472 3874 sumus
2513 3819 2772 3888 devincti,
2818 3831 2873 3878 et
2913 3823 3023 3879 alto
3071 3825 3468 3896 ergastulorum
3505 3827 3584 3883 la-

1992 3922 2133 3978 queo
2155 3908 2388 3980 deligati.
2419 3910 2644 3982 Repleta
2673 3923 2799 3969 sunt
2822 3915 3122 3985 penetralia
3150 3915 3180 3957 ά
3207 3919 3447 3975 carceris
3473 3919 3584 3976 cle-

1992 4001 2230 4056 ricorum
2261 4001 2522 4068 catervis;
2548 4004 2768 4060 viduata
2800 4015 2884 4062 est
2912 4006 3153 4063 Ecclesia
3189 4023 3346 4065 sacro
3377 4025 3584 4082 pussu-

1993 4092 2104 4147 lum
2130 4101 2185 4147 et
2211 4093 2552 4150 sacerdotum
2597 4094 2794 4154 ofﬁcio.
2845 4096 3083 4154 Horrent
3109 4099 3290 4155 divina
3324 4100 3580 4157 taberna-

1992 4189 2110 4244 cula
2141 4188 2445 4260 squalidam
2473 4190 2840 4258 solitudinem,
2880 4206 3082 4247 aranea
3128 4193 3261 4249 texit
3299 4193 3582 4266 templum,

1991 4288 2181 4338 tenent
2247 4291 2442 4338 cuncta
2509 4282 2804 4339 silentium.
2865 4283 3090 4341 Confusi
3141 4295 3269 4342 sunt
3327 4288 3582 4344 sacerdo-

1994 4373 2108 4441 tes‘,
2154 4381 2211 4430 et
2249 4373 2487 4430 ministri
2525 4373 2752 4444 altaris,
2811 4375 2939 4447 quia
2976 4376 3200 4448 dispersi
3228 4387 3353 4434 sunt
3382 4378 3582 4450 lapides

1991 4468 2286 4522 sanctuarii
2323 4469 2380 4522 in
2422 4469 2590 4539 capite
2627 4468 2863 4523 omnium
2904 4468 3202 4540 platearum
3245 4470 3463 4543 (Thren.
3501 4488 3578 4539 ιν,

1994 4559 2079 4630 1);
2122 4569 2176 4615 et
2217 4559 2586 4617 desinentibus
2615 4561 2672 4616 in
2701 4571 2972 4618 conventu
3009 4563 3228 4635 hymnis
3267 4564 3580 4621 cantionum

1995 4654 2320 4722 cmlestium,
2344 4664 2602 4710 resonant
2622 4654 2806 4710 abdita
2827 4655 3067 4711 carceris
3094 4645 3373 4712 murmure
3391 4664 3584 4712 sancto
3651 4694 3654 4698 η

1993 4747 2346 4819 psalmorum.
2389 4746 2506 4802 Non
2551 4749 2754 4819 promit
2784 4758 2976 4805 cantor
3003 4750 3246 4806 divinum
3278 4764 3496 4806 carmen
3525 4749 3581 4804 in

1992 4839 2226 4909 publico,
2259 4854 2368 4894 non
2396 4855 2502 4894 vox
2530 4839 2830 4896 Psalmistae
2859 4841 3024 4897 tinnit
3053 4843 3109 4898 in
3133 4843 3323 4909 choro,
3349 4841 3430 4914 (5)
3471 4857 3579 4897 non

1992 4932 2164 4988 lector
2189 4931 2542 4988 concionatur
2573 4932 2626 4986 in
2648 4931 2877 5003 pulpito;
2900 4949 3007 4990 non
3028 4931 3218 4994 Levita
3246 4933 3582 5004 evangelizat

1994 5025 2048 5079 in
2078 5024 2294 5094 populo,
2325 5040 2434 5079 non
2461 5024 2713 5080 sacerdos
2753 5027 2875 5082 thus
2903 5025 3068 5082 infert
3094 5025 3376 5080 altaribus.
3415 5023 3570 5092 Quia.

1991 5131 2252 5188 percusso
2278 5125 2518 5186 pastore,
2564 5117 2958 5189 dispersionem
3004 5116 3188 5173 intulit
3234 5116 3578 5172 adversarius

1990 5230 2343 5311 pebrochium
2364 5231 2434 5311 ad
2462 5230 2604 5286 diem
2628 5231 2700 5286 22
2733 5230 2877 5286 Junii
2922 5230 2978 5285 in
3008 5229 3254 5300 Append.
3284 5229 3359 5311 ode
3389 5227 3576 5311 Tribus

1992 5300 2260 5374 Paulinis,
2305 5300 2334 5374 §
2374 5300 2440 5367 ll,
2483 5311 2537 5374 et
2572 5311 2816 5374 ceteros
2861 5315 3092 5374 quorum
3135 5300 3480 5374 meminimus
3521 5301 3577 5355 in

1993 5383 2124 5428 tom.
2179 5373 2202 5427 l
2249 5370 2450 5442 nostra:
2491 5371 2809 5442 Collection.
2864 5370 2932 5425 ad
2981 5384 3103 5440 cap.
3169 5385 3300 5425 xvu.
3372 5370 3572 5441 Opusc.

1993 5442 2051 5498 S.
2083 5443 2273 5500 lsidori
2298 5443 2362 5497 de
2399 5440 2533 5497 Viris
2559 5440 2885 5497 Illust‘ribus.

2069 5525 2093 5555 ο
2126 5515 2207 5570 Ex
2254 5514 2602 5584 antiquorum
2640 5511 3086 5584 philosophorum
3129 5511 3427 5584 subtilitate
3449 5513 3570 5584 hoc

1994 5595 2080 5644 est
2122 5581 2486 5654 desumptum,
2528 5593 2588 5638 ut
2635 5581 3028 5654 exCiceronis
3066 5582 3226 5654 tertia
3264 5582 3568 5654 Tusculana

1993 5665 2237 5728 apparet.
2287 5651 2350 5728 Et
2383 5670 2489 5710 non
2520 5653 2766 5709 absimile
2809 5651 3303 5728 es_t.lllud_Senec.'e
3353 5671 3366 5707 :
3410 5653 3577 5708 Dolor

1991 5723 2205 5794 decidit,
2239 5727 2328 5781 ubi
2350 5743 2454 5793 quo
2479 5734 2701 5789 crescat,
2728 5741 2832 5778 non
2859 5723 3032 5778 habet.
3065 5723 3275 5780 MORAL.

2061 5799 2088 5838 ἀ
2118 5797 2416 5855 Miserailla
2439 5793 2759 5851 Reccafredi
2785 5811 2816 5850 e
2855 5795 2966 5850 isco
3007 5795 3152 5851 item
3191 5811 3286 5850 ora
3308 5797 3572 5868 deplorat,

2083 5871 2282 5922 auibus
2309 5868 2540 5922 Alvarus
2573 5869 2626 5922 in
2655 5865 2776 5922 Vita
2893 5809 3123 5922 Eulogii.
3155 5811 3368 5922 gloriae.

1992 5873 2059 5927 de
2083 5871 2282 5942 quibus
2309 5868 2540 5923 Alvarus
2573 5869 2626 5924 in
2655 5865 2776 5923 Vita
2800 5865 2862 5922 D.
2893 5865 3123 5939 Eulogii.
3157 5865 3368 5924 Monac.
