4094 6346
509 358 615 421 ιιι

1651 353 1708 411 8.
1749 351 2024 413 EULOGII
2063 351 2378 415 ARCBIEP.
2416 354 2662 417 TOLET.

508 472 659 547 gregi
688 469 981 537 catholico,
1010 469 1225 541 privata
1252 454 1477 540 prorsus
1504 464 1744 525 Ecclesia
1768 465 1915 525 omni
1941 480 2098 525 sacro
2123 473 2172 539 Α
2202 466 2593 531 interdicimus,
2618 467 2746 537 quia
2771 465 2881 523 Deo
2908 475 2990 524 est
3011 469 3371 531 obediendum
3398 476 3583 546 potius
3616 495 3780 551 quam

510 564 836 623 ministerio.
864 562 931 621 Et
954 563 1087 619 licet
1104 564 1220 619 haec
1244 560 1397 616 inviti
1424 559 1816 626 sustineamus,
1846 573 1953 615 non
1973 573 2094 617 esse

510 667 692 719 tanien
731 657 1028 717 immunem
1064 670 1249 713 coram
1302 653 1533 710 Domino
1583 652 1946 711 detentionem
1991 668 2091 709 nov

508 758 682 819 stram
714 747 1059 817 conﬁdimus.

580 841 666 903 i2.
711 839 925 909 Quanto
975 853 1072 895 vos
1132 835 1365 893 nobilior
1414 833 1585 908 gloria
1638 834 2093 905 pmdtantiorque

509 947 744 999 corona,
802 948 837 988 ο
884 938 1086 991 sancta:
1144 943 1363 987 sorores
1403 943 1571 994 mete,
1626 934 1914 998 expectat,
1972 940 2093 997 qua

508 1034 700 1098 sponte
748 1024 946 1087 smoqu
992 1032 1049 1079 et
1094 1022 1329 1083 ﬁuxibus
1372 1020 1488 1091 ejus
1530 1022 1925 1098 renuntiantes,
1973 1020 2092 1077 zelo

509 1097 604 1177 Dei
635 1127 880 1184 armata,
906 1116 1183 1187 intrepido
1202 1130 1390 1187 gressu
1422 1122 1611 1173 contra
1638 1097 1847 1171 hostem
1878 1112 2005 1171 ﬁdei
2027 1111 2093 1167 li-

509 1212 638 1269 bero
656 1210 921 1269 exsilistis
945 1209 1240 1280 processu!
1283 1207 1471 1279 Digna:
1499 1206 1714 1276 quidem
1759 1219 1983 1261 munere
2011 1203 2092 1260 di-

507 1302 650 1367 vino,
681 1300 962 1379 condigna
988 1308 1170 1359 autem
1199 1299 1504 1372 prophetali
1544 1297 1789 1364 oraculo,
1816 1308 1923 1369 quo
1956 1297 2091 1353 dici-

506 1401 595 1451 tur
619 1411 635 1447 :
663 1392 768 1465 Qui
792 1403 974 1465 sponte
1001 1383 1267 1447 obtulistis
1283 1391 1348 1447 de
1370 1389 1543 1447 Israel
1570 1390 1777 1445 animus
1796 1398 1993 1445 uestras
2019 1388 2089 1443 ad

506 1484 818 1558 periculum,
860 1484 1148 1551 benedici“
1182 1483 1409 1541 Domino
1444 1482 1645 1554 (ludio.
1688 1497 1741 1547 v,
1781 1480 1859 1551 2).
1902 1479 2091 1535 Profe-

504 1584 687 1635 rentes
713 1576 1084 1635 testimonium
1110 1575 1357 1631 veritatis
1381 1574 1435 1633 in
1464 1581 1742 1629 auctorem
1763 1571 2004 1637 sceleris,
2032 1578 2090 1627 et

501 1671 866 1731 institutorem
895 1670 1137 1742 perversi
1161 1669 1450 1741 dogmatis,
1478 1665 1721 1725 victricia
1752 1673 1940 1721 contra
1961 1680 2087 1721 eum

504 1778 653 1819 arma
682 1763 963 1828 assumite,
981 1760 1224 1832 jejuuiis,
1257 1760 1476 1830 vigiliis,
1505 1757 1864 1823 orationibus,
1894 1766 1951 1813 et
1970 1757 2085 1814 cla-

2197 557 2523 614 hominibus.
2560 558 2815 630 Magister
2839 559 2982 615 enim
3016 571 3197 618 noster
3243 562 3563 635 fundatores
3598 569 3782 628 Eccle-

2196 648 2288 704 siae
2320 648 2605 718 Apostolus
2652 658 2871 715 nostros
2914 652 2982 707 ad
3028 654 3471 723 pradicaﬁmun
3499 660 3783 734 Evangelii

2196 738 2516 805 informans,
2568 741 2672 797 hoc
2714 742 2795 797 eis
2842 743 2990 800 dedit
3034 756 3401 818 praeceptum:
3432 748 3495 806 Si
3529 754 3655 823 quis
3700 772 3781 810 uie

2195 829 2460 900 confessus
2487 830 2663 899 fuerit,
2692 842 2739 887 et
2762 834 2914 889 verba
2936 852 3051 891 mea
3070 836 3127 893 in
3144 841 3480 909 generatione
3498 843 3606 899 ista
3627 845 3783 901 adul-

2194 933 2307 978 tera
2340 934 2387 979 et
2424 927 2731 994 peecatrice,
2771 929 2910 985 hunc
2937 939 2987 985 et
3030 928 3207 987 Filius
3246 932 3475 991 beluinis
3504 936 3785 1004 conﬁtebi-

2194 1024 2302 1081 tur,
2330 1033 2449 1071 eum
2474 1019 2664 1072 uenerit
2693 1019 2749 1073 in
2783 1018 2953 1090 gloria
3010 1019 3190 1077 Patris
3230 1024 3339 1090 sui.
3382 1033 3432 1080 et
3467 1037 3783 1083 metm

2193 1107 2497 1179 angelorum
2544 1108 2740 1180 (Marc.
2787 1126 2906 1178 vru,
2952 1111 3066 1185 58).
3123 1112 3241 1173 Non
3276 1126 3513 1186 oportet,
3560 1132 3785 1175 sum

2191 1215 2348 1266 meae,
2374 1210 2558 1258 votum
2594 1213 2835 1261 vestrum
2867 1204 3079 1261 irritum
3109 1204 3309 1273 facere,
3339 1209 3473 1280 quia
3508 1212 3784 1282 scriptun

2194 1298 2276 1346 est
2300 1308 2313 1346 :
2340 1290 2401 1348 Si
2420 1293 2547 1363 quid
2573 1294 2755 1349 vovisti
2800 1294 2930 1361 Deo,
2967 1312 3031 1351 ne
3060 1297 3289 1353 tarderis
3314 1300 3569 1356 reddere:
3593 1302 3785 1373 displi-

2191 1390 2268 1437 cet
2296 1383 2433 1437 enim
2470 1384 2519 1438 ei
2556 1384 2785 1454 inﬁdelis
2821 1394 2871 1440 et
2910 1386 3074 1442 stulta
3122 1391 3437 1458 promissio;
3483 1392 3580 1447 sed
3613 1394 3785 1463 nod-

2190 1491 2410 1549 cumqtte
2434 1478 2651 1544 noueris,
2685 1479 2860 1535 redde.
2900 1479 3172 1553 Multoque
3210 1483 3395 1540 melius
3420 1497 3500 1542 est
3536 1504 3647 1543 non
3693 1507 3785 1543 eo.

2189 1580 2326 1631 uere,
2363 1582 2519 1637 quam
2559 1576 2675 1639 post
2718 1577 2896 1623 uotum
2942 1571 3201 1640 promissa
3243 1590 3433 1645 negare
3461 1575 3660 1644 (Redi.
3709 1595 3777 1644 v,

2190 1655 2242 1717 5,
2275 1654 2354 1728 4).
2392 1655 2509 1713 Non
2539 1659 2645 1717 erit
2685 1658 2797 1714 Deo
2828 1657 3077 1727 inultum,
3115 1670 3174 1717 ut
3207 1672 3331 1733 post
3371 1666 3776 1723 confessionem

2191 1746 2437 1803 veritatis
2481 1747 2659 1807 denuo
2704 1749 2937 1807 veritate
2984 1751 3265 1823 repudium
3301 1752 3480 1819 detis,
3535 1755 3781 1826 illudilli:

505 1854 771 1919 moribus,
812 1831 1007 1909 diebus
1040 1831 1117 1907 ac
1158 1850 1411 1909 noctibus
1430 1849 1761 1905 insistentes.
1791 1846 1943 1919 Rogo
1967 1862 2084 1913 vos,
2113 1831 2165 1893 Β
2187 1854 2270 1905 θεν
2298 1841 2439 1911 (Ιυοά
2475 1840 2847 1899 mummium
2878 1842 3126 1901 νθΐίιτίιίε
3150 1832 3475 1915 limem“
3516 1848 3779 1905 di'iﬁim'

500 1953 703 2003 sanctae
745 1958 984 2008 sorores,
1023 1957 1093 1998 ne
1121 1941 1397 1998 desistatis
1446 1955 1477 2001 a
1520 1939 1736 2009 coeptis,
1764 1953 1833 1995 ne
1861 1939 2089 1997 cessetis

501 2039 571 2097 ah
612 2037 900 2103 inchoatis,
954 2051 1023 2093 ne
1070 2035 1326 2093 resiliatis
1375 2050 1406 2089 a
1434 2033 1742 2105 praeliorum
1788 2033 2083 2104 auspiciis;

502 2129 631 2200 quia
666 2144 772 2187 non
809 2130 1187 2187 inchoantibus
1217 2126 1520 2200 praemium,
1567 2125 1660 2181 sed
1686 2125 2088 2196 persevcranti-

502 2217 605 2275 hus
630 2218 808 2279 datur.
840 2218 920 2275 Ne
960 2218 1264 2290 respiciatis
1294 2225 1462 2283 retro,
1508 2232 1609 2273 nec
1646 2217 1878 2286 primam
1924 2217 2084 2273 ﬁdem

501 2307 713 2365 irritam
748 2308 977 2375 faciatis,
1008 2324 1133 2377 nec,
1159 2324 1377 2377 manum
1423 2322 1584 2380 super
1610 2315 1851 2363 aratrum
1892 2316 2084 2365 tenen-

507 2411 611 2469 tes,
652 2402 720 2458 ah
762 2402 957 2459 itinere
982 2402 1134 2473 regio
1158 2401 1216 2461 in
1243 2401 1456 2457 devium
1494 2400 1797 2466 declinetis,
1834 2400 2087 2458 festinate

501 2491 571 2547 ad
599 2491 903 2551 mercedem
950 2491 1153 2548 laboris
1184 2491 1349 2547 vestri
1379 2507 1477 2547 vos
1513 2492 1816 2562 accingere,
1860 2500 2085 2549 conten-

500 2580 614 2639 dite
651 2581 722 2637 ad
762 2581 977 2641 culmen
1016 2582 1369 2653 perfectionis
1421 2584 1737 2641 ascendere.
1787 2582 1923 2651 Quia
1962 2592 2087 2655 post

501 2673 789 2735 victoriam
824 2674 980 2731 miles
999 2683 1292 2739 coronatur
1311 2684 1585 2741 strenuus,
1615 2683 1671 2730 et
1692 2673 1805 2743 jam
1832 2689 2085 2733 censum-

502 2774 650 2823 mato
684 2766 893 2833 labore,
921 2767 1205 2825 conductis
1243 2766 1596 2829 mercenariis
1622 2781 1833 2823 merces
1870 2765 2085 2837 dispen-

504 2868 678 2915 satur.
709 2857 852 2915 Nam
873 2867 922 2913 et
941 2859 1031 2931 qui
1050 2867 1214 2915 certat
1238 2859 1293 2917 in
1315 2874 1502 2929 agam,
1527 2874 1632 2915 non
1650 2867 1954 2921 coronatur,
1980 2857 2082 2912 nisi

501 2948 733 3022 legitime
760 2950 1036 3007 certauerit
1065 2949 1151 3022 (ll
1183 2948 1319 3009 Tim.
1353 2965 1411 3015 ιι,
1440 2948 1519 3021 5).
1547 2948 1773 3005 Certare
1798 2964 1927 3007 vero
1958 2948 2083 3020 legi-

501 3039 631 3096 time
657 3047 764 3107 ett,
793 3039 1046 3099 omnibus
1073 3055 1107 3095 a
1131 3041 1296 3099 corde
1315 3039 1553 3099 exclusis
1576 3038 1874 3095 labentium
1902 3055 2081 3096 rerum

497 3124 780 3185 aﬁ‘ectibns
818 3129 1017 3187 intuitu
1058 3129 1375 3200 capessendi
1410 3143 1634 3201 regnum
1670 3128 1955 3194 oculorum,
1988 3138 2083 3189 aut

499 3232 620 3277 cum
651 3218 863 3291 justitia
903 3219 1087 3279 vivere
1124 3195 1304 3291 itaque
1332 3223 1403 3279 ad
1446 3195 1698 3285 mortem,
1730 3228 1822 3279 aut
1866 3235 1975 3275 non
2015 3223 2080 3277 ti-
2107 3195 2151 3258 Ο

497 3323 648 3367 mere
694 3317 917 3383 propter
938 3309 1211 3381 justitiam
1264 3319 1519 3371 mortarii.
1568 3308 1701 3367 Nam
1742 3326 1869 3371 eum
1899 3309 2081 3380 justus

498 3400 798 3458 redivivam
856 3418 1071 3474 semper
1115 3404 1505 3459 daemoniorum
1556 3418 1728 3473 usque
1770 3406 1834 3459 ad
1872 3403 2079 3461 obitum

495 3494 737 3567 perferat
779 3496 949 3563 litem,
981 3511 1082 3555 nec
1128 3497 1304 3559 desint
1331 3498 1399 3557 ah
1439 3511 1506 3553 eo
1552 3495 1878 3555 tentationes
1910 3511 2081 3568 usque

500 3580 568 3639 ad
605 3580 797 3640 ﬁnem:
829 3594 1145 3656 recepturus
1168 3600 1269 3657 pro
1297 3585 1559 3657 qualitate
1585 3586 1898 3642 certaminis
1927 3587 1981 3641 in
2005 3586 2083 3643 fu-

498 3684 622 3734 tnro
652 3674 976 3745 mercedem,
1006 3680 1296 3755 quantavis
1325 3680 1614 3737 sanctitate
1645 3679 1941 3750 praecellat,
1974 3692 2081 3735 non

499 3769 679 3841 pergit
713 3785 960 3839 securus,
988 3785 1096 3831 non
1131 3770 1272 3829 vadit
1323 3770 1392 3826 ad
1436 3756 1960 3843 Deum‘intrepidus.
1988 3769 2081 3826 ille

499 3876 653 3930 vero,
680 3863 797 3939 qui,
825 3865 1083 3921 sectando
1102 3863 1396 3934 justitiam,
1431 3878 1530 3934 pro
1554 3861 1768 3933 justitia
1812 3864 1950 3919 mori
1984 3861 2080 3918 eli-

500 3950 599 4022 git,
651 3952 884 4011 celerem
929 3953 1258 4011 instantibus
1296 3952 1453 4009 bellis
1497 3950 1764 4009 defectum
1812 3950 2078 4024 imponit,

498 4053 872 4114 aeternumque
926 4045 1181 4103 indubius
1229 4045 1295 4101 ad
1350 4060 1571 4114 regnum
1626 4044 1885 4101 ascendit.
1936 4055 1963 4084 ι
1999 4041 2083 4099 Sit

500 4134 676 4205 qualis
707 4136 845 4203 vult,
876 4145 933 4194 et
965 4151 1035 4193 ex
1072 4134 1403 4207 quibuslibet
1438 4136 1693 4192 vitiorum
1738 4133 1945 4204 laqueis
1985 4148 2079 4189 seu

498 4230 843 4301 peccatorum
869 4229 1119 4291 sordibus
1140 4232 1365 4295 venerit,
1399 4230 1613 4286 etiamsi
1649 4227 1828 4283 illotus
1854 4226 1883 4265 δ
1910 4226 2081 4297 bapti-

498 4328 672 4377 smate
699 4316 768 4379 ad
793 4321 1110 4393 martyrium
1134 4321 1524 4387 convolaverit,
1551 4318 1903 4381 nihilominus
1925 4333 2080 4377 coro-

499 4418 679 4463 natur.

578 4496 661 4554 l5.
703 4494 780 4553 Ne
812 4500 1148 4567 terreamini,
1183 4515 1419 4566 sorores,
1449 4497 1724 4554 furoribus
1747 4513 2082 4570 persequen-

502 4590 657 4656 tium,
711 4602 887 4661 neque
933 4586 1236 4647 formidetis
1286 4608 1316 4645 a
1364 4588 1606 4647 faciebus
1649 4605 1860 4658 eorum,
1903 4604 2079 4663 neque

501 4684 646 4739 enim
677 4680 870 4739 timere
890 4699 988 4740 vos
1011 4684 1176 4739 faciet
1208 4683 1468 4743 Dominus
1496 4682 1701 4739 vultum
1722 4680 1953 4738 illorum.
1981 4682 2082 4738 Vo-

502 4774 715 4833 biscum
760 4772 852 4829 ille
890 4783 975 4830 est
1001 4774 1094 4847 qui
1134 4791 1231 4832 vos
1277 4776 1525 4842 armavit,
1561 4775 1699 4832 idem
1740 4784 1959 4849 prOpter
1984 4790 2080 4830 vos

501 4876 704 4943 pugnat
744 4868 838 4943 qui
869 4866 1137 4929 incitavit.
1163 4866 1272 4926 Nec
1294 4869 1548 4942 adjuvare
1570 4870 1793 4925 desistet
1822 4868 1908 4925 ille
1939 4866 2074 4943 ipse,

503 4958 595 5029 qui
640 4974 736 5016 vos
784 4954 853 5016 ad
899 4958 1041 5017 hunc
1072 4960 1432 5033 peragendum
1484 4976 1711 5034 agonem
1757 4960 1941 5034 elegit,
1970 4975 2076 5031 quo

503 5050 729 5110 devictis
772 5052 1157 5113 adversitatum
1204 5054 1457 5121 stimulis,
1484 5071 1667 5111 secum
1699 5056 1821 5128 jure
1849 5055 2075 5127 perenni

502 5158 836 5217 conregnare
861 5143 1026 5201 faciat
1051 5146 1383 5217 temporibus
1410 5142 1653 5201 inﬁnitis.

472 5242 483 5253 ‘
573 5232 660 5289 14.
702 5234 902 5292 Verum
934 5236 999 5292 ad
1046 5252 1141 5292 eos
1181 5236 1464 5293 veniamus
1488 5234 1589 5309 (Δ),
1617 5237 1709 5306 qui
1736 5252 1832 5293 vos
1870 5236 1939 5291 ab
1976 5237 2080 5291 hac

503 5326 802 5385 Intentione
840 5326 1162 5389 inhibendas
1207 5343 1328 5387 esse
1372 5334 1651 5399 putarunt,
1700 5336 1755 5383 et
1788 5327 1934 5385 illam
1973 5327 2083 5399 pri-

505 5416 817 5474 mordialem
866 5420 1258 5476 confessionem
1288 5428 1529 5477 vestram
1558 5417 1852 5489 infringere
1892 5426 1949 5472 et
1982 5432 2079 5473 ne-

506 5520 636 5580 gare
654 5509 956 5581 jusserunt,
1005 5522 1167 5583 quam
1204 5524 1300 5569 vos
1338 5509 1603 5566 incitante
1644 5508 1862 5564 Christo
1889 5517 2081 5579 sponte

506 5613 690 5657 coram
710 5600 893 5669 judice
918 5600 1237 5673 protulistis.
1288 5600 1397 5661 Nos
1431 5611 1612 5661 autem
1640 5598 1768 5657 talia
1798 5614 1895 5656 vos
1925 5614 2084 5671 agere

582 5723 609 5785 ξ
631 5709 1027 5785 ﬁispauismus,
1055 5717 1202 5785 sense
1224 5714 1363 5785 qua!
1388 5714 1630 5785 quisiere.
1652 5710 1870 5785 ΔΜοιιιι.

582 5781 614 5827 δ
636 5780 891 5852 ’1⁸1ιό01οεὶ
915 5785 1053 5839 sacri
1089 5780 1413 5857 baptismum
1439 5782 1697 5838 Flaminis
1725 5791 1923 5839 vorant
1944 5798 2084 5836 mar-

1548 5959 1587 5975 α

2107 4549 2157 4613 ι)

2190 1941 2462 1989 sacratum
2491 1942 2594 1999 est,
2625 1935 2911 1995 mendacio
2938 1934 3212 2006 polluatis.
3239 1935 3341 2006 Qui
3365 1938 3514 1997 enim
3540 1939 3654 1995 ista
3680 1953 3779 1995 vos

2188 2020 2371 2078 facere
2394 2022 2610 2095 jubeut,
2644 2023 2781 2083 nihil
2810 2024 2953 2083 aliud
2978 2041 3139 2097 quam
3166 2027 3385 2087 mentiri
3422 2029 3678 2089 suadent-
3712 2028 3778 2085 Et

2187 2113 2279 2185 qui
2310 2114 2379 2169 ad
2404 2115 2507 2171 hoc
2534 2126 2744 2173 mentes
2771 2126 2984 2175 vestras
3009 2116 3273 2177 inclinare
3304 2121 3667 2187 contendunt,
3696 2122 3779 2177 ni—

2186 2204 2263 2263 hil
2304 2205 2449 2263 aliud
2470 2220 2634 2277 quam
2665 2207 2949 2265 veritatem
2994 2224 3193 2281 negare
3217 2211 3567 2282 compellunt.
3618 2212 3776 2269 Nulla

2188 2296 2367 2367 itaque
2391 2295 2692 2353 differentia
2723 2308 2809 2355 est
2848 2300 2988 2357 inter
3013 2302 3352 2369 mendacem,
3386 2312 3467 2389 et.
3481 2304 3777 2361 veritatem

2186 2396 2472 2460 negantem
2498 2406 2514 2456 ;
2546 2390 2673 2461 quia
2701 2391 2891 2446 eodem
2938 2400 3093 2448 reatu
3120 2392 3253 2449 mihi
3285 2394 3503 2451 videtur
3540 2396 3773 2468 astringi

2184 2496 2313 2537 vera
2352 2481 2643 2557 abrogans,
2691 2498 2799 2555 quo
2849 2492 2906 2539 et
2952 2483 3088 2540 falsa
3134 2484 3475 2557 depromens.
3539 2486 3773 2545 Mendax

2184 2572 2327 2631 enim
2358 2572 2551 2629 nititur
2578 2573 2772 2631 falsum
2802 2584 3171 2631 commentum
3186 2575 3306 2633 loco
3334 2577 3585 2635 veritatis
3624 2579 3769 2637 inse-

2186 2679 2336 2733 rere;
2364 2681 2493 2725 vcra
2521 2676 2701 2727 autem
2728 2668 3009 2740 obtegens,
3037 2669 3251 2727 silentio
3284 2685 3387 2727 suo
3412 2669 3646 2727 falsitati
3674 2671 3771 2726 ad-

2185 2757 2460 2815 ministrat
2498 2760 2756 2831 vigorem.
2804 2759 2944 2817 llinc
2992 2760 3192 2829 evenit,
3242 2769 3298 2819 ut
3342 2763 3549 2817 veritas
3593 2761 3770 2819 celata

2184 2861 2289 2903 non
2317 2856 2517 2918 pateat,
2548 2857 2603 2905 et
2626 2848 2835 2907 falsitas
2860 2850 3089 2907 subnixa
3124 2851 3430 2923 praevaleat.
3463 2851 3771 2922 Utrumque

2182 2954 2313 2997 vero
2357 2956 2523 2997 unum
2568 2952 2717 3009 sunt,
2748 2949 2803 2997 et
2843 2942 2912 2997 ob
2960 2945 3063 2999 hoc
3109 2943 3368 3014 impunita
3419 2957 3533 3003 non
3583 2954 3765 2999 erunt.

2187 3032 2459 3104 Scriptura
2487 3043 2571 3091 est
2602 3035 2745 3091 enim
2770 3053 2783 3091 :
2811 3034 2979 3091 Testis
3025 3035 3194 3107 falsus
3217 3054 3322 3092 non
3346 3038 3445 3093 erit
3478 3038 3769 3110 impunitus

2186 3126 2371 3199 (Prov.
2402 3143 2517 3194 xu,
2548 3127 2627 3200 5).
2659 3128 2725 3183 Et
2753 3128 2948 3185 iterum
2977 3147 2993 3183 ε
3019 3127 3091 3186 0s
3116 3130 3257 3203 quod
3300 3133 3553 3189 mentitur
3580 3129 3767 3187 occidit

2184 3219 2417 3274 animam
2447 3216 2595 3291 (Sap.
2622 3235 2661 3284 ι,
2696 3219 2805 3291 ll).
2838 3219 3019 3288 Quare
3046 3235 3196 3295 ergo,
3220 3223 3589 3279 sanctissima:
3609 3240 3768 3282 soro-

2184 3325 2295 3375 res,
2330 3310 2686 3382 vosmetipsas
2731 3310 3056 3375 interﬁcere,
3100 3320 3517 3384 vestrarumque
3554 3315 3763 3371 anima—

2182 3418 2300 3459 rum
2327 3403 2626 3472 parricidas
2654 3403 2770 3458 ﬁeri
2808 3420 2915 3460 non
2953 3405 3225 3461 timentis?
3245 3405 3430 3477 Neque
3449 3408 3595 3465 enim
3622 3407 3769 3465 aliud

2185 3493 2294 3567 agit
2315 3508 2479 3560 quam
2508 3494 2783 3551 hominem
2811 3496 3033 3563 occidit,
3060 3496 3153 3567 qui
3185 3498 3423 3571 seipsum
3450 3499 3685 3565 occidit;
3713 3510 3767 3555 et

2183 3583 2449 3653 gravioris
2471 3583 2643 3655 culpae
2663 3585 2984 3643 criminibus
3014 3586 3283 3643 obnoxius
3303 3586 3578 3657 judicatur
3609 3588 3769 3645 lictor

2184 3675 2486 3733 animarum
2537 3691 2696 3747 quam
2759 3692 3067 3749 corporum.
3127 3678 3393 3746 Quoniam
3458 3679 3589 3735 elisa
3638 3696 3768 3737 caro

2183 3765 2508 3836 quandoque
2542 3768 2712 3838 surgit
2745 3784 2844 3839 pro
2876 3768 3085 3825 meritis
3110 3785 3235 3826 cum
3256 3770 3437 3827 anima
3479 3782 3768 3845 regnatura

2186 3857 2238 3912 in
2264 3857 2464 3928 gloria;
2498 3858 2644 3915 vitiis
2669 3869 2849 3917 autem
2881 3860 3061 3917 anima
3102 3861 3425 3935 interempta
3461 3878 3645 3923 sccutu
3676 3880 3769 3939 pa-

2182 3945 2321 4002 riter
2342 3961 2563 4003 carnem
2592 3950 2861 4019 pertrahit
2894 3951 2961 4005 ad
2987 3950 3309 4022 gehennam.

2256 4038 2340 4093 15.
2383 4037 2634 4111 Nunquid
2659 4041 2898 4097 mentitae
2925 4042 3057 4098 estis
3085 4043 3138 4097 in
3178 4058 3245 4099 eo
3273 4043 3415 4114 quod
3442 4043 3639 4115 patulis
3682 4062 3764 4102 as~

2184 4132 2514 4189 sertionibus
2548 4134 2599 4188 in
2647 4135 3021 4192 adversarium
3070 4136 3192 4193 ﬁdei
3221 4136 3503 4195 catholica:
3540 4138 3769 4208 protuli-

2184 4224 2317 4281 stis?
2354 4222 2608 4295 Nunquid
2640 4240 2803 4282 omne
2832 4227 3145 4291 convitium,
3177 4228 3321 4298 quod
3347 4229 3401 4287 in
3432 4230 3605 4300 ipsum
3635 4247 3770 4302 pra:-

2185 4314 2331 4369 vium
2363 4312 2680 4373 Antichristi
2713 4315 2943 4383 dixistis,
2968 4333 3077 4373 non
3107 4334 3294 4379 verum
3326 4328 3381 4377 et
3411 4329 3623 4383 certum
3648 4323 3769 4379 est?

2183 4401 2372 4459 Virum
2403 4403 2811 4472 daemoniosum,
2851 4406 3067 4464 Satanae
3118 4409 3446 4477 ministrum,
3488 4412 3771 4471 mendacio

2183 4496 2425 4571 plenum,
2456 4499 2648 4554 mortis
2676 4513 2740 4554 ac
2768 4500 3087 4570 perditionis
3114 4513 3388 4575 perpetuae
3412 4503 3600 4563 ﬁlium.
3630 4504 3773 4563 Nun-

2182 4590 2312 4660 quid
2340 4606 2447 4646 non
2468 4591 2648 4647 omnis
2674 4593 2939 4669 catholica
2968 4594 3210 4655 Ecclesia
3242 4597 3535 4657 identidem
3560 4600 3773 4670 quodet

2185 4698 2281 4739 vos
2302 4683 2411 4738 Deo
2438 4684 2802 4741 testimonium
2836 4685 3035 4743 refert?

2257 4774 2342 4830 ~l6.
2385 4773 2699 4847 Proponunt
2749 4786 2896 4834 certe
2941 4780 3095 4835 vobis
3144 4790 3541 4852 expugnatores
3592 4784 3769 4841 sancti

2181 4866 2442 4937 propositi
2501 4869 2838 4924 eremitatem
2890 4870 3274 4936 ecclesiarum,
3318 4875 3771 4945 compcditioncm

2183 4959 2525 5015 sacerdotum
2558 4970 2603 5025 ο,
2649 4961 3039 5032 dispersionem
3075 4964 3479 5031 ministrorum;
3529 4978 3585 5027 et
3626 4972 3769 5039 quo-i

2180 5066 2289 5106 non
2319 5061 2403 5108 est
2433 5052 2589 5108 nobis
2628 5053 2680 5108 in
2714 5053 2816 5111 hoc
2856 5063 3095 5122 tempore
3125 5057 3471 5127 sacrificium,
3500 5076 3592 5119 nec
3617 5061 3769 5119 boio-

2182 5151 2439 5205 cuustum,
2477 5159 2568 5196 nec
2597 5142 2812 5207 oblatio,
2844 5160 2935 5198 nec
2971 5144 3261 5212 incensum,
3293 5158 3483 5203 cuncta
3524 5162 3771 5206 vastant:-

2185 5233 2447 5306 sacrilega
2492 5249 2688 5299 manu,
2736 5232 3026 5305 omniaque
3074 5238 3323 5292 turbante
3373 5236 3557 5296 favore
3591 5248 3769 5312 tyran-

2184 5324 2310 5381 nico
2345 5324 2505 5397 (Dan.
2540 5341 2625 5392 in,
2649 5324 2719 5383 58
2754 5326 2919 5397 seq.).
2951 5325 3056 5383 Sed
3086 5330 3518 5397 respondendum
3544 5345 3629 5390 est
3660 5334 3761 5391 eis.

2184 5418 2504 5485 sacriﬁcium
2536 5417 2646 5474 Deo
2683 5418 3016 5489 acceptabile
3058 5434 3184 5478 esse
3228 5422 3468 5494 spiritum
3507 5427 3769 5479 contribu-

2188 5507 2351 5563 latum
2394 5506 2567 5579 (Psal.
2608 5525 2660 5573 ι,
2692 5509 2821 5583 19)ε
2859 5518 2914 5564 et
2936 5511 3083 5581 quod
3119 5516 3171 5571 in
3220 5515 3396 5569 anima
3428 5515 3682 5577 contrita,
3719 5526 3771 5567 et

2190 5600 2246 5657 in
2271 5598 2464 5670 spiritu
2488 5600 2807 5659 humilitatis
2829 5603 2908 5661 ita
2938 5618 2968 5660 a
3003 5603 3229 5665 Domino
3254 5605 3637 5678 suscipiantur,
3667 5604 3769 5663 sic!

2191 5717 2403 5787 (prium.
2427 5716 2503 5772 in.

2266 5799 2287 5827 ε
2329 5784 2538 5851 Schot.,
2571 5788 2967 5861 dispositionem
2995 5794 3421 5851 ministeriorum.

3995 950 3997 1021 1

3998 1038 3999 1103 \

4000 1126 4001 1185 ι

4006 1386 4007 1474 ι

4016 1910 4021 2067 μ

4020 2086 4023 2169 ι
