4094 6346
1409 379 1888 440 DOCUMENTUM
1927 375 2400 434 MARTYRIALE.

281 511 338 556 ut
369 503 422 556 in
473 497 802 556 holocaustls
843 497 1074 552 arietum
1099 503 1156 552 et
1201 505 1500 560 taurorum,
1531 501 1586 548 et
1618 495 1760 550 sicut
1799 493 1854 546 in
1885 495 1930 554 Α
1959 491 2107 562 regni
2151 489 2232 546 sui
2289 489 2504 550 ﬁnibus,
2559 485 2716 542 Sicuti
2767 483 3014 550 cernitis,
3045 497 3216 556 genus
3257 483 3546 538 excludere

277 593 514 656 millibus
549 604 810 661 agnorum
851 607 864 642 :
901 589 1026 660 quia
1055 603 1158 642 non
1189 595 1264 642 est
1295 587 1532 657 confusio
1563 585 1856 654 conﬁtenti—

279 684 374 738 bus
405 698 522 738 eum
549 681 708 752 (Dan.
747 679 836 734 ubi
863 677 1058 750 suun).
1089 679 1196 734 Vos
1233 693 1386 749 ergo,
1415 691 1630 734 sorores
1661 677 1856 740 beatae,

271 777 386 848 jam
411 775 468 834 in
491 775 582 832 illo
599 773 698 830 reti
724 773 1004 830 Dominico
1024 779 1194 841 captae
1224 771 1372 836 estis,
1391 771 1530 838 quod
1563 770 1616 824 in
1637 769 1858 824 dextera

277 865 478 938 navigii
551 865 618 918 ad
665 869 994 934 praeceptum
1047 861 1290 932 magistri
1343 859 1596 924 missum,
1647 857 1862 928 plenum

280 956 492 1026 magnis
517 953 758 1024 piscibus
789 951 956 1006 littori
991 951 1296 1020 expositum
1327 957 1412 1004 est
1437 949 1618 1018 (λοιπε.
1643 964 1758 1012 xxi,
1781 946 1856 1018 6),

279 1049 346 1104 ad
375 1047 480 1102 hoc
525 1053 882 1106 reservatum,
929 1049 988 1098 ut
1019 1041 1278 1098 scrutinio
1329 1039 1692 1111 apostolorum
1731 1037 1864 1094 foris

279 1139 438 1194 malis
465 1137 742 1208 proiectis,
767 1135 990 1206 perenni
1013 1149 1110 1190 vos
1151 1135 1408 1190 societate
1427 1131 1730 1204 jungamini
1756 1131 1864 1186 ele-

279 1239 490 1288 ctorum
513 1215 794 1300 catalogis.
827 1226 886 1282 Si
913 1241 1044 1282 vero
1070 1225 1382 1282 sciscitante
1401 1223 1602 1294 judice,
1635 1237 1864 1294 negave-

279 1321 404 1376 ritis
425 1335 524 1376 vos
569 1319 918 1380 maledixisse
942 1323 1146 1382 vatem,
1186 1317 1618 1380 maledicemiui',
1643 1329 1744 1370 nec
1771 1315 1866 1368 de-

279 1417 506 1468 testatas
529 1409 695 1466 fuisse
737 1409 880 1480 quod
905 1407 1168 1464 Dominus
1204 1407 1502 1462 detestatus
1525 1411 1646 1472 est,‘
1665 1401 1862 1474 duplici

278 1511 506 1572 peccato
535 1501 690 1556 eritis
747 1499 1012 1556 obnoxiae.
1061 1496 1238 1554 Unum
1295 1497 1402 1552 erit
1435 1495 1720 1562 mendacii,
1771 1509 1868 1548 neu

279 1597 460 1668 gaude
511 1595 792 1650 veritatem
837 1609 998 1664 quam
1041 1593 1153 1664 jam
1197 1589 1460 1648 confessa;
1505 1590 1666 1654 estis;
1719 1587 1868 1642 aliud

280 1685 650 1742 subtrahendo
676 1699 860 1740 coram
884 1685 1104 1744 inimico
1145 1682 1372 1752 justitiae
1409 1682 1630 1740 verbum
1657 1679 1868 1738 confes—

279 1779 468 1834 sionis.
495 1779 564 1834 Et
609 1786 758 1834 certe
785 1793 906 1848 quae
939 1793 1044 1834 non
1077 1775 1474 1842 maledicimus,
1517 1789 1548 1830 e
1593 1771 1870 1830 contrario

1961 581 2254 638 moliuntur
2272 577 2688 643 Christicolum;
2721 591 2862 632 nunc
2883 591 2982 648 pro
3009 589 3107 630 suo
3133 573 3288 630 libito
3313 581 3544 630 tantum-

1961 675 2120 732 modo
2153 685 2410 730 exercere
2439 685 2538 726 nos
2571 670 2812 724 sinentes
2859 667 3370 732 Christianismum;
3399 679 3544 720 nunc

1961 765 2076 820 dira
2103 765 2364 820 servitute
2391 763 2560 818 fetere
2601 759 2862 816 facientes
2905 759 3014 814 ritu
3035 755 3422 816 Pharaonitico
3447 769 3543 810 su-

1963 855 2146 910 dorem
2169 865 2446 920 nostrum;
2477 867 2622 908 nunc
2643 849 3059 908 intolerabiliter
3079 864 3110 904 a
3137 847 3294 904 nobis
3317 845 3548 916 vectiga-

1961 945 2066 1002 lem
2117 950 2504 1016 extorquentes
2572 941 3018 1012 chirographum;
3077 953 3222 994 nunc
3273 935 3550 1006 publicum

1963 1039 2300 1108 imponentes
2357 1037 2682 1094 miserorum
2739 1032 3044 1090 cervicibus
3097 1043 3350 1094 censum;
3403 1041 3550 1084 nunc

1965 1131 2128 1186 rebus
2150 1145 2250 1186 nos
2271 1128 2608 1192 abdicantes,
2633 1123 2926 1180 crudeliter
2949 1119 3290 1178 detrimentis
3311 1123 3553 1174 atterunt

1965 1239 2166 1280 rerum.
2197 1222 2266 1276 Et
2293 1221 2366 1276 ita
2391 1219 2542 1274 vario
2583 1213 2950 1288 oppressionis
2987 1227 3188 1284 genere
3221 1209 3552 1266 orthodoxe-

1965 1333 2082 1376 rum
2107 1315 2394 1386 fatigantes
2422 1319 2772 1374 conventum,
2800 1307 3124 1374 diversoque
3155 1299 3550 1374 persecutionis

1965 1411 2184 1468 incursu
2215 1423 2436 1480 gregem
2491 1405 2794 1474 aﬂligentes
2825 1398 3186 1462 Dominicum,
3239 1401 3452 1466 gratum
3496 1407 3554 1446 se

1967 1502 2076 1556 Deo
2099 1515 2198 1556 suo
2215 1499 2416 1554 nostris
2437 1495 2668 1566 iacturis
2688 1491 2916 1548 credunt
2937 1495 3196 1560 praestare
3213 1482 3550 1552 obsequium.

1967 1589 2180 1658 Quanto
2209 1597 2336 1644 tunc
2356 1585 2701 1658 praestantior
2727 1580 2882 1638 nobis
2909 1575 3078 1650 gloria
3109 1589 3138 1630 a
3165 1573 3391 1628 Domino
3419 1585 3554 1640 prae-

1967 1687 2222 1746 staretur,
2253 1679 2322 1744 si,
2350 1677 2614 1732 desidiam
2642 1677 2980 1744 respuentes,
3013 1667 3336 1722 documento
3375 1669 3556 1716 vestro

1968 1771 2210 1834 excitati,
2229 1769 2358 1824 talia
2384 1781 2644 1838 peragere
2671 1763 3073 1822 festinarcmus,
3099 1773 3198 1812 nec
3221 1771 3320 1810 nos
3349 1753 3450 1808 sub
3476 1750 3556 1804 di-

281 1871 674 1936 benedicimus,
711 1878 766 1926 et
793 1885 952 1940 quem
981 1885 1090 1926 non
1113 1869 1470 1932 detestamur,
1499 1867 1656 1938 quasi
1685 1865 1866 1920 faven-
1893 1859 1942 1920 Β
1967 1864 2094 1922 vino
2127 1861 2304 1932 impia:
2337 1859 2514 1932 gentis
2543 1857 2794 1912 laborare
2821 1849 3042 1908 stimulo
3071 1843 3416 1920 pateremur?
3445 1839 3554 1898 Sed

279 1963 348 2018 do
381 1971 578 2020 nostrae
617 1962 864 2018 societati
901 1961 1256 2020 admittimus.

351 2054 437 2108 l7.
465 2053 614 2109 Unde
643 2054 1000 2110 insistendum
1025 2063 1132 2120 est,
1171 2069 1390 2110 sorores
1417 2069 1570 2118 mete,
1603 2061 1662 2106 ut
1687 2059 1864 2122 empta

279 2147 418 2202 bella
447 2161 568 2202 cum
615 2147 798 2202 divino
837 2147 1038 2202 auxilio
1065 2147 1122 2202 in
1169 2161 1302 2218 pace
1331 2147 1866 2202 animarumvestra-

279 2253 400 2292 rum
425 2239 838 2304 consummetis,
869 2253 1076 2308 nosque
1101 2239 1300 2308 potiori
1327 2237 1634 2292 interventu
1665 2235 1734 2290 de
1755 2249 1868 2290 cm-

277 2326 506 2384 lestibus
553 2329 830 2384 tueamini.
859 2329 1128 2396 Quoniam
1165 2331 1210 2386 si
1249 2330 1330 2386 sic
1353 2329 1508 2384 vobis
1535 2329 1656 2398 pius
1685 2329 1868 2384 Domi-

279 2435 380 2474 nus
403 2435 508 2476 non
531 2421 684 2476 deest
713 2421 948 2488 auditor,
979 2421 1193 2478 facilius
1221 2431 1400 2478 tamen
1431 2420 1549 2488 ejus
1577 2421 1868 2476 contuber-

279 2511 386 2566 niis
415 2511 768 2576 cobaerentes,
807 2513 1070 2584 quidquid
1109 2515 1178 2570 ab
1208 2529 1272 2570 eo
1301 2513 1568 2583 petieritis
1592 2512 1868 2582 impertie-

281 2609 386 2654 tur.
421 2599 558 2667 Quia
587 2601 666 2658 sic
697 2601 1044 2662 immaculata
1075 2601 1362 2672 virginitas
1389 2601 1572 2656 liberis
1617 2601 1868 2670 passibus

279 2693 568 2748 Dominum
591 2695 854 2764 sequitur,
877 2695 957 2750 sic
979 2695 1177 2750 munda
1199 2695 1420 2750 castitas
1441 2709 1472 2748 a
1491 2691 1870 2763 Redemptoris

277 2787 362 2840 sui
391 2788 666 2842 consortio
695 2803 802 2842 non
833 2787 1102 2852 avellitur,
1131 2787 1210 2842 sic
1238 2787 1412 2846 etiam,
1431 2799 1704 2856 purpureo
1726 2799 1870 2840 utar-

279 2877 406 2947 tyrii
431 2893 648 2948 aspersa
679 2893 876 2934 cruore
913 2877 1076 2932 sertis
1103 2877 1466 2934 diadematum
1495 2875 1688 2930 victrix
1737 2874 1874 2928 ami-

278 2977 368 3024 cta
405 2969 716 3024 comitatur.
744 2969 888 3026 Deus
925 2971 1070 3025 enim
1113 2969 1410 3026 Ecclesiam
1459 2983 1612 3024 suam
1639 2985 1670 3022 a
1700 2967 1868 3024 molo-

279 3061 390 3140 stia_
417 3061 708 3116 vastatoris
735 3061 1002 3128 defendet,
1033 3077 1134 3118 nos
1175 3075 1406 3132 quoque,
1443 3063 1584 3118 sicut
1613 3061 1868 3124 voluerit,

281 3151 484 3208 invicta
513 3161 784 3222 potestate
815 3155 882 3209 de
905 3153 1136 3208 vinculis
1157 3153 1276 3209 istis
1301 3163 1474 3218 eruet,
1505 3161 1562 3208 et
1581 3153 1866 3218 custodiet,

1967 1970 2066 2012 nos
2095 1953 2278 2008 miseri
2299 1965 2488 2008 eorum
2515 1947 2770 2004 Oblectati
2799 1942 3094 2000 sceleribus
3119 1955 3228 1994 non
3257 1937 3550 2004 incongrue

1963 2047 2264 2102 Psalmistw
2327 2045 2646 2098 denotamur
2689 2035 2944 2100 oraculis,
2993 2031 3084 2102 qui
3133 2031 3252 2084 ait:
3285 2023 3558 2080 Contulisti

1967 2152 2088 2198 sunt
2125 2143 2261 2196 inter
2285 2147 2486 2210 gentes,
2534 2145 2580 2190 et
2619 2133 2912 2192 didicerunt
2944 2143 3100 2198 opera
3132 2138 3334 2186 eorum,
3367 2127 3412 2174 et
3444 2134 3554 2174 ser-

1967 2237 2168 2292 uierunt
2191 2231 2520 2302 sculptilibus
2546 2243 2746 2292 eorum,
2773 2233 2820 2278 ct
2851 2221 3048 2292 factum
3073 2227 3146 2272 est
3179 2215 3286 2272 illis
3307 2215 3364 2268 in
3401 2227 3556 2268 scan-

1967 2327 2148 2382 dalum
2177 2323 2348 2396 (Ptol.
2376 2339 2462 2388 cv,
2491 2321 2580 2387 ‘55,
2603 2319 2716 2390 56).
2743 2317 2876 2380 Heu,
2902 2313 3040 2386 proh
3061 2310 3242 2366 dolor!
3277 2307 3404 2376 quia
3431 2319 3550 2359 esse

1969 2423 2070 2476 sub
2091 2419 2342 2492 gentibus
2386 2415 2606 2472 delicias
2653 2418 3046 2482 computamus,
3089 2403 3384 2474 iugumque
3431 2411 3556 2492 cum

1969 2487 2274 2570 inﬁdelibus
2311 2509 2512 2564 ducere
2539 2519 2644 2560 non
2685 2501 2992 2556 renitimur.
3025 2496 3088 2552 Et
3137 2493 3258 2548 inde
3285 2505 3347 2546 ex
3378 2487 3560 2571 quotif

1969 2605 2130 2658 diano
2181 2617 2280 2656 usu
2325 2599 2540 2654 illorum
2601 2593 2898 2664 sacrilegiis
2943 2591 3262 2660 plerumque
3317 2583 3556 2644 utimur,

1971 2695 2247 2764 magisque
2301 2691 2536 2760 ipsorum
2593 2681 2948 2740 contubernia
3007 2677 3358 2744 anhelamus,
3397 2685 3556 2740 quam

1971 2795 2032 2840 ut
2065 2783 2312 2852 exemplo
2331 2780 2468 2836 Loth
2491 2775 2818 2848 patriarcha:
2851 2771 3040 2828 relicto
3067 2765 3401 2826 Sodomitieo
3429 2777 3558 2818 rure

1972 2876 2024 2930 in
2055 2883 2238 2930 monte
2265 2871 2554 2928 salvemur.

2043 2967 2128 3022 19.
2163 2965 2232 3018 At
2263 2979 2375 3030 vos,
2399 2961 2572 3016 beatae
2606 2957 2864 3030 virgines,
2891 2963 3180 3026 postquam
3205 2959 3422 3008 streuuc
3451 2943 3556 2998 bel-

1971 3057 2188 3112 latrices
2219 3057 2286 3110 ad
2315 3053 2588 3124 publicum
2633 3049 2922 3120 prosilistis
2949 3053 3252 3108 certamen,
3281 3049 3334 3096 ct
3373 3049 3556 3090 coram

1975 3151 2192 3222 regibus
2229 3157 2284 3202 et
2307 3143 2640 3216 principibus
2686 3139 2872 3196 mundi
2907 3135 3174 3208 intrepida
3223 3127 3564 3188 confessione

283 3217 614 3314 sedibusque
643 3245 874 3314 propriis
903 3245 1158 3300 misertus
1199 3217 1469 3300 restituet.
1499 3242 1608 3300 Vos
1639 3217 1870 3310 tantum,
1901 3225 1944 3290 Ο
1978 3217 2251 3312 repulistis
2293 3237 2518 3310 iustitiae
2575 3235 2818 3296 hostem;
2881 3226 3226 3302 pugnandum
3281 3229 3366 3282 est
3413 3217 3568 3274 vobis

285 3347 526 3402 sorores,
579 3347 926 3408 perseverate
971 3353 1142 3408 usque
1183 3339 1252 3392 ad
1299 3345 1530 3394 mortem
1567 3339 1768 3404 carnis,
1815 3345 1876 3392 ut

283 3443 396 3484 non
445 3429 620 3486 solum
666 3431 970 3486 animarum
1011 3431 1306 3502 periculum
1361 3431 1624 3498 evadatis,
1685 3445 1872 3486 verum

283 3519 452 3574 etiam
505 3519 558 3574 in
613 3517 776 3574 vitam
823 3528 1082 3576 aeternam
1125 3535 1216 3576 eas
1269 3521 1610 3586 custodiatis,
1661 3519 1880 3582 dicente.

285 3609 518 3664 Domino
546 3623 560 3662 :
593 3607 696 3676 Qui
731 3610 1018 3680 perdiderit
1055 3611 1286 3666 animum
1327 3629 1478 3664 suam
1521 3621 1730 3682 propter
1771 3627 1870 3678 me,

285 3700 342 3754 in
371 3701 527 3754 vitam
558 3711 806 3756 (sternam
838 3703 1090 3756 custodiet
1121 3719 1234 3758 eam
1266 3703 1482 3774 (Matth.
1529 3721 1582 3770 κ,
1606 3703 1718 3776 59).

363 3789 452 3844 18.
497 3790 650 3846 Tunc
679 3799 858 3846 autem
887 3809 994 3864 quo
1021 3803 1182 3864 pacto
1209 3793 1560 3866 inculpabiles
1587 3795 1798 3862 essetis,
1831 3795 1878 3850 si

287 3883 564 3938 communi
589 3899 712 3938 cum
741 3891 926 3938 nostra
955 3883 1197 3940 Ecclesia
1227 3885 1440 3940 silentio
1467 3887 1520 3940 iu
1549 3887 1652 3942 hac
1675 3901 1734 3940 re
1757 3895 1878 3941 ute—

291 3975 510 4038 remini,
537 3989 640 4028 non
669 3973 988 4030 detestanda
1022 3975 1234 4046 publice
1269 3981 1430 4046 quem
1471 3975 1742 4046 frequenti
1773 3977 1878 4032 im—

293 4065 622 4137 pugnatione
657 4066 1044 4138 blasphematis
1069 4067 1312 4122 occulte?
1339 4067 1446 4122 Nec
1493 4075 1756 4122 statueret
1779 4083 1880 4124 vo-

291 4156 378 4212 bis
407 4157 664 4212 Dominus
713 4157 778 4212 ad
833 4167 1062 4221 reatum,
1095 4159 1238 4226 quod
1285 4157 1396 4212 sola
1429 4157 1612 4212 cordis
1661 4159 1884 4212 medita-

297 4247 466 4314 tione,
489 4263 598 4302 non
620 4247 732 4302 oris
751 4247 1085 4318 professione
1111 4247 1288 4317 ipsum
1307 4246 1584 4302 referretis
1607 4247 1660 4300 in
1683 4247 1880 4312 forum,

297 4339 600 4394 aemulando
627 4339 798 4412 magis
823 4347 1148 4408 praetextum
1191 4337 1348 4406 hujus
1377 4345 1576 4394 nostrae
1606 4337 1878 4404 Ecclesia},

297 4445 418 4500 qua:
445 4431 548 4484 hoc
575 4439 814 4500 tempore
845 4437 1030 4484 contra
1055 4430 1230 4498 ipsum
1251 4437 1428 4484 vatem
1459 4429 1702 4498 iniquum
1735 4429 1884 4484 clan~

299 4522 526 4576 destinis
575 4521 686 4592 agit
719 4521 1144 4578 invectionibus?
1173 4521 1280 4576 Pro
1315 4537 1382 4576 eo
1429 4523 1570 4592 quod
1599 4536 1624 4564 ι
1675 4537 1882 4592 praepe-

1975 3311 2146 3402 usque
2191 3329 2258 3384 ad
2309 3337 2566 3392 mortem;
2619 3325 2746 3396 quia
2795 3324 2900 3378 hoc
2947 3335 3114 3392 genus
3143 3313 3460 3376 certaminis
3509 3311 3566 3366 in

1975 3431 2150 3482 morte
2197 3421 2550 3492 glorificatur,
2579 3425 2634 3474 et
2687 3425 2815 3470 tunc
2851 3413 3100 3470 bravium
3147 3408 3302 3466 miles
3347 3404 3566 3474 accipit,

1977 3516 2194 3586 quando
2214 3513 2478 3578 moritur;
2503 3523 2676 3582 eoque
2699 3507 2758 3562 ﬁt
2777 3507 2842 3562 de
2865 3519 3064 3562 corona
3091 3501 3344 3558 victoria:
3365 3505 3564 3562 certus,

1979 3625 2084 3680 quo
2113 3625 2172 3664 se
2193 3607 2508 3662 ardentibus
2535 3601 2690 3658 bellis
2713 3599 2958 3670 iniecerit
2987 3595 3298 3652 moriturus.
3329 3590 3422 3646 Sic
3445 3603 3564 3652 vos,

1980 3705 2184 3762 obitum
2217 3700 2586 3756 distrahentes
2615 3705 2960 3764 corporeum,
3001 3697 3262 3744 aeternum
3315 3684 3442 3738 vitm
3472 3695 3568 3750 pe-

1982 3794 2166 3852 rennis
2213 3791 2406 3846 emotis
2447 3795 2668 3850 statum,
2717 3783 2820 3838 luci
2861 3787 3136 3854 perpetuat
3167 3775 3568 3844 mancipatum;

1983 3889 2216 3956 dumque
2267 3881 2510 3938 ctelestia
2541 3893 2640 3948 pro
2689 3875 2924 3930 terrenis
2959 3869 3216 3926 mutando
3263 3864 3570 3936 acquiritis,

1981 3987 2036 4034 et
2063 3954 2424 4046 (lispeiisando
2445 3969 2702 4032 labentia,
2719 3967 2772 4020 in
2797 3979 2972 4020 aevum
2995 3973 3250 4016 mansura
3273 3954 3572 4028 percipitis,

1983 4067 2270 4140 prmcipuis
2303 4065 2621 4120 meritorum
2669 4066 2976 4116 vestrorum
3023 4049 3424 4122 exemplaribus
3473 4047 3574 4102 Ec-

1985 4139 2202 4218 clesium
2233 4155 2556 4210 catholicam
2607 4149 2934 4212 iuformatis,
2963 4161 3070 4216 quo
3119 4143 3390 4198 mundana
3422 4139 3574 4194 abdi-

1985 4251 2182 4322 cando,
2225 4247 2472 4320 supernis
2521 4244 2684 4298 rebus
2715 4239 2976 4294 intendat.
3007 4237 3188 4290 Manet
3209 4233 3376 4302 igitur
3397 4229 3574 4294 vobis,

1987 4357 2200 4400 sorores
2221 4355 2378 4410 meae,
2399 4355 2468 4396 ex
2495 4345 2726 4410 utraque
2745 4343 2902 4406 parte
2924 4329 3168 4386 victoriae
3189 4325 3532 4384 commodum
3555 4341 3570 4378 :

1987 4443 2168 4492 manet
2195 4449 2262 4490 ex
2285 4441 2514 4502 utroque
2551 4431 2720 4486 latere
2751 4425 3102 4498 praemiorum
3155 4416 3574 4476 indesinentium

1989 4529 2228 4592 lucrum;
2261 4533 2316 4582 et
2338 4525 2466 4580 hinc
2495 4537 2602 4577 non
2631 4519 2942 4574 indecenter
2989 4513 3120 4570 illud
3151 4509 3448 4566 Psalmistm
3477 4521 3572 4562 va--

299 4613 482 4668 diente
533 4613 794 4688 facinore,
849 4613 1028 4684 elapsa
1063 4615 1334 4670 additione
1363 4613 1662 4670 Gothorum
1695 4631 1884 4684 respu-
1910 4593 1962 4652 θ
1991 4619 2234 4674 licinium
2261 4615 2459 4672 vestris
2483 4611 2646 4682 justis
2675 4609 2952 4664 laboribus
2971 4612 3148 4660 exstat
3175 4609 3444 4674 paratum,
3469 4611 3574 4666 quo

301 4704 468 4770 blica,
511 4721 630 4774 quae
657 4703 786 4760 olim
837 4705 892 4760 in
931 4705 1187 4774 Hispanis
1217 4713 1378 4760 aucta
1419 4705 1676 4762 felicitate
1707 4707 1888 4762 Eccle-

303 4797 532 4868 siarum,
561 4807 616 4852 et
639 4813 850 4864 summa
879 4798 1140 4868 dignitate
1161 4799 1394 4869 pollente
1427 4801 1786 4864 sacerdotum,
1819 4799 1888 4854 ab

303 4889 386 4944 eis
441 4889 848 4956 moderantibus
893 4891 1330 4960 gubernabatur;
1385 4893 1438 4946 in
1469 4892 1626 4950 istius
1661 4891 1884 4946 nefandi

303 4981 574 5036 cultorum
619 4981 960 5052 privilegium
990 4983 1132 5040 vatis
1159 4983 1370 5038 occulto
1399 4981 1654 5052 justeque
1683 4983 1776 5038 Dei
1801 4979 1888 5050 ju-

307 5071 452 5128 dicio
479 5081 782 5128 transvecta
831 5083 934 5128 est.
967 5073 1234 5140 Quoniam
1263 5089 1600 5144 quaecunque
1631 5075 1890 5130 Dominus

311 5163 468 5218 nobis
515 5163 714 5228 intulit,
757 5165 810 5218 in
845 5181 974 5220 vero
1017 5163 1222 5234 judicio
1272 5164 1422 5230 fecit,
1465 5175 1518 5220 et
1571 5167 1684 5220 hate
1709 5167 1892 5220 omnia

309 5261 534 5324 propter
563 5263 784 5324 peccata
811 5265 1014 5322 nostra,
1041 5265 1226 5326 atque,
1247 5267 1306 5312 ut
1331 5257 1592 5328 scriptum
1615 5267 1696 5312 est
1721 5273 1736 5312 :
1763 5257 1892 5312 Ha:-

313 5345 510 5400 rcditas
541 5355 720 5400 nostra
767 5365 910 5402 versa
947 5359 1020 5402 est
1049 5349 1118 5402 ad
1145 5347 1372 5414 alienos,
1405 5345 1592 5404 domus
1621 5361 1798 5408 nostra
1825 5351 1894 5406 ad

313 5446 608 5492 extraneos.
657 5439 832 5510 Aquas
869 5449 1072 5496 nostras
1111 5444 1336 5510 pecunia
1367 5443 1616 5508 bibimus,
1649 5453 1696 5496 et
1749 5441 1892 5512 tigna

317 5537 496 5582 nostra
517 5529 680 5598 pretio
707 5531 1142 5600 computavimus.
1179 5531 1328 5586 Servi
1353 5535 1694 5588 dominantur
1723 5535 1890 5598 nobis,

317 5633 482 5688 neque
533 5627 608 5672 est
651 5621 740 5688 qui
771 5620 1122 5676 redimut‘nos
1167 5623 1232 5676 de
1267 5625 1508 5678 manibus
1549 5639 1746 5678 eorum.
1791 5625 1894 5689 Qui

319 5713 640 5784 gravissimo
679 5713 808 5784 jugo
841 5713 976 5769 colla
1023 5725 1330 5786 prementes
1377 5715 1630 5782 fidelium,
1663 5731 1824 5772 omne
1865 5733 1893 5770 a

1989 4711 2186 4766 dicitur
2225 4725 2238 4760 :
2279 4704 2462 4766 Gloria
2501 4713 2548 4756 et
2597 4701 2791 4755 divitia:
2817 4701 2872 4752 in
2920 4698 3078 4752 domo
3111 4693 3250 4764 ejus,
3277 4699 3324 4744 et
3363 4685 3576 4757 justitio

1987 4803 2099 4872 ejus
2125 4807 2296 4854 manet
2319 4797 2370 4854 in
2395 4793 2648 4850 sarculum
2673 4789 2856 4846 saeculi
2880 4787 3053 4858 (Psal.
3089 4801 3202 4850 cxi,
3231 4781 3307 4850 5).

2059 4891 2148 4946 20.
2190 4887 2296 4944 Sed
2317 4889 2430 4960 jam
2463 4899 2549 4942 me
2569 4884 2622 4938 in
2647 4890 2806 4952 portu
2834 4878 3034 4934 silentii
3059 4872 3372 4932 constituto,
3401 4865 3578 4960 prius-

1989 4995 2148 5052 quam
2179 4955 2430 5032 volumen
2467 4973 2628 5028 linem
2659 4979 2900 5042 appetat,
2927 4977 2982 5024 et
3011 4973 3196 5022 sancto
3223 4955 3576 5028 inspiramiue

1993 5069 2234 5126 cducatis
2263 5083 2414 5122 arma
2459 5063 2738 5138 prmliandi
2767 5061 3080 5118 ministrare
3107 5054 3352 5116 desistat,
3399 5059 3574 5138 tecum

1995 5161 2126 5218 mihi
2173 5137 2471 5230 paululum
2501 5156 2646 5228 loqui
2699 5155 2850 5220 libet,
2879 5167 2912 5206 ο
2939 5151 3200 5208 virtutum
3245 5140 3460 5230 meritis,
3483 5137 3576 5230 llo-

1997 5267 2140 5314 rcns,
2169 5227 2326 5306 lilnra
2381 5227 2724 5304 sanctissima
2773 5257 2948 5306 soror,
2981 5247 3040 5294 ut
3071 5245 3270 5292 nostra:
3301 5227 3576 5286 familiari-

1997 5345 2126 5414 tatis
2151 5343 2374 5402 verbum
2403 5343 2588 5406 auditu
2611 5337 2820 5409 placido
2847 5341 3094 5402 captans,
3135 5325 3430 5384 secretario
3453 5335 3576 5378 cor-

2001 5439 2082 5508 dis
2117 5437 2520 5496 recondendum
2575 5431 2846 5500 admittas,
2893 5433 3246 5494 nostrumque
3275 5415 3578 5476 consultum

2001 5529 2354 5586 sanctificatis
2383 5527 2650 5582 mentibus
2701 5522 2824 5583 tuis,
2859 5529 2916 5574 ut
2945 5517 3016 5589 pii
3047 5517 3214 5586 patris
3253 5519 3578 5584 praeceptum

2003 5635 2254 5694 reponas.
2301 5619 2438 5674 Audi
2469 5631 2618 5688 ergo,
2653 5613 2782 5676 ﬁlia,
2813 5621 2870 5666 et
2895 5611 3034 5674 vide,
3065 5617 3120 5664 et
3165 5605 3360 5666 inclina
3391 5615 3580 5660 aurem

2003 5725 2174 5782 tuam,
2205 5723 2260 5770 et
2283 5713 2598 5768 obliviscere
2651 5705 2902 5778 populum
2941 5714 3112 5768 llllllll,
3151 5711 3208 5757 et
3235 5701 3452 5756 domum
3489 5709 3582 5768 pa-

395 5843 416 5866 ι·
459 5823 738 5880 Cantante.
791 5825 866 5880 Ita
913 5825 1072 5892 infra,
1123 5829 1466 5922 praepediente
1515 5829 1774 5900 deliquio,
1823 5829 1892 5890 ad
1927 5829 2240 5900 episcopum
2267 5823 2756 5896 Pampiloneusem.
2790 5819 2991 5876 Scno'r.
