4094 6346
541 381 640 440 831

1667 367 1725 422 S.
1770 364 2051 424 EULOGII
2087 362 2406 422 ARCHIEP.
2452 354 2704 422 TOLET.

3705 365 3808 421 832

539 495 643 553 tris
669 492 772 560 tui,
791 490 1047 562 quoniam
1069 486 1401 558 concupiscit
1421 498 1514 540 rex
1540 483 1778 554 speciem
1805 489 1974 536 tuam.
1999 478 2118 535 Non
2143 481 2199 543 Α
2223 478 2290 532 lt)
2318 477 2479 550 seq.).
2513 477 2590 533 Ac
2625 477 2674 534 si
2696 485 2948 549 patenter
2969 475 3218 532 diceres:
3245 473 3646 530 Testimonium
3671 474 3810 530 veri-

538 591 724 659 itaque
765 585 979 643 vocatio
1014 594 1106 640 tua
1134 591 1452 640 cancrorum
1479 576 1672 634 similis
1708 586 1811 632 est.
1840 575 2118 646 Siquidem

539 688 599 734 tu
655 677 839 748 lupino
893 682 1075 731 creata
1127 673 1303 737 coitu,
1358 677 1412 724 et
1447 683 1547 724 ove
1595 675 1769 723 matre
1817 666 2118 738 progenita,

537 769 694 840 quasi
751 783 820 824 ex
873 767 1116 822 sentibus
1165 776 1289 818 rosa
1339 759 1658 815 frondescis.
1720 756 1778 812 In
1829 756 1978 811 nullo
2021 754 2120 810 tibi

537 862 814 918 ethnicum
866 874 1050 916 semen
1085 855 1378 920 obsistens,
1408 867 1528 908 cum
1588 861 1768 906 tamen
1813 847 2120 904 Christiano

539 955 679 1010 edita
711 961 871 1024 partu
899 956 1221 1020 conceptum
1243 945 1520 1012 divinitus,
1544 945 1756 1016 pimque
1786 942 1977 998 matris
2001 956 2120 996 ma-

537 1046 763 1120 gisterio
807 1043 1094 1100 Dominum
1157 1041 1339 1096 Jesum
1393 1039 1669 1096 Christum
1719 1039 1854 1093 adeo
1902 1035 2121 1092 credula

537 1146 718 1194 mente
745 1135 996 1199 colueris,
1043 1143 1104 1189 ut
1149 1141 1372 1205 propter
1418 1147 1615 1188 nomen
1667 1147 1784 1201 ejus
1822 1130 2120 1186 acrioribus

535 1245 671 1286 caesa
699 1227 944 1301 ﬂagellis,
975 1227 1260 1298 pristinam
1292 1224 1602 1281 nullatenus
1620 1224 2014 1296 professionem
2036 1237 2122 1278 re-

533 1322 754 1394 puleris.
789 1319 1030 1376 Noveras
1063 1318 1210 1374 enim
1234 1332 1493 1388 sponsum
1525 1323 1676 1370 tuum
1707 1314 1910 1370 dixisse
1939 1332 1952 1367 :
1989 1311 2120 1367 Tra-

532 1415 653 1468 dent
679 1430 766 1468 vos
788 1415 842 1468 in
873 1413 1132 1478 conciliis,
1172 1420 1220 1466 et
1247 1412 1302 1465 in
1337 1410 1615 1481 synagogis
1636 1407 1977 1480 flagellabant
2000 1424 2119 1474 vos;

531 1516 578 1560 et
618 1507 687 1560 ad
711 1507 961 1576 praesides
985 1521 1228 1576 regesque
1255 1503 1516 1558 ducemini
1546 1509 1756 1573 propter
1795 1519 1874 1555 me
1895 1502 1952 1555 in
1979 1501 2122 1556 testi-
2173 1576 2175 1579 ν

530 1599 762 1651 monium
788 1597 912 1670 .illis
961 1606 1009 1651 et
1046 1597 1302 1668 gentibus.
1356 1595 1461 1660 Qui
1496 1603 1670 1648 autem
1721 1593 2123 1663 perseveraverit

530 1706 691 1760 usque
713 1691 770 1744 in
797 1690 976 1759 ﬁnem,
1010 1691 1093 1743 hic
1117 1687 1291 1744 salvus
1318 1690 1418 1743 erit
1447 1687 1660 1759 (Matth.
1695 1703 1749 1752 x,
1785 1686 1874 1752 l7,
1901 1686 2045 1758 etc.).

2225 574 2352 629 tatis
2382 583 2507 640 tuae,
2540 575 2788 640 Domine,
2834 574 3102 628 hactenus
3146 573 3342 628 timore
3389 572 3574 628 carnis
3603 571 3808 641 celavi;

2215 665 2329 736 jam
2352 683 2515 732 nunc,
2545 668 2655 724 tuis
2696 674 2907 721 armata
2935 666 3164 732 viribus,
3189 664 3536 736 patefaciam,
3567 666 3700 735 quia
3735 666 3812 723 sic

2220 761 2415 817 timere
2441 762 2618 818 nescit
2645 762 2886 827 Deicola,
2909 762 2990 818 sic
3009 762 3282 834 trepidare
3305 763 3524 834 ignorat
3542 777 3702 818 mens
3725 772 3812 819 tuo

2224 866 2455 907 munere
2479 853 2680 923 opima.

2289 940 2382 995 22.
2417 941 2543 997 Haec
2573 942 2717 1009 ideo,
2756 941 2960 998 Christi
2982 943 3205 1012 famula,
3245 945 3466 1002 domina
3496 960 3661 1002 soror
3697 961 3818 1001 mea

2222 1033 2403 1100 Flora,
2435 1036 2534 1090 tibi
2561 1036 2822 1104 disposui,
2849 1045 2908 1093 ut
2955 1045 3226 1092 tantarum
3249 1038 3519 1094 virtutum
3545 1037 3819 1095 beneﬁcia

2222 1125 2490 1191 recolens,
2523 1142 2593 1182 ne
2636 1126 2744 1182 tuis
2788 1127 2987 1182 collata
3027 1127 3244 1184 cmlitus
3273 1129 3486 1185 meritis
3538 1130 3820 1200 perdenda

2221 1224 2458 1287 reputes,
2483 1233 2552 1273 ne
2578 1219 2949 1274 conculcanda
2981 1229 3308 1290 pertractes.
3335 1219 3558 1278 Festina
3593 1223 3669 1278 ad
3694 1223 3820 1276 bra-

2220 1307 2390 1375 vium,
2421 1323 2580 1364 curre
2600 1310 2669 1365 ad
2715 1310 3019 1380 praemium,
3067 1311 3195 1366 dum
3237 1321 3450 1384 tempus
3486 1313 3821 1384 capessendi

2222 1401 2390 1456 instat
2416 1402 2778 1472 potissimum.
2821 1403 3052 1459 Paratus
3091 1405 3237 1458 enim
3283 1414 3370 1461 est
3413 1420 3654 1476 sponsus
3695 1415 3822 1462 tuus

2221 1489 2486 1546 Dominus
2507 1489 2666 1547 Jesus
2693 1491 2944 1547 Christus
2965 1493 3178 1548 titulum
3206 1495 3303 1550 tibi
3342 1493 3597 1552 conferre
3641 1496 3822 1567 perfe-

2224 1584 2440 1650 ctionis,
2466 1583 2512 1639 si
2535 1599 2777 1656 pugnare
2798 1601 2969 1656 usque
2989 1587 3058 1642 ad
3086 1597 3319 1644 mortem
3343 1605 3454 1646 non
3483 1591 3816 1657 cessaveris,

2225 1673 2270 1728 si
2291 1689 2392 1743 pro
2419 1688 2485 1730 eo
2508 1675 2647 1730 mori
2673 1675 2814 1731 sicut
2843 1692 2874 1730 a
2903 1677 3167 1748 principio
3193 1679 3404 1750 elegisti
3433 1695 3610 1750 usque
3639 1683 3708 1735 ad
3732 1697 3819 1735 su-

601 1755 690 1834 9-1.
730 1755 866 1834 Hinc
897 1779 1012 1848 jam
1065 1779 1160 1834 tibi
1204 1755 1482 1850 proposita
1529 1777 1748 1846 auspice
1801 1779 1910 1832 Deo
1948 1755 2118 1848 gloria
2147 1755 2470 1850 __'-premum
2493 1765 2858 1830 contenderis,
2887 1767 2933 1821 si
2973 1767 3114 1824 hanc
3132 1769 3563 1838 perfunctoriam
3585 1772 3818 1842 pmnali-

530 1871 695 1940 coepit
727 1878 778 1924 te
810 1839 1059 1926 comitari
1089 1839 1358 1942 martyrii.
1384 1869 1522 1924 Hinc
1550 1839 1884 1924 nominis'tui
1913 1839 2123 1941 magni-
2146 1839 2200 1902 Β
2228 1863 2392 1913 talem
2419 1857 2630 1928 gaudiis
2650 1857 2918 1914 οδιθοῑδῑθ
2935 1863 3204 1930 supernis;
3225 1878 3324 1932 Pl‘0
3345 1865 3518 1920 nihilo
3534 1867 3814 1935 [tendetis-

529 1963 632 2017 tica
663 1970 776 2018 toto
801 1963 934 2018 orbe
963 1961 1108 2017 fama
1136 1959 1379 2027 diffundi,
1413 1961 1542 2016 hinc
1569 1976 1668 2030 pro
1697 1969 1752 2016 te
1779 1976 1964 2016 rumor
1986 1977 2118 2033 ago-

528 2055 636 2120 nis,
682 2055 910 2124 populos
939 2055 1294 2126 nationesque
1318 2069 1635 2125 peragrans,
1673 2054 1840 2124 cmpit
1875 2054 2120 2125 pluribus

529 2147 892 2204 innotescere.
946 2148 1188 2218 Denique
1227 2148 1469 2203 evulsam
1494 2161 1520 2188 ει
1556 2148 1752 2204 ictibus
1785 2147 2118 2220 ﬂagellorum

530 2237 859 2294 venerabilis
907 2239 986 2294 tui
1020 2239 1240 2294 verticis
1286 2247 1485 2304 cutem,
1529 2239 1832 2310 rimamque
1861 2255 1968 2310 qua
2011 2254 2117 2295 cae-

530 2330 703 2385 saries
747 2331 974 2400 pulchra
1033 2329 1360 2394 deﬂuxerat,
1416 2345 1515 2400 ego
1560 2331 1956 2402 persecutionis
2011 2338 2120 2386 tua:

531 2431 776 2489 tempore
820 2421 1048 2476 intuitus
1073 2437 1215 2487 sum,
1254 2421 1511 2492 dignante
1540 2429 1593 2476 te
1620 2421 1750 2476 illud
1779 2422 1913 2477 mihi
1937 2429 2120 2477 osten-

531 2509 660 2563 dere
693 2510 856 2564 veluti
891 2510 1139 2582 proximo
1171 2511 1315 2582 patri
1365 2512 1602 2582 puritate
1643 2513 1962 2568 reverentiae
1987 2520 2114 2569 tute.

529 2601 596 2657 Et
625 2602 822 2659 blanda
842 2619 1006 2659 manu
1035 2613 1355 2672 attrectans,
1376 2607 1504 2676 quia
1526 2607 1724 2662 osculis
1745 2607 1862 2677 ipsa
1892 2607 2115 2663 vulnera

527 2707 636 2746 non
665 2694 944 2749 crederem
990 2710 1110 2752 esse
1135 2695 1520 2762 demulcenda;
1553 2705 1839 2766 postquam
1869 2713 1900 2751 a
1932 2707 1984 2752 te
2006 2697 2116 2752 dis-

527 2783 690 2849 cessi,
722 2783 814 2839 diu
841 2783 1057 2856 alteque
1092 2796 1296 2842 memet
1333 2796 1590 2857 reputans
1621 2789 1908 2858 suspiravi.
1941 2789 2117 2860 Expo-

526 2888 689 2934 nente
714 2894 844 2936 vero
883 2897 1069 2937 coram
1097 2897 1184 2937 me
1213 2882 1402 2939 diﬂ‘usa
1431 2882 1646 2939 ctelitus
1687 2884 1860 2955 gratia
1899 2884 2012 2939 oris
2035 2883 2116 2938 tui

526 2969 765 3040 ingentia
815 2971 1061 3029 dolorum
1113 2981 1351 3040 tuorum,
1410 2989 1681 3045 casusque
1727 2976 2115 3046 periculorum,

526 3060 617 3130 qui
665 3068 715 3113 te
744 3070 1077 3132 presserant,
1111 3071 1167 3118 et
1196 3065 1469 3134 quomodo
1497 3073 1648 3136 septa
1679 3067 1957 3133 custodite,
2009 3083 2114 3138 qua

527 3149 835 3219 mancipata
865 3153 1174 3219 exstiteras,
1224 3155 1482 3210 divinitus
1515 3156 1812 3225 patefacta,
1849 3167 2112 3214 nocturna

524 3241 623 3296 tibi
654 3241 869 3296 silentia
899 3241 1107 3298 aditum
1135 3243 1424 3316 eﬂ‘ugiendi
1451 3247 1834 3316 praestiterint;
1869 3249 2115 3319 reputavi

523 3331 854 3388 conformcm
900 3341 954 3388 te
1001 3349 1123 3390 esse
1149 3334 1313 3400 (Petri
1351 3336 1580 3407 apostoli
1629 3338 1972 3407 passionihus
2020 3353 2116 3407 per

524 3423 639 3478 haec
661 3424 958 3494 eademque
984 3433 1136 3498 gesta
1168 3441 1288 3496 quae
1308 3427 1520 3482 cunctis
1540 3428 1875 3483 ostenderas.
1908 3427 2117 3500 Quippe

525 3527 646 3582 quae
677 3521 806 3569 tunc
833 3515 1092 3571 divinitus
1133 3515 1404 3582 absoluta,
1442 3525 1564 3587 post
1592 3518 1909 3573 sexennium
1943 3520 2010 3574 de
2038 3520 2116 3575 ci-

522 3602 694 3658 vitate
717 3603 771 3658 in
803 3605 955 3668 urbe,
989 3605 1056 3659 de
1083 3605 1204 3661 vico
1239 3607 1293 3661 in
1327 3607 1526 3677 oppido
1552 3622 1650 3678 per
1677 3607 1845 3661 multa
1870 3617 1924 3663 et
1963 3609 2114 3665 varia

511 3693 739 3760 .exsllia,
760 3704 923 3766 atque
952 3696 1176 3752 latibula
1207 3698 1447 3753 remedio
1469 3697 1607 3769 fugae
1633 3707 1886 3754 contenta
1907 3699 2109 3757 fueras.

526 3784 593 3839 Et
620 3801 740 3856 quae
761 3789 914 3858 prius
944 3790 1142 3846 intuitu
1163 3791 1427 3847 evadendi
1453 3806 1705 3848 enormes
1731 3794 1901 3850 moles
1933 3803 2112 3852 trans-

523 3878 822 3946 cenderas,
865 3897 1010 3937 nunc
1039 3883 1194 3952 quasi
1221 3885 1466 3939 monenti
1508 3883 1727 3940 Christo
1780 3902 1980 3957 sponso
2021 3895 2114 3943 tuo

529 3985 596 4028 ac
646 3972 741 4028 tibi
797 3974 998 4029 dicenti
1033 3993 1044 4028 :
1081 3973 1182 4029 Ubi
1221 3977 1428 4044 pascis,
1456 3978 1546 4031 ubi
1592 3978 1754 4036 cubas
1798 3980 1854 4034 in
1896 3981 2116 4037 meridie

524 4059 702 4132 (Cant.
728 4077 767 4126 ι,
797 4061 874 4133 6),
906 4077 1061 4118 soror
1088 4066 1246 4120 mea?
1269 4067 1464 4122 lterum
1488 4068 1644 4123 venio
1669 4069 1697 4108 δ
1726 4069 2003 4140 cruciﬁgi;
2030 4087 2117 4126 re-

526 4152 707 4208 divivo
732 4155 1011 4225 praeliandi
1039 4167 1200 4214 aucta
1234 4175 1506 4232 regressu,
1536 4162 1716 4217 forum
1768 4163 1904 4228 adis,
1940 4166 2115 4234 publi-

527 4260 654 4300 cum
683 4247 843 4317 petis,
877 4257 1036 4320 teque
1079 4252 1368 4324 intrepida,
1397 4253 1707 4311 conﬁtendo
1737 4254 2034 4324 Christum,
2061 4266 2118 4312 et

529 4335 849 4394 detestando
871 4340 994 4396 ﬁdei
1027 4341 1421 4410 adversarium,
1447 4343 1618 4412 judici
1645 4343 1843 4411 oﬂ‘ers;
1872 4344 2113 4403 fortiter-

525 4441 630 4498 que
665 4427 715 4483 ei
757 4431 1034 4498 resistens,
1063 4432 1290 4489 laudans
1329 4433 1609 4491 Christum
1656 4443 1761 4491 tua:
1792 4436 1982 4493 salutis
2022 4455 2118 4494 au-

525 4527 754 4587 ctorem,
780 4521 1000 4590 pietatis
1031 4523 1247 4580 extollis
1273 4525 1611 4597 religionem,
1640 4541 1703 4583 ac
1734 4527 1989 4600 deinceps
2016 4530 2113 4585 im-

525 4611 782 4681 pudicum
823 4623 1005 4669 vatem
1051 4613 1343 4682 infamans,
1371 4615 1678 4674 nullatenus
1715 4633 1842 4674 vera
1870 4619 2110 4690 potuisse

525 4702 836 4772 praedicare,
883 4706 1166 4762 mendacio
1213 4707 1432 4778 plenum
1468 4709 1775 4766 denuntias.
1815 4711 1883 4766 Et
1910 4713 1980 4768 ob
2006 4713 2111 4768 hoc

524 4805 761 4862 congrue
797 4792 1114 4851 Davidicum
1141 4811 1360 4852 carmen
1399 4799 1657 4855 decantas
1685 4817 1700 4855 :
1730 4799 2004 4873 Loquebar
2046 4803 2112 4857 de

525 4884 832 4940 testimoniis
861 4887 989 4955 tuis,
1023 4887 1260 4955 Domine,
1299 4890 1354 4944 in
1384 4899 1664 4961 conspectu
1697 4907 1900 4962 regum,
1930 4901 1978 4946 et
2005 4909 2110 4950 non

525 4974 884 5044 confundebar
932 4977 1102 5050 (Psal.
1159 4994 1347 5047 cxvut,
1402 4980 1546 5053 46);
1598 4989 1654 5036 et
1696 4981 1893 5037 iterum
1927 5001 1941 5037 :
1971 4982 2112 5038 Bene

527 5071 762 5124 nuntiavi
782 5071 1048 5142 justitiam
1093 5083 1238 5128 tuam
1267 5075 1323 5129 in
1356 5073 1596 5130 Ecclesia
1626 5091 1837 5142 magna.
1871 5075 2006 5130 Ecce
2033 5076 2112 5130 la-

527 5159 610 5213 bia
638 5176 753 5214 mea
776 5179 878 5216 non
908 5164 1206 5233 prohibebo,
1234 5163 1495 5220 Domine:
1524 5173 1582 5219 tu
1617 5167 1918 5236 cognovisti.
1947 5165 2114 5220 Justi-

525 5253 655 5306 tiam
684 5268 788 5306 non
822 5255 1070 5309 abscondi
1096 5257 1152 5310 in
1193 5257 1350 5310 corde
1386 5270 1544 5311 meo:
1569 5258 1836 5312 veritatem
1867 5266 2036 5324 tuam,
2065 5268 2114 5312 et

525 5340 759 5397 salutare
787 5353 936 5398 tuum
971 5345 1107 5400 dixi.
1134 5343 1256 5400 Non
1299 5345 1461 5401 celavi
1499 5347 1915 5402 misericordiam
1944 5358 2112 5417 tuam,

523 5441 574 5487 et
613 5435 880 5488 veritatem
933 5445 1080 5490 tuam
1126 5454 1159 5490 a
1211 5453 1477 5510 synagoga
1503 5437 1669 5493 multa
1711 5436 1885 5509 (Psal.
1916 5454 2104 5508 χχχιχ,

600 5617 629 5648 ι
663 5605 795 5674 Quae
817 5608 1338 5684 s_equun_tur,_fusius
1365 5611 1422 5665 in
1453 5611 1643 5666 harum
1673 5612 1902 5684 duarum
1939 5613 2106 5684 virgi-

527 5689 659 5730 num
707 5679 958 5751 passione
1009 5678 1074 5732 D.
1111 5679 1375 5751 (Eulogius
1420 5693 1638 5748 narrat;
1696 5683 1787 5738 ubi
1834 5683 1998 5738 etiam
2028 5678 2108 5740 'de

527 5747 858 5869 :artyribus
922 5763 1058 5818 quos
1109 5749 1200 5804 hic
1258 5747 1537 5820 nominat,
1597 5747 1703 5810 late
1768 5755 2099 5824 perscripsit.

583 5829 740 5869 οκιι.

583 5829 740 5870 οιΑι.

2138 4567 2192 4627 D

2228 1947 2367 2014 Quia
2391 1967 2495 2004 non
2531 1960 2653 2005 sunt
2677 1953 2951 2025 condigme
2979 1955 3247 2023 passiones
3273 1957 3433 2028 hujus
3459 1961 3714 2030 temporis
3751 1959 3818 2012 ad

2223 2049 2652 2107 superventuram
2717 2043 2982 2112 gloriam,
3027 2061 3145 2115 gate
3195 2047 3512 2104 revelabitur
3561 2050 3622 2104 in
3673 2051 3816 2104 nobis

2223 2129 2402 2202 (Rom.
2431 2147 2546 2195 vm,
2584 2131 2694 2204 18).
2736 2132 2896 2189 Certa
2940 2135 3144 2191 bonum
3173 2145 3473 2205 certamen,
3509 2155 3674 2194 soror
3698 2155 3814 2195 mea

2133 2229 2136 2232 '
2220 2221 2374 2290 virgo
2399 2221 2558 2276 beata
2577 2265 2591 2288 ,
2617 2223 2736 2278 etsi
2763 2225 2946 2281 acrius
2974 2226 3301 2292 vulnereris,
3323 2244 3432 2285 non
3461 2231 3650 2285 cedas.
3680 2231 3813 2299 Quia

2221 2313 2336 2369 hmc
2383 2315 2609 2370 vulnera
2659 2324 2878 2373 aeternae
2923 2327 3049 2374 sunt
3098 2318 3376 2376 felicitatis
3427 2323 3712 2392 auspicia,
3765 2333 3817 2380 et

2221 2404 2570 2474 sempiternis
2609 2405 2897 2463 conferunt
2929 2409 3198 2466 defectum
3252 2411 3553 2468 doloribus.
3606 2413 3813 2470 Cuncta

2219 2507 2540 2568 permanent
2563 2499 2876 2556 incolumia.
2912 2501 3057 2559 Mors
3087 2504 3202 2560 haec
3229 2505 3396 2560 vitam
3427 2506 3617 2573 donat,
3655 2509 3810 2563 emti-

2218 2586 2321 2642 bus
2359 2598 2673 2645 sanctorum
2719 2592 3074 2663 agglomerat,
3106 2603 3162 2649 et
3205 2603 3406 2650 statum
3452 2597 3811 2666 perennitatis

2219 2677 2448 2734 ﬁdeliter
2475 2694 2541 2734 ac
2566 2680 2799 2736 viriliter
2849 2683 2905 2737 in
2954 2698 3128 2754 agone
3161 2687 3643 2753 perseverantibus
3673 2702 3810 2757 prae-

2217 2775 2346 2824 stat.
2380 2770 2581 2825 Verum
2624 2773 2752 2842 quia
2781 2786 2839 2827 se
2872 2775 3081 2843 pridem
3111 2773 3286 2830 claudi
3319 2777 3434 2846 jam
3458 2777 3604 2833 liber
3628 2794 3808 2849 spera-

2218 2867 2393 2925 verat,
2440 2875 2564 2915 cum
2618 2875 2705 2916 me
2755 2863 2853 2917 tibi
2897 2863 3248 2933 singulariter
3281 2865 3506 2920 verbum
3534 2866 3744 2930 facere,
3776 2882 3810 2922 0

2219 2966 2372 3008 soror
2422 2951 2602 3021 Flora,
2641 2953 2772 3009 olim
2819 2965 2969 3026 gesta
3019 2957 3386 3026 primordialis
3429 2960 3684 3032 martyrii
3732 2961 3806 3014 tui

2217 3051 2492 3112 cogerent,
2524 3059 2667 3098 nunc
2713 3043 2782 3098 ad
2813 3053 3073 3116 utrasque
3114 3045 3346 3102 reditum
3372 3046 3601 3115 faciens,
3635 3049 3810 3105 adhuc

2218 3132 2496 3204 paululum
2537 3121 2900 3192 communiter
2928 3137 3078 3194 vobis
3129 3138 3377 3210 loquens,
3427 3141 3574 3210 quod
3599 3157 3808 3198 merea-

2142 3203 2188 3266 C
2220 3203 2352 3278 mini
2392 3225 2672 3295 praemium
2725 3227 3008 3294 disseram,
3056 3239 3110 3286 et
3159 3231 3238 3286 sic
3290 3232 3549 3303 deinceps
3595 3235 3805 3304 prolixo

2220 3318 2457 3372 sermoni
2487 3316 2653 3373 finem
2677 3317 2975 3390 imponam.

2286 3426 2376 3482 23.
2415 3427 2804 3486 Ineuarrabilia
2847 3441 2992 3499 sunt,
3018 3448 3234 3491 sorores
3256 3451 3412 3504 mete,
3443 3439 3672 3509 praemia
3705 3455 3799 3494 ve-

2219 3525 2353 3582 stra,
2381 3519 2600 3590 egregia
2644 3520 2871 3575 multum
2901 3523 3065 3578 nimis
3094 3526 3331 3594 reposita
3372 3530 3804 3603 munera..Acci-

2218 3609 2380 3680 pietis
2421 3612 2565 3666 enim
2593 3627 2624 3666 a
2659 3614 2887 3670 Domino
2917 3614 3153 3672 fructum
3193 3619 3520 3692 virginitatis
3569 3624 3803 3677 centesi-

2220 3716 2391 3767 mum,
2427 3710 2481 3756 et
2502 3702 2719 3773 gloriosi
2756 3707 3001 3776 martyrii
3032 3707 3397 3765 inenarrabile
3437 3715 3803 3768 commodum.

2219 3789 2482 3850 Occurret
2505 3796 2658 3851 vobis
2699 3797 2916 3874 obviam
2960 3810 3150 3856 sancta
3182 3812 3236 3857 et
3264 3804 3594 3860 venerabilis
3622 3807 3806 3877 regina

2218 3884 2404 3938 mundi
2444 3884 2609 3956 Virgo
2637 3886 2824 3954 Maria,
2875 3888 3274 3948 ﬂorentissimis
3315 3894 3588 3966 virginum
3624 3897 3809 3951 choris

2218 3981 2430 4028 ornata.
2455 3976 2697 4031 Aderant
2731 3987 2754 4016 ο
2793 3979 2957 4033 etiam
2981 3978 3265 4036 fortissimi
3295 3983 3499 4039 milites
3527 3973 3656 4050 Dei,
3681 4000 3805 4040 con-

2219 4061 2417 4120 fratres
2457 4068 2646 4134 vestri,
2700 4067 3001 4137 Perfectus,
3044 4070 3216 4139 Isaac,
3269 4071 3530 4140 Sancius,
3587 4075 3803 4142 Petrus,

2217 4152 2598 4221 Walabonsus,
2619 4157 2967 4224 Sabinianus,
2997 4160 3457 4230 Wistremundus,
3482 4165 3798 4233 Habentius,

2218 4243 2500 4313 Jeremias,
2536 4247 2888 4316 Sisenaudus,
2930 4252 3150 4320 Paulus,
3193 4263 3249 4309 et
3270 4253 3689 4324 Theodemirus,
3713 4261 3802 4329 qui

2217 4353 2314 4394 vos
2343 4350 2736 4408 praecesserunt
2759 4359 2882 4398 cum
2939 4346 3096 4416 signo
3146 4345 3291 4413 ﬁdei,
3333 4357 3390 4404 et
3428 4349 3713 4405 victoriam
3740 4351 3805 4406 de

2221 4427 2376 4483 hoste
2395 4428 2654 4498 tulerunt,
2696 4431 2956 4504 vobisque
2997 4435 3219 4506 januam
3249 4438 3600 4508 perveniendi
3629 4441 3699 4496 ad
3727 4456 3790 4497 re

2219 4531 2384 4585 gnum
2409 4527 2757 4587 aperuerunt,
2798 4521 3018 4593 dignum
3058 4523 3240 4580 itineri
3267 4535 3449 4582 vestro
3488 4543 3802 4598 prmparan—

2220 4617 2302 4664 tes
2351 4623 2658 4677 occursum,
2717 4622 2879 4684 atque
2929 4615 3171 4673 dicentes
3208 4637 3221 4672 :
3279 4637 3298 4671 ι
3333 4619 3551 4687 Venite,
3588 4639 3800 4680 sorores

2219 4699 2598 4765 sanctissimae,
2657 4702 2999 4772 ingredimini
3051 4707 3348 4773 thalamum
3390 4713 3574 4779 sponsi
3613 4714 3798 4780 vestri,

2219 4805 2377 4860 quem
2418 4799 2642 4848 eatenus
2694 4793 2960 4851 dilexistis
2991 4805 3050 4851 ut
3089 4808 3312 4869 propter
3345 4799 3497 4856 illum
3527 4805 3669 4858 mori
3695 4820 3799 4860 non

2221 4883 2502 4938 timeretis.
2531 4882 2657 4938 Iam
2686 4887 2825 4940 enim
2855 4887 3020 4942 hiems
3045 4890 3279 4955 transiit,
3307 4891 3474 4946 imber
3495 4892 3626 4952 abiit
3651 4905 3702 4948 et
3723 4911 3800 4950 re-

2219 4974 2372 5028 cessit
2413 4972 2590 5045 (Cant.
2627 4991 2702 5040 n,
2747 4977 2872 5048 li),
2921 4979 3048 5048 quia
3095 4981 3408 5051 temporalis
3447 4983 3726 5039 tribulatio
3767 5000 3799 5039 a

2212 5065 2367 5122 vobis
2387 5065 2598 5121 devicta
2627 5065 2899 5123 discessit.
2946 5067 3260 5140 Properate,
3289 5080 3492 5126 sanctae
3539 5087 3756 5128 sorores
3778 5117 3792 5139 .

2215 5154 2536 5212 festinantes
2565 5171 2686 5212 cum
2709 5155 3052 5226 iucunditate
3074 5159 3268 5214 faciem
3292 5159 3409 5229 ejus
3439 5175 3688 5228 cernere,
3711 5163 3794 5218 cui

2214 5248 2269 5302 in
2299 5247 2529 5304 veritate
2565 5247 2893 5316 famulastis,
2924 5265 3022 5321 pro
3048 5265 3156 5320 quo
3184 5253 3322 5306 mori
3344 5267 3451 5306 non
3479 5256 3793 5321 recusastis,

2213 5353 2274 5399 ut
2299 5343 2354 5398 in
2394 5349 2656 5398 aeternum
2700 5343 2916 5398 vivatis.
2957 5343 3224 5413 Pereipite
3273 5345 3580 5400 mercedem
3632 5348 3792 5401 vestri

2215 5433 2436 5500 laboris,
2464 5441 2519 5489 et
2547 5433 2743 5489 sumite
2767 5433 3009 5489 lauream
3047 5434 3267 5504 gloriosi
3303 5437 3643 5492 certaminis.
3681 5457 3700 5490 ι

2287 5615 2316 5654 ι’
2356 5614 2477 5670 Vid.
2510 5615 2694 5671 Schol.
2720 5615 2775 5668 in
2803 5614 3049 5670 Passion.
3075 5613 3271 5676 Florae,
3303 5631 3452 5669 num.
3482 5616 3534 5670 6.

2291 5696 2312 5724 ο
2357 5684 2560 5741 Horum
2589 5688 2830 5740 omnium
2875 5687 3196 5755 martyrium
3253 5696 3471 5740 sanctas
3520 5688 3620 5741 has
3664 5686 3790 5740 duas

2215 5757 2455 5882 X‘irgines
2502 5763 2890 5825 praecesserat,
2939 5763 2998 5809 ut
3047 5756 3139 5810 lib.
3194 5771 3232 5809 ιι
3281 5755 3501 5811 Memor.
3560 5765 3781 5812 constat.

2271 5841 2426 5882 ORAL.

2271 5841 2426 5882 ORAL.
