4094 6346
282 465 388 521 8δὲ

349 577 440 635 24.
480 573 613 644 Quis
638 582 765 629 tunc
807 569 1123 628 existimare
1159 563 1412 638 gaudium
1460 568 1610 615 tuum
1637 552 1859 628 poterit,
1889 553 1941 612 Δ

281 688 316 729 o
341 685 498 728 soror
525 666 731 722 Maria?
768 664 901 733 Quis
926 662 1071 717 illius
1095 655 1418 714 felicissimae
1438 653 1586 708 horae
1611 645 1861 704 diffusam

283 763 499 822 cmlitus
543 755 814 814 mentibus
853 753 964 809 tuis
1009 749 1255 807 laetitiam
1299 739 1693 814 compensabit,
1738 749 1862 792 cum

284 863 428 920 inter
448 873 546 916 eos
563 856 809 912 Levitam
832 849 1116 924 agnoveris
1128 843 1542 904 Walabonsum,
1567 849 1728 906 quem
1752 831 1864 924 tibi

283 953 375 1025 pia
421 945 718 1020 parentalis
768 922 980 1000 affectio
1025 949 1340 1011 germanum
1379 926 1693 1004 generavit?
1735 922 1868 991 Quis

284 1019 640 1110 utrarumque
682 1043 987 1092 vestrarum
1009 1027 1322 1099 'tripudium
1369 1019 1688 1078 mortalibus
1740 1029 1868 1072 con-

279 1134 511 1207 jecturis
537 1105 631 1186 aut
675 1125 854 1182 verbis
902 1119 1154 1178 humanis
1199 1113 1464 1187 expediet,
1517 1124 1665 1207 quae,
1689 1105 1869 1207 divino

283 1198 397 1297 jam
429 1220 638 1296 gremio
675 1215 1000 1277 constitutae,
1051 1211 1193 1265 inter
1239 1203 1512 1261 afﬂuentia
1560 1198 1871 1256 divitiarum

287 1287 524 1388 paradisi
562 1312 769 1374 locatae,
809 1307 1190 1362 incunctanter
1228 1298 1372 1354 illius
1415 1287 1874 1362 remunerationis

291 1377 516 1465 donaria
561 1398 822 1472 capietis?
849 1395 986 1464 Quia
1016 1391 1207 1449 oculus
1244 1403 1356 1444 non
1385 1384 1542 1452 vidit,
1581 1397 1685 1439 nec
1727 1377 1875 1434 auris

291 1497 519 1563 audivit,
549 1509 652 1549 nec
675 1493 732 1548 in
753 1505 848 1547 cor
870 1486 1107 1544 hominis
1158 1479 1540 1544 ascenderunt,
1589 1489 1710 1546 quae
1737 1487 1876 1546 prae-

289 1589 505 1664 paravit
537 1587 800 1643 Dominus
829 1579 1177 1652 diligentibus
1201 1590 1261 1633 se
1294 1573 1450 1647 (Isai.
1490 1583 1636 1636 utv,
1659 1566 1740 1640 4).

367 1682 459 1738 25.
500 1679 654 1736 Unde
683 1677 910 1734 obsecro
930 1689 1046 1740 vos,
1091 1667 1450 1727 sanctissimae
1477 1675 1696 1719 sorores
1721 1673 1876 1724 mere,

293 1775 535 1846 virgines
563 1767 1029 1842 prudentissimae,
1066 1779 1189 1835 quae
1230 1774 1443 1830 semper
1469 1756 1589 1813 oleo
1626 1753 1880 1810 castimo-

295 1845 403 1922 niae
429 1864 818 1928 redundantes,
843 1858 1194 1916 ornatissimo
1220 1853 1532 1923 lampadum
1579 1845 1879 1904 ctelestium

295 1954 574 2013 emicastis
597 1952 826 2025 fulgore,
857 1949 1073 2021 quando
1105 1942 1453 2003 tabernacula
1471 1937 1683 1995 Domini
1713 1936 1881 1991 intra-

297 2047 506 2112 veritis,
543 2052 604 2100 ut
634 2043 740 2098 mei
776 2056 1046 2098 memores
1071 2054 1192 2095 esse
1221 2033 1515 2108 dignemini
1541 2049 1554 2086 :
1607 2030 1734 2086 dum
1763 2028 1883 2082 tha-

298 2135 502 2190 lamum
533 2133 702 2189 vestri
749 2131 995 2186 adieritis
1036 2128 1240 2200 sponsi,
1296 2125 1522 2196 ejusque
1547 2119 1882 2191 amplexibus

299 2225 609 2282 incessabili
626 2222 936 2279 merueritis
963 2219 1221 2276 fruitione
1244 2214 1520 2284 conjungi,
1545 2210 1772 2267 tuemini
1795 2223 1886 2264 me

298 2315 574 2386 precibus,
607 2312 884 2370 defensate
925 2309 1135 2366 meritis
1186 2305 1436 2378 gloriosis
1455 2316 1505 2357 ει.
1532 2301 1713 2358 Prosit
1749 2299 1883 2355 mihi

298 2401 758 2476 peccatorihujus
785 2401 1135 2458 mediocritas
1177 2398 1454 2454 succincta
1499 2393 1686 2459 libelli,
1722 2405 1884 2462 quem

299 2496 534 2567 spiritali
557 2503 741 2551 vestro
767 2493 1001 2565 flagrans
1048 2505 1254 2557 amore,
1277 2497 1474 2544 vestrae
1494 2484 1654 2541 saluti
1690 2497 1886 2538 consu-

298 2587 421 2642 lens
471 2587 660 2642 edidi:
691 2587 838 2656 quod
876 2600 974 2656 per
1019 2599 1144 2638 eum
1196 2596 1294 2637 vos
1339 2577 1594 2634 institui:
1630 2575 1775 2647 quod
1819 2573 1887 2630 ad

297 2680 631 2750 perﬁcienda
663 2678 802 2734 bella
852 2677 1065 2734 Domini
1108 2675 1368 2732 incitavi:
1411 2673 1554 2743 quod
1579 2680 1640 2727 ut
1678 2671 1734 2725 in
1759 2685 1890 2726 con-

300 2771 454 2825 ﬂictu
496 2785 602 2824 non
634 2768 954 2833 deﬁceretis,
1005 2783 1138 2824 ense
1183 2764 1582 2838 praedicationis
1632 2761 1885 2818 armavi:

303 2862 451 2931 quod
515 2859 804 2916 illecebras
871 2875 1006 2931 quas
1074 2858 1262 2930 fugere
1322 2839 1564 2912 debeatis
1627 2851 1886 2908 ostendi:

304 2953 451 3025 quod
486 2953 707 3024 praemia
748 2968 868 3024 quae
904 2952 1162 3008 mereatis
1199 2950 1437 3021 disposui
1465 2966 1478 3002 :
1505 2948 1648 3019 quod
1676 2947 1732 3002 in
1771 2945 1890 3000 lau-

307 3045 468 3100 dibus
513 3046 710 3100 vestris
749 3051 908 3113 prout
956 3043 1107 3114 potui
1159 3057 1248 3098 me
1288 3040 1521 3096 versavi.
1565 3038 1676 3094 Vos
1719 3036 1892 3092 nostis

307 3137 440 3207 quid
467 3152 497 3192 a
537 3135 694 3191 vobis
734 3135 1004 3206 petierim,
1039 3134 1169 3205 quid
1208 3131 1492 3189 charitatis
1516 3129 1714 3185 intuitu
1737 3127 1894 3183 vobis

308 3228 622 3283 indixerim.
659 3226 730 3284 Ut
775 3227 936 3298 digno
983 3227 1287 3282 interventu
1338 3231 1521 3280 vestro
1561 3221 1711 3279 omni
1760 3220 1895 3276 vitio

311 3337 554 3388 caream,
605 3320 778 3391 culpis
804 3335 995 3388 exuar,
1033 3319 1384 3388 nesciamque
1417 3317 1762 3388 delinquere;
1788 3328 1897 3384 quo

311 3413 460 3470 ﬁdeli
482 3412 682 3468 famula
691 3421 746 3466 tu
766 3411 1121 3482 omnipotenti
1144 3411 1256 3466 Deo
1277 3425 1400 3465 meo
1419 3409 1724 3475 cohaerens,
1748 3405 1900 3462 fruar

311 3512 438 3576 post
459 3503 746 3558 transitum
777 3510 889 3558 tam
917 3510 1159 3557 vestrum
1192 3516 1358 3571 quam
1388 3499 1730 3555 dominorum
1751 3511 1902 3552 meo-

315 3611 438 3650 rum
465 3595 760 3662 consortio,
799 3595 856 3649 in
905 3609 1138 3664 quorum
1164 3593 1480 3649 defensione
1507 3599 1564 3646 et
1582 3591 1744 3646 laude
1764 3605 1902 3660 opus

315 3687 536 3744 condidi
557 3686 864 3752 Memoriale
881 3696 1206 3754 sanctorum,
1231 3687 1376 3758 quod
1397 3685 1710 3741 immanitas
1727 3685 1756 3725 1³
1780 3697 1902 3754 per-

317 3783 585 3839 secutoris
644 3797 732 3836 me
794 3781 1050 3853 compulit
1121 3780 1428 3851 relinquere
1485 3777 1900 3851 imperfectum,

317 3874 538 3930 Christo
561 3874 772 3929 fautore
795 3875 1118 3945 quandoque
1142 3871 1493 3928 nihilominus
1514 3884 1899 3926 consumman-

320 3966 473 4023 dum.
514 3966 936 4039 Opitulationem
986 3981 1117 4022 sane
1161 3981 1485 4037 perparvam
1529 3963 1820 4019 voluminis
1848 3961 1902 4015 in

319 4060 434 4117 ﬁne
459 4059 652 4132 adjeci,
684 4077 849 4131 quam
874 4071 929 4116 et
951 4061 1131 4116 verbis
1177 4058 1515 4130 simplicibus
1545 4057 1708 4124 edidi,
1741 4066 1796 4112 et
1819 4071 1906 4110 ve-

321 4167 442 4211 stro
463 4155 830 4212 necessariam
875 4154 1152 4226 proposito
1187 4153 1304 4209 fore
1341 4153 1645 4224 percensui.
1686 4150 1756 4208 Ut
1783 4166 1905 4206 cre-

321 4247 424 4302 bra
469 4245 823 4302 meditatione
859 4245 1057 4302 vestris
1105 4259 1228 4300 eam
1268 4243 1548 4300 memoriis
1599 4241 1905 4312 alligantes,

327 4347 440 4393 tam
473 4353 571 4408 pro
600 4337 754 4392 vobis
791 4336 906 4406 jam
933 4336 1175 4393 caelestis
1216 4335 1353 4390 aulae
1403 4333 1694 4390 luminibus
1744 4330 1910 4386 vesti-

325 4429 480 4502 gium
507 4429 687 4484 cordis
729 4441 891 4498 super
937 4427 1271 4492 tenentibus,
1309 4439 1470 4496 quam
1498 4438 1597 4496 pro
1621 4422 1787 4478 totius
1815 4423 1912 4478 Ec-

328 4521 515 4578 clesiae
539 4521 816 4577 catholicae
854 4521 1236 4578 commoditate
1273 4520 1502 4578 Domino
1530 4511 1790 4584 offeratis,
1812 4535 1910 4576 no-

330 4613 546 4703 strique
570 4613 917 4680 mentionem,
946 4623 1107 4684 prout
1135 4622 1313 4669 textus
1350 4599 1681 4668 exorationis
1713 4612 1907 4682 poscit,
1937 4643 1990 4703 Ι)

331 4702 455 4758 loco
477 4703 666 4758 ultimo
692 4703 926 4759 faciatis.
950 4703 1027 4759 lta
1055 4719 1152 4759 vos
1185 4704 1328 4759 Deus
1353 4703 1504 4774 pacis
1529 4703 1596 4758 ad
1613 4701 1912 4772 perfectum

333 4796 658 4862 sanctiﬁcet,
697 4806 754 4852 ut
801 4797 1010 4852 animas
1059 4805 1113 4852 et
1164 4809 1392 4866 corpora
1427 4794 1546 4849 sine
1585 4792 1806 4864 querela
1861 4793 1916 4846 in

337 4887 630 4944 adventum
681 4887 894 4943 Domini
931 4885 1058 4942 Jesu
1097 4886 1300 4943 Christi
1346 4885 1575 4942 servetis
1612 4900 1626 4938 :
1664 4884 1916 4952 Quicum

337 4977 507 5034 Patre
528 4987 584 5034 et
605 4978 812 5050 Spiritu
837 4987 1024 5034 sancto
1045 4977 1178 5032 vivit
1199 4986 1254 5034 et
1288 4985 1481 5047 regnat
1510 4976 1566 5031 in
1595 4975 1790 5031 saecula
1819 4989 1920 5032 sae-

341 5067 610 5124 culorum.
641 5068 828 5125 Amen.

1016 5219 1248 5233 ﬂ

426 5425 456 5456 ι
482 5413 743 5486 Epilogus
785 5413 1048 5486 concinne
1097 5411 1401 5478 adhibitus,
1440 5419 1497 5466 et
1541 5411 1675 5466 artis
1726 5410 1930 5483 integu-

349 5493 534 5540 mento
554 5485 916 5542 artiﬁciosior.
950 5485 1024 5538 In.

421 5555 450 5595 δ
478 5554 596 5622 Quo
623 5563 862 5625 tempore
884 5555 951 5609 ab
978 5553 1315 5610 Reccafredo
1343 5553 1599 5625 episcopo
1627 5553 1826 5625 missus
1847 5562 1932 5610 est

351 5625 695 5708 D..Eulogiu's
723 5623 774 5679 in
807 5640 1102 5692 carcerem,
1128 5626 1358 5708 necdum
1380 5623 1698 5680 secundum
1730 5623 1926 5708 librum

351 5695 591 5820 fmﬂierat,
631 5710 791 5767 quem
829 5705 1036 5767 postea,
1076 5704 1136 5750 ut
1187 5696 1386 5751 ibidem
1421 5702 1636 5760 narrat,
1671 5695 1926 5766 explevit.

377 5783 408 5820 ι)
447 5783 502 5820 ιί.

377 5782 484 5823 DEI
497 5816 502 5820 .

395 5850 449 5918 ,ς
491 5837 568 5893 lta
600 5838 795 5918 legitur
817 5838 869 5892 in
897 5837 1148 5918 omnibus
1183 5837 1542 5918 editionibus“;
1589 5837 1745 5918 nobis
1773 5837 1931 5918 aliter

355 5908 571 5964 videtur
612 5905 954 5966 inscribenda
992 5908 1110 5965 haec
1158 5908 1368 5974 oratio,
1412 5907 1622 5964 scilicet
1661 5905 1929 5961 Orationis

1421 434 1902 501 DOCUMENTUM
1938 425 2412 490 MARTYRIALE.

3446 414 3554 472 εδι

2128 562 2281 605 ITEM
2346 554 2579 602 ORATIO
2640 551 2925 596 EJCSDEM
2987 547 3245 592 EULOGII
3308 548 3392 590 ΔΙ)

2331 631 2752 681 SUPRADICTAS
2797 628 3092 676 VIRGINES
3129 621 3152 649 ⁰
3165 656 3179 670 .

2033 725 2262 782 Domine
2303 722 2445 777 Deus
2485 717 2848 788 omnipotens,
2899 713 2994 784 qui
3035 710 3382 782 sperantibus
3411 727 3468 767 in
3501 719 3555 768 te

1965 831 2026 872 es
2049 815 2301 872 solatium
2323 825 2533 876 verum,
2570 807 2889 864 timentibus
2915 811 2970 860 te
2993 803 3296 860 remedium
3323 801 3557 858 indefes-

1966 921 2114 973 sum,
2131 913 2188 960 et
2211 913 2268 959 te
2290 899 2637 973 diligentibus
2661 903 2982 968 perpetuum
3009 893 3285 965 gaudium,
3314 891 3553 947 accende

1966 998 2092 1068 igne
2113 995 2318 1052 amoris
2347 1007 2443 1049 cor
2475 999 2741 1054 nostrum,
2782 996 2838 1043 et
2885 985 3104 1040 ﬂamma
3131 993 3239 1040 tua:
3269 983 3557 1041 charitatis

1966 1087 2204 1160 pectoris
2251 1085 2424 1142 nostri
2469 1096 2638 1139 exure
2661 1095 2961 1146 recessum,
3003 1093 3110 1148 quo
3141 1078 3417 1133 valeamus
3440 1090 3554 1132 coe-

1968 1180 2120 1253 ptum
2154 1189 2535 1236 consummare
2583 1173 2924 1245 martyrium.
2971 1170 3062 1238 Ut,
3095 1170 3400 1227 dilectionis
3450 1178 3556 1224 tuae

1973 1273 2030 1329 in
2059 1286 2159 1328 nos
2181 1271 2397 1343 vigente
2447 1265 2720 1332 incendio,
2755 1263 3008 1321 decidant
3034 1277 3066 1317 a
3101 1262 3260 1319 nobis
3287 1261 3556 1318 incentiva

1973 1366 2373 1440 peccaminum,
2405 1371 2461 1419 et
2496 1359 2821 1418 malesuada:
2845 1357 3182 1414 titillationes
3211 1355 3399 1428 procul
3419 1355 3558 1412 effu-

1975 1459 2126 1528 giant
2177 1455 2456 1526 vitiorum.
2507 1453 2598 1520 Ut,
2644 1453 2787 1509 dono
2832 1451 3022 1524 gratia:
3053 1461 3178 1506 .tuae
3223 1449 3558 1514 illuminatae,

1976 1554 2170 1604 cuncta
2208 1546 2394 1602 mundi
2423 1544 2780 1600 oblectamina
2799 1542 3076 1599 valeamus
3104 1541 3400 1612 despicere,
3433 1548 3488 1596 et
3509 1549 3562 1595 te

1976 1639 2129 1711 puris
2159 1638 2435 1694 mentibus
2491 1652 2556 1692 ac
2608 1637 2750 1692 votis
2798 1635 3136 1707 simplicibus
3177 1649 3564 1706 usquequaque

1979 1729 2224 1800 diligere,
2247 1729 2460 1794 timere,
2492 1727 2807 1783 desiderare
2829 1767 2844 1792 ,
2875 1734 2930 1782 et
2959 1741 3224 1796 quaerere.
3256 1725 3335 1780 Da
3370 1726 3564 1792 nobis,

1982 1819 2236 1886 Domine,
2271 1818 2325 1898 in
2357 1816 2704 1874 tribulatione
2732 1817 3011 1882 auxilium,
3036 1818 3160 1888 quia
3190 1831 3332 1871 vana
3363 1825 3450 1872 est
3483 1831 3570 1872 sa-

1909 1917 1956 1977 B
1982 1911 2068 1967 lus
2093 1909 2394 1967 hominum.
2423 1911 2502 1966 Da
2529 1908 3219 1979 fortitudinem'praeliandi
3250 1909 3308 1962 in
3329 1909 3434 1963 hoc
3454 1923 3572 1962 cer-

1983 1994 2204 2070 tamine,
2247 2010 2304 2058 et
2349 2002 2416 2057 de
2456 2001 2587 2057 Sion
2632 2001 2830 2057 intuitu
2865 2000 3130 2056 liberandi
3182 2015 3283 2056 nos
3327 2000 3571 2070 respice;

1983 2105 2252 2166 quatenus
2274 2093 2548 2164 passionis
2577 2091 2802 2149 calicem
2846 2099 2939 2145 tua
2987 2096 3383 2161 prosequentes
3413 2087 3576 2144 vesti-

1984 2187 2092 2259 gia,
2124 2187 2396 2258 possimus
2442 2186 2684 2256 jucundo
2731 2199 2828 2239 ore
2868 2183 3110 2238 ebibere.
3146 2180 3227 2236 Tu
3259 2180 3428 2247 enim,
3472 2181 3574 2235 Do-

1983 2284 2162 2348 mine,
2191 2280 2466 2338 Israelitas
2497 2289 2622 2337 tuos
2645 2278 2774 2334 olim
2810 2276 2914 2332 sub
2934 2277 3054 2332 diro
3083 2274 3460 2346 Egyptiorum
3482 2271 3573 2342 ju-

1985 2389 2054 2447 go
2080 2383 2384 2446 gementes,
2412 2387 2519 2428 non
2565 2371 2739 2427 solum
2783 2368 2992 2441 potenti
3032 2367 3256 2423 dextera
3306 2362 3572 2427 liberasti,

1985 2484 2175 2524 verum
2207 2469 2369 2523 etiam
2421 2467 2767 2522 Pharaonem
2809 2473 2864 2520 et
2893 2462 3195 2519 exercitum
3229 2458 3345 2529 ejus
3373 2460 3430 2514 in
3456 2474 3573 2513 mc-

1987 2561 2077 2617 dio
2102 2560 2240 2614 mari
2268 2560 2600 2626 demersum,
2627 2559 2695 2614 ad
2717 2556 2945 2628 gloriam
2967 2563 3022 2610 et
3052 2555 3316 2610 honorem
3343 2550 3578 2607 nominis

1990 2651 2067 2706 tui
2097 2650 2319 2706 omnino
2348 2649 2671 2706 contrivisti.
2710 2647 2788 2701 Da
2816 2645 3094 2716 fragilitati
3125 2641 3368 2698 nostraed
3405 2642 3460 2696 in
3477 2642 3580 2696 hac

1988 2741 2370 2818 congressione
2395 2742 2656 2797 invictum
2676 2738 2963 2795 resistendi
2986 2736 3209 2791 inimico
3236 2733 3572 2805 praesidium.

1990 2832 2190 2890 Confer
2219 2834 2362 2890 inter
2397 2835 2543 2891 acies
2573 2832 2964 2890 daemoniorum
2993 2837 3048 2886 et
3085 2829 3368 2884 hominum
3390 2834 3580 2882 contra

1992 2946 2091 2986 nos
2126 2929 2521 3001 insurgentium
2569 2927 2988 2999 inexpugnabile
3035 2925 3272 2982 dexterae
3299 2933 3406 2980 tua:
3433 2922 3582 2977 auxi-

1993 3021 2146 3076 lium.
2182 3020 2404 3092 Oppone
2453 3020 2508 3074 in
2539 3017 2908 3074 defensionem
2956 3023 3200 3074 nostram
3239 3014 3480 3070 numinis
3503 3011 3581 3067 tui

1997 3119 2232 3176 scutum,
2260 3118 2316 3166 et
2351 3122 2522 3180 usque
2557 3107 2624 3162 ad
2657 3115 2890 3162 mortem
2917 3113 3142 3178 propter
3170 3113 3223 3160 te
3245 3103 3477 3158 viriliter
3501 3099 3583 3156 di-

1996 3203 2233 3260 micandi
2257 3203 2438 3273 praebe
2475 3200 2814 3270 suffragium,
2864 3214 2971 3270 quo
3005 3198 3282 3264 valeamus
3325 3193 3587 3250 effusione

1925 3279 1971 3343 C
2003 3293 2279 3367 sanguinis
2309 3293 2481 3348 nostri
2505 3291 2777 3363 passionis
2807 3299 2912 3345 tuae
2944 3288 3174 3344 reddere
3217 3286 3479 3344 debitum.
3512 3282 3584 3338 Ut

2000 3383 2140 3439 sicut
2192 3397 2290 3452 pro
2323 3381 2479 3437 nobis
2515 3387 2572 3434 tu
2619 3380 2735 3451 ipse
2778 3379 3030 3451 dignatus
3076 3394 3136 3434 es
3175 3377 3336 3443 mori,
3372 3375 3445 3430 ita
3479 3388 3580 3428 nos

2001 3489 2214 3545 quoque
2239 3473 2506 3543 condigno
2536 3487 2636 3543 pro
2671 3481 2722 3526 te
2751 3469 3050 3542 martyriali
3079 3469 3230 3525 obitu
3259 3467 3427 3522 facias
3453 3465 3588 3519 inte-

2002 3569 2147 3625 rire:
2176 3577 2236 3622 ut
2263 3575 2531 3622 tormenta
2565 3565 2756 3622 aeterni
2803 3563 3047 3634 supplicii
3083 3577 3181 3632 per
3229 3557 3582 3629 temporalem

2003 3661 2239 3734 gladium
2275 3660 2582 3726 evadentes,
2633 3657 2876 3728 deposita
2927 3655 3146 3712 sarcina
3192 3651 3394 3714 carnis,
3437 3649 3506 3703 ad
3537 3656 3591 3701 te

2003 3769 2316 3810 mereamur
2353 3751 2642 3824 pervenire
2687 3750 2893 3806 felices.
2925 3747 3083 3803 Adsit
3127 3746 3312 3811 etiam,
3344 3742 3606 3805 Domine,‘

2004 3845 2206 3913 absque
2233 3841 2514 3898 obstaculo
2537 3839 2823 3896 catholica:
2851 3837 2994 3910 plebi
3020 3846 3110 3892 tua
3131 3836 3304 3890 virtus
3324 3833 3590 3906 piissima,

2007 3933 2299 3990 defendens
2355 3930 2654 3988 Ecclesiam
2705 3939 2854 3986 tuam
2909 3944 2939 3982 a
2984 3925 3276 3984 vastatoris
3323 3921 3592 3986 molestia,

2007 4025 2354 4095 omniumque
2393 4023 2736 4079 sacerdotum
2773 4030 2992 4076 tuorum
3039 4033 3243 4075 corona
3284 4013 3595 4072 sanctitatis

2008 4125 2062 4172 ct
2081 4114 2419 4172 castimoniae
2445 4129 2547 4185 ope
2573 4112 2826 4177 subnixa,
2849 4119 2975 4182 post
2999 4108 3262 4165 illibatum
3289 4119 3457 4162 sacrae
3481 4101 3596 4158 ofﬁ-

2009 4209 2272 4265 ciositatis
2317 4205 2678 4263 ministerium
2725 4204 3006 4261 caelestem
3059 4201 3211 4257 adire
3258 4199 3454 4270 jubeas
3499 4211 3595 4267 pa-

2014 4301 2191 4358 triam.
2250 4300 2397 4355 Inter
2435 4314 2572 4370 quos
2626 4310 2843 4353 servum
2892 4303 3043 4349 tuum
3090 4290 3402 4362 Eulogium,
3446 4284 3599 4356 cujus

2010 4400 2134 4464 post
2175 4400 2329 4447 tuum
2383 4404 2582 4445 munus
2631 4385 2972 4444 documentis
3021 4383 3362 4446 instruimur,
3401 4377 3600 4434 litteris

2013 4485 2332 4548 edocemur,
2397 4481 2606 4537 solatiis
2675 4477 3064 4544 confovemur,
3124 4471 3600 4546 praedicationibus

2015 4575 2348 4642 animamur;
2373 4574 2624 4630 omnibus
2649 4571 2890 4644 peccatis
2922 4569 3263 4634 mundatum,
3303 4562 3604 4622 sceleribus

2018 4669 2288 4726 universis
2317 4670 2642 4732 abstersum,
2679 4666 2889 4722 ﬁdelem
2929 4663 3027 4720 tibi
3073 4661 3270 4720 eﬁicito
3308 4660 3595 4720 famulum,

2017 4769 2110 4816 tuo
2151 4759 2462 4830 perenniter
2497 4757 2758 4828 obsequio
2804 4756 3208 4826 mancipatum;
3253 4767 3360 4822 quo
3401 4739 3458 4805 in
3494 4749 3598 4828 hac

2019 4851 2346 4906 mortalitate
2365 4849 2620 4920 placitum
2660 4847 2754 4904 tibi
2795 4847 3059 4904 exhibens
3091 4844 3428 4908 famulatum,
3455 4855 3580 4894 con-

2021 4943 2216 5013 dignus
2247 4950 2462 4996 tuarum
2489 4939 2544 4994 in
2583 4938 2767 4994 futuro
2808 4937 3026 4994 habitus
3057 4934 3373 4992 muneribus
3399 4931 3599 5004 gratia-

2024 5055 2168 5104 rum,
2214 5037 2407 5092 saltem
2435 5035 2521 5091 vel
2552 5034 2804 5090 ultimum
2840 5029 3218 5103 requiescendi
3252 5027 3493 5084 obtineat
3527 5025 3609 5080 lo-

2027 5129 2208 5185 culum
2239 5127 2294 5182 in
2323 5125 2544 5198 regione
2573 5125 2841 5180 vivorum.
2865 5124 2971 5180 Per
2997 5121 3273 5178 Christum
3315 5119 3602 5174 Dominum

2027 5227 2292 5284 nostrum,
2321 5217 2413 5286 qui
2447 5224 2627 5272 tecum
2654 5215 2789 5270 vivit
2821 5224 2878 5269 et
2903 5220 3090 5285 regnat
3124 5211 3179 5266 in
3206 5207 3403 5266 saecula
3428 5223 3601 5264 saecu-

2028 5309 2226 5366 lorum.
2261 5309 2432 5364 Amen
2444 5347 2458 5362 .

2033 5423 2262 5495 formula
2297 5423 2362 5477 ab
2406 5421 2632 5495 Eulogii)
2667 5418 2985 5495 composita,
3024 5435 3128 5495 qua
3169 5427 3365 5495 sancta:
3388 5417 3609 5495 virgine:

2034 5488 2153 5549 cum
2177 5511 2272 5566 pro
2295 5488 2810 5548 universa'Ecclesia
2838 5499 2950 5544 tum
2975 5488 3070 5562 pro
3097 5490 3208 5561 ipso
3232 5489 3397 5544 Deum
3427 5488 3609 5558 depre-

2033 5575 2298 5620 curentur.

2103 5635 2131 5676 ἀ
2163 5633 2665 5718 δᾳωριυιηῃιιίψᾱ.
2688 5631 2953 5718 dubiae:
2980 5632 3070 5718 pia
3110 5631 3383 5718 oratione:
3417 5641 3520 5718 qua
3555 5627 3608 5682 in

2033 5699 2416 5763 sacratissima:
2440 5703 2718 5769 V.,Mari:e
2741 5699 2937 5768 oﬁicio,
2968 5699 3028 5758 ut
3054 5712 3281 5768 vocant,
3312 5703 3378 5755 ad
3401 5707 3608 5755 sextam

2033 5779 2277 5832 utimur:
2312 5775 2575 5838 Concede,
2628 5773 2923 5830 misericors
2971 5775 3142 5842 Deus,
3195 5770 3470 5844 fragilitati
3518 5783 3610 5821 no—

2034 5859 2178 5914 stra’,
2202 5855 2304 5903 etc.
2335 5845 2543 5901 Monac.
