  <div class='ocr_page' id='page_1' title='image "/cluster/home/n/w/nwhite01/storage/ocr_20150623/115/hvd.32044015466873/421.png"; bbox 0 0 4094 6346; ppageno 0'>
   <div class='ocr_carea' id='block_1_1' title="bbox 443 1895 458 1922">
    <p class='ocr_par' dir='ltr' id='par_1_1' title="bbox 443 1895 458 1922">
     <span class='ocr_line' id='line_1_1' title="bbox 443 1895 458 1922; baseline 0 0"><span class='ocrx_word' id='word_1_1' title='bbox 443 1895 458 1922; x_wconf 74' lang='grc' dir='ltr'>ῒ</span> 
     </span>
    </p>
   </div>
   <div class='ocr_carea' id='block_1_2' title="bbox 521 380 3798 452">
    <p class='ocr_par' dir='ltr' id='par_1_2' title="bbox 521 380 3798 452">
     <span class='ocr_line' id='line_1_2' title="bbox 521 380 3798 452; baseline -0.005 0"><span class='ocrx_word' id='word_1_2' title='bbox 521 393 630 452; x_wconf 72' lang='lat'><strong>855</strong></span> <span class='ocrx_word' id='word_1_3' title='bbox 1633 393 1690 448; x_wconf 87' lang='lat' dir='ltr'><strong>S.</strong></span> <span class='ocrx_word' id='word_1_4' title='bbox 1728 389 2006 448; x_wconf 76' lang='lat' dir='ltr'><strong>EULOGII</strong></span> <span class='ocrx_word' id='word_1_5' title='bbox 2043 389 2366 448; x_wconf 78' lang='lat' dir='ltr'><strong>ARCHIEP.</strong></span> <span class='ocrx_word' id='word_1_6' title='bbox 2407 386 2652 445; x_wconf 83' lang='lat' dir='ltr'><strong>TOLET.</strong></span> <span class='ocrx_word' id='word_1_7' title='bbox 3692 380 3798 437; x_wconf 73' lang='lat'><strong>836</strong></span> 
     </span>
    </p>
   </div>
   <div class='ocr_carea' id='block_1_3' title="bbox 559 513 3770 548">
    <p class='ocr_par' dir='ltr' id='par_1_3' title="bbox 559 513 3770 548">
     <span class='ocr_line' id='line_1_3' title="bbox 559 513 3770 548; baseline -0.001 -4"><span class='ocrx_word' id='word_1_8' title='bbox 559 513 3770 548; x_wconf 56' lang='lat' dir='ltr'><strong>WW—</strong></span> 
     </span>
    </p>
   </div>
   <div class='ocr_carea' id='block_1_4' title="bbox 1397 653 2897 779">
    <p class='ocr_par' dir='ltr' id='par_1_4' title="bbox 1397 653 2897 779">
     <span class='ocr_line' id='line_1_4' title="bbox 1397 653 2897 779; baseline -0.005 0"><span class='ocrx_word' id='word_1_9' title='bbox 1397 661 2077 779; x_wconf 72' lang='lat' dir='ltr'><strong>SANGTI</strong></span> <span class='ocrx_word' id='word_1_10' title='bbox 2151 653 2897 774; x_wconf 75' lang='lat' dir='ltr'><strong>EULOGII</strong></span> 
     </span>
    </p>
   </div>
   <div class='ocr_carea' id='block_1_5' title="bbox 1503 870 2815 932">
    <p class='ocr_par' dir='ltr' id='par_1_5' title="bbox 1503 870 2815 932">
     <span class='ocr_line' id='line_1_5' title="bbox 1503 870 2815 932; baseline -0.003 0"><span class='ocrx_word' id='word_1_11' title='bbox 1503 872 2028 932; x_wconf 78' lang='lat' dir='ltr'><strong>ARCHIEPISCOPI</strong></span> <span class='ocrx_word' id='word_1_12' title='bbox 2067 870 2415 930; x_wconf 83' lang='lat' dir='ltr'><strong>TOLETANI</strong></span> <span class='ocrx_word' id='word_1_13' title='bbox 2453 871 2815 930; x_wconf 76' lang='lat' dir='ltr'><strong>MARTYRIS</strong></span> 
     </span>
    </p>
   </div>
   <div class='ocr_carea' id='block_1_6' title="bbox 518 996 3800 1192">
    <p class='ocr_par' dir='ltr' id='par_1_6' title="bbox 518 996 3800 1192">
     <span class='ocr_line' id='line_1_6' title="bbox 518 996 3800 1192; baseline -0.004 -2"><span class='ocrx_word' id='word_1_14' title='bbox 518 1061 651 1192; x_wconf 79' lang='lat' dir='ltr'><strong>rt</strong></span> <span class='ocrx_word' id='word_1_15' title='bbox 723 1058 978 1189; x_wconf 77' lang='lat' dir='ltr'><strong>nrt</strong></span> <span class='ocrx_word' id='word_1_16' title='bbox 1059 1059 1192 1189; x_wconf 73' lang='grc' dir='ltr'><strong>ΕΤ</strong></span> <span class='ocrx_word' id='word_1_17' title='bbox 1277 1053 1766 1184; x_wconf 70' lang='lat' dir='ltr'><strong>manu</strong></span> <span class='ocrx_word' id='word_1_18' title='bbox 1849 1051 1990 1182; x_wconf 82' lang='lat' dir='ltr'><strong>ss.</strong></span> <span class='ocrx_word' id='word_1_19' title='bbox 2082 996 2592 1178; x_wconf 75' lang='lat' dir='ltr'><strong>VIRGINUM</strong></span> <span class='ocrx_word' id='word_1_20' title='bbox 2680 1049 3032 1178; x_wconf 76' lang='lat' dir='ltr'><strong>notia</strong></span> <span class='ocrx_word' id='word_1_21' title='bbox 3117 1051 3251 1178; x_wconf 81' lang='lat' dir='ltr'>ET</span> <span class='ocrx_word' id='word_1_22' title='bbox 3340 1048 3800 1178; x_wconf 66' lang='lat' dir='ltr'><strong>tttha:</strong></span> 
     </span>
    </p>
   </div>
   <div class='ocr_carea' id='block_1_7' title="bbox 1017 1367 1594 1409">
    <p class='ocr_par' dir='ltr' id='par_1_7' title="bbox 1017 1367 1594 1409">
     <span class='ocr_line' id='line_1_7' title="bbox 1017 1367 1594 1409; baseline -0.003 -1"><span class='ocrx_word' id='word_1_23' title='bbox 1017 1369 1196 1409; x_wconf 65' lang='lat' dir='ltr'><strong>PBEFA</strong></span> <span class='ocrx_word' id='word_1_24' title='bbox 1207 1369 1296 1409; x_wconf 81' lang='lat' dir='ltr'><strong>T10</strong></span> <span class='ocrx_word' id='word_1_25' title='bbox 1333 1367 1594 1408; x_wconf 77' lang='lat' dir='ltr'><strong>AUCTORIS</strong></span> 
     </span>
    </p>
   </div>
   <div class='ocr_carea' id='block_1_8' title="bbox 589 1439 2102 1518">
    <p class='ocr_par' dir='ltr' id='par_1_8' title="bbox 589 1439 2102 1518">
     <span class='ocr_line' id='line_1_8' title="bbox 589 1439 2102 1518; baseline -0.008 -8"><span class='ocrx_word' id='word_1_26' title='bbox 589 1458 637 1511; x_wconf 80' lang='lat' dir='ltr'><strong>i.</strong></span> <span class='ocrx_word' id='word_1_27' title='bbox 667 1455 804 1509; x_wconf 90' lang='lat' dir='ltr'><strong>Cum</strong></span> <span class='ocrx_word' id='word_1_28' title='bbox 834 1451 901 1507; x_wconf 90' lang='lat' dir='ltr'><strong>ad</strong></span> <span class='ocrx_word' id='word_1_29' title='bbox 929 1439 1143 1504; x_wconf 85' lang='lat' dir='ltr'><strong>laudem</strong></span> <span class='ocrx_word' id='word_1_30' title='bbox 1182 1447 1380 1503; x_wconf 77' lang='lat' dir='ltr'><strong>Christi</strong></span> <span class='ocrx_word' id='word_1_31' title='bbox 1419 1445 1687 1518; x_wconf 75' lang='lat' dir='ltr'><strong>pertineat</strong></span> <span class='ocrx_word' id='word_1_32' title='bbox 1735 1445 1908 1500; x_wconf 87' lang='lat' dir='ltr'><strong>cultus</strong></span> <span class='ocrx_word' id='word_1_33' title='bbox 1952 1459 2102 1499; x_wconf 88' lang='lat' dir='ltr'><strong>reve-</strong></span> 
     </span>
    </p>
   </div>
   <div class='ocr_carea' id='block_1_9' title="bbox 517 1536 2100 1618">
    <p class='ocr_par' dir='ltr' id='par_1_9' title="bbox 517 1536 2100 1618">
     <span class='ocr_line' id='line_1_9' title="bbox 517 1536 2100 1618; baseline -0.008 -14"><span class='ocrx_word' id='word_1_34' title='bbox 517 1549 728 1614; x_wconf 59' lang='lat' dir='ltr'><strong>rentia,</strong></span> <span class='ocrx_word' id='word_1_35' title='bbox 765 1543 858 1618; x_wconf 88' lang='lat' dir='ltr'><strong>qui</strong></span> <span class='ocrx_word' id='word_1_36' title='bbox 890 1543 1220 1614; x_wconf 78' lang='lat' dir='ltr'><strong>martyribus</strong></span> <span class='ocrx_word' id='word_1_37' title='bbox 1250 1541 1554 1604; x_wconf 83' lang='lat' dir='ltr'><strong>exhibetur,</strong></span> <span class='ocrx_word' id='word_1_38' title='bbox 1587 1536 1876 1607; x_wconf 86' lang='lat' dir='ltr'><strong>respondet</strong></span> <span class='ocrx_word' id='word_1_39' title='bbox 1920 1543 2100 1592; x_wconf 90' lang='lat' dir='ltr'><strong>tamen</strong></span> 
     </span>
    </p>
   </div>
   <div class='ocr_carea' id='block_1_10' title="bbox 515 1631 2104 1703">
    <p class='ocr_par' dir='ltr' id='par_1_10' title="bbox 515 1631 2104 1703">
     <span class='ocr_line' id='line_1_10' title="bbox 515 1631 2104 1703; baseline -0.009 -3"><span class='ocrx_word' id='word_1_40' title='bbox 515 1642 765 1700; x_wconf 86' lang='lat' dir='ltr'><strong>fidelibus</strong></span> <span class='ocrx_word' id='word_1_41' title='bbox 799 1641 851 1695; x_wconf 92' lang='lat' dir='ltr'><strong>in</strong></span> <span class='ocrx_word' id='word_1_42' title='bbox 880 1637 1178 1694; x_wconf 85' lang='lat' dir='ltr'><strong>remedium</strong></span> <span class='ocrx_word' id='word_1_43' title='bbox 1206 1635 1509 1690; x_wconf 87' lang='lat' dir='ltr'><strong>animarum</strong></span> <span class='ocrx_word' id='word_1_44' title='bbox 1531 1675 1544 1697; x_wconf 94' lang='lat'><strong>,</strong></span> <span class='ocrx_word' id='word_1_45' title='bbox 1574 1633 1834 1703; x_wconf 84' lang='lat' dir='ltr'><strong>quidquid</strong></span> <span class='ocrx_word' id='word_1_46' title='bbox 1885 1631 2104 1702; x_wconf 91' lang='lat' dir='ltr'><strong>religio-</strong></span> 
     </span>
    </p>
   </div>
   <div class='ocr_carea' id='block_1_11' title="bbox 515 1725 2102 1802">
    <p class='ocr_par' dir='ltr' id='par_1_11' title="bbox 515 1725 2102 1802">
     <span class='ocr_line' id='line_1_11' title="bbox 515 1725 2102 1802; baseline -0.009 -9"><span class='ocrx_word' id='word_1_47' title='bbox 515 1739 647 1794; x_wconf 78' lang='lat' dir='ltr'><strong>siler</strong></span> <span class='ocrx_word' id='word_1_48' title='bbox 673 1735 726 1790; x_wconf 89' lang='lat' dir='ltr'><strong>in</strong></span> <span class='ocrx_word' id='word_1_49' title='bbox 772 1731 1157 1788; x_wconf 85' lang='lat' dir='ltr'><strong>festivitatibus</strong></span> <span class='ocrx_word' id='word_1_50' title='bbox 1187 1730 1363 1802; x_wconf 86' lang='lat' dir='ltr'><strong>agitur</strong></span> <span class='ocrx_word' id='word_1_51' title='bbox 1407 1729 1688 1783; x_wconf 85' lang='lat' dir='ltr'><strong>beatorum</strong></span> <span class='ocrx_word' id='word_1_52' title='bbox 1724 1741 1738 1780; x_wconf 91' lang='lat'><strong>:</strong></span> <span class='ocrx_word' id='word_1_53' title='bbox 1777 1725 2102 1797; x_wconf 65' lang='lat' dir='ltr'><strong>praesertim,</strong></span> 
     </span>
    </p>
   </div>
   <div class='ocr_carea' id='block_1_12' title="bbox 513 1818 2102 1898">
    <p class='ocr_par' dir='ltr' id='par_1_12' title="bbox 513 1818 2102 1898">
     <span class='ocr_line' id='line_1_12' title="bbox 513 1818 2102 1898; baseline -0.008 -13"><span class='ocrx_word' id='word_1_54' title='bbox 513 1845 635 1886; x_wconf 92' lang='lat' dir='ltr'><strong>cum</strong></span> <span class='ocrx_word' id='word_1_55' title='bbox 664 1843 764 1898; x_wconf 90' lang='lat' dir='ltr'><strong>per</strong></span> <span class='ocrx_word' id='word_1_56' title='bbox 787 1827 916 1892; x_wconf 93' lang='lat' dir='ltr'><strong>hoc,</strong></span> <span class='ocrx_word' id='word_1_57' title='bbox 953 1833 1007 1880; x_wconf 89' lang='lat' dir='ltr'><strong>et</strong></span> <span class='ocrx_word' id='word_1_58' title='bbox 1043 1837 1140 1894; x_wconf 88' lang='lat' dir='ltr'><strong>per</strong></span> <span class='ocrx_word' id='word_1_59' title='bbox 1183 1822 1420 1892; x_wconf 88' lang='lat' dir='ltr'><strong>ipsorum</strong></span> <span class='ocrx_word' id='word_1_60' title='bbox 1461 1818 2102 1890; x_wconf 85' lang='lat' dir='ltr'><strong>patrociniamartyrum</strong></span> 
     </span>
    </p>
   </div>
   <div class='ocr_carea' id='block_1_13' title="bbox 512 1912 2106 1988">
    <p class='ocr_par' dir='ltr' id='par_1_13' title="bbox 512 1912 2106 1988">
     <span class='ocr_line' id='line_1_13' title="bbox 512 1912 2106 1988; baseline -0.009 -8"><span class='ocrx_word' id='word_1_61' title='bbox 512 1935 569 1980; x_wconf 91' lang='lat' dir='ltr'><strong>et</strong></span> <span class='ocrx_word' id='word_1_62' title='bbox 599 1923 795 1979; x_wconf 92' lang='lat' dir='ltr'><strong>summi</strong></span> <span class='ocrx_word' id='word_1_63' title='bbox 828 1919 1208 1988; x_wconf 79' lang='lat' dir='ltr'><strong>Redemptoris</strong></span> <span class='ocrx_word' id='word_1_64' title='bbox 1248 1916 1552 1986; x_wconf 84' lang='lat' dir='ltr'><strong>acquiritur</strong></span> <span class='ocrx_word' id='word_1_65' title='bbox 1580 1914 1860 1984; x_wconf 79' lang='lat' dir='ltr'><strong>praemium</strong></span> <span class='ocrx_word' id='word_1_66' title='bbox 1881 1954 1895 1978; x_wconf 97' lang='lat'><strong>,</strong></span> <span class='ocrx_word' id='word_1_67' title='bbox 1924 1912 1980 1968; x_wconf 94' lang='lat' dir='ltr'><strong>in</strong></span> <span class='ocrx_word' id='word_1_68' title='bbox 2013 1927 2106 1967; x_wconf 64' lang='grc' dir='ltr'><strong>(ιιι⁴</strong></span> 
     </span>
    </p>
   </div>
   <div class='ocr_carea' id='block_1_14' title="bbox 507 2005 2106 2084">
    <p class='ocr_par' dir='ltr' id='par_1_14' title="bbox 507 2005 2106 2084">
     <span class='ocr_line' id='line_1_14' title="bbox 507 2005 2106 2084; baseline -0.008 -15"><span class='ocrx_word' id='word_1_69' title='bbox 507 2013 599 2084; x_wconf 86' lang='lat' dir='ltr'><strong>jus</strong></span> <span class='ocrx_word' id='word_1_70' title='bbox 653 2013 912 2068; x_wconf 87' lang='lat' dir='ltr'><strong>honorem</strong></span> <span class='ocrx_word' id='word_1_71' title='bbox 963 2011 1217 2064; x_wconf 85' lang='lat' dir='ltr'><strong>virtutem</strong></span> <span class='ocrx_word' id='word_1_72' title='bbox 1283 2005 1526 2062; x_wconf 86' lang='lat' dir='ltr'><strong>recolunt</strong></span> <span class='ocrx_word' id='word_1_73' title='bbox 1579 2012 1919 2068; x_wconf 89' lang='lat' dir='ltr'><strong>sanctorum;</strong></span> <span class='ocrx_word' id='word_1_74' title='bbox 1976 2017 2106 2074; x_wconf 87' lang='lat' dir='ltr'><strong>ergo</strong></span> 
     </span>
    </p>
   </div>
   <div class='ocr_carea' id='block_1_15' title="bbox 513 2095 2105 2172">
    <p class='ocr_par' dir='ltr' id='par_1_15' title="bbox 513 2095 2105 2172">
     <span class='ocr_line' id='line_1_15' title="bbox 513 2095 2105 2172; baseline -0.006 -14"><span class='ocrx_word' id='word_1_75' title='bbox 513 2111 826 2159; x_wconf 90' lang='lat' dir='ltr'><strong>nostrarum</strong></span> <span class='ocrx_word' id='word_1_76' title='bbox 872 2099 1139 2172; x_wconf 83' lang='lat' dir='ltr'><strong>virginum</strong></span> <span class='ocrx_word' id='word_1_77' title='bbox 1179 2098 1352 2153; x_wconf 66' lang='lat' dir='ltr'><strong>Florm</strong></span> <span class='ocrx_word' id='word_1_78' title='bbox 1397 2108 1451 2152; x_wconf 89' lang='lat' dir='ltr'><strong>et</strong></span> <span class='ocrx_word' id='word_1_79' title='bbox 1492 2095 1672 2152; x_wconf 82' lang='lat' dir='ltr'><strong>Mariae</strong></span> <span class='ocrx_word' id='word_1_80' title='bbox 1710 2105 1909 2165; x_wconf 82' lang='lat' dir='ltr'><strong>tropaea</strong></span> <span class='ocrx_word' id='word_1_81' title='bbox 1953 2095 2105 2166; x_wconf 81' lang='lat' dir='ltr'><strong>dige-</strong></span> 
     </span>
    </p>
   </div>
   <div class='ocr_carea' id='block_1_16' title="bbox 515 2187 2105 2265">
    <p class='ocr_par' dir='ltr' id='par_1_16' title="bbox 515 2187 2105 2265">
     <span class='ocr_line' id='line_1_16' title="bbox 515 2187 2105 2265; baseline -0.007 -15"><span class='ocrx_word' id='word_1_82' title='bbox 515 2195 654 2250; x_wconf 89' lang='lat' dir='ltr'><strong>stttri</strong></span> <span class='ocrx_word' id='word_1_83' title='bbox 703 2193 933 2265; x_wconf 86' lang='lat' dir='ltr'><strong>insignia</strong></span> <span class='ocrx_word' id='word_1_84' title='bbox 982 2207 1086 2246; x_wconf 93' lang='lat' dir='ltr'><strong>non</strong></span> <span class='ocrx_word' id='word_1_85' title='bbox 1126 2189 1392 2245; x_wconf 77' lang='lat' dir='ltr'><strong>facundia:</strong></span> <span class='ocrx_word' id='word_1_86' title='bbox 1417 2187 1623 2258; x_wconf 88' lang='lat' dir='ltr'><strong>lepori,</strong></span> <span class='ocrx_word' id='word_1_87' title='bbox 1651 2203 1758 2242; x_wconf 89' lang='lat' dir='ltr'><strong>non</strong></span> <span class='ocrx_word' id='word_1_88' title='bbox 1796 2187 2105 2241; x_wconf 85' lang='lat' dir='ltr'><strong>tonantibus</strong></span> 
     </span>
    </p>
   </div>
   <div class='ocr_carea' id='block_1_17' title="bbox 514 2278 2106 2358">
    <p class='ocr_par' dir='ltr' id='par_1_17' title="bbox 514 2278 2106 2358">
     <span class='ocr_line' id='line_1_17' title="bbox 514 2278 2106 2358; baseline -0.006 -14"><span class='ocrx_word' id='word_1_89' title='bbox 514 2287 800 2358; x_wconf 88' lang='lat' dir='ltr'><strong>euphoniis</strong></span> <span class='ocrx_word' id='word_1_90' title='bbox 827 2287 1115 2341; x_wconf 83' lang='lat' dir='ltr'><strong>verborum</strong></span> <span class='ocrx_word' id='word_1_91' title='bbox 1166 2283 1498 2346; x_wconf 84' lang='lat' dir='ltr'><strong>serviamus;</strong></span> <span class='ocrx_word' id='word_1_92' title='bbox 1546 2282 1639 2336; x_wconf 89' lang='lat' dir='ltr'><strong>sed</strong></span> <span class='ocrx_word' id='word_1_93' title='bbox 1686 2282 1826 2350; x_wconf 84' lang='lat' dir='ltr'><strong>quod</strong></span> <span class='ocrx_word' id='word_1_94' title='bbox 1860 2278 2106 2334; x_wconf 89' lang='lat' dir='ltr'><strong>fidelibus</strong></span> 
     </span>
    </p>
   </div>
   <div class='ocr_carea' id='block_1_18' title="bbox 514 2371 2102 2449">
    <p class='ocr_par' dir='ltr' id='par_1_18' title="bbox 514 2371 2102 2449">
     <span class='ocr_line' id='line_1_18' title="bbox 514 2371 2102 2449; baseline -0.006 -15"><span class='ocrx_word' id='word_1_95' title='bbox 514 2378 830 2449; x_wconf 87' lang='lat' dir='ltr'><strong>simpliciter</strong></span> <span class='ocrx_word' id='word_1_96' title='bbox 851 2377 929 2433; x_wconf 88' lang='lat' dir='ltr'><strong>rei</strong></span> <span class='ocrx_word' id='word_1_97' title='bbox 951 2385 1112 2448; x_wconf 78' lang='lat' dir='ltr'><strong>gesta:</strong></span> <span class='ocrx_word' id='word_1_98' title='bbox 1135 2371 1422 2430; x_wconf 78' lang='lat' dir='ltr'><strong>veritatem</strong></span> <span class='ocrx_word' id='word_1_99' title='bbox 1447 2373 1697 2435; x_wconf 84' lang='lat' dir='ltr'><strong>insinuet,</strong></span> <span class='ocrx_word' id='word_1_100' title='bbox 1723 2371 2102 2427; x_wconf 82' lang='lat' dir='ltr'><strong>observemus:</strong></span> 
     </span>
    </p>
   </div>
   <div class='ocr_carea' id='block_1_19' title="bbox 513 2463 2104 2542">
    <p class='ocr_par' dir='ltr' id='par_1_19' title="bbox 513 2463 2104 2542">
     <span class='ocr_line' id='line_1_19' title="bbox 513 2463 2104 2542; baseline -0.005 -16"><span class='ocrx_word' id='word_1_101' title='bbox 513 2471 642 2542; x_wconf 87' lang='lat' dir='ltr'><strong>quia</strong></span> <span class='ocrx_word' id='word_1_102' title='bbox 669 2468 912 2525; x_wconf 78' lang='lat' dir='ltr'><strong>sufﬁcere</strong></span> <span class='ocrx_word' id='word_1_103' title='bbox 940 2467 1138 2523; x_wconf 87' lang='lat' dir='ltr'><strong>nostris</strong></span> <span class='ocrx_word' id='word_1_104' title='bbox 1169 2466 1442 2522; x_wconf 89' lang='lat' dir='ltr'><strong>credimus</strong></span> <span class='ocrx_word' id='word_1_105' title='bbox 1475 2463 1761 2519; x_wconf 83' lang='lat' dir='ltr'><strong>veritatem</strong></span> <span class='ocrx_word' id='word_1_106' title='bbox 1795 2479 1928 2534; x_wconf 88' lang='lat' dir='ltr'><strong>pura</strong></span> <span class='ocrx_word' id='word_1_107' title='bbox 1971 2465 2104 2519; x_wconf 89' lang='lat' dir='ltr'><strong>sim-</strong></span> 
     </span>
    </p>
   </div>
   <div class='ocr_carea' id='block_1_20' title="bbox 513 2553 2108 2634">
    <p class='ocr_par' dir='ltr' id='par_1_20' title="bbox 513 2553 2108 2634">
     <span class='ocr_line' id='line_1_20' title="bbox 513 2553 2108 2634; baseline -0.004 -17"><span class='ocrx_word' id='word_1_108' title='bbox 513 2561 754 2634; x_wconf 90' lang='lat' dir='ltr'><strong>plicitate</strong></span> <span class='ocrx_word' id='word_1_109' title='bbox 779 2561 1041 2630; x_wconf 83' lang='lat' dir='ltr'><strong>digestam</strong></span> <span class='ocrx_word' id='word_1_110' title='bbox 1062 2601 1076 2624; x_wconf 98' lang='lat'><strong>,</strong></span> <span class='ocrx_word' id='word_1_111' title='bbox 1104 2571 1268 2629; x_wconf 91' lang='lat' dir='ltr'><strong>quam</strong></span> <span class='ocrx_word' id='word_1_112' title='bbox 1297 2571 1434 2612; x_wconf 86' lang='lat' dir='ltr'><strong>vano</strong></span> <span class='ocrx_word' id='word_1_113' title='bbox 1465 2553 1747 2610; x_wconf 89' lang='lat' dir='ltr'><strong>infulatam</strong></span> <span class='ocrx_word' id='word_1_114' title='bbox 1787 2556 1935 2610; x_wconf 87' lang='lat' dir='ltr'><strong>culttt</strong></span> <span class='ocrx_word' id='word_1_115' title='bbox 1960 2556 2108 2610; x_wconf 88' lang='lat' dir='ltr'><strong>falla-</strong></span> 
     </span>
    </p>
   </div>
   <div class='ocr_carea' id='block_1_21' title="bbox 512 2645 2101 2718">
    <p class='ocr_par' dir='ltr' id='par_1_21' title="bbox 512 2645 2101 2718">
     <span class='ocr_line' id='line_1_21' title="bbox 512 2645 2101 2718; baseline -0.006 -8"><span class='ocrx_word' id='word_1_116' title='bbox 512 2655 678 2710; x_wconf 88' lang='lat' dir='ltr'><strong>ciam.</strong></span> <span class='ocrx_word' id='word_1_117' title='bbox 724 2653 791 2709; x_wconf 86' lang='lat' dir='ltr'><strong>Et</strong></span> <span class='ocrx_word' id='word_1_118' title='bbox 834 2661 919 2708; x_wconf 88' lang='lat' dir='ltr'><strong>sat</strong></span> <span class='ocrx_word' id='word_1_119' title='bbox 961 2652 1118 2708; x_wconf 89' lang='lat' dir='ltr'><strong>nobis</strong></span> <span class='ocrx_word' id='word_1_120' title='bbox 1160 2660 1244 2706; x_wconf 88' lang='lat' dir='ltr'><strong>est</strong></span> <span class='ocrx_word' id='word_1_121' title='bbox 1287 2649 1518 2705; x_wconf 86' lang='lat' dir='ltr'><strong>ﬁdeliter</strong></span> <span class='ocrx_word' id='word_1_122' title='bbox 1551 2647 1752 2704; x_wconf 88' lang='lat' dir='ltr'><strong>referre</strong></span> <span class='ocrx_word' id='word_1_123' title='bbox 1781 2648 1924 2718; x_wconf 92' lang='lat' dir='ltr'><strong>quod</strong></span> <span class='ocrx_word' id='word_1_124' title='bbox 1968 2645 2101 2713; x_wconf 86' lang='lat' dir='ltr'><strong>fuit;</strong></span> 
     </span>
    </p>
   </div>
   <div class='ocr_carea' id='block_1_22' title="bbox 2138 1319 3810 1424">
    <p class='ocr_par' dir='ltr' id='par_1_22' title="bbox 2138 1319 3810 1424">
     <span class='ocr_line' id='line_1_22' title="bbox 2138 1319 3810 1424; baseline 0.002 -17"><span class='ocrx_word' id='word_1_125' title='bbox 2138 1319 2193 1414; x_wconf 76' lang='grc' dir='ltr'><strong>Ᾱ</strong></span> <span class='ocrx_word' id='word_1_126' title='bbox 2218 1353 2322 1408; x_wconf 91' lang='lat' dir='ltr'><strong>lem</strong></span> <span class='ocrx_word' id='word_1_127' title='bbox 2351 1367 2566 1423; x_wconf 88' lang='lat' dir='ltr'><strong>quoque</strong></span> <span class='ocrx_word' id='word_1_128' title='bbox 2593 1351 2858 1408; x_wconf 89' lang='lat' dir='ltr'><strong>Deitatem</strong></span> <span class='ocrx_word' id='word_1_129' title='bbox 2883 1367 3036 1409; x_wconf 87' lang='lat' dir='ltr'><strong>suam</strong></span> <span class='ocrx_word' id='word_1_130' title='bbox 3067 1352 3371 1419; x_wconf 85' lang='lat' dir='ltr'><strong>invisibilis,</strong></span> <span class='ocrx_word' id='word_1_131' title='bbox 3391 1353 3810 1424; x_wconf 70' lang='lat' dir='ltr'><strong>incomprehen-</strong></span> 
     </span>
    </p>
   </div>
   <div class='ocr_carea' id='block_1_23' title="bbox 2205 1444 3812 1515">
    <p class='ocr_par' dir='ltr' id='par_1_23' title="bbox 2205 1444 3812 1515">
     <span class='ocr_line' id='line_1_23' title="bbox 2205 1444 3812 1515; baseline 0.004 -17"><span class='ocrx_word' id='word_1_132' title='bbox 2205 1444 2378 1500; x_wconf 82' lang='lat' dir='ltr'><strong>sibilis</strong></span> <span class='ocrx_word' id='word_1_133' title='bbox 2401 1483 2414 1508; x_wconf 89' lang='lat'><strong>,</strong></span> <span class='ocrx_word' id='word_1_134' title='bbox 2445 1452 2500 1500; x_wconf 89' lang='lat' dir='ltr'><strong>et</strong></span> <span class='ocrx_word' id='word_1_135' title='bbox 2529 1444 2914 1500; x_wconf 80' lang='lat' dir='ltr'><strong>inextimabilis</strong></span> <span class='ocrx_word' id='word_1_136' title='bbox 2955 1460 3170 1515; x_wconf 84' lang='lat' dir='ltr'><strong>semper</strong></span> <span class='ocrx_word' id='word_1_137' title='bbox 3195 1446 3424 1500; x_wconf 85' lang='lat' dir='ltr'><strong>exstitit.</strong></span> <span class='ocrx_word' id='word_1_138' title='bbox 3461 1445 3812 1504; x_wconf 81' lang='lat' dir='ltr'><strong>Venerabilis</strong></span> 
     </span>
    </p>
   </div>
   <div class='ocr_carea' id='block_1_24' title="bbox 2205 1538 3810 1610">
    <p class='ocr_par' dir='ltr' id='par_1_24' title="bbox 2205 1538 3810 1610">
     <span class='ocr_line' id='line_1_24' title="bbox 2205 1538 3810 1610; baseline 0.004 -22"><span class='ocrx_word' id='word_1_139' title='bbox 2205 1551 2441 1607; x_wconf 86' lang='lat' dir='ltr'><strong>namque</strong></span> <span class='ocrx_word' id='word_1_140' title='bbox 2481 1538 2656 1608; x_wconf 89' lang='lat' dir='ltr'><strong>puella</strong></span> <span class='ocrx_word' id='word_1_141' title='bbox 2705 1538 3020 1593; x_wconf 89' lang='lat' dir='ltr'><strong>tenerrimis</strong></span> <span class='ocrx_word' id='word_1_142' title='bbox 3059 1538 3219 1594; x_wconf 87' lang='lat' dir='ltr'><strong>annis</strong></span> <span class='ocrx_word' id='word_1_143' title='bbox 3245 1539 3370 1594; x_wconf 91' lang='lat' dir='ltr'><strong>fidei</strong></span> <span class='ocrx_word' id='word_1_144' title='bbox 3393 1539 3662 1610; x_wconf 79' lang='lat' dir='ltr'><strong>pietatem</strong></span> <span class='ocrx_word' id='word_1_145' title='bbox 3693 1543 3810 1595; x_wconf 86' lang='lat' dir='ltr'><strong>ebi-</strong></span> 
     </span>
    </p>
   </div>
   <div class='ocr_carea' id='block_1_25' title="bbox 2205 1627 3810 1700">
    <p class='ocr_par' dir='ltr' id='par_1_25' title="bbox 2205 1627 3810 1700">
     <span class='ocr_line' id='line_1_25' title="bbox 2205 1627 3810 1700; baseline 0.004 -18"><span class='ocrx_word' id='word_1_146' title='bbox 2205 1627 2364 1694; x_wconf 87' lang='lat' dir='ltr'><strong>bens,</strong></span> <span class='ocrx_word' id='word_1_147' title='bbox 2389 1630 2556 1700; x_wconf 70' lang='lat' dir='ltr'><strong>cmpit</strong></span> <span class='ocrx_word' id='word_1_148' title='bbox 2589 1631 2732 1685; x_wconf 86' lang='lat' dir='ltr'><strong>intra</strong></span> <span class='ocrx_word' id='word_1_149' title='bbox 2777 1631 2978 1686; x_wconf 85' lang='lat' dir='ltr'><strong>mentis</strong></span> <span class='ocrx_word' id='word_1_150' title='bbox 3021 1645 3295 1687; x_wconf 83' lang='lat' dir='ltr'><strong>recessum</strong></span> <span class='ocrx_word' id='word_1_151' title='bbox 3340 1631 3517 1688; x_wconf 88' lang='lat' dir='ltr'><strong>altare</strong></span> <span class='ocrx_word' id='word_1_152' title='bbox 3557 1643 3810 1688; x_wconf 74' lang='lat' dir='ltr'><strong>sanentur</strong></span> 
     </span>
    </p>
   </div>
   <div class='ocr_carea' id='block_1_26' title="bbox 2206 1719 3813 1789">
    <p class='ocr_par' dir='ltr' id='par_1_26' title="bbox 2206 1719 3813 1789">
     <span class='ocr_line' id='line_1_26' title="bbox 2206 1719 3813 1789; baseline 0.002 -17"><span class='ocrx_word' id='word_1_153' title='bbox 2206 1727 2542 1784; x_wconf 62' lang='lat' dir='ltr'><strong>construere,</strong></span> <span class='ocrx_word' id='word_1_154' title='bbox 2577 1735 2684 1789; x_wconf 91' lang='lat' dir='ltr'><strong>quo</strong></span> <span class='ocrx_word' id='word_1_155' title='bbox 2707 1719 2902 1789; x_wconf 85' lang='lat' dir='ltr'><strong>placita</strong></span> <span class='ocrx_word' id='word_1_156' title='bbox 2927 1733 3152 1788; x_wconf 90' lang='lat' dir='ltr'><strong>operum</strong></span> <span class='ocrx_word' id='word_1_157' title='bbox 3184 1721 3449 1774; x_wconf 89' lang='lat' dir='ltr'><strong>bonorum</strong></span> <span class='ocrx_word' id='word_1_158' title='bbox 3493 1721 3813 1777; x_wconf 88' lang='lat' dir='ltr'><strong>holocauto—</strong></span> 
     </span>
    </p>
   </div>
   <div class='ocr_carea' id='block_1_27' title="bbox 2207 1807 3816 1880">
    <p class='ocr_par' dir='ltr' id='par_1_27' title="bbox 2207 1807 3816 1880">
     <span class='ocr_line' id='line_1_27' title="bbox 2207 1807 3816 1880; baseline 0.004 -19"><span class='ocrx_word' id='word_1_159' title='bbox 2207 1816 2349 1862; x_wconf 87' lang='lat' dir='ltr'><strong>mata</strong></span> <span class='ocrx_word' id='word_1_160' title='bbox 2376 1807 2596 1864; x_wconf 86' lang='lat' dir='ltr'><strong>Christo</strong></span> <span class='ocrx_word' id='word_1_161' title='bbox 2624 1825 2840 1880; x_wconf 87' lang='lat' dir='ltr'><strong>semper</strong></span> <span class='ocrx_word' id='word_1_162' title='bbox 2859 1809 3097 1866; x_wconf 72' lang='lat' dir='ltr'><strong>offerret.</strong></span> <span class='ocrx_word' id='word_1_163' title='bbox 3122 1810 3253 1877; x_wconf 64' lang='lat' dir='ltr'><strong>Qua:</strong></span> <span class='ocrx_word' id='word_1_164' title='bbox 3277 1812 3344 1866; x_wconf 90' lang='lat' dir='ltr'><strong>ab</strong></span> <span class='ocrx_word' id='word_1_165' title='bbox 3368 1811 3505 1880; x_wconf 84' lang='lat' dir='ltr'><strong>ipsis</strong></span> <span class='ocrx_word' id='word_1_166' title='bbox 3531 1814 3816 1867; x_wconf 88' lang='lat' dir='ltr'><strong>rudimen-</strong></span> 
     </span>
    </p>
   </div>
   <div class='ocr_carea' id='block_1_28' title="bbox 2209 1898 3812 1974">
    <p class='ocr_par' dir='ltr' id='par_1_28' title="bbox 2209 1898 3812 1974">
     <span class='ocr_line' id='line_1_28' title="bbox 2209 1898 3812 1974; baseline 0.004 -21"><span class='ocrx_word' id='word_1_167' title='bbox 2209 1900 2279 1953; x_wconf 86' lang='lat' dir='ltr'><strong>tis</strong></span> <span class='ocrx_word' id='word_1_168' title='bbox 2321 1898 2564 1956; x_wconf 70' lang='lat' dir='ltr'><strong>inf‘antiai</strong></span> <span class='ocrx_word' id='word_1_169' title='bbox 2593 1903 2805 1957; x_wconf 82' lang='lat' dir='ltr'><strong>cunctis</strong></span> <span class='ocrx_word' id='word_1_170' title='bbox 2851 1918 2908 1957; x_wconf 90' lang='lat' dir='ltr'><strong>se</strong></span> <span class='ocrx_word' id='word_1_171' title='bbox 2950 1903 3286 1958; x_wconf 83' lang='lat' dir='ltr'><strong>vanitatibus</strong></span> <span class='ocrx_word' id='word_1_172' title='bbox 3319 1904 3507 1960; x_wconf 68' lang='lat' dir='ltr'><strong>saeculi</strong></span> <span class='ocrx_word' id='word_1_173' title='bbox 3551 1905 3812 1974; x_wconf 77' lang='lat' dir='ltr'><strong>privatis,</strong></span> 
     </span>
    </p>
   </div>
   <div class='ocr_carea' id='block_1_29' title="bbox 2209 1993 3817 2065">
    <p class='ocr_par' dir='ltr' id='par_1_29' title="bbox 2209 1993 3817 2065">
     <span class='ocr_line' id='line_1_29' title="bbox 2209 1993 3817 2065; baseline 0.003 -20"><span class='ocrx_word' id='word_1_174' title='bbox 2209 1999 2379 2046; x_wconf 91' lang='lat' dir='ltr'><strong>totum</strong></span> <span class='ocrx_word' id='word_1_175' title='bbox 2427 1993 2570 2061; x_wconf 87' lang='lat' dir='ltr'><strong>quod</strong></span> <span class='ocrx_word' id='word_1_176' title='bbox 2613 1993 2703 2048; x_wconf 89' lang='lat' dir='ltr'><strong>illa</strong></span> <span class='ocrx_word' id='word_1_177' title='bbox 2751 2002 2885 2049; x_wconf 73' lang='lat' dir='ltr'><strong>aetas</strong></span> <span class='ocrx_word' id='word_1_178' title='bbox 2929 1993 3141 2065; x_wconf 88' lang='lat' dir='ltr'><strong>(utpote</strong></span> <span class='ocrx_word' id='word_1_179' title='bbox 3185 1994 3524 2064; x_wconf 89' lang='lat' dir='ltr'><strong>plenitudine</strong></span> <span class='ocrx_word' id='word_1_180' title='bbox 3570 1997 3817 2051; x_wconf 80' lang='lat' dir='ltr'><strong>scientia:</strong></span> 
     </span>
    </p>
   </div>
   <div class='ocr_carea' id='block_1_30' title="bbox 2209 2079 3817 2157">
    <p class='ocr_par' dir='ltr' id='par_1_30' title="bbox 2209 2079 3817 2157">
     <span class='ocr_line' id='line_1_30' title="bbox 2209 2079 3817 2157; baseline 0.002 -21"><span class='ocrx_word' id='word_1_181' title='bbox 2209 2083 2428 2151; x_wconf 79' lang='lat' dir='ltr'><strong>expers)</strong></span> <span class='ocrx_word' id='word_1_182' title='bbox 2453 2084 2736 2154; x_wconf 90' lang='lat' dir='ltr'><strong>pueriliter</strong></span> <span class='ocrx_word' id='word_1_183' title='bbox 2758 2086 2995 2152; x_wconf 76' lang='lat' dir='ltr'><strong>affectat,</strong></span> <span class='ocrx_word' id='word_1_184' title='bbox 3025 2101 3261 2157; x_wconf 90' lang='lat' dir='ltr'><strong>superno</strong></span> <span class='ocrx_word' id='word_1_185' title='bbox 3279 2079 3394 2156; x_wconf 82' lang='lat' dir='ltr'><strong>jam</strong></span> <span class='ocrx_word' id='word_1_186' title='bbox 3421 2085 3668 2141; x_wconf 82' lang='lat' dir='ltr'><strong>delibuta</strong></span> <span class='ocrx_word' id='word_1_187' title='bbox 3691 2101 3817 2141; x_wconf 86' lang='lat' dir='ltr'><strong>rore</strong></span> 
     </span>
    </p>
   </div>
   <div class='ocr_carea' id='block_1_31' title="bbox 2209 2174 3818 2248">
    <p class='ocr_par' dir='ltr' id='par_1_31' title="bbox 2209 2174 3818 2248">
     <span class='ocr_line' id='line_1_31' title="bbox 2209 2174 3818 2248; baseline 0.004 -20"><span class='ocrx_word' id='word_1_188' title='bbox 2209 2174 2512 2230; x_wconf 86' lang='lat' dir='ltr'><strong>conculcat.</strong></span> <span class='ocrx_word' id='word_1_189' title='bbox 2565 2174 2699 2230; x_wconf 86' lang='lat' dir='ltr'><strong>Nam</strong></span> <span class='ocrx_word' id='word_1_190' title='bbox 2751 2177 2985 2247; x_wconf 89' lang='lat' dir='ltr'><strong>quodam</strong></span> <span class='ocrx_word' id='word_1_191' title='bbox 3033 2185 3298 2247; x_wconf 89' lang='lat' dir='ltr'><strong>tempore,</strong></span> <span class='ocrx_word' id='word_1_192' title='bbox 3326 2193 3450 2232; x_wconf 87' lang='lat' dir='ltr'><strong>cum</strong></span> <span class='ocrx_word' id='word_1_193' title='bbox 3489 2177 3818 2248; x_wconf 76' lang='lat' dir='ltr'><strong>genitricem</strong></span> 
     </span>
    </p>
   </div>
   <div class='ocr_carea' id='block_1_32' title="bbox 2210 2266 3819 2340">
    <p class='ocr_par' dir='ltr' id='par_1_32' title="bbox 2210 2266 3819 2340">
     <span class='ocr_line' id='line_1_32' title="bbox 2210 2266 3819 2340; baseline 0.004 -22"><span class='ocrx_word' id='word_1_194' title='bbox 2210 2266 2326 2335; x_wconf 84' lang='lat' dir='ltr'><strong>ejus</strong></span> <span class='ocrx_word' id='word_1_195' title='bbox 2375 2266 2580 2321; x_wconf 89' lang='lat' dir='ltr'><strong>adirem</strong></span> <span class='ocrx_word' id='word_1_196' title='bbox 2641 2283 2803 2324; x_wconf 88' lang='lat' dir='ltr'><strong>causa</strong></span> <span class='ocrx_word' id='word_1_197' title='bbox 2868 2268 3218 2340; x_wconf 87' lang='lat' dir='ltr'><strong>dignoscendi</strong></span> <span class='ocrx_word' id='word_1_198' title='bbox 3273 2267 3608 2338; x_wconf 86' lang='lat' dir='ltr'><strong>principium</strong></span> <span class='ocrx_word' id='word_1_199' title='bbox 3659 2270 3819 2336; x_wconf 71' lang='lat' dir='ltr'><strong>hujus</strong></span> 
     </span>
    </p>
   </div>
   <div class='ocr_carea' id='block_1_33' title="bbox 2210 2356 3816 2433">
    <p class='ocr_par' dir='ltr' id='par_1_33' title="bbox 2210 2356 3816 2433">
     <span class='ocr_line' id='line_1_33' title="bbox 2210 2356 3816 2433; baseline 0.005 -23"><span class='ocrx_word' id='word_1_200' title='bbox 2210 2356 2400 2426; x_wconf 68' lang='lat' dir='ltr'><strong>puella:</strong></span> <span class='ocrx_word' id='word_1_201' title='bbox 2427 2359 2857 2414; x_wconf 81' lang='lat' dir='ltr'><strong>conversationis</strong></span> <span class='ocrx_word' id='word_1_202' title='bbox 2875 2400 2889 2424; x_wconf 98' lang='lat'><strong>,</strong></span> <span class='ocrx_word' id='word_1_203' title='bbox 2921 2360 3036 2430; x_wconf 88' lang='lat' dir='ltr'><strong>ipsa</strong></span> <span class='ocrx_word' id='word_1_204' title='bbox 3065 2362 3299 2432; x_wconf 84' lang='lat' dir='ltr'><strong>genitrix</strong></span> <span class='ocrx_word' id='word_1_205' title='bbox 3327 2363 3508 2433; x_wconf 86' lang='lat' dir='ltr'><strong>inquit</strong></span> <span class='ocrx_word' id='word_1_206' title='bbox 3537 2383 3549 2417; x_wconf 92' lang='lat'><strong>:</strong></span> <span class='ocrx_word' id='word_1_207' title='bbox 3587 2381 3608 2414; x_wconf 77' lang='grc' dir='ltr'>ι</span> <span class='ocrx_word' id='word_1_208' title='bbox 3637 2363 3696 2418; x_wconf 88' lang='lat' dir='ltr'><strong>In</strong></span> <span class='ocrx_word' id='word_1_209' title='bbox 3730 2380 3816 2418; x_wconf 80' lang='lat' dir='ltr'><strong>ve-</strong></span> 
     </span>
    </p>
   </div>
   <div class='ocr_carea' id='block_1_34' title="bbox 2208 2449 3816 2522">
    <p class='ocr_par' dir='ltr' id='par_1_34' title="bbox 2208 2449 3816 2522">
     <span class='ocr_line' id='line_1_34' title="bbox 2208 2449 3816 2522; baseline 0.004 -19"><span class='ocrx_word' id='word_1_210' title='bbox 2208 2449 2372 2504; x_wconf 83' lang='lat' dir='ltr'><strong>ritate</strong></span> <span class='ocrx_word' id='word_1_211' title='bbox 2397 2450 2424 2490; x_wconf 66' lang='grc' dir='ltr'><strong>ι</strong></span> <span class='ocrx_word' id='word_1_212' title='bbox 2445 2449 2597 2504; x_wconf 82' lang='lat' dir='ltr'><strong>vobis</strong></span> <span class='ocrx_word' id='word_1_213' title='bbox 2629 2451 2840 2521; x_wconf 91' lang='lat' dir='ltr'><strong>loquor,</strong></span> <span class='ocrx_word' id='word_1_214' title='bbox 2869 2453 3012 2522; x_wconf 88' lang='lat' dir='ltr'><strong>quod</strong></span> <span class='ocrx_word' id='word_1_215' title='bbox 3062 2453 3372 2509; x_wconf 88' lang='lat' dir='ltr'><strong>ineuntibus</strong></span> <span class='ocrx_word' id='word_1_216' title='bbox 3413 2456 3579 2509; x_wconf 87' lang='lat' dir='ltr'><strong>annis</strong></span> <span class='ocrx_word' id='word_1_217' title='bbox 3607 2453 3816 2509; x_wconf 83' lang='lat' dir='ltr'><strong>Christi</strong></span> 
     </span>
    </p>
   </div>
   <div class='ocr_carea' id='block_1_35' title="bbox 2211 2546 3817 2612">
    <p class='ocr_par' dir='ltr' id='par_1_35' title="bbox 2211 2546 3817 2612">
     <span class='ocr_line' id='line_1_35' title="bbox 2211 2546 3817 2612; baseline 0.003 -15"><span class='ocrx_word' id='word_1_218' title='bbox 2211 2557 2452 2598; x_wconf 89' lang='lat' dir='ltr'><strong>amorem</strong></span> <span class='ocrx_word' id='word_1_219' title='bbox 2501 2554 2723 2612; x_wconf 87' lang='lat' dir='ltr'><strong>pectore</strong></span> <span class='ocrx_word' id='word_1_220' title='bbox 2766 2560 2866 2600; x_wconf 91' lang='lat' dir='ltr'><strong>suo</strong></span> <span class='ocrx_word' id='word_1_221' title='bbox 2906 2547 3208 2602; x_wconf 89' lang='lat' dir='ltr'><strong>recondens</strong></span> <span class='ocrx_word' id='word_1_222' title='bbox 3255 2546 3362 2600; x_wconf 90' lang='lat' dir='ltr'><strong>filia</strong></span> <span class='ocrx_word' id='word_1_223' title='bbox 3389 2562 3515 2602; x_wconf 89' lang='lat' dir='ltr'><strong>mea</strong></span> <span class='ocrx_word' id='word_1_224' title='bbox 3538 2588 3552 2612; x_wconf 98' lang='lat'><strong>,</strong></span> <span class='ocrx_word' id='word_1_225' title='bbox 3583 2548 3817 2603; x_wconf 63' lang='lat' dir='ltr'><strong>saecula-</strong></span> 
     </span>
    </p>
   </div>
   <div class='ocr_carea' id='block_1_36' title="bbox 2211 2636 3816 2712">
    <p class='ocr_par' dir='ltr' id='par_1_36' title="bbox 2211 2636 3816 2712">
     <span class='ocr_line' id='line_1_36' title="bbox 2211 2636 3816 2712; baseline 0.004 -22"><span class='ocrx_word' id='word_1_226' title='bbox 2211 2636 2352 2690; x_wconf 89' lang='lat' dir='ltr'><strong>rium</strong></span> <span class='ocrx_word' id='word_1_227' title='bbox 2373 2637 2799 2694; x_wconf 89' lang='lat' dir='ltr'><strong>oblectationum</strong></span> <span class='ocrx_word' id='word_1_228' title='bbox 2831 2638 3032 2694; x_wconf 90' lang='lat' dir='ltr'><strong>cultum</strong></span> <span class='ocrx_word' id='word_1_229' title='bbox 3071 2655 3464 2711; x_wconf 85' lang='lat' dir='ltr'><strong>usquequaque</strong></span> <span class='ocrx_word' id='word_1_230' title='bbox 3509 2644 3816 2712; x_wconf 76' lang='lat' dir='ltr'><strong>spreverit,</strong></span> 
     </span>
    </p>
   </div>
   <div class='ocr_carea' id='block_1_37' title="bbox 514 2732 3816 2818">
    <p class='ocr_par' dir='ltr' id='par_1_37' title="bbox 514 2732 3816 2818">
     <span class='ocr_line' id='line_1_37' title="bbox 514 2732 3816 2818; baseline -0.001 -16"><span class='ocrx_word' id='word_1_231' title='bbox 514 2747 641 2818; x_wconf 87' lang='lat' dir='ltr'><strong>quia</strong></span> <span class='ocrx_word' id='word_1_232' title='bbox 669 2761 776 2802; x_wconf 91' lang='lat' dir='ltr'><strong>non</strong></span> <span class='ocrx_word' id='word_1_233' title='bbox 809 2745 1062 2817; x_wconf 79' lang='lat' dir='ltr'><strong>congruit</strong></span> <span class='ocrx_word' id='word_1_234' title='bbox 1087 2744 1188 2799; x_wconf 89' lang='lat' dir='ltr'><strong>sub</strong></span> <span class='ocrx_word' id='word_1_235' title='bbox 1215 2751 1498 2798; x_wconf 85' lang='lat' dir='ltr'><strong>venustate</strong></span> <span class='ocrx_word' id='word_1_236' title='bbox 1527 2742 1794 2798; x_wconf 86' lang='lat' dir='ltr'><strong>sermonis</strong></span> <span class='ocrx_word' id='word_1_237' title='bbox 1835 2757 1950 2796; x_wconf 89' lang='lat' dir='ltr'><strong>rem</strong></span> <span class='ocrx_word' id='word_1_238' title='bbox 1987 2755 2105 2810; x_wconf 67' lang='lat' dir='ltr'><strong>qum</strong></span> <span class='ocrx_word' id='word_1_239' title='bbox 2133 2735 2181 2795; x_wconf 93' lang='lat' dir='ltr'><strong>B</strong></span> <span class='ocrx_word' id='word_1_240' title='bbox 2209 2745 2272 2784; x_wconf 77' lang='grc' dir='ltr'><strong>³ο</strong></span> <span class='ocrx_word' id='word_1_241' title='bbox 2320 2745 2538 2802; x_wconf 62' lang='lat' dir='ltr'><strong>semper</strong></span> <span class='ocrx_word' id='word_1_242' title='bbox 2581 2747 2702 2802; x_wconf 63' lang='grc'><strong>(111³³</strong></span> <span class='ocrx_word' id='word_1_243' title='bbox 2749 2732 2843 2788; x_wconf 73' lang='lat' dir='ltr'><strong>Dei</strong></span> <span class='ocrx_word' id='word_1_244' title='bbox 2889 2742 3047 2800; x_wconf 69' lang='grc' dir='ltr'><strong>ευηῐ,</strong></span> <span class='ocrx_word' id='word_1_245' title='bbox 3088 2735 3250 2790; x_wconf 67' lang='lat' dir='ltr'><strong>corde</strong></span> <span class='ocrx_word' id='word_1_246' title='bbox 3289 2735 3545 2790; x_wconf 63' lang='lat' dir='ltr'><strong>meditari</strong></span> <span class='ocrx_word' id='word_1_247' title='bbox 3570 2736 3816 2800; x_wconf 75' lang='lat' dir='ltr'><strong>SlUdUil.</strong></span> 
     </span>
    </p>
   </div>
   <div class='ocr_carea' id='block_1_38' title="bbox 514 2832 2100 2899">
    <p class='ocr_par' dir='ltr' id='par_1_38' title="bbox 514 2832 2100 2899">
     <span class='ocr_line' id='line_1_38' title="bbox 514 2832 2100 2899; baseline -0.003 -7"><span class='ocrx_word' id='word_1_248' title='bbox 514 2853 622 2894; x_wconf 92' lang='lat' dir='ltr'><strong>non</strong></span> <span class='ocrx_word' id='word_1_249' title='bbox 658 2835 929 2893; x_wconf 81' lang='lat' dir='ltr'><strong>exstiterit</strong></span> <span class='ocrx_word' id='word_1_250' title='bbox 984 2835 1261 2891; x_wconf 89' lang='lat' dir='ltr'><strong>adhibere.</strong></span> <span class='ocrx_word' id='word_1_251' title='bbox 1323 2833 1528 2889; x_wconf 86' lang='lat' dir='ltr'><strong>Illibata</strong></span> <span class='ocrx_word' id='word_1_252' title='bbox 1574 2848 1810 2899; x_wconf 87' lang='lat' dir='ltr'><strong>namque</strong></span> <span class='ocrx_word' id='word_1_253' title='bbox 1870 2832 2100 2894; x_wconf 88' lang='lat' dir='ltr'><strong>veritas,</strong></span> 
     </span>
    </p>
   </div>
   <div class='ocr_carea' id='block_1_39' title="bbox 513 2925 2109 3001">
    <p class='ocr_par' dir='ltr' id='par_1_39' title="bbox 513 2925 2109 3001">
     <span class='ocr_line' id='line_1_39' title="bbox 513 2925 2109 3001; baseline -0.004 -16"><span class='ocrx_word' id='word_1_254' title='bbox 513 2947 731 3001; x_wconf 87' lang='lat' dir='ltr'><strong>quoquo</strong></span> <span class='ocrx_word' id='word_1_255' title='bbox 756 2930 914 2985; x_wconf 92' lang='lat' dir='ltr'><strong>modo</strong></span> <span class='ocrx_word' id='word_1_256' title='bbox 929 2927 1256 3000; x_wconf 85' lang='lat' dir='ltr'><strong>proferatur,</strong></span> <span class='ocrx_word' id='word_1_257' title='bbox 1281 2929 1506 2983; x_wconf 90' lang='lat' dir='ltr'><strong>firmiori</strong></span> <span class='ocrx_word' id='word_1_258' title='bbox 1537 2943 1725 3000; x_wconf 83' lang='lat' dir='ltr'><strong>gressu</strong></span> <span class='ocrx_word' id='word_1_259' title='bbox 1749 2925 2018 2992; x_wconf 91' lang='lat' dir='ltr'><strong>consistit,</strong></span> <span class='ocrx_word' id='word_1_260' title='bbox 2055 2934 2109 2982; x_wconf 91' lang='lat' dir='ltr'><strong>et</strong></span> 
     </span>
    </p>
   </div>
   <div class='ocr_carea' id='block_1_40' title="bbox 515 3017 2103 3088">
    <p class='ocr_par' dir='ltr' id='par_1_40' title="bbox 515 3017 2103 3088">
     <span class='ocr_line' id='line_1_40' title="bbox 515 3017 2103 3088; baseline -0.003 -14"><span class='ocrx_word' id='word_1_261' title='bbox 515 3019 865 3075; x_wconf 85' lang='lat' dir='ltr'><strong>ornatissime</strong></span> <span class='ocrx_word' id='word_1_262' title='bbox 893 3019 1077 3074; x_wconf 90' lang='lat' dir='ltr'><strong>fictum</strong></span> <span class='ocrx_word' id='word_1_263' title='bbox 1101 3017 1443 3074; x_wconf 88' lang='lat' dir='ltr'><strong>mendacium</strong></span> <span class='ocrx_word' id='word_1_264' title='bbox 1469 3017 1746 3088; x_wconf 86' lang='lat' dir='ltr'><strong>paululum</strong></span> <span class='ocrx_word' id='word_1_265' title='bbox 1771 3026 2103 3088; x_wconf 84' lang='lat' dir='ltr'><strong>perseverat.</strong></span> 
     </span>
    </p>
   </div>
   <div class='ocr_carea' id='block_1_41' title="bbox 517 3109 2105 3182">
    <p class='ocr_par' dir='ltr' id='par_1_41' title="bbox 517 3109 2105 3182">
     <span class='ocr_line' id='line_1_41' title="bbox 517 3109 2105 3182; baseline -0.002 -17"><span class='ocrx_word' id='word_1_266' title='bbox 517 3109 626 3165; x_wconf 85' lang='lat' dir='ltr'><strong>Nec</strong></span> <span class='ocrx_word' id='word_1_267' title='bbox 653 3111 857 3180; x_wconf 89' lang='lat' dir='ltr'><strong>patitur</strong></span> <span class='ocrx_word' id='word_1_268' title='bbox 885 3109 1138 3166; x_wconf 89' lang='lat' dir='ltr'><strong>Christus</strong></span> <span class='ocrx_word' id='word_1_269' title='bbox 1178 3117 1503 3165; x_wconf 89' lang='lat' dir='ltr'><strong>assertorem</strong></span> <span class='ocrx_word' id='word_1_270' title='bbox 1537 3109 1762 3182; x_wconf 70' lang='lat' dir='ltr'><strong>justitia:</strong></span> <span class='ocrx_word' id='word_1_271' title='bbox 1812 3109 2105 3163; x_wconf 89' lang='lat' dir='ltr'><strong>immunem</strong></span> 
     </span>
    </p>
   </div>
   <div class='ocr_carea' id='block_1_42' title="bbox 515 3201 2106 3272">
    <p class='ocr_par' dir='ltr' id='par_1_42' title="bbox 515 3201 2106 3272">
     <span class='ocr_line' id='line_1_42' title="bbox 515 3201 2106 3272; baseline -0.003 -14"><span class='ocrx_word' id='word_1_272' title='bbox 515 3216 636 3258; x_wconf 90' lang='lat' dir='ltr'><strong>esse</strong></span> <span class='ocrx_word' id='word_1_273' title='bbox 657 3202 1050 3258; x_wconf 89' lang='lat' dir='ltr'><strong>benedictionis</strong></span> <span class='ocrx_word' id='word_1_274' title='bbox 1077 3203 1317 3272; x_wconf 72' lang='lat' dir='ltr'><strong>praemio,</strong></span> <span class='ocrx_word' id='word_1_275' title='bbox 1346 3217 1468 3258; x_wconf 92' lang='lat' dir='ltr'><strong>cum</strong></span> <span class='ocrx_word' id='word_1_276' title='bbox 1498 3211 1678 3257; x_wconf 88' lang='lat' dir='ltr'><strong>tamen</strong></span> <span class='ocrx_word' id='word_1_277' title='bbox 1710 3210 1865 3257; x_wconf 88' lang='lat' dir='ltr'><strong>reatu</strong></span> <span class='ocrx_word' id='word_1_278' title='bbox 1887 3201 2106 3257; x_wconf 88' lang='lat' dir='ltr'><strong>homici-</strong></span> 
     </span>
    </p>
   </div>
   <div class='ocr_carea' id='block_1_43' title="bbox 518 3293 1524 3365">
    <p class='ocr_par' dir='ltr' id='par_1_43' title="bbox 518 3293 1524 3365">
     <span class='ocr_line' id='line_1_43' title="bbox 518 3293 1524 3365; baseline -0.003 -16"><span class='ocrx_word' id='word_1_279' title='bbox 518 3293 590 3350; x_wconf 91' lang='lat' dir='ltr'><strong>dii</strong></span> <span class='ocrx_word' id='word_1_280' title='bbox 615 3293 948 3365; x_wconf 85' lang='lat' dir='ltr'><strong>astringatur</strong></span> <span class='ocrx_word' id='word_1_281' title='bbox 973 3293 1212 3363; x_wconf 89' lang='lat' dir='ltr'><strong>prolator</strong></span> <span class='ocrx_word' id='word_1_282' title='bbox 1239 3294 1524 3349; x_wconf 89' lang='lat' dir='ltr'><strong>mendacii.</strong></span> 
     </span>
    </p>
   </div>
   <div class='ocr_carea' id='block_1_44' title="bbox 587 3379 2109 3455">
    <p class='ocr_par' dir='ltr' id='par_1_44' title="bbox 587 3379 2109 3455">
     <span class='ocr_line' id='line_1_44' title="bbox 587 3379 2109 3455; baseline 0.001 -19"><span class='ocrx_word' id='word_1_283' title='bbox 587 3381 642 3436; x_wconf 75' lang='lat'><strong>2.</strong></span> <span class='ocrx_word' id='word_1_284' title='bbox 677 3379 882 3436; x_wconf 82' lang='lat' dir='ltr'><strong>Harum</strong></span> <span class='ocrx_word' id='word_1_285' title='bbox 905 3382 1067 3454; x_wconf 91' lang='lat' dir='ltr'><strong>igitur</strong></span> <span class='ocrx_word' id='word_1_286' title='bbox 1093 3383 1435 3438; x_wconf 89' lang='lat' dir='ltr'><strong>vocationem</strong></span> <span class='ocrx_word' id='word_1_287' title='bbox 1465 3383 1735 3455; x_wconf 81' lang='lat' dir='ltr'><strong>virginum</strong></span> <span class='ocrx_word' id='word_1_288' title='bbox 1756 3399 1877 3453; x_wconf 73' lang='lat' dir='ltr'><strong>qum</strong></span> <span class='ocrx_word' id='word_1_289' title='bbox 1906 3383 2109 3453; x_wconf 82' lang='lat' dir='ltr'><strong>dispari</strong></span> 
     </span>
    </p>
   </div>
   <div class='ocr_carea' id='block_1_45' title="bbox 518 3473 2111 3546">
    <p class='ocr_par' dir='ltr' id='par_1_45' title="bbox 518 3473 2111 3546">
     <span class='ocr_line' id='line_1_45' title="bbox 518 3473 2111 3546; baseline 0 -16"><span class='ocrx_word' id='word_1_290' title='bbox 518 3473 634 3530; x_wconf 87' lang='lat' dir='ltr'><strong>solo</strong></span> <span class='ocrx_word' id='word_1_291' title='bbox 682 3473 1007 3546; x_wconf 58' lang='lat' dir='ltr'><strong>progenitas,</strong></span> <span class='ocrx_word' id='word_1_292' title='bbox 1057 3485 1111 3529; x_wconf 91' lang='lat' dir='ltr'><strong>et</strong></span> <span class='ocrx_word' id='word_1_293' title='bbox 1157 3474 1276 3544; x_wconf 88' lang='lat' dir='ltr'><strong>pari</strong></span> <span class='ocrx_word' id='word_1_294' title='bbox 1321 3474 1512 3530; x_wconf 91' lang='lat' dir='ltr'><strong>mortis</strong></span> <span class='ocrx_word' id='word_1_295' title='bbox 1558 3489 1753 3531; x_wconf 91' lang='lat' dir='ltr'><strong>occasu</strong></span> <span class='ocrx_word' id='word_1_296' title='bbox 1803 3474 2111 3530; x_wconf 71' lang='lat' dir='ltr'><strong>cmlestibus</strong></span> 
     </span>
    </p>
   </div>
   <div class='ocr_carea' id='block_1_46' title="bbox 518 3565 2111 3636">
    <p class='ocr_par' dir='ltr' id='par_1_46' title="bbox 518 3565 2111 3636">
     <span class='ocr_line' id='line_1_46' title="bbox 518 3565 2111 3636; baseline -0.002 -15"><span class='ocrx_word' id='word_1_297' title='bbox 518 3568 768 3622; x_wconf 71' lang='lat' dir='ltr'><strong>adunataa</strong></span> <span class='ocrx_word' id='word_1_298' title='bbox 797 3574 945 3632; x_wconf 91' lang='lat' dir='ltr'><strong>sunt,</strong></span> <span class='ocrx_word' id='word_1_299' title='bbox 971 3565 1245 3635; x_wconf 86' lang='lat' dir='ltr'><strong>sigillatim</strong></span> <span class='ocrx_word' id='word_1_300' title='bbox 1269 3566 1462 3636; x_wconf 85' lang='lat' dir='ltr'><strong>exponi</strong></span> <span class='ocrx_word' id='word_1_301' title='bbox 1499 3580 1727 3622; x_wconf 89' lang='lat' dir='ltr'><strong>necesse</strong></span> <span class='ocrx_word' id='word_1_302' title='bbox 1759 3575 1875 3632; x_wconf 91' lang='lat' dir='ltr'><strong>est;</strong></span> <span class='ocrx_word' id='word_1_303' title='bbox 1903 3575 1956 3621; x_wconf 89' lang='lat' dir='ltr'><strong>et</strong></span> <span class='ocrx_word' id='word_1_304' title='bbox 1991 3566 2111 3635; x_wconf 88' lang='lat' dir='ltr'><strong>qui-</strong></span> 
     </span>
    </p>
   </div>
   <div class='ocr_carea' id='block_1_47' title="bbox 518 3650 2112 3732">
    <p class='ocr_par' dir='ltr' id='par_1_47' title="bbox 518 3650 2112 3732">
     <span class='ocr_line' id='line_1_47' title="bbox 518 3650 2112 3732; baseline -0.006 -12"><span class='ocrx_word' id='word_1_305' title='bbox 518 3665 618 3720; x_wconf 91' lang='lat' dir='ltr'><strong>bus</strong></span> <span class='ocrx_word' id='word_1_306' title='bbox 643 3663 816 3720; x_wconf 89' lang='lat' dir='ltr'><strong>modis</strong></span> <span class='ocrx_word' id='word_1_307' title='bbox 844 3675 1182 3732; x_wconf 76' lang='lat' dir='ltr'><strong>unaqumque</strong></span> <span class='ocrx_word' id='word_1_308' title='bbox 1212 3650 1400 3716; x_wconf 82' lang='lat' dir='ltr'><strong>earum</strong></span> <span class='ocrx_word' id='word_1_309' title='bbox 1436 3659 1833 3730; x_wconf 61' lang='lat' dir='ltr'><strong>praedestinatai</strong></span> <span class='ocrx_word' id='word_1_310' title='bbox 1876 3658 2112 3714; x_wconf 82' lang='lat' dir='ltr'><strong>sanctifi-</strong></span> 
     </span>
    </p>
   </div>
   <div class='ocr_carea' id='block_1_48' title="bbox 511 3736 2107 3826">
    <p class='ocr_par' dir='ltr' id='par_1_48' title="bbox 511 3736 2107 3826">
     <span class='ocr_line' id='line_1_48' title="bbox 511 3736 2107 3826; baseline -0.005 -14"><span class='ocrx_word' id='word_1_311' title='bbox 511 3736 748 3812; x_wconf 75' lang='lat' dir='ltr'><strong>cationis</strong></span> <span class='ocrx_word' id='word_1_312' title='bbox 793 3755 1012 3813; x_wconf 89' lang='lat' dir='ltr'><strong>culmen</strong></span> <span class='ocrx_word' id='word_1_313' title='bbox 1063 3753 1336 3826; x_wconf 84' lang='lat' dir='ltr'><strong>attigerit,</strong></span> <span class='ocrx_word' id='word_1_314' title='bbox 1371 3752 1482 3809; x_wconf 88' lang='lat' dir='ltr'><strong>Deo</strong></span> <span class='ocrx_word' id='word_1_315' title='bbox 1512 3753 1740 3818; x_wconf 85' lang='lat' dir='ltr'><strong>fautore,</strong></span> <span class='ocrx_word' id='word_1_316' title='bbox 1768 3751 1946 3807; x_wconf 86' lang='lat' dir='ltr'><strong>saltim</strong></span> <span class='ocrx_word' id='word_1_317' title='bbox 1981 3749 2107 3807; x_wconf 80' lang='lat' dir='ltr'><strong>exili</strong></span> 
     </span>
    </p>
   </div>
   <div class='ocr_carea' id='block_1_49' title="bbox 521 3845 1025 3920">
    <p class='ocr_par' dir='ltr' id='par_1_49' title="bbox 521 3845 1025 3920">
     <span class='ocr_line' id='line_1_49' title="bbox 521 3845 1025 3920; baseline -0.004 -17"><span class='ocrx_word' id='word_1_318' title='bbox 521 3847 828 3920; x_wconf 87' lang='lat' dir='ltr'><strong>digeramus</strong></span> <span class='ocrx_word' id='word_1_319' title='bbox 867 3845 1025 3920; x_wconf 84' lang='lat' dir='ltr'><strong>stylo.</strong></span> 
     </span>
    </p>
   </div>
   <div class='ocr_carea' id='block_1_50' title="bbox 522 3956 2112 4030">
    <p class='ocr_par' dir='ltr' id='par_1_50' title="bbox 522 3956 2112 4030">
     <span class='ocr_line' id='line_1_50' title="bbox 522 3956 2112 4030; baseline -0.004 -15"><span class='ocrx_word' id='word_1_320' title='bbox 522 3957 584 4015; x_wconf 88' lang='lat' dir='ltr'><strong>S.</strong></span> <span class='ocrx_word' id='word_1_321' title='bbox 619 3959 796 4016; x_wconf 63' lang='lat' dir='ltr'><strong>Florae</strong></span> <span class='ocrx_word' id='word_1_322' title='bbox 823 3961 1079 4030; x_wconf 81' lang='lat' dir='ltr'><strong>gettitores</strong></span> <span class='ocrx_word' id='word_1_323' title='bbox 1101 3974 1148 4013; x_wconf 87' lang='lat' dir='ltr'><strong>et</strong></span> <span class='ocrx_word' id='word_1_324' title='bbox 1177 3975 1356 4012; x_wconf 83' lang='lat' dir='ltr'><strong>eorum</strong></span> <span class='ocrx_word' id='word_1_325' title='bbox 1379 3960 1572 4030; x_wconf 84' lang='lat' dir='ltr'><strong>patria.</strong></span> <span class='ocrx_word' id='word_1_326' title='bbox 1604 3956 1848 4030; x_wconf 45' lang='lat' dir='ltr'><strong>Corduba</strong></span> <span class='ocrx_word' id='word_1_327' title='bbox 1878 3956 2112 4030; x_wconf 58' lang='lat' dir='ltr'><strong>nascitur</strong></span> 
     </span>
    </p>
   </div>
   <div class='ocr_carea' id='block_1_51' title="bbox 593 4025 2110 4101">
    <p class='ocr_par' dir='ltr' id='par_1_51' title="bbox 593 4025 2110 4101">
     <span class='ocr_line' id='line_1_51' title="bbox 593 4025 2110 4101; baseline -0.003 -17"><span class='ocrx_word' id='word_1_328' title='bbox 593 4041 638 4084; x_wconf 87' lang='lat' dir='ltr'><strong>et</strong></span> <span class='ocrx_word' id='word_1_329' title='bbox 663 4039 812 4100; x_wconf 83' lang='lat' dir='ltr'><strong>patre</strong></span> <span class='ocrx_word' id='word_1_330' title='bbox 824 4025 1068 4097; x_wconf 60' lang='lat' dir='ltr'><strong>&#39;mortuo,</strong></span> <span class='ocrx_word' id='word_1_331' title='bbox 1091 4031 1174 4101; x_wconf 82' lang='lat' dir='ltr'><strong>pie</strong></span> <span class='ocrx_word' id='word_1_332' title='bbox 1200 4047 1230 4082; x_wconf 89' lang='lat' dir='ltr'><strong>a</strong></span> <span class='ocrx_word' id='word_1_333' title='bbox 1263 4025 1428 4083; x_wconf 77' lang='lat' dir='ltr'><strong>matre</strong></span> <span class='ocrx_word' id='word_1_334' title='bbox 1453 4029 1725 4084; x_wconf 83' lang='lat' dir='ltr'><strong>educatur.</strong></span> <span class='ocrx_word' id='word_1_335' title='bbox 1759 4025 1899 4081; x_wconf 81' lang='lat' dir='ltr'><strong>Mira</strong></span> <span class='ocrx_word' id='word_1_336' title='bbox 1936 4025 2110 4081; x_wconf 74' lang='lat' dir='ltr'><strong>Flora:</strong></span> 
     </span>
    </p>
   </div>
   <div class='ocr_carea' id='block_1_52' title="bbox 595 4101 932 4154">
    <p class='ocr_par' dir='ltr' id='par_1_52' title="bbox 595 4101 932 4154">
     <span class='ocr_line' id='line_1_52' title="bbox 595 4101 932 4154; baseline 0 0"><span class='ocrx_word' id='word_1_337' title='bbox 595 4101 932 4154; x_wconf 76' lang='lat' dir='ltr'><strong>abstinentia.</strong></span> 
     </span>
    </p>
   </div>
   <div class='ocr_carea' id='block_1_53' title="bbox 596 4211 2107 4285">
    <p class='ocr_par' dir='ltr' id='par_1_53' title="bbox 596 4211 2107 4285">
     <span class='ocr_line' id='line_1_53' title="bbox 596 4211 2107 4285; baseline -0.002 -18"><span class='ocrx_word' id='word_1_338' title='bbox 596 4213 652 4267; x_wconf 74' lang='grc' dir='ltr'><strong>ὅ.</strong></span> <span class='ocrx_word' id='word_1_339' title='bbox 678 4211 919 4268; x_wconf 88' lang='lat' dir='ltr'><strong>Primum</strong></span> <span class='ocrx_word' id='word_1_340' title='bbox 953 4214 1117 4285; x_wconf 89' lang='lat' dir='ltr'><strong>igitur</strong></span> <span class='ocrx_word' id='word_1_341' title='bbox 1147 4213 1328 4284; x_wconf 85' lang='lat' dir='ltr'><strong>specie</strong></span> <span class='ocrx_word' id='word_1_342' title='bbox 1353 4215 1563 4270; x_wconf 89' lang='lat' dir='ltr'><strong>decoris</strong></span> <span class='ocrx_word' id='word_1_343' title='bbox 1590 4219 1644 4268; x_wconf 90' lang='lat' dir='ltr'><strong>et</strong></span> <span class='ocrx_word' id='word_1_344' title='bbox 1677 4217 1959 4266; x_wconf 87' lang='lat' dir='ltr'><strong>venustate</strong></span> <span class='ocrx_word' id='word_1_345' title='bbox 1988 4225 2107 4265; x_wconf 85' lang='lat' dir='ltr'><strong>cor—</strong></span> 
     </span>
    </p>
   </div>
   <div class='ocr_carea' id='block_1_54' title="bbox 526 4301 2106 4377">
    <p class='ocr_par' dir='ltr' id='par_1_54' title="bbox 526 4301 2106 4377">
     <span class='ocr_line' id='line_1_54' title="bbox 526 4301 2106 4377; baseline -0.001 -18"><span class='ocrx_word' id='word_1_346' title='bbox 526 4303 674 4375; x_wconf 88' lang='lat' dir='ltr'><strong>poris</strong></span> <span class='ocrx_word' id='word_1_347' title='bbox 715 4303 941 4364; x_wconf 88' lang='lat' dir='ltr'><strong>nimium</strong></span> <span class='ocrx_word' id='word_1_348' title='bbox 990 4305 1186 4362; x_wconf 86' lang='lat' dir='ltr'><strong>florens</strong></span> <span class='ocrx_word' id='word_1_349' title='bbox 1212 4307 1366 4377; x_wconf 86' lang='lat' dir='ltr'><strong>virgo</strong></span> <span class='ocrx_word' id='word_1_350' title='bbox 1408 4304 1750 4360; x_wconf 82' lang='lat' dir='ltr'><strong>sanctissima</strong></span> <span class='ocrx_word' id='word_1_351' title='bbox 1792 4301 1974 4369; x_wconf 83' lang='lat' dir='ltr'><strong>Flora,</strong></span> <span class='ocrx_word' id='word_1_352' title='bbox 2013 4303 2106 4358; x_wconf 88' lang='lat' dir='ltr'><strong>sed</strong></span> 
     </span>
    </p>
   </div>
   <div class='ocr_carea' id='block_1_55' title="bbox 524 4392 2110 4462">
    <p class='ocr_par' dir='ltr' id='par_1_55' title="bbox 524 4392 2110 4462">
     <span class='ocr_line' id='line_1_55' title="bbox 524 4392 2110 4462; baseline -0.002 -11"><span class='ocrx_word' id='word_1_353' title='bbox 524 4395 772 4452; x_wconf 86' lang='lat' dir='ltr'><strong>interiOri</strong></span> <span class='ocrx_word' id='word_1_354' title='bbox 803 4395 990 4452; x_wconf 87' lang='lat' dir='ltr'><strong>habitu</strong></span> <span class='ocrx_word' id='word_1_355' title='bbox 1019 4395 1397 4452; x_wconf 87' lang='lat' dir='ltr'><strong>florentissima</strong></span> <span class='ocrx_word' id='word_1_356' title='bbox 1418 4437 1431 4462; x_wconf 99' lang='lat'><strong>,</strong></span> <span class='ocrx_word' id='word_1_357' title='bbox 1475 4404 1704 4449; x_wconf 84' lang='lat' dir='ltr'><strong>matrem</strong></span> <span class='ocrx_word' id='word_1_358' title='bbox 1745 4392 2110 4448; x_wconf 88' lang='lat' dir='ltr'><strong>Christianam</strong></span> 
     </span>
    </p>
   </div>
   <div class='ocr_carea' id='block_1_56' title="bbox 526 4487 2109 4563">
    <p class='ocr_par' dir='ltr' id='par_1_56' title="bbox 526 4487 2109 4563">
     <span class='ocr_line' id='line_1_56' title="bbox 526 4487 2109 4563; baseline -0.004 -16"><span class='ocrx_word' id='word_1_359' title='bbox 526 4491 734 4548; x_wconf 86' lang='lat' dir='ltr'><strong>habens</strong></span> <span class='ocrx_word' id='word_1_360' title='bbox 759 4489 836 4563; x_wconf 81' lang='lat' dir='ltr'><strong>(l)</strong></span> <span class='ocrx_word' id='word_1_361' title='bbox 857 4505 924 4545; x_wconf 87' lang='lat' dir='ltr'><strong>ex</strong></span> <span class='ocrx_word' id='word_1_362' title='bbox 951 4491 1072 4546; x_wconf 90' lang='lat' dir='ltr'><strong>vico</strong></span> <span class='ocrx_word' id='word_1_363' title='bbox 1091 4490 1441 4554; x_wconf 86' lang='lat' dir='ltr'><strong>Ausinianos,</strong></span> <span class='ocrx_word' id='word_1_364' title='bbox 1471 4489 1561 4558; x_wconf 92' lang='lat' dir='ltr'><strong>qui</strong></span> <span class='ocrx_word' id='word_1_365' title='bbox 1593 4504 1657 4542; x_wconf 88' lang='lat' dir='ltr'><strong>ex</strong></span> <span class='ocrx_word' id='word_1_366' title='bbox 1685 4496 1837 4558; x_wconf 89' lang='lat' dir='ltr'><strong>parte</strong></span> <span class='ocrx_word' id='word_1_367' title='bbox 1857 4487 2109 4543; x_wconf 86' lang='lat' dir='ltr'><strong>occiden—</strong></span> 
     </span>
    </p>
   </div>
   <div class='ocr_carea' id='block_1_57' title="bbox 526 4579 2112 4651">
    <p class='ocr_par' dir='ltr' id='par_1_57' title="bbox 526 4579 2112 4651">
     <span class='ocr_line' id='line_1_57' title="bbox 526 4579 2112 4651; baseline -0.003 -13"><span class='ocrx_word' id='word_1_368' title='bbox 526 4584 620 4638; x_wconf 90' lang='lat' dir='ltr'><strong>tali</strong></span> <span class='ocrx_word' id='word_1_369' title='bbox 651 4582 972 4637; x_wconf 89' lang='lat' dir='ltr'><strong>milliaribus</strong></span> <span class='ocrx_word' id='word_1_370' title='bbox 1006 4587 1128 4638; x_wconf 91' lang='lat' dir='ltr'><strong>octo</strong></span> <span class='ocrx_word' id='word_1_371' title='bbox 1151 4598 1181 4636; x_wconf 92' lang='lat' dir='ltr'><strong>a</strong></span> <span class='ocrx_word' id='word_1_372' title='bbox 1213 4581 1462 4637; x_wconf 89' lang='lat' dir='ltr'><strong>Corduba</strong></span> <span class='ocrx_word' id='word_1_373' title='bbox 1497 4579 1689 4646; x_wconf 85' lang='lat' dir='ltr'><strong>distat,</strong></span> <span class='ocrx_word' id='word_1_374' title='bbox 1716 4579 2018 4651; x_wconf 90' lang='lat' dir='ltr'><strong>purissimis</strong></span> <span class='ocrx_word' id='word_1_375' title='bbox 2057 4587 2112 4633; x_wconf 91' lang='lat' dir='ltr'><strong>et</strong></span> 
     </span>
    </p>
   </div>
   <div class='ocr_carea' id='block_1_58' title="bbox 525 4671 2109 4743">
    <p class='ocr_par' dir='ltr' id='par_1_58' title="bbox 525 4671 2109 4743">
     <span class='ocr_line' id='line_1_58' title="bbox 525 4671 2109 4743; baseline -0.003 -13"><span class='ocrx_word' id='word_1_376' title='bbox 525 4673 818 4739; x_wconf 89' lang='lat' dir='ltr'><strong>nobilibus,</strong></span> <span class='ocrx_word' id='word_1_377' title='bbox 853 4681 910 4728; x_wconf 92' lang='lat' dir='ltr'><strong>ut</strong></span> <span class='ocrx_word' id='word_1_378' title='bbox 937 4673 1009 4728; x_wconf 88' lang='lat' dir='ltr'><strong>ita</strong></span> <span class='ocrx_word' id='word_1_379' title='bbox 1041 4673 1290 4738; x_wconf 80' lang='lat' dir='ltr'><strong>dixerim,</strong></span> <span class='ocrx_word' id='word_1_380' title='bbox 1324 4671 1660 4743; x_wconf 79' lang='lat' dir='ltr'><strong>perfunctam</strong></span> <span class='ocrx_word' id='word_1_381' title='bbox 1699 4671 1988 4738; x_wconf 87' lang='lat' dir='ltr'><strong>natalibus,</strong></span> <span class='ocrx_word' id='word_1_382' title='bbox 2011 4686 2109 4741; x_wconf 90' lang='lat' dir='ltr'><strong>pa-</strong></span> 
     </span>
    </p>
   </div>
   <div class='ocr_carea' id='block_1_59' title="bbox 530 4763 2110 4837">
    <p class='ocr_par' dir='ltr' id='par_1_59' title="bbox 530 4763 2110 4837">
     <span class='ocr_line' id='line_1_59' title="bbox 530 4763 2110 4837; baseline -0.002 -17"><span class='ocrx_word' id='word_1_383' title='bbox 530 4775 669 4820; x_wconf 87' lang='lat' dir='ltr'><strong>trem</strong></span> <span class='ocrx_word' id='word_1_384' title='bbox 695 4779 823 4820; x_wconf 86' lang='lat' dir='ltr'><strong>vero</strong></span> <span class='ocrx_word' id='word_1_385' title='bbox 846 4765 1100 4837; x_wconf 83' lang='lat' dir='ltr'><strong>gentilem</strong></span> <span class='ocrx_word' id='word_1_386' title='bbox 1132 4781 1198 4820; x_wconf 89' lang='lat' dir='ltr'><strong>ex</strong></span> <span class='ocrx_word' id='word_1_387' title='bbox 1223 4763 1420 4835; x_wconf 90' lang='lat' dir='ltr'><strong>oppido</strong></span> <span class='ocrx_word' id='word_1_388' title='bbox 1447 4763 1634 4819; x_wconf 86' lang='lat' dir='ltr'><strong>habuit</strong></span> <span class='ocrx_word' id='word_1_389' title='bbox 1661 4763 1982 4834; x_wconf 84' lang='lat' dir='ltr'><strong>Hispalensi.</strong></span> <span class='ocrx_word' id='word_1_390' title='bbox 2013 4763 2110 4829; x_wconf 89' lang='lat' dir='ltr'><strong>Hi,</strong></span> 
     </span>
    </p>
   </div>
   <div class='ocr_carea' id='block_1_60' title="bbox 529 4853 2115 4926">
    <p class='ocr_par' dir='ltr' id='par_1_60' title="bbox 529 4853 2115 4926">
     <span class='ocr_line' id='line_1_60' title="bbox 529 4853 2115 4926; baseline -0.001 -16"><span class='ocrx_word' id='word_1_391' title='bbox 529 4855 716 4912; x_wconf 90' lang='lat' dir='ltr'><strong>nescio</strong></span> <span class='ocrx_word' id='word_1_392' title='bbox 745 4869 851 4926; x_wconf 89' lang='lat' dir='ltr'><strong>qua</strong></span> <span class='ocrx_word' id='word_1_393' title='bbox 879 4856 1184 4920; x_wconf 87' lang='lat' dir='ltr'><strong>occasione,</strong></span> <span class='ocrx_word' id='word_1_394' title='bbox 1214 4855 1448 4926; x_wconf 85' lang='lat' dir='ltr'><strong>propriis</strong></span> <span class='ocrx_word' id='word_1_395' title='bbox 1483 4855 1615 4910; x_wconf 90' lang='lat' dir='ltr'><strong>locis</strong></span> <span class='ocrx_word' id='word_1_396' title='bbox 1645 4855 1877 4922; x_wconf 84' lang='lat' dir='ltr'><strong>exsules,</strong></span> <span class='ocrx_word' id='word_1_397' title='bbox 1907 4853 2115 4910; x_wconf 89' lang='lat' dir='ltr'><strong>Cordu-</strong></span> 
     </span>
    </p>
   </div>
   <div class='ocr_carea' id='block_1_61' title="bbox 527 4948 2113 5021">
    <p class='ocr_par' dir='ltr' id='par_1_61' title="bbox 527 4948 2113 5021">
     <span class='ocr_line' id='line_1_61' title="bbox 527 4948 2113 5021; baseline 0.001 -19"><span class='ocrx_word' id='word_1_398' title='bbox 527 4949 650 5003; x_wconf 88' lang='lat' dir='ltr'><strong>bam</strong></span> <span class='ocrx_word' id='word_1_399' title='bbox 678 4949 905 5020; x_wconf 87' lang='lat' dir='ltr'><strong>degendi</strong></span> <span class='ocrx_word' id='word_1_400' title='bbox 934 4949 1107 5021; x_wconf 88' lang='lat' dir='ltr'><strong>gratia</strong></span> <span class='ocrx_word' id='word_1_401' title='bbox 1133 4957 1499 5005; x_wconf 86' lang='lat' dir='ltr'><strong>accesserunt.</strong></span> <span class='ocrx_word' id='word_1_402' title='bbox 1519 4949 1619 5016; x_wconf 80' lang='lat' dir='ltr'><strong>Qui</strong></span> <span class='ocrx_word' id='word_1_403' title='bbox 1647 4965 1712 5004; x_wconf 84' lang='lat' dir='ltr'><strong>ex</strong></span> <span class='ocrx_word' id='word_1_404' title='bbox 1741 4948 1930 5004; x_wconf 86' lang='lat' dir='ltr'><strong>ultimo</strong></span> <span class='ocrx_word' id='word_1_405' title='bbox 1957 4955 2113 5019; x_wconf 87' lang='lat' dir='ltr'><strong>partu</strong></span> 
     </span>
    </p>
   </div>
   <div class='ocr_carea' id='block_1_62' title="bbox 529 5041 2115 5118">
    <p class='ocr_par' dir='ltr' id='par_1_62' title="bbox 529 5041 2115 5118">
     <span class='ocr_line' id='line_1_62' title="bbox 529 5041 2115 5118; baseline -0.002 -21"><span class='ocrx_word' id='word_1_406' title='bbox 529 5058 626 5097; x_wconf 88' lang='lat' dir='ltr'><strong>suo</strong></span> <span class='ocrx_word' id='word_1_407' title='bbox 667 5041 807 5096; x_wconf 85' lang='lat' dir='ltr'><strong>hanc</strong></span> <span class='ocrx_word' id='word_1_408' title='bbox 859 5042 1177 5097; x_wconf 81' lang='lat' dir='ltr'><strong>iufantulam</strong></span> <span class='ocrx_word' id='word_1_409' title='bbox 1229 5054 1614 5118; x_wconf 88' lang='lat' dir='ltr'><strong>procrearunt,</strong></span> <span class='ocrx_word' id='word_1_410' title='bbox 1659 5051 1713 5097; x_wconf 89' lang='lat' dir='ltr'><strong>et</strong></span> <span class='ocrx_word' id='word_1_411' title='bbox 1761 5041 1971 5096; x_wconf 85' lang='lat' dir='ltr'><strong>sublato</strong></span> <span class='ocrx_word' id='word_1_412' title='bbox 2018 5057 2115 5111; x_wconf 92' lang='lat' dir='ltr'><strong>per</strong></span> 
     </span>
    </p>
   </div>
   <div class='ocr_carea' id='block_1_63' title="bbox 531 5136 2115 5209">
    <p class='ocr_par' dir='ltr' id='par_1_63' title="bbox 531 5136 2115 5209">
     <span class='ocr_line' id='line_1_63' title="bbox 531 5136 2115 5209; baseline -0.001 -19"><span class='ocrx_word' id='word_1_413' title='bbox 531 5145 759 5191; x_wconf 90' lang='lat' dir='ltr'><strong>mortem</strong></span> <span class='ocrx_word' id='word_1_414' title='bbox 783 5138 1045 5209; x_wconf 87' lang='lat' dir='ltr'><strong>genitore,</strong></span> <span class='ocrx_word' id='word_1_415' title='bbox 1073 5136 1400 5192; x_wconf 75' lang='lat' dir='ltr'><strong>fidelissimae</strong></span> <span class='ocrx_word' id='word_1_416' title='bbox 1424 5137 1702 5208; x_wconf 85' lang='lat' dir='ltr'><strong>genitricis</strong></span> <span class='ocrx_word' id='word_1_417' title='bbox 1735 5136 1900 5190; x_wconf 85' lang='lat' dir='ltr'><strong>tutela</strong></span> <span class='ocrx_word' id='word_1_418' title='bbox 1921 5149 2115 5206; x_wconf 88' lang='lat' dir='ltr'><strong>sponsa</strong></span> 
     </span>
    </p>
   </div>
   <div class='ocr_carea' id='block_1_64' title="bbox 530 5225 2118 5299">
    <p class='ocr_par' dir='ltr' id='par_1_64' title="bbox 530 5225 2118 5299">
     <span class='ocr_line' id='line_1_64' title="bbox 530 5225 2118 5299; baseline -0.001 -16"><span class='ocrx_word' id='word_1_419' title='bbox 530 5227 729 5283; x_wconf 89' lang='lat' dir='ltr'><strong>Christi</strong></span> <span class='ocrx_word' id='word_1_420' title='bbox 768 5229 1024 5284; x_wconf 91' lang='lat' dir='ltr'><strong>nutritur.</strong></span> <span class='ocrx_word' id='word_1_421' title='bbox 1063 5229 1236 5296; x_wconf 84' lang='lat' dir='ltr'><strong>Quam</strong></span> <span class='ocrx_word' id='word_1_422' title='bbox 1272 5229 1359 5299; x_wconf 89' lang='lat' dir='ltr'><strong>pia</strong></span> <span class='ocrx_word' id='word_1_423' title='bbox 1399 5241 1570 5284; x_wconf 89' lang='lat' dir='ltr'><strong>mater</strong></span> <span class='ocrx_word' id='word_1_424' title='bbox 1619 5245 1788 5284; x_wconf 70' lang='lat' dir='ltr'><strong>sacra:</strong></span> <span class='ocrx_word' id='word_1_425' title='bbox 1843 5225 2118 5297; x_wconf 89' lang='lat' dir='ltr'><strong>religionis</strong></span> 
     </span>
    </p>
   </div>
   <div class='ocr_carea' id='block_1_65' title="bbox 532 5319 2120 5392">
    <p class='ocr_par' dir='ltr' id='par_1_65' title="bbox 532 5319 2120 5392">
     <span class='ocr_line' id='line_1_65' title="bbox 532 5319 2120 5392; baseline 0.005 -20"><span class='ocrx_word' id='word_1_426' title='bbox 532 5319 737 5392; x_wconf 87' lang='lat' dir='ltr'><strong>legibus</strong></span> <span class='ocrx_word' id='word_1_427' title='bbox 791 5319 1082 5389; x_wconf 82' lang='lat' dir='ltr'><strong>iul‘buens,</strong></span> <span class='ocrx_word' id='word_1_428' title='bbox 1131 5323 1317 5377; x_wconf 78' lang='lat' dir='ltr'><strong>docuit</strong></span> <span class='ocrx_word' id='word_1_429' title='bbox 1363 5323 1506 5378; x_wconf 86' lang='lat' dir='ltr'><strong>fideli</strong></span> <span class='ocrx_word' id='word_1_430' title='bbox 1559 5321 1880 5376; x_wconf 87' lang='lat' dir='ltr'><strong>credulitate</strong></span> <span class='ocrx_word' id='word_1_431' title='bbox 1942 5321 2120 5380; x_wconf 89' lang='lat' dir='ltr'><strong>colere</strong></span> 
     </span>
    </p>
   </div>
   <div class='ocr_carea' id='block_1_66' title="bbox 531 5411 2118 5486">
    <p class='ocr_par' dir='ltr' id='par_1_66' title="bbox 531 5411 2118 5486">
     <span class='ocr_line' id='line_1_66' title="bbox 531 5411 2118 5486; baseline 0.004 -20"><span class='ocrx_word' id='word_1_432' title='bbox 531 5411 808 5467; x_wconf 84' lang='lat' dir='ltr'><strong>Christum</strong></span> <span class='ocrx_word' id='word_1_433' title='bbox 833 5412 999 5467; x_wconf 88' lang='lat' dir='ltr'><strong>Deum</strong></span> <span class='ocrx_word' id='word_1_434' title='bbox 1019 5455 1034 5480; x_wconf 94' lang='lat'><strong>,</strong></span> <span class='ocrx_word' id='word_1_435' title='bbox 1076 5415 1168 5485; x_wconf 86' lang='lat' dir='ltr'><strong>qui</strong></span> <span class='ocrx_word' id='word_1_436' title='bbox 1195 5429 1290 5486; x_wconf 89' lang='lat' dir='ltr'><strong>per</strong></span> <span class='ocrx_word' id='word_1_437' title='bbox 1319 5421 1530 5470; x_wconf 89' lang='lat' dir='ltr'><strong>uterum</strong></span> <span class='ocrx_word' id='word_1_438' title='bbox 1561 5413 1800 5484; x_wconf 76' lang='lat' dir='ltr'><strong>Virginis</strong></span> <span class='ocrx_word' id='word_1_439' title='bbox 1829 5413 2011 5470; x_wconf 83' lang='lat' dir='ltr'><strong>Mariae</strong></span> <span class='ocrx_word' id='word_1_440' title='bbox 2050 5418 2118 5472; x_wconf 88' lang='lat' dir='ltr'><strong>ad</strong></span> 
     </span>
    </p>
   </div>
   <div class='ocr_carea' id='block_1_67' title="bbox 2211 2827 3820 2898">
    <p class='ocr_par' dir='ltr' id='par_1_67' title="bbox 2211 2827 3820 2898">
     <span class='ocr_line' id='line_1_67' title="bbox 2211 2827 3820 2898; baseline 0.003 -20"><span class='ocrx_word' id='word_1_441' title='bbox 2211 2839 2424 2895; x_wconf 89' lang='lat' dir='ltr'><strong>semper</strong></span> <span class='ocrx_word' id='word_1_442' title='bbox 2447 2841 2610 2896; x_wconf 89' lang='lat' dir='ltr'><strong>opera</strong></span> <span class='ocrx_word' id='word_1_443' title='bbox 2638 2836 2828 2883; x_wconf 88' lang='lat' dir='ltr'><strong>sancta</strong></span> <span class='ocrx_word' id='word_1_444' title='bbox 2857 2827 3157 2898; x_wconf 85' lang='lat' dir='ltr'><strong>adimplere</strong></span> <span class='ocrx_word' id='word_1_445' title='bbox 3185 2843 3290 2884; x_wconf 93' lang='lat' dir='ltr'><strong>non</strong></span> <span class='ocrx_word' id='word_1_446' title='bbox 3323 2828 3556 2884; x_wconf 89' lang='lat' dir='ltr'><strong>distulit.</strong></span> <span class='ocrx_word' id='word_1_447' title='bbox 3582 2829 3737 2884; x_wconf 82' lang='lat' dir='ltr'><strong>Adeo</strong></span> <span class='ocrx_word' id='word_1_448' title='bbox 3763 2837 3820 2883; x_wconf 91' lang='lat' dir='ltr'><strong>ut</strong></span> 
     </span>
    </p>
   </div>
   <div class='ocr_carea' id='block_1_68' title="bbox 2211 2916 3818 2991">
    <p class='ocr_par' dir='ltr' id='par_1_68' title="bbox 2211 2916 3818 2991">
     <span class='ocr_line' id='line_1_68' title="bbox 2211 2916 3818 2991; baseline 0.003 -22"><span class='ocrx_word' id='word_1_449' title='bbox 2211 2916 2265 2970; x_wconf 93' lang='lat' dir='ltr'><strong>in</strong></span> <span class='ocrx_word' id='word_1_450' title='bbox 2302 2916 2531 2971; x_wconf 79' lang='lat' dir='ltr'><strong>infantia</strong></span> <span class='ocrx_word' id='word_1_451' title='bbox 2563 2931 2660 2974; x_wconf 88' lang='lat' dir='ltr'><strong>sua</strong></span> <span class='ocrx_word' id='word_1_452' title='bbox 2705 2933 2830 2973; x_wconf 89' lang='lat' dir='ltr'><strong>eum</strong></span> <span class='ocrx_word' id='word_1_453' title='bbox 2857 2918 3052 2974; x_wconf 89' lang='lat' dir='ltr'><strong>diebus</strong></span> <span class='ocrx_word' id='word_1_454' title='bbox 3081 2919 3527 2990; x_wconf 67' lang='lat' dir='ltr'><strong>Quadragesimae</strong></span> <span class='ocrx_word' id='word_1_455' title='bbox 3557 2921 3818 2991; x_wconf 71' lang='lat' dir='ltr'><strong>parvitat;</strong></span> 
     </span>
    </p>
   </div>
   <div class='ocr_carea' id='block_1_69' title="bbox 2210 3007 3818 3082">
    <p class='ocr_par' dir='ltr' id='par_1_69' title="bbox 2210 3007 3818 3082">
     <span class='ocr_line' id='line_1_69' title="bbox 2210 3007 3818 3082; baseline 0.003 -21"><span class='ocrx_word' id='word_1_456' title='bbox 2210 3007 2327 3078; x_wconf 83' lang='lat' dir='ltr'><strong>ejus</strong></span> <span class='ocrx_word' id='word_1_457' title='bbox 2355 3007 2643 3064; x_wconf 88' lang='lat' dir='ltr'><strong>consulens</strong></span> <span class='ocrx_word' id='word_1_458' title='bbox 2663 3043 2678 3074; x_wconf 81' lang='lat'><strong>,</strong></span> <span class='ocrx_word' id='word_1_459' title='bbox 2711 3009 2825 3064; x_wconf 87' lang='lat' dir='ltr'><strong>sive</strong></span> <span class='ocrx_word' id='word_1_460' title='bbox 2864 3017 2923 3063; x_wconf 88' lang='lat' dir='ltr'><strong>ut</strong></span> <span class='ocrx_word' id='word_1_461' title='bbox 2952 3009 3045 3064; x_wconf 89' lang='lat' dir='ltr'><strong>illa</strong></span> <span class='ocrx_word' id='word_1_462' title='bbox 3078 3018 3211 3064; x_wconf 85' lang='lat' dir='ltr'><strong>aetas</strong></span> <span class='ocrx_word' id='word_1_463' title='bbox 3243 3011 3497 3082; x_wconf 87' lang='lat' dir='ltr'><strong>contigua</strong></span> <span class='ocrx_word' id='word_1_464' title='bbox 3533 3011 3818 3066; x_wconf 86' lang='lat' dir='ltr'><strong>robustius</strong></span> 
     </span>
    </p>
   </div>
   <div class='ocr_carea' id='block_1_70' title="bbox 2211 3101 3818 3176">
    <p class='ocr_par' dir='ltr' id='par_1_70' title="bbox 2211 3101 3818 3176">
     <span class='ocr_line' id='line_1_70' title="bbox 2211 3101 3818 3176; baseline 0.002 -20"><span class='ocrx_word' id='word_1_465' title='bbox 2211 3101 2636 3166; x_wconf 83' lang='lat' dir='ltr'><strong>convalesceret,</strong></span> <span class='ocrx_word' id='word_1_466' title='bbox 2682 3118 2780 3158; x_wconf 82' lang='lat' dir='ltr'><strong>esu</strong></span> <span class='ocrx_word' id='word_1_467' title='bbox 2811 3103 3165 3172; x_wconf 88' lang='lat' dir='ltr'><strong>quotidiano,</strong></span> <span class='ocrx_word' id='word_1_468' title='bbox 3217 3105 3549 3176; x_wconf 87' lang='lat' dir='ltr'><strong>competenti</strong></span> <span class='ocrx_word' id='word_1_469' title='bbox 3598 3106 3818 3176; x_wconf 87' lang='lat' dir='ltr'><strong>prandii</strong></span> 
     </span>
    </p>
   </div>
   <div class='ocr_carea' id='block_1_71' title="bbox 2212 3194 3816 3266">
    <p class='ocr_par' dir='ltr' id='par_1_71' title="bbox 2212 3194 3816 3266">
     <span class='ocr_line' id='line_1_71' title="bbox 2212 3194 3816 3266; baseline 0.002 -18"><span class='ocrx_word' id='word_1_470' title='bbox 2212 3194 2346 3248; x_wconf 88' lang='lat' dir='ltr'><strong>hora</strong></span> <span class='ocrx_word' id='word_1_471' title='bbox 2391 3194 2570 3249; x_wconf 83' lang='lat' dir='ltr'><strong>cibum</strong></span> <span class='ocrx_word' id='word_1_472' title='bbox 2601 3194 2652 3248; x_wconf 89' lang='lat' dir='ltr'><strong>ei</strong></span> <span class='ocrx_word' id='word_1_473' title='bbox 2692 3194 3064 3266; x_wconf 87' lang='lat' dir='ltr'><strong>porrigerem;</strong></span> <span class='ocrx_word' id='word_1_474' title='bbox 3110 3195 3201 3249; x_wconf 90' lang='lat' dir='ltr'><strong>illa</strong></span> <span class='ocrx_word' id='word_1_475' title='bbox 3250 3196 3303 3250; x_wconf 89' lang='lat' dir='ltr'><strong>in</strong></span> <span class='ocrx_word' id='word_1_476' title='bbox 3347 3197 3550 3251; x_wconf 86' lang='lat' dir='ltr'><strong>virtute</strong></span> <span class='ocrx_word' id='word_1_477' title='bbox 3595 3196 3816 3251; x_wconf 87' lang='lat' dir='ltr'><strong>Domini</strong></span> 
     </span>
    </p>
   </div>
   <div class='ocr_carea' id='block_1_72' title="bbox 2210 3286 3820 3357">
    <p class='ocr_par' dir='ltr' id='par_1_72' title="bbox 2210 3286 3820 3357">
     <span class='ocr_line' id='line_1_72' title="bbox 2210 3286 3820 3357; baseline 0.002 -16"><span class='ocrx_word' id='word_1_478' title='bbox 2210 3286 2446 3356; x_wconf 91' lang='lat' dir='ltr'><strong>positum</strong></span> <span class='ocrx_word' id='word_1_479' title='bbox 2473 3286 2680 3341; x_wconf 87' lang='lat' dir='ltr'><strong>habens</strong></span> <span class='ocrx_word' id='word_1_480' title='bbox 2709 3301 2826 3353; x_wconf 91' lang='lat' dir='ltr'><strong>cor,</strong></span> <span class='ocrx_word' id='word_1_481' title='bbox 2854 3288 3137 3357; x_wconf 83' lang='lat' dir='ltr'><strong>egentibus</strong></span> <span class='ocrx_word' id='word_1_482' title='bbox 3164 3303 3289 3344; x_wconf 91' lang='lat' dir='ltr'><strong>eum</strong></span> <span class='ocrx_word' id='word_1_483' title='bbox 3326 3289 3673 3353; x_wconf 87' lang='lat' dir='ltr'><strong>ministrans,</strong></span> <span class='ocrx_word' id='word_1_484' title='bbox 3701 3289 3820 3344; x_wconf 83' lang='lat' dir='ltr'><strong>fur-</strong></span> 
     </span>
    </p>
   </div>
   <div class='ocr_carea' id='block_1_73' title="bbox 2212 3379 3817 3454">
    <p class='ocr_par' dir='ltr' id='par_1_73' title="bbox 2212 3379 3817 3454">
     <span class='ocr_line' id='line_1_73' title="bbox 2212 3379 3817 3454; baseline 0.002 -20"><span class='ocrx_word' id='word_1_485' title='bbox 2212 3380 2309 3434; x_wconf 91' lang='lat' dir='ltr'><strong>tim</strong></span> <span class='ocrx_word' id='word_1_486' title='bbox 2338 3380 2557 3435; x_wconf 86' lang='lat' dir='ltr'><strong>beatum</strong></span> <span class='ocrx_word' id='word_1_487' title='bbox 2586 3382 2885 3436; x_wconf 78' lang='lat' dir='ltr'><strong>exercebat</strong></span> <span class='ocrx_word' id='word_1_488' title='bbox 2917 3379 3207 3454; x_wconf 85' lang='lat' dir='ltr'><strong>jejunium.</strong></span> <span class='ocrx_word' id='word_1_489' title='bbox 3243 3382 3444 3453; x_wconf 85' lang='lat' dir='ltr'><strong>Sicque</strong></span> <span class='ocrx_word' id='word_1_490' title='bbox 3473 3381 3672 3440; x_wconf 88' lang='lat' dir='ltr'><strong>diebus</strong></span> <span class='ocrx_word' id='word_1_491' title='bbox 3699 3385 3817 3438; x_wconf 89' lang='lat' dir='ltr'><strong>sin-</strong></span> 
     </span>
    </p>
   </div>
   <div class='ocr_carea' id='block_1_74' title="bbox 2211 3475 3818 3547">
    <p class='ocr_par' dir='ltr' id='par_1_74' title="bbox 2211 3475 3818 3547">
     <span class='ocr_line' id='line_1_74' title="bbox 2211 3475 3818 3547; baseline 0 -17"><span class='ocrx_word' id='word_1_492' title='bbox 2211 3475 2350 3546; x_wconf 88' lang='lat' dir='ltr'><strong>gulis</strong></span> <span class='ocrx_word' id='word_1_493' title='bbox 2376 3477 2492 3547; x_wconf 92' lang='lat' dir='ltr'><strong>ipsa</strong></span> <span class='ocrx_word' id='word_1_494' title='bbox 2520 3485 2746 3547; x_wconf 84' lang='lat' dir='ltr'><strong>agente,</strong></span> <span class='ocrx_word' id='word_1_495' title='bbox 2780 3492 2919 3546; x_wconf 90' lang='lat' dir='ltr'><strong>pene</strong></span> <span class='ocrx_word' id='word_1_496' title='bbox 2949 3478 3248 3532; x_wconf 84' lang='lat' dir='ltr'><strong>maximum</strong></span> <span class='ocrx_word' id='word_1_497' title='bbox 3288 3477 3636 3532; x_wconf 69' lang='lat' dir='ltr'><strong>abstinentia:</strong></span> <span class='ocrx_word' id='word_1_498' title='bbox 3679 3487 3818 3532; x_wconf 88' lang='lat' dir='ltr'><strong>tem-</strong></span> 
     </span>
    </p>
   </div>
   <div class='ocr_carea' id='block_1_75' title="bbox 2211 3569 3819 3640">
    <p class='ocr_par' dir='ltr' id='par_1_75' title="bbox 2211 3569 3819 3640">
     <span class='ocr_line' id='line_1_75' title="bbox 2211 3569 3819 3640; baseline 0 -15"><span class='ocrx_word' id='word_1_499' title='bbox 2211 3585 2313 3640; x_wconf 90' lang='lat' dir='ltr'><strong>pus</strong></span> <span class='ocrx_word' id='word_1_500' title='bbox 2342 3571 2584 3639; x_wconf 87' lang='lat' dir='ltr'><strong>elapsum</strong></span> <span class='ocrx_word' id='word_1_501' title='bbox 2613 3577 2762 3636; x_wconf 89' lang='lat' dir='ltr'><strong>erat,</strong></span> <span class='ocrx_word' id='word_1_502' title='bbox 2795 3586 2920 3626; x_wconf 93' lang='lat' dir='ltr'><strong>cum</strong></span> <span class='ocrx_word' id='word_1_503' title='bbox 2954 3569 3298 3625; x_wconf 88' lang='lat' dir='ltr'><strong>clandestina</strong></span> <span class='ocrx_word' id='word_1_504' title='bbox 3337 3569 3564 3626; x_wconf 88' lang='lat' dir='ltr'><strong>infantis</strong></span> <span class='ocrx_word' id='word_1_505' title='bbox 3595 3569 3819 3626; x_wconf 84' lang='lat' dir='ltr'><strong>devotio</strong></span> 
     </span>
    </p>
   </div>
   <div class='ocr_carea' id='block_1_76' title="bbox 2210 3661 3820 3733">
    <p class='ocr_par' dir='ltr' id='par_1_76' title="bbox 2210 3661 3820 3733">
     <span class='ocr_line' id='line_1_76' title="bbox 2210 3661 3820 3733; baseline -0.002 -15"><span class='ocrx_word' id='word_1_506' title='bbox 2210 3665 2301 3718; x_wconf 83' lang='lat' dir='ltr'><strong>vix</strong></span> <span class='ocrx_word' id='word_1_507' title='bbox 2331 3664 2654 3733; x_wconf 88' lang='lat' dir='ltr'><strong>quibusdam</strong></span> <span class='ocrx_word' id='word_1_508' title='bbox 2687 3662 2968 3718; x_wconf 90' lang='lat' dir='ltr'><strong>revelatur</strong></span> <span class='ocrx_word' id='word_1_509' title='bbox 2997 3663 3236 3718; x_wconf 89' lang='lat' dir='ltr'><strong>indiciis.</strong></span> <span class='ocrx_word' id='word_1_510' title='bbox 3268 3661 3443 3730; x_wconf 84' lang='lat' dir='ltr'><strong>Quam</strong></span> <span class='ocrx_word' id='word_1_511' title='bbox 3489 3662 3693 3716; x_wconf 88' lang='lat' dir='ltr'><strong>talibus</strong></span> <span class='ocrx_word' id='word_1_512' title='bbox 3729 3663 3820 3715; x_wconf 90' lang='lat' dir='ltr'><strong>in-</strong></span> 
     </span>
    </p>
   </div>
   <div class='ocr_carea' id='block_1_77' title="bbox 2214 3751 3820 3823">
    <p class='ocr_par' dir='ltr' id='par_1_77' title="bbox 2214 3751 3820 3823">
     <span class='ocr_line' id='line_1_77' title="bbox 2214 3751 3820 3823; baseline -0.002 -13"><span class='ocrx_word' id='word_1_513' title='bbox 2214 3755 2402 3810; x_wconf 88' lang='lat' dir='ltr'><strong>hibere</strong></span> <span class='ocrx_word' id='word_1_514' title='bbox 2439 3753 2579 3808; x_wconf 91' lang='lat' dir='ltr'><strong>votis</strong></span> <span class='ocrx_word' id='word_1_515' title='bbox 2611 3754 2727 3823; x_wconf 90' lang='lat' dir='ltr'><strong>ipsa</strong></span> <span class='ocrx_word' id='word_1_516' title='bbox 2759 3753 3042 3819; x_wconf 91' lang='lat' dir='ltr'><strong>obnitens,</strong></span> <span class='ocrx_word' id='word_1_517' title='bbox 3085 3768 3152 3808; x_wconf 91' lang='lat' dir='ltr'><strong>ne</strong></span> <span class='ocrx_word' id='word_1_518' title='bbox 3183 3754 3336 3823; x_wconf 88' lang='lat' dir='ltr'><strong>prius</strong></span> <span class='ocrx_word' id='word_1_519' title='bbox 3370 3765 3535 3822; x_wconf 87' lang='lat' dir='ltr'><strong>quam</strong></span> <span class='ocrx_word' id='word_1_520' title='bbox 3566 3751 3700 3806; x_wconf 84' lang='lat' dir='ltr'><strong>illud</strong></span> <span class='ocrx_word' id='word_1_521' title='bbox 3738 3759 3820 3806; x_wconf 50' lang='lat' dir='ltr'><strong>te</strong></span> 
     </span>
    </p>
   </div>
   <div class='ocr_carea' id='block_1_78' title="bbox 2212 3843 3820 3916">
    <p class='ocr_par' dir='ltr' id='par_1_78' title="bbox 2212 3843 3820 3916">
     <span class='ocr_line' id='line_1_78' title="bbox 2212 3843 3820 3916; baseline -0.002 -15"><span class='ocrx_word' id='word_1_522' title='bbox 2212 3847 2510 3902; x_wconf 89' lang='lat' dir='ltr'><strong>nerrimum</strong></span> <span class='ocrx_word' id='word_1_523' title='bbox 2538 3861 2737 3916; x_wconf 91' lang='lat' dir='ltr'><strong>corpus</strong></span> <span class='ocrx_word' id='word_1_524' title='bbox 2768 3846 3139 3911; x_wconf 88' lang='lat' dir='ltr'><strong>adolesceret,</strong></span> <span class='ocrx_word' id='word_1_525' title='bbox 3179 3859 3430 3900; x_wconf 89' lang='lat' dir='ltr'><strong>marcore</strong></span> <span class='ocrx_word' id='word_1_526' title='bbox 3471 3843 3820 3900; x_wconf 64' lang='lat' dir='ltr'><strong>abstinentia</strong></span> 
     </span>
    </p>
   </div>
   <div class='ocr_carea' id='block_1_79' title="bbox 2213 3935 3816 4008">
    <p class='ocr_par' dir='ltr' id='par_1_79' title="bbox 2213 3935 3816 4008">
     <span class='ocr_line' id='line_1_79' title="bbox 2213 3935 3816 4008; baseline -0.001 -16"><span class='ocrx_word' id='word_1_527' title='bbox 2213 3946 2589 4007; x_wconf 89' lang='lat' dir='ltr'><strong>quassaretur,</strong></span> <span class='ocrx_word' id='word_1_528' title='bbox 2635 3948 2831 3993; x_wconf 89' lang='lat' dir='ltr'><strong>conata</strong></span> <span class='ocrx_word' id='word_1_529' title='bbox 2877 3953 2998 3993; x_wconf 90' lang='lat' dir='ltr'><strong>sum</strong></span> <span class='ocrx_word' id='word_1_530' title='bbox 3033 3939 3146 4008; x_wconf 86' lang='lat' dir='ltr'><strong>jam</strong></span> <span class='ocrx_word' id='word_1_531' title='bbox 3192 3937 3260 3992; x_wconf 92' lang='lat' dir='ltr'><strong>ad</strong></span> <span class='ocrx_word' id='word_1_532' title='bbox 3309 3935 3530 4006; x_wconf 90' lang='lat' dir='ltr'><strong>epulum</strong></span> <span class='ocrx_word' id='word_1_533' title='bbox 3579 3937 3816 3990; x_wconf 85' lang='lat' dir='ltr'><strong>suadere</strong></span> 
     </span>
    </p>
   </div>
   <div class='ocr_carea' id='block_1_80' title="bbox 2213 4028 3820 4101">
    <p class='ocr_par' dir='ltr' id='par_1_80' title="bbox 2213 4028 3820 4101">
     <span class='ocr_line' id='line_1_80' title="bbox 2213 4028 3820 4101; baseline -0.004 -13"><span class='ocrx_word' id='word_1_534' title='bbox 2213 4033 2489 4088; x_wconf 89' lang='lat' dir='ltr'><strong>diurnum.</strong></span> <span class='ocrx_word' id='word_1_535' title='bbox 2510 4033 2640 4086; x_wconf 90' lang='lat' dir='ltr'><strong>Eam</strong></span> <span class='ocrx_word' id='word_1_536' title='bbox 2664 4041 2842 4086; x_wconf 89' lang='lat' dir='ltr'><strong>tamen</strong></span> <span class='ocrx_word' id='word_1_537' title='bbox 2875 4047 2979 4086; x_wconf 90' lang='lat' dir='ltr'><strong>non</strong></span> <span class='ocrx_word' id='word_1_538' title='bbox 3001 4031 3153 4101; x_wconf 90' lang='lat' dir='ltr'><strong>potui</strong></span> <span class='ocrx_word' id='word_1_539' title='bbox 3177 4043 3476 4100; x_wconf 88' lang='lat' dir='ltr'><strong>provocare</strong></span> <span class='ocrx_word' id='word_1_540' title='bbox 3498 4028 3567 4082; x_wconf 89' lang='lat' dir='ltr'><strong>ad</strong></span> <span class='ocrx_word' id='word_1_541' title='bbox 3590 4041 3820 4083; x_wconf 85' lang='lat' dir='ltr'><strong>vescen-</strong></span> 
     </span>
    </p>
   </div>
   <div class='ocr_carea' id='block_1_81' title="bbox 2138 4113 3817 4190">
    <p class='ocr_par' dir='ltr' id='par_1_81' title="bbox 2138 4113 3817 4190">
     <span class='ocr_line' id='line_1_81' title="bbox 2138 4113 3817 4190; baseline -0.004 -10"><span class='ocrx_word' id='word_1_542' title='bbox 2138 4113 2186 4180; x_wconf 90' lang='lat' dir='ltr'><strong>C</strong></span> <span class='ocrx_word' id='word_1_543' title='bbox 2217 4124 2366 4189; x_wconf 88' lang='lat' dir='ltr'><strong>dum,</strong></span> <span class='ocrx_word' id='word_1_544' title='bbox 2395 4123 2501 4178; x_wconf 87' lang='lat' dir='ltr'><strong>nisi</strong></span> <span class='ocrx_word' id='word_1_545' title='bbox 2529 4137 2672 4189; x_wconf 88' lang='lat' dir='ltr'><strong>sero,</strong></span> <span class='ocrx_word' id='word_1_546' title='bbox 2704 4131 2760 4177; x_wconf 87' lang='lat' dir='ltr'><strong>et</strong></span> <span class='ocrx_word' id='word_1_547' title='bbox 2793 4122 3222 4178; x_wconf 90' lang='lat' dir='ltr'><strong>comminatione</strong></span> <span class='ocrx_word' id='word_1_548' title='bbox 3248 4120 3546 4186; x_wconf 86' lang='lat' dir='ltr'><strong>continua;</strong></span> <span class='ocrx_word' id='word_1_549' title='bbox 3581 4118 3817 4190; x_wconf 80' lang='lat' dir='ltr'><strong>perfecit</strong></span> 
     </span>
    </p>
   </div>
   <div class='ocr_carea' id='block_1_82' title="bbox 2217 4213 3519 4284">
    <p class='ocr_par' dir='ltr' id='par_1_82' title="bbox 2217 4213 3519 4284">
     <span class='ocr_line' id='line_1_82' title="bbox 2217 4213 3519 4284; baseline -0.005 -14"><span class='ocrx_word' id='word_1_550' title='bbox 2217 4223 2398 4270; x_wconf 90' lang='lat' dir='ltr'><strong>tamen</strong></span> <span class='ocrx_word' id='word_1_551' title='bbox 2419 4223 2606 4269; x_wconf 89' lang='lat' dir='ltr'><strong>votum</strong></span> <span class='ocrx_word' id='word_1_552' title='bbox 2629 4229 2787 4270; x_wconf 88' lang='lat' dir='ltr'><strong>suum</strong></span> <span class='ocrx_word' id='word_1_553' title='bbox 2815 4214 2989 4270; x_wconf 88' lang='lat' dir='ltr'><strong>electa</strong></span> <span class='ocrx_word' id='word_1_554' title='bbox 3008 4213 3214 4268; x_wconf 87' lang='lat' dir='ltr'><strong>Christi</strong></span> <span class='ocrx_word' id='word_1_555' title='bbox 3241 4227 3462 4284; x_wconf 83' lang='lat' dir='ltr'><strong>sponsa.</strong></span> <span class='ocrx_word' id='word_1_556' title='bbox 3499 4229 3519 4263; x_wconf 84' lang='grc'><strong>›</strong></span> 
     </span>
    </p>
   </div>
   <div class='ocr_carea' id='block_1_83' title="bbox 2286 4302 3817 4375">
    <p class='ocr_par' dir='ltr' id='par_1_83' title="bbox 2286 4302 3817 4375">
     <span class='ocr_line' id='line_1_83' title="bbox 2286 4302 3817 4375; baseline 0 -17"><span class='ocrx_word' id='word_1_557' title='bbox 2286 4304 2340 4358; x_wconf 74' lang='grc'><strong>4.</strong></span> <span class='ocrx_word' id='word_1_558' title='bbox 2373 4304 2452 4358; x_wconf 80' lang='lat' dir='ltr'><strong>Ex</strong></span> <span class='ocrx_word' id='word_1_559' title='bbox 2482 4319 2548 4360; x_wconf 91' lang='lat' dir='ltr'><strong>eo</strong></span> <span class='ocrx_word' id='word_1_560' title='bbox 2587 4313 2829 4375; x_wconf 90' lang='lat' dir='ltr'><strong>tempore</strong></span> <span class='ocrx_word' id='word_1_561' title='bbox 2860 4313 3033 4360; x_wconf 91' lang='lat' dir='ltr'><strong>mater</strong></span> <span class='ocrx_word' id='word_1_562' title='bbox 3068 4304 3253 4359; x_wconf 83' lang='lat' dir='ltr'><strong>solerti</strong></span> <span class='ocrx_word' id='word_1_563' title='bbox 3293 4302 3574 4375; x_wconf 85' lang='lat' dir='ltr'><strong>vigilantia</strong></span> <span class='ocrx_word' id='word_1_564' title='bbox 3606 4302 3817 4359; x_wconf 85' lang='lat' dir='ltr'><strong>sobolis</strong></span> 
     </span>
    </p>
   </div>
   <div class='ocr_carea' id='block_1_84' title="bbox 2217 4396 3817 4468">
    <p class='ocr_par' dir='ltr' id='par_1_84' title="bbox 2217 4396 3817 4468">
     <span class='ocr_line' id='line_1_84' title="bbox 2217 4396 3817 4468; baseline 0 -17"><span class='ocrx_word' id='word_1_565' title='bbox 2217 4411 2398 4452; x_wconf 86' lang='lat' dir='ltr'><strong>mores</strong></span> <span class='ocrx_word' id='word_1_566' title='bbox 2426 4411 2746 4468; x_wconf 89' lang='lat' dir='ltr'><strong>procurans,</strong></span> <span class='ocrx_word' id='word_1_567' title='bbox 2774 4411 3002 4468; x_wconf 87' lang='lat' dir='ltr'><strong>eamque</strong></span> <span class='ocrx_word' id='word_1_568' title='bbox 3031 4398 3084 4453; x_wconf 86' lang='lat' dir='ltr'><strong>in</strong></span> <span class='ocrx_word' id='word_1_569' title='bbox 3115 4397 3368 4452; x_wconf 89' lang='lat' dir='ltr'><strong>omnibus</strong></span> <span class='ocrx_word' id='word_1_570' title='bbox 3402 4398 3570 4453; x_wconf 84' lang='lat' dir='ltr'><strong>rebus</strong></span> <span class='ocrx_word' id='word_1_571' title='bbox 3596 4396 3817 4452; x_wconf 81' lang='lat' dir='ltr'><strong>Christo</strong></span> 
     </span>
    </p>
   </div>
   <div class='ocr_carea' id='block_1_85' title="bbox 2221 4487 3816 4559">
    <p class='ocr_par' dir='ltr' id='par_1_85' title="bbox 2221 4487 3816 4559">
     <span class='ocr_line' id='line_1_85' title="bbox 2221 4487 3816 4559; baseline 0.001 -17"><span class='ocrx_word' id='word_1_572' title='bbox 2221 4487 2556 4559; x_wconf 85' lang='lat' dir='ltr'><strong>assignatam</strong></span> <span class='ocrx_word' id='word_1_573' title='bbox 2603 4503 2723 4544; x_wconf 87' lang='lat' dir='ltr'><strong>esse</strong></span> <span class='ocrx_word' id='word_1_574' title='bbox 2769 4489 3153 4556; x_wconf 88' lang='lat' dir='ltr'><strong>considerans,</strong></span> <span class='ocrx_word' id='word_1_575' title='bbox 3205 4489 3515 4546; x_wconf 89' lang='lat' dir='ltr'><strong>nullatenus</strong></span> <span class='ocrx_word' id='word_1_576' title='bbox 3559 4489 3816 4558; x_wconf 82' lang='lat' dir='ltr'><strong>deinceps</strong></span> 
     </span>
    </p>
   </div>
   <div class='ocr_carea' id='block_1_86' title="bbox 2221 4582 3814 4653">
    <p class='ocr_par' dir='ltr' id='par_1_86' title="bbox 2221 4582 3814 4653">
     <span class='ocr_line' id='line_1_86' title="bbox 2221 4582 3814 4653; baseline -0.001 -16"><span class='ocrx_word' id='word_1_577' title='bbox 2221 4583 2495 4638; x_wconf 89' lang='lat' dir='ltr'><strong>contraire</strong></span> <span class='ocrx_word' id='word_1_578' title='bbox 2541 4582 2646 4653; x_wconf 85' lang='lat' dir='ltr'><strong>piis</strong></span> <span class='ocrx_word' id='word_1_579' title='bbox 2693 4583 2882 4653; x_wconf 75' lang='lat' dir='ltr'><strong>puellae</strong></span> <span class='ocrx_word' id='word_1_580' title='bbox 2928 4582 3210 4639; x_wconf 69' lang='lat' dir='ltr'><strong>affectibus</strong></span> <span class='ocrx_word' id='word_1_581' title='bbox 3249 4584 3429 4639; x_wconf 87' lang='lat' dir='ltr'><strong>audet.</strong></span> <span class='ocrx_word' id='word_1_582' title='bbox 3475 4582 3814 4638; x_wconf 78' lang='lat' dir='ltr'><strong>Venerabilis</strong></span> 
     </span>
    </p>
   </div>
   <div class='ocr_carea' id='block_1_87' title="bbox 2223 4672 3810 4746">
    <p class='ocr_par' dir='ltr' id='par_1_87' title="bbox 2223 4672 3810 4746">
     <span class='ocr_line' id='line_1_87' title="bbox 2223 4672 3810 4746; baseline -0.001 -18"><span class='ocrx_word' id='word_1_583' title='bbox 2223 4687 2350 4728; x_wconf 88' lang='lat' dir='ltr'><strong>vero</strong></span> <span class='ocrx_word' id='word_1_584' title='bbox 2391 4672 2565 4742; x_wconf 90' lang='lat' dir='ltr'><strong>puella</strong></span> <span class='ocrx_word' id='word_1_585' title='bbox 2590 4673 2700 4728; x_wconf 89' lang='lat' dir='ltr'><strong>Deo</strong></span> <span class='ocrx_word' id='word_1_586' title='bbox 2731 4674 2992 4728; x_wconf 83' lang='lat' dir='ltr'><strong>duntaxat</strong></span> <span class='ocrx_word' id='word_1_587' title='bbox 3036 4675 3253 4746; x_wconf 90' lang='lat' dir='ltr'><strong>placere</strong></span> <span class='ocrx_word' id='word_1_588' title='bbox 3291 4675 3548 4740; x_wconf 90' lang='lat' dir='ltr'><strong>studens,</strong></span> <span class='ocrx_word' id='word_1_589' title='bbox 3584 4673 3810 4744; x_wconf 83' lang='lat' dir='ltr'><strong>provida</strong></span> 
     </span>
    </p>
   </div>
   <div class='ocr_carea' id='block_1_88' title="bbox 2219 4767 3812 4838">
    <p class='ocr_par' dir='ltr' id='par_1_88' title="bbox 2219 4767 3812 4838">
     <span class='ocr_line' id='line_1_88' title="bbox 2219 4767 3812 4838; baseline -0.001 -16"><span class='ocrx_word' id='word_1_590' title='bbox 2219 4768 2560 4822; x_wconf 90' lang='lat' dir='ltr'><strong>observatrix</strong></span> <span class='ocrx_word' id='word_1_591' title='bbox 2591 4767 2866 4838; x_wconf 87' lang='lat' dir='ltr'><strong>Evangelii</strong></span> <span class='ocrx_word' id='word_1_592' title='bbox 2893 4769 3208 4824; x_wconf 90' lang='lat' dir='ltr'><strong>attendebat</strong></span> <span class='ocrx_word' id='word_1_593' title='bbox 3233 4768 3452 4824; x_wconf 89' lang='lat' dir='ltr'><strong>Christo</strong></span> <span class='ocrx_word' id='word_1_594' title='bbox 3493 4768 3732 4822; x_wconf 88' lang='lat' dir='ltr'><strong>monenti</strong></span> <span class='ocrx_word' id='word_1_595' title='bbox 3760 4773 3812 4820; x_wconf 83' lang='lat' dir='ltr'><strong>et</strong></span> 
     </span>
    </p>
   </div>
   <div class='ocr_carea' id='block_1_89' title="bbox 2218 4857 3807 4929">
    <p class='ocr_par' dir='ltr' id='par_1_89' title="bbox 2218 4857 3807 4929">
     <span class='ocr_line' id='line_1_89' title="bbox 2218 4857 3807 4929; baseline 0 -17"><span class='ocrx_word' id='word_1_596' title='bbox 2218 4857 2421 4912; x_wconf 85' lang='lat' dir='ltr'><strong>dicenti</strong></span> <span class='ocrx_word' id='word_1_597' title='bbox 2453 4875 2463 4911; x_wconf 92' lang='lat'><strong>:</strong></span> <span class='ocrx_word' id='word_1_598' title='bbox 2499 4857 2558 4912; x_wconf 89' lang='lat' dir='ltr'><strong>Si</strong></span> <span class='ocrx_word' id='word_1_599' title='bbox 2577 4859 2692 4928; x_wconf 83' lang='lat' dir='ltr'><strong>quis</strong></span> <span class='ocrx_word' id='word_1_600' title='bbox 2723 4859 2896 4929; x_wconf 80' lang='lat' dir='ltr'><strong>diligit</strong></span> <span class='ocrx_word' id='word_1_601' title='bbox 2923 4875 3023 4926; x_wconf 87' lang='lat' dir='ltr'><strong>me,</strong></span> <span class='ocrx_word' id='word_1_602' title='bbox 3050 4875 3339 4914; x_wconf 79' lang='lat' dir='ltr'><strong>sermonem</strong></span> <span class='ocrx_word' id='word_1_603' title='bbox 3367 4876 3540 4913; x_wconf 84' lang='lat' dir='ltr'><strong>meum</strong></span> <span class='ocrx_word' id='word_1_604' title='bbox 3560 4859 3807 4926; x_wconf 72' lang='lat' dir='ltr'><strong>servabit,</strong></span> 
     </span>
    </p>
   </div>
   <div class='ocr_carea' id='block_1_90' title="bbox 2221 4945 3809 5019">
    <p class='ocr_par' dir='ltr' id='par_1_90' title="bbox 2221 4945 3809 5019">
     <span class='ocr_line' id='line_1_90' title="bbox 2221 4945 3809 5019; baseline 0.003 -17"><span class='ocrx_word' id='word_1_605' title='bbox 2221 4957 2269 5002; x_wconf 87' lang='lat' dir='ltr'><strong>et</strong></span> <span class='ocrx_word' id='word_1_606' title='bbox 2298 4945 2461 5001; x_wconf 84' lang='lat' dir='ltr'><strong>Pater</strong></span> <span class='ocrx_word' id='word_1_607' title='bbox 2499 4965 2642 5002; x_wconf 74' lang='lat' dir='ltr'><strong>metis</strong></span> <span class='ocrx_word' id='word_1_608' title='bbox 2684 4948 2862 5019; x_wconf 79' lang='lat' dir='ltr'><strong>diliget</strong></span> <span class='ocrx_word' id='word_1_609' title='bbox 2891 4965 3040 5014; x_wconf 82' lang='lat' dir='ltr'><strong>eum,</strong></span> <span class='ocrx_word' id='word_1_610' title='bbox 3082 4961 3130 5005; x_wconf 89' lang='lat' dir='ltr'><strong>et</strong></span> <span class='ocrx_word' id='word_1_611' title='bbox 3173 4951 3241 5004; x_wconf 89' lang='lat' dir='ltr'><strong>ad</strong></span> <span class='ocrx_word' id='word_1_612' title='bbox 3271 4968 3387 5005; x_wconf 82' lang='lat' dir='ltr'><strong>eum</strong></span> <span class='ocrx_word' id='word_1_613' title='bbox 3430 4953 3724 5018; x_wconf 72' lang='lat' dir='ltr'><strong>veniemus,</strong></span> <span class='ocrx_word' id='word_1_614' title='bbox 3762 4962 3809 5006; x_wconf 77' lang='lat' dir='ltr'><strong>et</strong></span> 
     </span>
    </p>
   </div>
   <div class='ocr_carea' id='block_1_91' title="bbox 2223 5038 3807 5112">
    <p class='ocr_par' dir='ltr' id='par_1_91' title="bbox 2223 5038 3807 5112">
     <span class='ocr_line' id='line_1_91' title="bbox 2223 5038 3807 5112; baseline 0.003 -20"><span class='ocrx_word' id='word_1_615' title='bbox 2223 5038 2544 5093; x_wconf 83' lang='lat' dir='ltr'><strong>mansionem</strong></span> <span class='ocrx_word' id='word_1_616' title='bbox 2589 5040 2729 5108; x_wconf 81' lang='lat' dir='ltr'><strong>apud</strong></span> <span class='ocrx_word' id='word_1_617' title='bbox 2770 5057 2888 5094; x_wconf 84' lang='lat' dir='ltr'><strong>eum</strong></span> <span class='ocrx_word' id='word_1_618' title='bbox 2930 5042 3182 5110; x_wconf 78' lang='lat' dir='ltr'><strong>faciemus</strong></span> <span class='ocrx_word' id='word_1_619' title='bbox 3215 5041 3392 5112; x_wconf 84' lang='lat' dir='ltr'><strong>(Joan.</strong></span> <span class='ocrx_word' id='word_1_620' title='bbox 3427 5057 3551 5109; x_wconf 76' lang='lat' dir='ltr'><strong>xiv,</strong></span> <span class='ocrx_word' id='word_1_621' title='bbox 3579 5043 3694 5112; x_wconf 75' lang='lat'><strong>25).</strong></span> <span class='ocrx_word' id='word_1_622' title='bbox 3737 5042 3807 5097; x_wconf 84' lang='lat' dir='ltr'><strong>Ita</strong></span> 
     </span>
    </p>
   </div>
   <div class='ocr_carea' id='block_1_92' title="bbox 2223 5129 3807 5204">
    <p class='ocr_par' dir='ltr' id='par_1_92' title="bbox 2223 5129 3807 5204">
     <span class='ocr_line' id='line_1_92' title="bbox 2223 5129 3807 5204; baseline 0.005 -22"><span class='ocrx_word' id='word_1_623' title='bbox 2223 5129 2576 5198; x_wconf 90' lang='lat' dir='ltr'><strong>purissimum</strong></span> <span class='ocrx_word' id='word_1_624' title='bbox 2608 5130 2847 5186; x_wconf 65' lang='lat' dir='ltr'><strong>caelestis</strong></span> <span class='ocrx_word' id='word_1_625' title='bbox 2873 5135 3226 5188; x_wconf 81' lang='lat' dir='ltr'><strong>exsecutione</strong></span> <span class='ocrx_word' id='word_1_626' title='bbox 3257 5137 3510 5204; x_wconf 71' lang='lat' dir='ltr'><strong>praecepti</strong></span> <span class='ocrx_word' id='word_1_627' title='bbox 3543 5136 3807 5190; x_wconf 77' lang='lat' dir='ltr'><strong>introrsus</strong></span> 
     </span>
    </p>
   </div>
   <div class='ocr_carea' id='block_1_93' title="bbox 2225 5223 3806 5292">
    <p class='ocr_par' dir='ltr' id='par_1_93' title="bbox 2225 5223 3806 5292">
     <span class='ocr_line' id='line_1_93' title="bbox 2225 5223 3806 5292; baseline 0.003 -17"><span class='ocrx_word' id='word_1_628' title='bbox 2225 5236 2539 5292; x_wconf 77' lang='lat' dir='ltr'><strong>praeparans</strong></span> <span class='ocrx_word' id='word_1_629' title='bbox 2565 5223 2952 5290; x_wconf 87' lang='lat' dir='ltr'><strong>habitaculum,</strong></span> <span class='ocrx_word' id='word_1_630' title='bbox 2985 5226 3336 5281; x_wconf 91' lang='lat' dir='ltr'><strong>nihilominus</strong></span> <span class='ocrx_word' id='word_1_631' title='bbox 3361 5237 3564 5282; x_wconf 71' lang='lat' dir='ltr'><strong>sanctae</strong></span> <span class='ocrx_word' id='word_1_632' title='bbox 3591 5240 3644 5282; x_wconf 90' lang='lat' dir='ltr'><strong>et</strong></span> <span class='ocrx_word' id='word_1_633' title='bbox 3673 5229 3806 5280; x_wconf 78' lang='lat' dir='ltr'><strong>imii-</strong></span> 
     </span>
    </p>
   </div>
   <div class='ocr_carea' id='block_1_94' title="bbox 2225 5314 3736 5384">
    <p class='ocr_par' dir='ltr' id='par_1_94' title="bbox 2225 5314 3736 5384">
     <span class='ocr_line' id='line_1_94' title="bbox 2225 5314 3736 5384; baseline 0.003 -18"><span class='ocrx_word' id='word_1_634' title='bbox 2225 5314 2400 5369; x_wconf 66' lang='lat' dir='ltr'><strong>vidtta:</strong></span> <span class='ocrx_word' id='word_1_635' title='bbox 2427 5315 2709 5369; x_wconf 88' lang='lat' dir='ltr'><strong>Trinitatis</strong></span> <span class='ocrx_word' id='word_1_636' title='bbox 2738 5317 3052 5384; x_wconf 88' lang='lat' dir='ltr'><strong>quotidiano</strong></span> <span class='ocrx_word' id='word_1_637' title='bbox 3078 5317 3183 5372; x_wconf 81' lang='lat' dir='ltr'><strong>frui</strong></span> <span class='ocrx_word' id='word_1_638' title='bbox 3221 5329 3461 5373; x_wconf 89' lang='lat' dir='ltr'><strong>meretur</strong></span> <span class='ocrx_word' id='word_1_639' title='bbox 3482 5321 3736 5374; x_wconf 85' lang='lat' dir='ltr'><strong>adventu.</strong></span> 
     </span>
    </p>
   </div>
   <div class='ocr_carea' id='block_1_95' title="bbox 2299 5407 3802 5488">
    <p class='ocr_par' dir='ltr' id='par_1_95' title="bbox 2299 5407 3802 5488">
     <span class='ocr_line' id='line_1_95' title="bbox 2299 5407 3802 5488; baseline 0.005 -27"><span class='ocrx_word' id='word_1_640' title='bbox 2299 5407 2350 5461; x_wconf 83' lang='lat'><strong>5.</strong></span> <span class='ocrx_word' id='word_1_641' title='bbox 2385 5407 2585 5464; x_wconf 80' lang='lat' dir='ltr'><strong>Verum</strong></span> <span class='ocrx_word' id='word_1_642' title='bbox 2609 5410 2734 5462; x_wconf 88' lang='lat' dir='ltr'><strong>dum</strong></span> <span class='ocrx_word' id='word_1_643' title='bbox 2760 5410 3019 5465; x_wconf 87' lang='lat' dir='ltr'><strong>exercitio</strong></span> <span class='ocrx_word' id='word_1_644' title='bbox 3048 5411 3353 5488; x_wconf 84' lang='lat' dir='ltr'><strong>sanctitatis</strong></span> <span class='ocrx_word' id='word_1_645' title='bbox 3395 5411 3448 5466; x_wconf 86' lang='lat' dir='ltr'><strong>id</strong></span> <span class='ocrx_word' id='word_1_646' title='bbox 3489 5411 3634 5481; x_wconf 82' lang='lat' dir='ltr'><strong>quod</strong></span> <span class='ocrx_word' id='word_1_647' title='bbox 3669 5412 3802 5468; x_wconf 78' lang='lat' dir='ltr'><strong>claui</strong></span> 
     </span>
    </p>
   </div>
   <div class='ocr_carea' id='block_1_96' title="bbox 533 5481 3800 5577">
    <p class='ocr_par' dir='ltr' id='par_1_96' title="bbox 533 5481 3800 5577">
     <span class='ocr_line' id='line_1_96' title="bbox 533 5481 3800 5577; baseline -0.001 -18"><span class='ocrx_word' id='word_1_648' title='bbox 533 5517 632 5558; x_wconf 86' lang='lat' dir='ltr'><strong>nos</strong></span> <span class='ocrx_word' id='word_1_649' title='bbox 659 5501 848 5557; x_wconf 88' lang='lat' dir='ltr'><strong>ultimo</strong></span> <span class='ocrx_word' id='word_1_650' title='bbox 880 5481 1120 5574; x_wconf 80' lang='lat' dir='ltr'><strong>tempore</strong></span> <span class='ocrx_word' id='word_1_651' title='bbox 1148 5481 1369 5560; x_wconf 77' lang='lat' dir='ltr'><strong>veniens</strong></span> <span class='ocrx_word' id='word_1_652' title='bbox 1388 5547 1402 5570; x_wconf 94' lang='lat'><strong>,</strong></span> <span class='ocrx_word' id='word_1_653' title='bbox 1435 5515 1489 5561; x_wconf 90' lang='lat' dir='ltr'><strong>et</strong></span> <span class='ocrx_word' id='word_1_654' title='bbox 1517 5521 1613 5575; x_wconf 87' lang='lat' dir='ltr'><strong>per</strong></span> <span class='ocrx_word' id='word_1_655' title='bbox 1649 5481 1978 5577; x_wconf 76' lang='lat' dir='ltr'><strong>assumptam</strong></span> <span class='ocrx_word' id='word_1_656' title='bbox 2013 5507 2115 5564; x_wconf 82' lang='lat' dir='ltr'><strong>hu-</strong></span> <span class='ocrx_word' id='word_1_657' title='bbox 2142 5481 2197 5542; x_wconf 78' lang='lat' dir='ltr'><strong>D</strong></span> <span class='ocrx_word' id='word_1_658' title='bbox 2225 5501 2612 5566; x_wconf 85' lang='lat' dir='ltr'><strong>meditabatur,</strong></span> <span class='ocrx_word' id='word_1_659' title='bbox 2641 5501 2861 5556; x_wconf 88' lang='lat' dir='ltr'><strong>uberius</strong></span> <span class='ocrx_word' id='word_1_660' title='bbox 2905 5504 2958 5557; x_wconf 90' lang='lat' dir='ltr'><strong>in</strong></span> <span class='ocrx_word' id='word_1_661' title='bbox 2988 5485 3226 5559; x_wconf 86' lang='lat' dir='ltr'><strong>amorem</strong></span> <span class='ocrx_word' id='word_1_662' title='bbox 3259 5503 3458 5560; x_wconf 85' lang='lat' dir='ltr'><strong>Christi</strong></span> <span class='ocrx_word' id='word_1_663' title='bbox 3489 5506 3800 5575; x_wconf 83' lang='lat' dir='ltr'><strong>proficeret,</strong></span> 
     </span>
    </p>
   </div>
   <div class='ocr_carea' id='block_1_97' title="bbox 536 5599 2114 5666">
    <p class='ocr_par' dir='ltr' id='par_1_97' title="bbox 536 5599 2114 5666">
     <span class='ocr_line' id='line_1_97' title="bbox 536 5599 2114 5666; baseline 0.004 -14"><span class='ocrx_word' id='word_1_664' title='bbox 536 5599 846 5652; x_wconf 79' lang='lat' dir='ltr'><strong>manitatem</strong></span> <span class='ocrx_word' id='word_1_665' title='bbox 879 5601 1185 5655; x_wconf 88' lang='lat' dir='ltr'><strong>hominibus</strong></span> <span class='ocrx_word' id='word_1_666' title='bbox 1207 5602 1489 5666; x_wconf 76' lang='lat' dir='ltr'><strong>proximus</strong></span> <span class='ocrx_word' id='word_1_667' title='bbox 1517 5599 1712 5658; x_wconf 81' lang='lat' dir='ltr'><strong>factus.</strong></span> <span class='ocrx_word' id='word_1_668' title='bbox 1741 5616 1837 5662; x_wconf 79' lang='lat' dir='ltr'><strong>per</strong></span> <span class='ocrx_word' id='word_1_669' title='bbox 1865 5601 2114 5658; x_wconf 72' lang='lat' dir='ltr'><strong>ineffabi-</strong></span> 
     </span>
    </p>
   </div>
   <div class='ocr_carea' id='block_1_98' title="bbox 611 5728 2114 5808">
    <p class='ocr_par' dir='ltr' id='par_1_98' title="bbox 611 5728 2114 5808">
     <span class='ocr_line' id='line_1_98' title="bbox 611 5728 2114 5808; baseline 0.004 -24"><span class='ocrx_word' id='word_1_670' title='bbox 611 5743 636 5771; x_wconf 75' lang='grc' dir='ltr'><strong>ιι</strong></span> <span class='ocrx_word' id='word_1_671' title='bbox 656 5729 792 5808; x_wconf 34' lang='lat' dir='ltr'><strong>.Ha’c</strong></span> <span class='ocrx_word' id='word_1_672' title='bbox 824 5732 928 5808; x_wconf 87' lang='lat' dir='ltr'><strong>vit_a</strong></span> <span class='ocrx_word' id='word_1_673' title='bbox 958 5742 1025 5808; x_wconf 70' lang='lat' dir='ltr'><strong>et</strong></span> <span class='ocrx_word' id='word_1_674' title='bbox 1045 5735 1304 5808; x_wconf 62' lang='lat' dir='ltr'><strong>passioin</strong></span> <span class='ocrx_word' id='word_1_675' title='bbox 1330 5737 1542 5808; x_wconf 67' lang='lat' dir='ltr'><strong>caeteris</strong></span> <span class='ocrx_word' id='word_1_676' title='bbox 1572 5728 1897 5808; x_wconf 73' lang='lat' dir='ltr'><strong>editionibtts</strong></span> <span class='ocrx_word' id='word_1_677' title='bbox 1929 5737 2114 5808; x_wconf 86' lang='lat' dir='ltr'><strong>legun-</strong></span> 
     </span>
    </p>
   </div>
   <div class='ocr_carea' id='block_1_99' title="bbox 539 5801 2110 5880">
    <p class='ocr_par' dir='ltr' id='par_1_99' title="bbox 539 5801 2110 5880">
     <span class='ocr_line' id='line_1_99' title="bbox 539 5801 2110 5880; baseline 0.005 -26"><span class='ocrx_word' id='word_1_678' title='bbox 539 5810 625 5880; x_wconf 78' lang='lat' dir='ltr'><strong>tur</strong></span> <span class='ocrx_word' id='word_1_679' title='bbox 655 5801 706 5854; x_wconf 89' lang='lat' dir='ltr'><strong>in</strong></span> <span class='ocrx_word' id='word_1_680' title='bbox 740 5816 854 5866; x_wconf 82' lang='lat' dir='ltr'><strong>Cap.</strong></span> <span class='ocrx_word' id='word_1_681' title='bbox 889 5803 949 5862; x_wconf 91' lang='lat'><strong>8,</strong></span> <span class='ocrx_word' id='word_1_682' title='bbox 978 5801 1066 5854; x_wconf 58' lang='lat' dir='ltr'><strong>li‘J.</strong></span> <span class='ocrx_word' id='word_1_683' title='bbox 1116 5820 1148 5855; x_wconf 92' lang='lat' dir='ltr'><strong>ll</strong></span> <span class='ocrx_word' id='word_1_684' title='bbox 1193 5803 1348 5858; x_wconf 87' lang='lat' dir='ltr'><strong>Mem.</strong></span> <span class='ocrx_word' id='word_1_685' title='bbox 1387 5805 1630 5873; x_wconf 83' lang='lat' dir='ltr'><strong>Martyr.,</strong></span> <span class='ocrx_word' id='word_1_686' title='bbox 1660 5815 1716 5859; x_wconf 89' lang='lat' dir='ltr'><strong>ttt</strong></span> <span class='ocrx_word' id='word_1_687' title='bbox 1739 5807 1851 5874; x_wconf 87' lang='lat' dir='ltr'><strong>jam</strong></span> <span class='ocrx_word' id='word_1_688' title='bbox 1887 5807 1960 5863; x_wconf 88' lang='lat' dir='ltr'><strong>ibi</strong></span> <span class='ocrx_word' id='word_1_689' title='bbox 1982 5801 2110 5862; x_wconf 63' lang='lat' dir='ltr'><strong>ino-</strong></span> 
     </span>
    </p>
   </div>
   <div class='ocr_carea' id='block_1_100' title="bbox 541 5887 770 5926">
    <p class='ocr_par' dir='ltr' id='par_1_100' title="bbox 541 5887 770 5926">
     <span class='ocr_line' id='line_1_100' title="bbox 541 5887 770 5926; baseline -0.009 -2"><span class='ocrx_word' id='word_1_690' title='bbox 541 5887 770 5926; x_wconf 66' lang='grc' dir='ltr'><strong>κυιιιιυδ.</strong></span> 
     </span>
    </p>
   </div>
   <div class='ocr_carea' id='block_1_101' title="bbox 2225 5592 3781 5667">
    <p class='ocr_par' dir='ltr' id='par_1_101' title="bbox 2225 5592 3781 5667">
     <span class='ocr_line' id='line_1_101' title="bbox 2225 5592 3781 5667; baseline 0.004 -22"><span class='ocrx_word' id='word_1_691' title='bbox 2225 5592 2605 5661; x_wconf 63' lang='grc' dir='ltr'><strong>ιειθτθωιηιιθ</strong></span> <span class='ocrx_word' id='word_1_692' title='bbox 2635 5608 2692 5647; x_wconf 88' lang='lat' dir='ltr'><strong>se</strong></span> <span class='ocrx_word' id='word_1_693' title='bbox 2719 5592 2934 5649; x_wconf 81' lang='lat' dir='ltr'><strong>Christo</strong></span> <span class='ocrx_word' id='word_1_694' title='bbox 2965 5611 3060 5666; x_wconf 89' lang='lat' dir='ltr'><strong>per</strong></span> <span class='ocrx_word' id='word_1_695' title='bbox 3093 5596 3335 5651; x_wconf 86' lang='lat' dir='ltr'><strong>eamdem</strong></span> <span class='ocrx_word' id='word_1_696' title='bbox 3371 5596 3684 5666; x_wconf 88' lang='lat' dir='ltr'><strong>religionem</strong></span> <span class='ocrx_word' id='word_1_697' title='bbox 3719 5609 3781 5667; x_wconf 86' lang='lat' dir='ltr'><strong>pe</strong></span> 
     </span>
    </p>
   </div>
   <div class='ocr_carea' id='block_1_102' title="bbox 2301 5721 3801 5792">
    <p class='ocr_par' dir='ltr' id='par_1_102' title="bbox 2301 5721 3801 5792">
     <span class='ocr_line' id='line_1_102' title="bbox 2301 5721 3801 5792; baseline 0.004 -15"><span class='ocrx_word' id='word_1_698' title='bbox 2301 5726 2328 5763; x_wconf 64' lang='grc' dir='ltr'><strong>ὴ</strong></span> <span class='ocrx_word' id='word_1_699' title='bbox 2361 5721 2732 5792; x_wconf 81' lang='lat' dir='ltr'><strong>Hispanismus</strong></span> <span class='ocrx_word' id='word_1_700' title='bbox 2752 5742 2947 5781; x_wconf 86' lang='lat' dir='ltr'><strong>merus.</strong></span> <span class='ocrx_word' id='word_1_701' title='bbox 2974 5727 3180 5782; x_wconf 66' lang='grc' dir='ltr'><strong>Μυκη.</strong></span> <span class='ocrx_word' id='word_1_702' title='bbox 3204 5727 3336 5782; x_wconf 78' lang='lat' dir='ltr'><strong>Vide</strong></span> <span class='ocrx_word' id='word_1_703' title='bbox 3359 5727 3574 5783; x_wconf 89' lang='lat' dir='ltr'><strong>Scholia</strong></span> <span class='ocrx_word' id='word_1_704' title='bbox 3599 5731 3654 5786; x_wconf 89' lang='lat' dir='ltr'><strong>in</strong></span> <span class='ocrx_word' id='word_1_705' title='bbox 3671 5728 3801 5786; x_wconf 62' lang='lat' dir='ltr'><strong>tibi</strong></span> 
     </span>
    </p>
   </div>
   <div class='ocr_carea' id='block_1_103' title="bbox 2227 5795 2776 5860">
    <p class='ocr_par' dir='ltr' id='par_1_103' title="bbox 2227 5795 2776 5860">
     <span class='ocr_line' id='line_1_103' title="bbox 2227 5795 2776 5860; baseline 0 -10"><span class='ocrx_word' id='word_1_706' title='bbox 2227 5795 2478 5860; x_wconf 82' lang='lat' dir='ltr'><strong>Memor.,</strong></span> <span class='ocrx_word' id='word_1_707' title='bbox 2509 5812 2656 5850; x_wconf 86' lang='lat' dir='ltr'><strong>num.</strong></span> <span class='ocrx_word' id='word_1_708' title='bbox 2690 5797 2776 5850; x_wconf 77' lang='lat' dir='ltr'><strong>i8.</strong></span> 
     </span>
    </p>
   </div>
  </div>
