  <div class='ocr_page' id='page_1' title='image "/cluster/home/n/w/nwhite01/storage/ocr_20150623/115/hvd.32044015466873/422.png"; bbox 0 0 4094 6346; ppageno 0'>
   <div class='ocr_carea' id='block_1_1' title="bbox 275 391 385 448">
    <p class='ocr_par' dir='ltr' id='par_1_1' title="bbox 275 391 385 448">
     <span class='ocr_line' id='line_1_1' title="bbox 275 391 385 448; baseline -0.036 0"><span class='ocrx_word' id='word_1_1' title='bbox 275 391 385 448; x_wconf 76' lang='lat'><strong>857</strong></span> 
     </span>
    </p>
   </div>
   <div class='ocr_carea' id='block_1_2' title="bbox 1077 391 2728 454">
    <p class='ocr_par' dir='ltr' id='par_1_2' title="bbox 1077 391 2728 454">
     <span class='ocr_line' id='line_1_2' title="bbox 1077 391 2728 454; baseline 0.002 -6"><span class='ocrx_word' id='word_1_2' title='bbox 1077 393 1164 450; x_wconf 89' lang='lat' dir='ltr'><strong>DE</strong></span> <span class='ocrx_word' id='word_1_3' title='bbox 1205 393 1362 450; x_wconf 82' lang='lat' dir='ltr'><strong>VlTA</strong></span> <span class='ocrx_word' id='word_1_4' title='bbox 1401 391 1490 448; x_wconf 84' lang='lat' dir='ltr'><strong>ET</strong></span> <span class='ocrx_word' id='word_1_5' title='bbox 1529 393 1864 452; x_wconf 74' lang='lat' dir='ltr'><strong>PASSIONE</strong></span> <span class='ocrx_word' id='word_1_6' title='bbox 1903 393 2006 452; x_wconf 80' lang='lat' dir='ltr'><strong>SS.</strong></span> <span class='ocrx_word' id='word_1_7' title='bbox 2047 395 2296 452; x_wconf 69' lang='grc' dir='ltr'><strong>ηοΜε</strong></span> <span class='ocrx_word' id='word_1_8' title='bbox 2339 397 2428 452; x_wconf 84' lang='grc' dir='ltr'><strong>ΕΤ</strong></span> <span class='ocrx_word' id='word_1_9' title='bbox 2465 397 2728 454; x_wconf 70' lang='grc' dir='ltr'><strong>ΜΑΒΙᾹΞ.</strong></span> 
     </span>
    </p>
   </div>
   <div class='ocr_carea' id='block_1_3' title="bbox 3445 399 3552 462">
    <p class='ocr_par' dir='ltr' id='par_1_3' title="bbox 3445 399 3552 462">
     <span class='ocr_line' id='line_1_3' title="bbox 3445 399 3552 462; baseline 0 0"><span class='ocrx_word' id='word_1_10' title='bbox 3445 399 3552 462; x_wconf 75' lang='lat'><strong>838</strong></span> 
     </span>
    </p>
   </div>
   <div class='ocr_carea' id='block_1_4' title="bbox 277 503 3550 588">
    <p class='ocr_par' dir='ltr' id='par_1_4' title="bbox 277 503 3550 588">
     <span class='ocr_line' id='line_1_4' title="bbox 277 503 3550 588; baseline 0.003 -26"><span class='ocrx_word' id='word_1_11' title='bbox 277 507 510 566; x_wconf 85' lang='lat' dir='ltr'><strong>rennius</strong></span> <span class='ocrx_word' id='word_1_12' title='bbox 551 517 674 560; x_wconf 87' lang='lat' dir='ltr'><strong>esse</strong></span> <span class='ocrx_word' id='word_1_13' title='bbox 719 505 978 574; x_wconf 74' lang='lat' dir='ltr'><strong>ascitum,</strong></span> <span class='ocrx_word' id='word_1_14' title='bbox 1005 521 1106 562; x_wconf 90' lang='lat' dir='ltr'><strong>nec</strong></span> <span class='ocrx_word' id='word_1_15' title='bbox 1151 503 1331 562; x_wconf 81' lang='lat' dir='ltr'><strong>tamen</strong></span> <span class='ocrx_word' id='word_1_16' title='bbox 1371 507 1572 576; x_wconf 87' lang='lat' dir='ltr'><strong>passim</strong></span> <span class='ocrx_word' id='word_1_17' title='bbox 1623 505 1860 562; x_wconf 86' lang='lat' dir='ltr'><strong>fidelium</strong></span> <span class='ocrx_word' id='word_1_18' title='bbox 1889 505 1940 568; x_wconf 82' lang='grc' dir='ltr'><strong>Α</strong></span> <span class='ocrx_word' id='word_1_19' title='bbox 1967 509 2346 566; x_wconf 75' lang='lat' dir='ltr'><strong>venerabiliter</strong></span> <span class='ocrx_word' id='word_1_20' title='bbox 2378 510 2650 575; x_wconf 82' lang='lat' dir='ltr'><strong>excolens,</strong></span> <span class='ocrx_word' id='word_1_21' title='bbox 2685 509 2924 568; x_wconf 85' lang='lat' dir='ltr'><strong>debitum</strong></span> <span class='ocrx_word' id='word_1_22' title='bbox 2953 527 3168 582; x_wconf 80' lang='lat' dir='ltr'><strong>semper</strong></span> <span class='ocrx_word' id='word_1_23' title='bbox 3191 529 3322 588; x_wconf 86' lang='lat' dir='ltr'><strong>erga</strong></span> <span class='ocrx_word' id='word_1_24' title='bbox 3345 517 3550 574; x_wconf 89' lang='lat' dir='ltr'><strong>cultum</strong></span> 
     </span>
    </p>
   </div>
   <div class='ocr_carea' id='block_1_5' title="bbox 279 599 1862 670">
    <p class='ocr_par' dir='ltr' id='par_1_5' title="bbox 279 599 1862 670">
     <span class='ocr_line' id='line_1_5' title="bbox 279 599 1862 670; baseline 0 -16"><span class='ocrx_word' id='word_1_25' title='bbox 279 599 552 656; x_wconf 87' lang='lat' dir='ltr'><strong>interesse</strong></span> <span class='ocrx_word' id='word_1_26' title='bbox 579 599 934 654; x_wconf 69' lang='lat' dir='ltr'><strong>conventibus</strong></span> <span class='ocrx_word' id='word_1_27' title='bbox 959 599 1208 666; x_wconf 79' lang='lat' dir='ltr'><strong>auderet,</strong></span> <span class='ocrx_word' id='word_1_28' title='bbox 1235 615 1302 656; x_wconf 89' lang='lat' dir='ltr'><strong>eo</strong></span> <span class='ocrx_word' id='word_1_29' title='bbox 1333 599 1474 670; x_wconf 89' lang='lat' dir='ltr'><strong>quod</strong></span> <span class='ocrx_word' id='word_1_30' title='bbox 1513 599 1734 655; x_wconf 88' lang='lat' dir='ltr'><strong>fratrem</strong></span> <span class='ocrx_word' id='word_1_31' title='bbox 1765 613 1862 670; x_wconf 81' lang='lat' dir='ltr'><strong>pe-</strong></span> 
     </span>
    </p>
   </div>
   <div class='ocr_carea' id='block_1_6' title="bbox 281 691 1864 764">
    <p class='ocr_par' dir='ltr' id='par_1_6' title="bbox 281 691 1864 764">
     <span class='ocr_line' id='line_1_6' title="bbox 281 691 1864 764; baseline -0.001 -16"><span class='ocrx_word' id='word_1_32' title='bbox 281 691 460 748; x_wconf 87' lang='lat' dir='ltr'><strong>stiferi</strong></span> <span class='ocrx_word' id='word_1_33' title='bbox 487 691 754 762; x_wconf 74' lang='lat' dir='ltr'><strong>dogmatis</strong></span> <span class='ocrx_word' id='word_1_34' title='bbox 777 691 1040 762; x_wconf 85' lang='lat' dir='ltr'><strong>perﬁdum</strong></span> <span class='ocrx_word' id='word_1_35' title='bbox 1071 693 1294 749; x_wconf 75' lang='lat' dir='ltr'><strong>haberet</strong></span> <span class='ocrx_word' id='word_1_36' title='bbox 1323 693 1608 758; x_wconf 77' lang='lat' dir='ltr'><strong>cultorem,</strong></span> <span class='ocrx_word' id='word_1_37' title='bbox 1635 691 1726 764; x_wconf 86' lang='lat' dir='ltr'><strong>qui</strong></span> <span class='ocrx_word' id='word_1_38' title='bbox 1749 691 1864 760; x_wconf 83' lang='lat' dir='ltr'><strong>ejus</strong></span> 
     </span>
    </p>
   </div>
   <div class='ocr_carea' id='block_1_7' title="bbox 283 783 1866 856">
    <p class='ocr_par' dir='ltr' id='par_1_7' title="bbox 283 783 1866 856">
     <span class='ocr_line' id='line_1_7' title="bbox 283 783 1866 856; baseline -0.002 -16"><span class='ocrx_word' id='word_1_39' title='bbox 283 783 504 841; x_wconf 81' lang='lat' dir='ltr'><strong>assidue</strong></span> <span class='ocrx_word' id='word_1_40' title='bbox 553 785 1018 842; x_wconf 78' lang='lat' dir='ltr'><strong>conversationem</strong></span> <span class='ocrx_word' id='word_1_41' title='bbox 1073 785 1423 856; x_wconf 77' lang='lat' dir='ltr'><strong>exploraret;</strong></span> <span class='ocrx_word' id='word_1_42' title='bbox 1473 795 1536 840; x_wconf 90' lang='lat' dir='ltr'><strong>ut</strong></span> <span class='ocrx_word' id='word_1_43' title='bbox 1583 785 1698 856; x_wconf 90' lang='lat' dir='ltr'><strong>ipsa</strong></span> <span class='ocrx_word' id='word_1_44' title='bbox 1747 793 1866 840; x_wconf 88' lang='lat' dir='ltr'><strong>erat</strong></span> 
     </span>
    </p>
   </div>
   <div class='ocr_carea' id='block_1_8' title="bbox 283 873 1868 948">
    <p class='ocr_par' dir='ltr' id='par_1_8' title="bbox 283 873 1868 948">
     <span class='ocr_line' id='line_1_8' title="bbox 283 873 1868 948; baseline -0.003 -18"><span class='ocrx_word' id='word_1_45' title='bbox 283 885 484 932; x_wconf 88' lang='lat' dir='ltr'><strong>natura</strong></span> <span class='ocrx_word' id='word_1_46' title='bbox 513 875 768 946; x_wconf 84' lang='lat' dir='ltr'><strong>prudens,</strong></span> <span class='ocrx_word' id='word_1_47' title='bbox 799 884 856 930; x_wconf 92' lang='lat' dir='ltr'><strong>et</strong></span> <span class='ocrx_word' id='word_1_48' title='bbox 881 875 1068 932; x_wconf 89' lang='lat' dir='ltr'><strong>calens</strong></span> <span class='ocrx_word' id='word_1_49' title='bbox 1099 875 1346 948; x_wconf 85' lang='lat' dir='ltr'><strong>ingenio,</strong></span> <span class='ocrx_word' id='word_1_50' title='bbox 1373 873 1564 930; x_wconf 80' lang='lat' dir='ltr'><strong>didicit</strong></span> <span class='ocrx_word' id='word_1_51' title='bbox 1591 889 1622 928; x_wconf 86' lang='lat' dir='ltr'><strong>a</strong></span> <span class='ocrx_word' id='word_1_52' title='bbox 1651 873 1868 944; x_wconf 81' lang='lat' dir='ltr'><strong>sapien-</strong></span> 
     </span>
    </p>
   </div>
   <div class='ocr_carea' id='block_1_9' title="bbox 281 967 1870 1038">
    <p class='ocr_par' dir='ltr' id='par_1_9' title="bbox 281 967 1870 1038">
     <span class='ocr_line' id='line_1_9' title="bbox 281 967 1870 1038; baseline 0 -16"><span class='ocrx_word' id='word_1_53' title='bbox 281 967 434 1026; x_wconf 85' lang='lat' dir='ltr'><strong>tibus</strong></span> <span class='ocrx_word' id='word_1_54' title='bbox 479 967 612 1024; x_wconf 83' lang='lat' dir='ltr'><strong>nihil</strong></span> <span class='ocrx_word' id='word_1_55' title='bbox 661 969 924 1038; x_wconf 81' lang='lat' dir='ltr'><strong>proficere</strong></span> <span class='ocrx_word' id='word_1_56' title='bbox 965 969 1310 1026; x_wconf 88' lang='lat' dir='ltr'><strong>obscuratam</strong></span> <span class='ocrx_word' id='word_1_57' title='bbox 1351 969 1726 1024; x_wconf 88' lang='lat' dir='ltr'><strong>credulitatem</strong></span> <span class='ocrx_word' id='word_1_58' title='bbox 1751 1009 1764 1032; x_wconf 89' lang='lat'><strong>,</strong></span> <span class='ocrx_word' id='word_1_59' title='bbox 1813 975 1870 1023; x_wconf 88' lang='lat' dir='ltr'><strong>et</strong></span> 
     </span>
    </p>
   </div>
   <div class='ocr_carea' id='block_1_10' title="bbox 283 1057 1866 1130">
    <p class='ocr_par' dir='ltr' id='par_1_10' title="bbox 283 1057 1866 1130">
     <span class='ocr_line' id='line_1_10' title="bbox 283 1057 1866 1130; baseline 0.001 -15"><span class='ocrx_word' id='word_1_60' title='bbox 283 1059 516 1116; x_wconf 87' lang='lat' dir='ltr'><strong>oelatam</strong></span> <span class='ocrx_word' id='word_1_61' title='bbox 567 1057 960 1116; x_wconf 84' lang='lat' dir='ltr'><strong>confessionem</strong></span> <span class='ocrx_word' id='word_1_62' title='bbox 1011 1059 1296 1116; x_wconf 83' lang='lat' dir='ltr'><strong>Trinitatis</strong></span> <span class='ocrx_word' id='word_1_63' title='bbox 1317 1099 1330 1126; x_wconf 92' lang='lat'><strong>,</strong></span> <span class='ocrx_word' id='word_1_64' title='bbox 1383 1061 1688 1130; x_wconf 55' lang='lat' dir='ltr'><strong>praesertim</strong></span> <span class='ocrx_word' id='word_1_65' title='bbox 1743 1073 1866 1116; x_wconf 89' lang='lat' dir='ltr'><strong>cum</strong></span> 
     </span>
    </p>
   </div>
   <div class='ocr_carea' id='block_1_11' title="bbox 285 1149 1870 1224">
    <p class='ocr_par' dir='ltr' id='par_1_11' title="bbox 285 1149 1870 1224">
     <span class='ocr_line' id='line_1_11' title="bbox 285 1149 1870 1224; baseline -0.003 -16"><span class='ocrx_word' id='word_1_66' title='bbox 285 1153 551 1224; x_wconf 86' lang='lat' dir='ltr'><strong>scriptum</strong></span> <span class='ocrx_word' id='word_1_67' title='bbox 583 1151 652 1208; x_wconf 87' lang='lat' dir='ltr'><strong>sit</strong></span> <span class='ocrx_word' id='word_1_68' title='bbox 677 1170 690 1206; x_wconf 88' lang='lat'><strong>:</strong></span> <span class='ocrx_word' id='word_1_69' title='bbox 723 1149 894 1206; x_wconf 86' lang='lat' dir='ltr'><strong>Corde</strong></span> <span class='ocrx_word' id='word_1_70' title='bbox 921 1153 1152 1208; x_wconf 77' lang='lat' dir='ltr'><strong>creditur</strong></span> <span class='ocrx_word' id='word_1_71' title='bbox 1179 1151 1246 1206; x_wconf 89' lang='lat' dir='ltr'><strong>ad</strong></span> <span class='ocrx_word' id='word_1_72' title='bbox 1267 1152 1554 1222; x_wconf 78' lang='lat' dir='ltr'><strong>justitiam,</strong></span> <span class='ocrx_word' id='word_1_73' title='bbox 1583 1169 1670 1206; x_wconf 87' lang='lat' dir='ltr'><strong>ore</strong></span> <span class='ocrx_word' id='word_1_74' title='bbox 1693 1161 1870 1206; x_wconf 86' lang='lat' dir='ltr'><strong>autem</strong></span> 
     </span>
    </p>
   </div>
   <div class='ocr_carea' id='block_1_12' title="bbox 283 1245 1867 1318">
    <p class='ocr_par' dir='ltr' id='par_1_12' title="bbox 283 1245 1867 1318">
     <span class='ocr_line' id='line_1_12' title="bbox 283 1245 1867 1318; baseline 0 -18"><span class='ocrx_word' id='word_1_75' title='bbox 283 1245 548 1316; x_wconf 77' lang='lat' dir='ltr'><strong>confessio</strong></span> <span class='ocrx_word' id='word_1_76' title='bbox 605 1245 667 1314; x_wconf 76' lang='lat' dir='ltr'><strong>ﬁt</strong></span> <span class='ocrx_word' id='word_1_77' title='bbox 717 1245 786 1300; x_wconf 87' lang='lat' dir='ltr'><strong>ad</strong></span> <span class='ocrx_word' id='word_1_78' title='bbox 841 1245 1062 1300; x_wconf 75' lang='lat' dir='ltr'><strong>salutent</strong></span> <span class='ocrx_word' id='word_1_79' title='bbox 1117 1245 1302 1318; x_wconf 78' lang='lat' dir='ltr'><strong>(Rom.</strong></span> <span class='ocrx_word' id='word_1_80' title='bbox 1341 1263 1398 1314; x_wconf 69' lang='grc' dir='ltr'><strong>κ,</strong></span> <span class='ocrx_word' id='word_1_81' title='bbox 1445 1245 1644 1318; x_wconf 88' lang='lat' dir='ltr'><strong>lO);et</strong></span> <span class='ocrx_word' id='word_1_82' title='bbox 1671 1247 1867 1302; x_wconf 84' lang='lat' dir='ltr'><strong>iterum</strong></span> 
     </span>
    </p>
   </div>
   <div class='ocr_carea' id='block_1_13' title="bbox 287 1336 1870 1408">
    <p class='ocr_par' dir='ltr' id='par_1_13' title="bbox 287 1336 1870 1408">
     <span class='ocr_line' id='line_1_13' title="bbox 287 1336 1870 1408; baseline 0 -16"><span class='ocrx_word' id='word_1_83' title='bbox 287 1337 346 1392; x_wconf 89' lang='lat' dir='ltr'><strong>in</strong></span> <span class='ocrx_word' id='word_1_84' title='bbox 377 1337 666 1408; x_wconf 85' lang='lat' dir='ltr'><strong>Evangelio</strong></span> <span class='ocrx_word' id='word_1_85' title='bbox 697 1355 710 1391; x_wconf 90' lang='lat'><strong>:</strong></span> <span class='ocrx_word' id='word_1_86' title='bbox 745 1336 930 1392; x_wconf 83' lang='lat' dir='ltr'><strong>Omnis</strong></span> <span class='ocrx_word' id='word_1_87' title='bbox 957 1339 1046 1408; x_wconf 88' lang='lat' dir='ltr'><strong>qui</strong></span> <span class='ocrx_word' id='word_1_88' title='bbox 1078 1339 1354 1408; x_wconf 80' lang='lat' dir='ltr'><strong>conﬁtetur</strong></span> <span class='ocrx_word' id='word_1_89' title='bbox 1375 1355 1456 1394; x_wconf 90' lang='lat' dir='ltr'><strong>me</strong></span> <span class='ocrx_word' id='word_1_90' title='bbox 1483 1355 1662 1394; x_wconf 84' lang='lat' dir='ltr'><strong>coram</strong></span> <span class='ocrx_word' id='word_1_91' title='bbox 1695 1339 1870 1394; x_wconf 80' lang='lat' dir='ltr'><strong>[torni-</strong></span> 
     </span>
    </p>
   </div>
   <div class='ocr_carea' id='block_1_14' title="bbox 289 1429 1870 1502">
    <p class='ocr_par' dir='ltr' id='par_1_14' title="bbox 289 1429 1870 1502">
     <span class='ocr_line' id='line_1_14' title="bbox 289 1429 1870 1502; baseline 0 -18"><span class='ocrx_word' id='word_1_92' title='bbox 289 1429 464 1498; x_wconf 84' lang='lat' dir='ltr'><strong>nibus,</strong></span> <span class='ocrx_word' id='word_1_93' title='bbox 503 1429 786 1500; x_wconf 73' lang='lat' dir='ltr'><strong>conﬁtebar</strong></span> <span class='ocrx_word' id='word_1_94' title='bbox 803 1439 850 1484; x_wconf 85' lang='lat' dir='ltr'><strong>et</strong></span> <span class='ocrx_word' id='word_1_95' title='bbox 873 1448 967 1501; x_wconf 88' lang='lat' dir='ltr'><strong>ego</strong></span> <span class='ocrx_word' id='word_1_96' title='bbox 991 1448 1112 1486; x_wconf 86' lang='lat' dir='ltr'><strong>eum</strong></span> <span class='ocrx_word' id='word_1_97' title='bbox 1129 1448 1308 1486; x_wconf 77' lang='lat' dir='ltr'><strong>coram</strong></span> <span class='ocrx_word' id='word_1_98' title='bbox 1331 1429 1494 1488; x_wconf 83' lang='lat' dir='ltr'><strong>Patre</strong></span> <span class='ocrx_word' id='word_1_99' title='bbox 1521 1449 1652 1496; x_wconf 88' lang='lat' dir='ltr'><strong>mea,</strong></span> <span class='ocrx_word' id='word_1_100' title='bbox 1681 1431 1772 1502; x_wconf 87' lang='lat' dir='ltr'><strong>qui</strong></span> <span class='ocrx_word' id='word_1_101' title='bbox 1796 1439 1870 1486; x_wconf 78' lang='lat' dir='ltr'><strong>est</strong></span> 
     </span>
    </p>
   </div>
   <div class='ocr_carea' id='block_1_15' title="bbox 285 1521 1874 1595">
    <p class='ocr_par' dir='ltr' id='par_1_15' title="bbox 285 1521 1874 1595">
     <span class='ocr_line' id='line_1_15' title="bbox 285 1521 1874 1595; baseline 0.001 -19"><span class='ocrx_word' id='word_1_102' title='bbox 285 1523 346 1578; x_wconf 85' lang='lat' dir='ltr'><strong>in</strong></span> <span class='ocrx_word' id='word_1_103' title='bbox 373 1521 514 1580; x_wconf 61' lang='lat' dir='ltr'><strong>culis</strong></span> <span class='ocrx_word' id='word_1_104' title='bbox 535 1533 624 1578; x_wconf 86' lang='lat' dir='ltr'><strong>:et</strong></span> <span class='ocrx_word' id='word_1_105' title='bbox 661 1524 750 1595; x_wconf 86' lang='lat' dir='ltr'><strong>qui</strong></span> <span class='ocrx_word' id='word_1_106' title='bbox 796 1524 1058 1594; x_wconf 77' lang='lat' dir='ltr'><strong>negaverit</strong></span> <span class='ocrx_word' id='word_1_107' title='bbox 1090 1541 1172 1578; x_wconf 86' lang='lat' dir='ltr'><strong>me</strong></span> <span class='ocrx_word' id='word_1_108' title='bbox 1209 1541 1384 1578; x_wconf 88' lang='lat' dir='ltr'><strong>coram</strong></span> <span class='ocrx_word' id='word_1_109' title='bbox 1435 1525 1750 1590; x_wconf 81' lang='lat' dir='ltr'><strong>hominibus,</strong></span> <span class='ocrx_word' id='word_1_110' title='bbox 1783 1541 1874 1580; x_wconf 83' lang='lat' dir='ltr'><strong>ne-</strong></span> 
     </span>
    </p>
   </div>
   <div class='ocr_carea' id='block_1_16' title="bbox 287 1615 1872 1690">
    <p class='ocr_par' dir='ltr' id='par_1_16' title="bbox 287 1615 1872 1690">
     <span class='ocr_line' id='line_1_16' title="bbox 287 1615 1872 1690; baseline 0.003 -20"><span class='ocrx_word' id='word_1_111' title='bbox 287 1615 424 1687; x_wconf 80' lang='lat' dir='ltr'><strong>gabo</strong></span> <span class='ocrx_word' id='word_1_112' title='bbox 469 1625 518 1672; x_wconf 88' lang='lat' dir='ltr'><strong>et</strong></span> <span class='ocrx_word' id='word_1_113' title='bbox 551 1635 646 1688; x_wconf 76' lang='lat' dir='ltr'><strong>ego</strong></span> <span class='ocrx_word' id='word_1_114' title='bbox 685 1633 806 1674; x_wconf 85' lang='lat' dir='ltr'><strong>eum</strong></span> <span class='ocrx_word' id='word_1_115' title='bbox 831 1634 1012 1674; x_wconf 82' lang='lat' dir='ltr'><strong>coram</strong></span> <span class='ocrx_word' id='word_1_116' title='bbox 1041 1615 1206 1674; x_wconf 81' lang='lat' dir='ltr'><strong>Patre</strong></span> <span class='ocrx_word' id='word_1_117' title='bbox 1245 1635 1394 1686; x_wconf 83' lang='lat' dir='ltr'><strong>meo,</strong></span> <span class='ocrx_word' id='word_1_118' title='bbox 1423 1619 1514 1690; x_wconf 91' lang='lat' dir='ltr'><strong>qui</strong></span> <span class='ocrx_word' id='word_1_119' title='bbox 1542 1627 1616 1674; x_wconf 80' lang='lat' dir='ltr'><strong>est</strong></span> <span class='ocrx_word' id='word_1_120' title='bbox 1651 1619 1708 1674; x_wconf 85' lang='lat' dir='ltr'><strong>in</strong></span> <span class='ocrx_word' id='word_1_121' title='bbox 1731 1617 1872 1674; x_wconf 63' lang='lat' dir='ltr'><strong>cretis</strong></span> 
     </span>
    </p>
   </div>
   <div class='ocr_carea' id='block_1_17' title="bbox 289 1705 848 1780">
    <p class='ocr_par' dir='ltr' id='par_1_17' title="bbox 289 1705 848 1780">
     <span class='ocr_line' id='line_1_17' title="bbox 289 1705 848 1780; baseline 0.007 -20"><span class='ocrx_word' id='word_1_122' title='bbox 289 1705 508 1776; x_wconf 78' lang='lat' dir='ltr'><strong>(Matth.</strong></span> <span class='ocrx_word' id='word_1_123' title='bbox 539 1724 594 1774; x_wconf 72' lang='grc' dir='ltr'><strong>κ,</strong></span> <span class='ocrx_word' id='word_1_124' title='bbox 621 1707 712 1776; x_wconf 73' lang='grc'><strong>52,</strong></span> <span class='ocrx_word' id='word_1_125' title='bbox 733 1707 848 1780; x_wconf 77' lang='grc'><strong>55).</strong></span> 
     </span>
    </p>
   </div>
   <div class='ocr_carea' id='block_1_18' title="bbox 287 1837 1871 1914">
    <p class='ocr_par' dir='ltr' id='par_1_18' title="bbox 287 1837 1871 1914">
     <span class='ocr_line' id='line_1_18' title="bbox 287 1837 1871 1914; baseline 0.003 -22"><span class='ocrx_word' id='word_1_126' title='bbox 287 1837 498 1894; x_wconf 79' lang='lat' dir='ltr'><strong>Deserit</strong></span> <span class='ocrx_word' id='word_1_127' title='bbox 525 1849 798 1910; x_wconf 86' lang='lat' dir='ltr'><strong>paternam</strong></span> <span class='ocrx_word' id='word_1_128' title='bbox 823 1841 1036 1896; x_wconf 87' lang='lat' dir='ltr'><strong>domum</strong></span> <span class='ocrx_word' id='word_1_129' title='bbox 1053 1884 1067 1910; x_wconf 94' lang='lat'><strong>,</strong></span> <span class='ocrx_word' id='word_1_130' title='bbox 1099 1842 1168 1898; x_wconf 89' lang='lat' dir='ltr'><strong>ad</strong></span> <span class='ocrx_word' id='word_1_131' title='bbox 1188 1855 1342 1913; x_wconf 86' lang='lat' dir='ltr'><strong>quem</strong></span> <span class='ocrx_word' id='word_1_132' title='bbox 1369 1849 1548 1914; x_wconf 85' lang='lat' dir='ltr'><strong>postea</strong></span> <span class='ocrx_word' id='word_1_133' title='bbox 1580 1843 1871 1898; x_wconf 81' lang='lat' dir='ltr'><strong>revertitur.</strong></span> 
     </span>
    </p>
   </div>
   <div class='ocr_carea' id='block_1_19' title="bbox 362 1951 1878 2026">
    <p class='ocr_par' dir='ltr' id='par_1_19' title="bbox 362 1951 1878 2026">
     <span class='ocr_line' id='line_1_19' title="bbox 362 1951 1878 2026; baseline 0.005 -22"><span class='ocrx_word' id='word_1_134' title='bbox 362 1951 416 2004; x_wconf 88' lang='lat'><strong>6.</strong></span> <span class='ocrx_word' id='word_1_135' title='bbox 445 1951 611 2022; x_wconf 83' lang='lat' dir='ltr'><strong>igitur</strong></span> <span class='ocrx_word' id='word_1_136' title='bbox 651 1953 914 2010; x_wconf 87' lang='lat' dir='ltr'><strong>instructa</strong></span> <span class='ocrx_word' id='word_1_137' title='bbox 943 1953 1150 2010; x_wconf 86' lang='lat' dir='ltr'><strong>utiliter</strong></span> <span class='ocrx_word' id='word_1_138' title='bbox 1189 1955 1458 2026; x_wconf 91' lang='lat' dir='ltr'><strong>quomodo</strong></span> <span class='ocrx_word' id='word_1_139' title='bbox 1485 1973 1544 2014; x_wconf 91' lang='lat' dir='ltr'><strong>se</strong></span> <span class='ocrx_word' id='word_1_140' title='bbox 1579 1957 1634 2012; x_wconf 91' lang='lat' dir='ltr'><strong>in</strong></span> <span class='ocrx_word' id='word_1_141' title='bbox 1667 1955 1878 2012; x_wconf 87' lang='lat' dir='ltr'><strong>confes-</strong></span> 
     </span>
    </p>
   </div>
   <div class='ocr_carea' id='block_1_20' title="bbox 289 2043 1878 2122">
    <p class='ocr_par' dir='ltr' id='par_1_20' title="bbox 289 2043 1878 2122">
     <span class='ocr_line' id='line_1_20' title="bbox 289 2043 1878 2122; baseline 0.005 -24"><span class='ocrx_word' id='word_1_142' title='bbox 289 2043 446 2100; x_wconf 90' lang='lat' dir='ltr'><strong>sione</strong></span> <span class='ocrx_word' id='word_1_143' title='bbox 491 2045 724 2102; x_wconf 89' lang='lat' dir='ltr'><strong>nominis</strong></span> <span class='ocrx_word' id='word_1_144' title='bbox 753 2045 956 2102; x_wconf 84' lang='lat' dir='ltr'><strong>Christi</strong></span> <span class='ocrx_word' id='word_1_145' title='bbox 983 2047 1240 2116; x_wconf 79' lang='lat' dir='ltr'><strong>haberet,</strong></span> <span class='ocrx_word' id='word_1_146' title='bbox 1275 2049 1564 2122; x_wconf 86' lang='lat' dir='ltr'><strong>sciensque</strong></span> <span class='ocrx_word' id='word_1_147' title='bbox 1604 2065 1710 2106; x_wconf 89' lang='lat' dir='ltr'><strong>non</strong></span> <span class='ocrx_word' id='word_1_148' title='bbox 1761 2049 1878 2106; x_wconf 89' lang='lat' dir='ltr'><strong>leve</strong></span> 
     </span>
    </p>
   </div>
   <div class='ocr_carea' id='block_1_21' title="bbox 289 2137 1878 2216">
    <p class='ocr_par' dir='ltr' id='par_1_21' title="bbox 289 2137 1878 2216">
     <span class='ocr_line' id='line_1_21' title="bbox 289 2137 1878 2216; baseline 0.005 -24"><span class='ocrx_word' id='word_1_149' title='bbox 289 2151 414 2192; x_wconf 90' lang='lat' dir='ltr'><strong>esse</strong></span> <span class='ocrx_word' id='word_1_150' title='bbox 439 2137 730 2196; x_wconf 83' lang='lat' dir='ltr'><strong>discrimen</strong></span> <span class='ocrx_word' id='word_1_151' title='bbox 759 2141 990 2196; x_wconf 89' lang='lat' dir='ltr'><strong>latenter</strong></span> <span class='ocrx_word' id='word_1_152' title='bbox 1019 2143 1240 2199; x_wconf 87' lang='lat' dir='ltr'><strong>credere</strong></span> <span class='ocrx_word' id='word_1_153' title='bbox 1267 2143 1562 2208; x_wconf 86' lang='lat' dir='ltr'><strong>Christum,</strong></span> <span class='ocrx_word' id='word_1_154' title='bbox 1589 2153 1644 2200; x_wconf 92' lang='lat' dir='ltr'><strong>et</strong></span> <span class='ocrx_word' id='word_1_155' title='bbox 1665 2143 1878 2216; x_wconf 83' lang='lat' dir='ltr'><strong>publice</strong></span> 
     </span>
    </p>
   </div>
   <div class='ocr_carea' id='block_1_22' title="bbox 291 2229 1880 2302">
    <p class='ocr_par' dir='ltr' id='par_1_22' title="bbox 291 2229 1880 2302">
     <span class='ocr_line' id='line_1_22' title="bbox 291 2229 1880 2302; baseline 0.005 -20"><span class='ocrx_word' id='word_1_156' title='bbox 291 2229 532 2284; x_wconf 81' lang='lat' dir='ltr'><strong>existere</strong></span> <span class='ocrx_word' id='word_1_157' title='bbox 569 2229 764 2286; x_wconf 76' lang='lat' dir='ltr'><strong>vexillo</strong></span> <span class='ocrx_word' id='word_1_158' title='bbox 795 2229 1011 2288; x_wconf 58' lang='lat' dir='ltr'><strong>Satanae</strong></span> <span class='ocrx_word' id='word_1_159' title='bbox 1047 2233 1392 2302; x_wconf 87' lang='lat' dir='ltr'><strong>denotatam;</strong></span> <span class='ocrx_word' id='word_1_160' title='bbox 1435 2245 1611 2292; x_wconf 86' lang='lat' dir='ltr'><strong>matre</strong></span> <span class='ocrx_word' id='word_1_161' title='bbox 1645 2237 1772 2294; x_wconf 87' lang='lat' dir='ltr'><strong>hinc</strong></span> <span class='ocrx_word' id='word_1_162' title='bbox 1796 2235 1880 2292; x_wconf 87' lang='lat' dir='ltr'><strong>in-</strong></span> 
     </span>
    </p>
   </div>
   <div class='ocr_carea' id='block_1_23' title="bbox 290 2321 1878 2394">
    <p class='ocr_par' dir='ltr' id='par_1_23' title="bbox 290 2321 1878 2394">
     <span class='ocr_line' id='line_1_23' title="bbox 290 2321 1878 2394; baseline 0.004 -21"><span class='ocrx_word' id='word_1_163' title='bbox 290 2321 540 2374; x_wconf 87' lang='lat' dir='ltr'><strong>consulta</strong></span> <span class='ocrx_word' id='word_1_164' title='bbox 579 2321 797 2376; x_wconf 89' lang='lat' dir='ltr'><strong>domum</strong></span> <span class='ocrx_word' id='word_1_165' title='bbox 831 2323 1168 2394; x_wconf 86' lang='lat' dir='ltr'><strong>relinquens,</strong></span> <span class='ocrx_word' id='word_1_166' title='bbox 1213 2325 1350 2382; x_wconf 89' lang='lat' dir='ltr'><strong>clam</strong></span> <span class='ocrx_word' id='word_1_167' title='bbox 1389 2341 1514 2382; x_wconf 90' lang='lat' dir='ltr'><strong>cum</strong></span> <span class='ocrx_word' id='word_1_168' title='bbox 1559 2343 1744 2382; x_wconf 90' lang='lat' dir='ltr'><strong>sorore</strong></span> <span class='ocrx_word' id='word_1_169' title='bbox 1781 2343 1878 2382; x_wconf 89' lang='lat' dir='ltr'><strong>sua</strong></span> 
     </span>
    </p>
   </div>
   <div class='ocr_carea' id='block_1_24' title="bbox 293 2411 1878 2486">
    <p class='ocr_par' dir='ltr' id='par_1_24' title="bbox 293 2411 1878 2486">
     <span class='ocr_line' id='line_1_24' title="bbox 293 2411 1878 2486; baseline 0.008 -22"><span class='ocrx_word' id='word_1_170' title='bbox 293 2411 480 2482; x_wconf 86' lang='lat' dir='ltr'><strong>fugam</strong></span> <span class='ocrx_word' id='word_1_171' title='bbox 511 2413 648 2468; x_wconf 90' lang='lat' dir='ltr'><strong>iniit.</strong></span> <span class='ocrx_word' id='word_1_172' title='bbox 679 2413 916 2486; x_wconf 89' lang='lat' dir='ltr'><strong>Sescque</strong></span> <span class='ocrx_word' id='word_1_173' title='bbox 947 2417 1234 2474; x_wconf 91' lang='lat' dir='ltr'><strong>tutioribus</strong></span> <span class='ocrx_word' id='word_1_174' title='bbox 1261 2417 1392 2475; x_wconf 89' lang='lat' dir='ltr'><strong>locis</strong></span> <span class='ocrx_word' id='word_1_175' title='bbox 1417 2419 1561 2476; x_wconf 87' lang='lat' dir='ltr'><strong>inter</strong></span> <span class='ocrx_word' id='word_1_176' title='bbox 1579 2419 1878 2476; x_wconf 89' lang='lat' dir='ltr'><strong>Christico-</strong></span> 
     </span>
    </p>
   </div>
   <div class='ocr_carea' id='block_1_25' title="bbox 289 2501 1880 2574">
    <p class='ocr_par' dir='ltr' id='par_1_25' title="bbox 289 2501 1880 2574">
     <span class='ocr_line' id='line_1_25' title="bbox 289 2501 1880 2574; baseline 0.006 -18"><span class='ocrx_word' id='word_1_177' title='bbox 289 2501 378 2558; x_wconf 87' lang='lat' dir='ltr'><strong>las</strong></span> <span class='ocrx_word' id='word_1_178' title='bbox 406 2503 812 2574; x_wconf 82' lang='lat' dir='ltr'><strong>collocantibus,</strong></span> <span class='ocrx_word' id='word_1_179' title='bbox 845 2509 1138 2565; x_wconf 67' lang='lat' dir='ltr'><strong>saevissima</strong></span> <span class='ocrx_word' id='word_1_180' title='bbox 1183 2509 1542 2566; x_wconf 88' lang='lat' dir='ltr'><strong>insectatione</strong></span> <span class='ocrx_word' id='word_1_181' title='bbox 1587 2509 1756 2566; x_wconf 83' lang='lat' dir='ltr'><strong>frater</strong></span> <span class='ocrx_word' id='word_1_182' title='bbox 1787 2525 1880 2566; x_wconf 82' lang='lat' dir='ltr'><strong>ea—</strong></span> 
     </span>
    </p>
   </div>
   <div class='ocr_carea' id='block_1_26' title="bbox 293 2599 1882 2674">
    <p class='ocr_par' dir='ltr' id='par_1_26' title="bbox 293 2599 1882 2674">
     <span class='ocr_line' id='line_1_26' title="bbox 293 2599 1882 2674; baseline 0.006 -24"><span class='ocrx_word' id='word_1_183' title='bbox 293 2613 414 2650; x_wconf 88' lang='lat' dir='ltr'><strong>rum</strong></span> <span class='ocrx_word' id='word_1_184' title='bbox 443 2599 628 2670; x_wconf 86' lang='lat' dir='ltr'><strong>(quem</strong></span> <span class='ocrx_word' id='word_1_185' title='bbox 657 2615 816 2670; x_wconf 88' lang='lat' dir='ltr'><strong>supra</strong></span> <span class='ocrx_word' id='word_1_186' title='bbox 845 2601 1210 2674; x_wconf 89' lang='lat' dir='ltr'><strong>meminimus)</strong></span> <span class='ocrx_word' id='word_1_187' title='bbox 1235 2611 1455 2674; x_wconf 85' lang='lat' dir='ltr'><strong>prOpter</strong></span> <span class='ocrx_word' id='word_1_188' title='bbox 1475 2603 1594 2658; x_wconf 88' lang='lat' dir='ltr'><strong>illas</strong></span> <span class='ocrx_word' id='word_1_189' title='bbox 1619 2603 1714 2658; x_wconf 90' lang='lat' dir='ltr'><strong>Dei</strong></span> <span class='ocrx_word' id='word_1_190' title='bbox 1739 2603 1882 2658; x_wconf 89' lang='lat' dir='ltr'><strong>lace-</strong></span> 
     </span>
    </p>
   </div>
   <div class='ocr_carea' id='block_1_27' title="bbox 293 2687 1880 2758">
    <p class='ocr_par' dir='ltr' id='par_1_27' title="bbox 293 2687 1880 2758">
     <span class='ocr_line' id='line_1_27' title="bbox 293 2687 1880 2758; baseline 0.004 -15"><span class='ocrx_word' id='word_1_191' title='bbox 293 2699 383 2744; x_wconf 86' lang='lat' dir='ltr'><strong>rat</strong></span> <span class='ocrx_word' id='word_1_192' title='bbox 411 2687 732 2758; x_wconf 87' lang='lat' dir='ltr'><strong>Ecciesiam,</strong></span> <span class='ocrx_word' id='word_1_193' title='bbox 765 2693 900 2748; x_wconf 87' lang='lat' dir='ltr'><strong>adeo</strong></span> <span class='ocrx_word' id='word_1_194' title='bbox 923 2701 982 2748; x_wconf 90' lang='lat' dir='ltr'><strong>ut</strong></span> <span class='ocrx_word' id='word_1_195' title='bbox 1004 2693 1292 2752; x_wconf 88' lang='lat' dir='ltr'><strong>nonnullos</strong></span> <span class='ocrx_word' id='word_1_196' title='bbox 1315 2693 1640 2750; x_wconf 89' lang='lat' dir='ltr'><strong>clericorum</strong></span> <span class='ocrx_word' id='word_1_197' title='bbox 1673 2695 1880 2750; x_wconf 82' lang='lat' dir='ltr'><strong>carceri</strong></span> 
     </span>
    </p>
   </div>
   <div class='ocr_carea' id='block_1_28' title="bbox 293 2785 1880 2860">
    <p class='ocr_par' dir='ltr' id='par_1_28' title="bbox 293 2785 1880 2860">
     <span class='ocr_line' id='line_1_28' title="bbox 293 2785 1880 2860; baseline 0.004 -24"><span class='ocrx_word' id='word_1_198' title='bbox 293 2785 538 2858; x_wconf 81' lang='lat' dir='ltr'><strong>tradens,</strong></span> <span class='ocrx_word' id='word_1_199' title='bbox 572 2795 896 2842; x_wconf 87' lang='lat' dir='ltr'><strong>conventum</strong></span> <span class='ocrx_word' id='word_1_200' title='bbox 923 2787 1120 2860; x_wconf 89' lang='lat' dir='ltr'><strong>ubique</strong></span> <span class='ocrx_word' id='word_1_201' title='bbox 1151 2787 1522 2860; x_wconf 86' lang='lat' dir='ltr'><strong>religiosarum</strong></span> <span class='ocrx_word' id='word_1_202' title='bbox 1553 2787 1880 2844; x_wconf 85' lang='lat' dir='ltr'><strong>feminarum</strong></span> 
     </span>
    </p>
   </div>
   <div class='ocr_carea' id='block_1_29' title="bbox 293 2879 1878 2952">
    <p class='ocr_par' dir='ltr' id='par_1_29' title="bbox 293 2879 1878 2952">
     <span class='ocr_line' id='line_1_29' title="bbox 293 2879 1878 2952; baseline 0.004 -20"><span class='ocrx_word' id='word_1_203' title='bbox 293 2886 734 2948; x_wconf 88' lang='lat' dir='ltr'><strong>persequeretur.</strong></span> <span class='ocrx_word' id='word_1_204' title='bbox 769 2879 836 2934; x_wconf 90' lang='lat' dir='ltr'><strong>Et</strong></span> <span class='ocrx_word' id='word_1_205' title='bbox 872 2895 994 2936; x_wconf 91' lang='lat' dir='ltr'><strong>cum</strong></span> <span class='ocrx_word' id='word_1_206' title='bbox 1039 2891 1398 2952; x_wconf 76' lang='lat' dir='ltr'><strong>agnoscerent</strong></span> <span class='ocrx_word' id='word_1_207' title='bbox 1441 2881 1878 2950; x_wconf 88' lang='lat' dir='ltr'><strong>infestationem,</strong></span> 
     </span>
    </p>
   </div>
   <div class='ocr_carea' id='block_1_30' title="bbox 293 2969 1878 3046">
    <p class='ocr_par' dir='ltr' id='par_1_30' title="bbox 293 2969 1878 3046">
     <span class='ocr_line' id='line_1_30' title="bbox 293 2969 1878 3046; baseline 0.006 -26"><span class='ocrx_word' id='word_1_208' title='bbox 293 2985 418 3038; x_wconf 72' lang='lat' dir='ltr'><strong>qua:</strong></span> <span class='ocrx_word' id='word_1_209' title='bbox 447 2983 576 3042; x_wconf 89' lang='lat' dir='ltr'><strong>erga</strong></span> <span class='ocrx_word' id='word_1_210' title='bbox 605 2979 806 3026; x_wconf 90' lang='lat' dir='ltr'><strong>sortem</strong></span> <span class='ocrx_word' id='word_1_211' title='bbox 835 2969 1056 3036; x_wconf 84' lang='lat' dir='ltr'><strong>Domini</strong></span> <span class='ocrx_word' id='word_1_212' title='bbox 1087 2973 1460 3044; x_wconf 78' lang='lat' dir='ltr'><strong>grassabatur,</strong></span> <span class='ocrx_word' id='word_1_213' title='bbox 1487 2974 1764 3046; x_wconf 87' lang='lat' dir='ltr'><strong>indignum</strong></span> <span class='ocrx_word' id='word_1_214' title='bbox 1795 2975 1878 3030; x_wconf 93' lang='lat' dir='ltr'><strong>di-</strong></span> 
     </span>
    </p>
   </div>
   <div class='ocr_carea' id='block_1_31' title="bbox 287 3057 1878 3138">
    <p class='ocr_par' dir='ltr' id='par_1_31' title="bbox 287 3057 1878 3138">
     <span class='ocr_line' id='line_1_31' title="bbox 287 3057 1878 3138; baseline 0.006 -28"><span class='ocrx_word' id='word_1_215' title='bbox 287 3057 600 3128; x_wconf 87' lang='lat' dir='ltr'><strong>jndicantes</strong></span> <span class='ocrx_word' id='word_1_216' title='bbox 623 3077 682 3116; x_wconf 90' lang='lat' dir='ltr'><strong>se</strong></span> <span class='ocrx_word' id='word_1_217' title='bbox 701 3075 822 3116; x_wconf 88' lang='lat' dir='ltr'><strong>esse</strong></span> <span class='ocrx_word' id='word_1_218' title='bbox 861 3071 1026 3130; x_wconf 87' lang='lat' dir='ltr'><strong>tutas,</strong></span> <span class='ocrx_word' id='word_1_219' title='bbox 1051 3073 1107 3118; x_wconf 89' lang='lat' dir='ltr'><strong>et</strong></span> <span class='ocrx_word' id='word_1_220' title='bbox 1133 3063 1430 3120; x_wconf 85' lang='lat' dir='ltr'><strong>Ecclesiam</strong></span> <span class='ocrx_word' id='word_1_221' title='bbox 1463 3065 1556 3122; x_wconf 89' lang='lat' dir='ltr'><strong>Dei</strong></span> <span class='ocrx_word' id='word_1_222' title='bbox 1584 3067 1839 3138; x_wconf 85' lang='lat' dir='ltr'><strong>vapulare</strong></span> <span class='ocrx_word' id='word_1_223' title='bbox 1865 3085 1878 3120; x_wconf 92' lang='lat'><strong>:</strong></span> 
     </span>
    </p>
   </div>
   <div class='ocr_carea' id='block_1_32' title="bbox 295 3151 1880 3226">
    <p class='ocr_par' dir='ltr' id='par_1_32' title="bbox 295 3151 1880 3226">
     <span class='ocr_line' id='line_1_32' title="bbox 295 3151 1880 3226; baseline 0.004 -22"><span class='ocrx_word' id='word_1_224' title='bbox 295 3151 442 3206; x_wconf 89' lang='lat' dir='ltr'><strong>illico</strong></span> <span class='ocrx_word' id='word_1_225' title='bbox 473 3161 660 3206; x_wconf 88' lang='lat' dir='ltr'><strong>sancta</strong></span> <span class='ocrx_word' id='word_1_226' title='bbox 687 3151 878 3216; x_wconf 90' lang='lat' dir='ltr'><strong>Flora,</strong></span> <span class='ocrx_word' id='word_1_227' title='bbox 925 3169 1045 3224; x_wconf 67' lang='lat' dir='ltr'><strong>qum</strong></span> <span class='ocrx_word' id='word_1_228' title='bbox 1072 3170 1130 3210; x_wconf 92' lang='lat' dir='ltr'><strong>se</strong></span> <span class='ocrx_word' id='word_1_229' title='bbox 1159 3165 1386 3210; x_wconf 87' lang='lat' dir='ltr'><strong>noverat</strong></span> <span class='ocrx_word' id='word_1_230' title='bbox 1413 3157 1480 3212; x_wconf 88' lang='lat' dir='ltr'><strong>ad</strong></span> <span class='ocrx_word' id='word_1_231' title='bbox 1505 3157 1608 3212; x_wconf 88' lang='lat' dir='ltr'><strong>tale</strong></span> <span class='ocrx_word' id='word_1_232' title='bbox 1635 3155 1880 3226; x_wconf 64' lang='lat' dir='ltr'><strong>praelium</strong></span> 
     </span>
    </p>
   </div>
   <div class='ocr_carea' id='block_1_33' title="bbox 1967 599 3556 682">
    <p class='ocr_par' dir='ltr' id='par_1_33' title="bbox 1967 599 3556 682">
     <span class='ocr_line' id='line_1_33' title="bbox 1967 599 3556 682; baseline 0.008 -28"><span class='ocrx_word' id='word_1_233' title='bbox 1967 599 2090 656; x_wconf 83' lang='lat' dir='ltr'><strong>ﬁdei</strong></span> <span class='ocrx_word' id='word_1_234' title='bbox 2137 611 2338 658; x_wconf 73' lang='lat' dir='ltr'><strong>nostrae</strong></span> <span class='ocrx_word' id='word_1_235' title='bbox 2385 602 2704 682; x_wconf 82' lang='lat' dir='ltr'><strong>obsequium</strong></span> <span class='ocrx_word' id='word_1_236' title='bbox 2745 601 3070 672; x_wconf 79' lang='lat' dir='ltr'><strong>exhibebat;</strong></span> <span class='ocrx_word' id='word_1_237' title='bbox 3117 607 3214 662; x_wconf 91' lang='lat' dir='ltr'><strong>sed</strong></span> <span class='ocrx_word' id='word_1_238' title='bbox 3259 607 3556 666; x_wconf 87' lang='lat' dir='ltr'><strong>Christiani</strong></span> 
     </span>
    </p>
   </div>
   <div class='ocr_carea' id='block_1_34' title="bbox 1967 693 3558 764">
    <p class='ocr_par' dir='ltr' id='par_1_34' title="bbox 1967 693 3558 764">
     <span class='ocr_line' id='line_1_34' title="bbox 1967 693 3558 764; baseline 0.006 -16"><span class='ocrx_word' id='word_1_239' title='bbox 1967 693 2162 752; x_wconf 84' lang='lat' dir='ltr'><strong>crebro</strong></span> <span class='ocrx_word' id='word_1_240' title='bbox 2183 709 2308 752; x_wconf 84' lang='lat' dir='ltr'><strong>eam</strong></span> <span class='ocrx_word' id='word_1_241' title='bbox 2337 703 2598 764; x_wconf 80' lang='lat' dir='ltr'><strong>urgentes</strong></span> <span class='ocrx_word' id='word_1_242' title='bbox 2635 695 2898 752; x_wconf 88' lang='lat' dir='ltr'><strong>instinctu</strong></span> <span class='ocrx_word' id='word_1_243' title='bbox 2917 737 2934 762; x_wconf 90' lang='lat'><strong>,</strong></span> <span class='ocrx_word' id='word_1_244' title='bbox 2966 705 3144 754; x_wconf 83' lang='lat' dir='ltr'><strong>vatem</strong></span> <span class='ocrx_word' id='word_1_245' title='bbox 3173 707 3418 754; x_wconf 89' lang='lat' dir='ltr'><strong>nostrum</strong></span> <span class='ocrx_word' id='word_1_246' title='bbox 3455 701 3558 758; x_wconf 79' lang='lat' dir='ltr'><strong>ab-</strong></span> 
     </span>
    </p>
   </div>
   <div class='ocr_carea' id='block_1_35' title="bbox 1969 787 3558 862">
    <p class='ocr_par' dir='ltr' id='par_1_35' title="bbox 1969 787 3558 862">
     <span class='ocr_line' id='line_1_35' title="bbox 1969 787 3558 862; baseline 0.005 -22"><span class='ocrx_word' id='word_1_247' title='bbox 1969 801 2188 858; x_wconf 84' lang='lat' dir='ltr'><strong>negare,</strong></span> <span class='ocrx_word' id='word_1_248' title='bbox 2220 787 2496 858; x_wconf 88' lang='lat' dir='ltr'><strong>ritumque</strong></span> <span class='ocrx_word' id='word_1_249' title='bbox 2523 787 2780 844; x_wconf 87' lang='lat' dir='ltr'><strong>detestari</strong></span> <span class='ocrx_word' id='word_1_250' title='bbox 2823 787 3100 856; x_wconf 75' lang='lat' dir='ltr'><strong>feceram,</strong></span> <span class='ocrx_word' id='word_1_251' title='bbox 3127 799 3186 846; x_wconf 88' lang='lat' dir='ltr'><strong>et</strong></span> <span class='ocrx_word' id='word_1_252' title='bbox 3211 793 3446 862; x_wconf 88' lang='lat' dir='ltr'><strong>quadam</strong></span> <span class='ocrx_word' id='word_1_253' title='bbox 3483 793 3558 848; x_wconf 89' lang='lat' dir='ltr'><strong>le-</strong></span> 
     </span>
    </p>
   </div>
   <div class='ocr_carea' id='block_1_36' title="bbox 1966 879 3548 940">
    <p class='ocr_par' dir='ltr' id='par_1_36' title="bbox 1966 879 3548 940">
     <span class='ocr_line' id='line_1_36' title="bbox 1966 879 3548 940; baseline 0 -4"><span class='ocrx_word' id='word_1_254' title='bbox 1966 879 2312 936; x_wconf 85' lang='lat' dir='ltr'><strong>nocinatione</strong></span> <span class='ocrx_word' id='word_1_255' title='bbox 2323 879 2600 936; x_wconf 86' lang='lat' dir='ltr'><strong>Christum</strong></span> <span class='ocrx_word' id='word_1_256' title='bbox 2611 895 2730 936; x_wconf 86' lang='lat' dir='ltr'><strong>esse</strong></span> <span class='ocrx_word' id='word_1_257' title='bbox 2745 881 2916 936; x_wconf 89' lang='lat' dir='ltr'><strong>Deum</strong></span> <span class='ocrx_word' id='word_1_258' title='bbox 2935 881 3158 938; x_wconf 83' lang='lat' dir='ltr'><strong>credere</strong></span> <span class='ocrx_word' id='word_1_259' title='bbox 3187 883 3496 940; x_wconf 78' lang='lat' dir='ltr'><strong>illexerunt.</strong></span> <span class='ocrx_word' id='word_1_260' title='bbox 3531 905 3548 936; x_wconf 76' lang='grc' dir='ltr'><strong>ι</strong></span> 
     </span>
    </p>
   </div>
   <div class='ocr_carea' id='block_1_37' title="bbox 1969 969 3560 1040">
    <p class='ocr_par' dir='ltr' id='par_1_37' title="bbox 1969 969 3560 1040">
     <span class='ocr_line' id='line_1_37' title="bbox 1969 969 3560 1040; baseline 0.003 -14"><span class='ocrx_word' id='word_1_261' title='bbox 1969 971 2140 1038; x_wconf 83' lang='lat' dir='ltr'><strong>Quam</strong></span> <span class='ocrx_word' id='word_1_262' title='bbox 2187 969 2390 1040; x_wconf 77' lang='lat' dir='ltr'><strong>iudex,</strong></span> <span class='ocrx_word' id='word_1_263' title='bbox 2441 979 2624 1026; x_wconf 89' lang='lat' dir='ltr'><strong>utrum</strong></span> <span class='ocrx_word' id='word_1_264' title='bbox 2669 987 2728 1026; x_wconf 92' lang='lat' dir='ltr'><strong>se</strong></span> <span class='ocrx_word' id='word_1_265' title='bbox 2779 973 2860 1028; x_wconf 85' lang='lat' dir='ltr'><strong>sic</strong></span> <span class='ocrx_word' id='word_1_266' title='bbox 2903 971 3128 1028; x_wconf 83' lang='lat' dir='ltr'><strong>haberet</strong></span> <span class='ocrx_word' id='word_1_267' title='bbox 3169 973 3260 1028; x_wconf 89' lang='lat' dir='ltr'><strong>illa</strong></span> <span class='ocrx_word' id='word_1_268' title='bbox 3303 973 3560 1030; x_wconf 82' lang='lat' dir='ltr'><strong>delatoris</strong></span> 
     </span>
    </p>
   </div>
   <div class='ocr_carea' id='block_1_38' title="bbox 1970 1064 3556 1138">
    <p class='ocr_par' dir='ltr' id='par_1_38' title="bbox 1970 1064 3556 1138">
     <span class='ocr_line' id='line_1_38' title="bbox 1970 1064 3556 1138; baseline 0.003 -18"><span class='ocrx_word' id='word_1_269' title='bbox 1970 1065 2216 1136; x_wconf 78' lang='lat' dir='ltr'><strong>germani</strong></span> <span class='ocrx_word' id='word_1_270' title='bbox 2249 1064 2494 1134; x_wconf 65' lang='lat' dir='ltr'><strong>quaestio,</strong></span> <span class='ocrx_word' id='word_1_271' title='bbox 2529 1065 2860 1122; x_wconf 84' lang='lat' dir='ltr'><strong>sciscitatur.</strong></span> <span class='ocrx_word' id='word_1_272' title='bbox 2889 1065 3170 1138; x_wconf 82' lang='lat' dir='ltr'><strong>Extemplo</strong></span> <span class='ocrx_word' id='word_1_273' title='bbox 3202 1068 3316 1138; x_wconf 86' lang='lat' dir='ltr'><strong>ipsa</strong></span> <span class='ocrx_word' id='word_1_274' title='bbox 3337 1069 3556 1126; x_wconf 86' lang='lat' dir='ltr'><strong>fratrem</strong></span> 
     </span>
    </p>
   </div>
   <div class='ocr_carea' id='block_1_39' title="bbox 1973 1157 3564 1228">
    <p class='ocr_par' dir='ltr' id='par_1_39' title="bbox 1973 1157 3564 1228">
     <span class='ocr_line' id='line_1_39' title="bbox 1973 1157 3564 1228; baseline 0.003 -16"><span class='ocrx_word' id='word_1_275' title='bbox 1973 1157 2198 1228; x_wconf 88' lang='lat' dir='ltr'><strong>impimn</strong></span> <span class='ocrx_word' id='word_1_276' title='bbox 2229 1158 2496 1226; x_wconf 85' lang='lat' dir='ltr'><strong>abnegat,</strong></span> <span class='ocrx_word' id='word_1_277' title='bbox 2537 1157 2850 1228; x_wconf 90' lang='lat' dir='ltr'><strong>cultumque</strong></span> <span class='ocrx_word' id='word_1_278' title='bbox 2883 1157 3320 1216; x_wconf 84' lang='lat' dir='ltr'><strong>Mahometanum</strong></span> <span class='ocrx_word' id='word_1_279' title='bbox 3355 1175 3414 1220; x_wconf 87' lang='lat' dir='ltr'><strong>se</strong></span> <span class='ocrx_word' id='word_1_280' title='bbox 3443 1163 3564 1218; x_wconf 90' lang='lat' dir='ltr'><strong>nui-</strong></span> 
     </span>
    </p>
   </div>
   <div class='ocr_carea' id='block_1_40' title="bbox 1971 1247 3564 1321">
    <p class='ocr_par' dir='ltr' id='par_1_40' title="bbox 1971 1247 3564 1321">
     <span class='ocr_line' id='line_1_40' title="bbox 1971 1247 3564 1321; baseline 0.004 -19"><span class='ocrx_word' id='word_1_281' title='bbox 1971 1249 2184 1306; x_wconf 89' lang='lat' dir='ltr'><strong>latenus</strong></span> <span class='ocrx_word' id='word_1_282' title='bbox 2203 1247 2418 1304; x_wconf 85' lang='lat' dir='ltr'><strong>novisse</strong></span> <span class='ocrx_word' id='word_1_283' title='bbox 2447 1255 2710 1314; x_wconf 84' lang='lat' dir='ltr'><strong>testatur;</strong></span> <span class='ocrx_word' id='word_1_284' title='bbox 2741 1255 2798 1304; x_wconf 89' lang='lat' dir='ltr'><strong>et</strong></span> <span class='ocrx_word' id='word_1_285' title='bbox 2821 1249 3068 1321; x_wconf 85' lang='lat' dir='ltr'><strong>adjungit</strong></span> <span class='ocrx_word' id='word_1_286' title='bbox 3095 1268 3108 1304; x_wconf 89' lang='lat'><strong>:</strong></span> <span class='ocrx_word' id='word_1_287' title='bbox 3141 1269 3158 1302; x_wconf 82' lang='lat' dir='ltr'><strong>I</strong></span> <span class='ocrx_word' id='word_1_288' title='bbox 3195 1249 3472 1310; x_wconf 84' lang='lat' dir='ltr'><strong>Christum</strong></span> <span class='ocrx_word' id='word_1_289' title='bbox 3495 1253 3564 1308; x_wconf 90' lang='lat' dir='ltr'><strong>ab</strong></span> 
     </span>
    </p>
   </div>
   <div class='ocr_carea' id='block_1_41' title="bbox 1973 1339 3564 1410">
    <p class='ocr_par' dir='ltr' id='par_1_41' title="bbox 1973 1339 3564 1410">
     <span class='ocr_line' id='line_1_41' title="bbox 1973 1339 3564 1410; baseline 0.001 -14"><span class='ocrx_word' id='word_1_290' title='bbox 1973 1339 2198 1396; x_wconf 83' lang='lat' dir='ltr'><strong>infantia</strong></span> <span class='ocrx_word' id='word_1_291' title='bbox 2219 1355 2340 1396; x_wconf 88' lang='lat' dir='ltr'><strong>mea</strong></span> <span class='ocrx_word' id='word_1_292' title='bbox 2369 1340 2528 1404; x_wconf 89' lang='lat' dir='ltr'><strong>novi,</strong></span> <span class='ocrx_word' id='word_1_293' title='bbox 2559 1339 2730 1410; x_wconf 86' lang='lat' dir='ltr'><strong>ipsius</strong></span> <span class='ocrx_word' id='word_1_294' title='bbox 2761 1341 3104 1400; x_wconf 85' lang='lat' dir='ltr'><strong>documentis</strong></span> <span class='ocrx_word' id='word_1_295' title='bbox 3135 1342 3400 1404; x_wconf 86' lang='lat' dir='ltr'><strong>instructa</strong></span> <span class='ocrx_word' id='word_1_296' title='bbox 3419 1357 3564 1410; x_wconf 87' lang='lat' dir='ltr'><strong>sum,</strong></span> 
     </span>
    </p>
   </div>
   <div class='ocr_carea' id='block_1_42' title="bbox 1973 1433 3568 1510">
    <p class='ocr_par' dir='ltr' id='par_1_42' title="bbox 1973 1433 3568 1510">
     <span class='ocr_line' id='line_1_42' title="bbox 1973 1433 3568 1510; baseline 0.004 -22"><span class='ocrx_word' id='word_1_297' title='bbox 1973 1435 2152 1504; x_wconf 90' lang='lat' dir='ltr'><strong>ipsum</strong></span> <span class='ocrx_word' id='word_1_298' title='bbox 2200 1435 2404 1490; x_wconf 84' lang='lat' dir='ltr'><strong>habere</strong></span> <span class='ocrx_word' id='word_1_299' title='bbox 2441 1433 2610 1488; x_wconf 89' lang='lat' dir='ltr'><strong>Deum</strong></span> <span class='ocrx_word' id='word_1_300' title='bbox 2661 1435 2904 1502; x_wconf 86' lang='lat' dir='ltr'><strong>decrevi,</strong></span> <span class='ocrx_word' id='word_1_301' title='bbox 2943 1435 3156 1506; x_wconf 85' lang='lat' dir='ltr'><strong>ipsique</strong></span> <span class='ocrx_word' id='word_1_302' title='bbox 3199 1437 3568 1510; x_wconf 82' lang='lat' dir='ltr'><strong>integritatem</strong></span> 
     </span>
    </p>
   </div>
   <div class='ocr_carea' id='block_1_43' title="bbox 1973 1525 3570 1600">
    <p class='ocr_par' dir='ltr' id='par_1_43' title="bbox 1973 1525 3570 1600">
     <span class='ocr_line' id='line_1_43' title="bbox 1973 1525 3570 1600; baseline 0.002 -19"><span class='ocrx_word' id='word_1_303' title='bbox 1973 1525 2217 1596; x_wconf 89' lang='lat' dir='ltr'><strong>corporis</strong></span> <span class='ocrx_word' id='word_1_304' title='bbox 2265 1525 2372 1582; x_wconf 88' lang='lat' dir='ltr'><strong>mei</strong></span> <span class='ocrx_word' id='word_1_305' title='bbox 2415 1525 2534 1596; x_wconf 87' lang='lat' dir='ltr'><strong>ejus</strong></span> <span class='ocrx_word' id='word_1_306' title='bbox 2583 1526 2714 1582; x_wconf 89' lang='lat' dir='ltr'><strong>olim</strong></span> <span class='ocrx_word' id='word_1_307' title='bbox 2767 1527 3027 1584; x_wconf 87' lang='lat' dir='ltr'><strong>thalamis</strong></span> <span class='ocrx_word' id='word_1_308' title='bbox 3073 1528 3394 1586; x_wconf 87' lang='lat' dir='ltr'><strong>oblectanda</strong></span> <span class='ocrx_word' id='word_1_309' title='bbox 3443 1544 3570 1600; x_wconf 87' lang='lat' dir='ltr'><strong>pro-</strong></span> 
     </span>
    </p>
   </div>
   <div class='ocr_carea' id='block_1_44' title="bbox 1975 1615 3572 1690">
    <p class='ocr_par' dir='ltr' id='par_1_44' title="bbox 1975 1615 3572 1690">
     <span class='ocr_line' id='line_1_44' title="bbox 1975 1615 3572 1690; baseline 0.001 -18"><span class='ocrx_word' id='word_1_310' title='bbox 1975 1617 2118 1672; x_wconf 88' lang='lat' dir='ltr'><strong>misi.</strong></span> <span class='ocrx_word' id='word_1_311' title='bbox 2159 1635 2178 1668; x_wconf 72' lang='grc' dir='ltr'><strong><em>ι</em></strong></span> <span class='ocrx_word' id='word_1_312' title='bbox 2221 1615 2348 1674; x_wconf 79' lang='lat' dir='ltr'><strong>Haec</strong></span> <span class='ocrx_word' id='word_1_313' title='bbox 2407 1617 2498 1672; x_wconf 91' lang='lat' dir='ltr'><strong>ubi</strong></span> <span class='ocrx_word' id='word_1_314' title='bbox 2545 1618 2698 1689; x_wconf 87' lang='lat' dir='ltr'><strong>virgo</strong></span> <span class='ocrx_word' id='word_1_315' title='bbox 2741 1619 3084 1674; x_wconf 87' lang='lat' dir='ltr'><strong>sanctissima</strong></span> <span class='ocrx_word' id='word_1_316' title='bbox 3133 1619 3396 1690; x_wconf 86' lang='lat' dir='ltr'><strong>protulit,</strong></span> <span class='ocrx_word' id='word_1_317' title='bbox 3445 1635 3572 1676; x_wconf 75' lang='lat' dir='ltr'><strong>mox</strong></span> 
     </span>
    </p>
   </div>
   <div class='ocr_carea' id='block_1_45' title="bbox 1975 1709 3574 1782">
    <p class='ocr_par' dir='ltr' id='par_1_45' title="bbox 1975 1709 3574 1782">
     <span class='ocr_line' id='line_1_45' title="bbox 1975 1709 3574 1782; baseline 0.001 -16"><span class='ocrx_word' id='word_1_318' title='bbox 1975 1709 2298 1780; x_wconf 84' lang='lat' dir='ltr'><strong>sacrilegum</strong></span> <span class='ocrx_word' id='word_1_319' title='bbox 2323 1717 2514 1778; x_wconf 89' lang='lat' dir='ltr'><strong>pectus</strong></span> <span class='ocrx_word' id='word_1_320' title='bbox 2537 1709 2741 1780; x_wconf 79' lang='lat' dir='ltr'><strong>judicia</strong></span> <span class='ocrx_word' id='word_1_321' title='bbox 2761 1709 2916 1766; x_wconf 90' lang='lat' dir='ltr'><strong>furor</strong></span> <span class='ocrx_word' id='word_1_322' title='bbox 2943 1713 3198 1768; x_wconf 87' lang='lat' dir='ltr'><strong>immanis</strong></span> <span class='ocrx_word' id='word_1_323' title='bbox 3229 1715 3488 1782; x_wconf 80' lang='lat' dir='ltr'><strong>exagitat,</strong></span> <span class='ocrx_word' id='word_1_324' title='bbox 3515 1719 3574 1769; x_wconf 88' lang='lat' dir='ltr'><strong>et</strong></span> 
     </span>
    </p>
   </div>
   <div class='ocr_carea' id='block_1_46' title="bbox 1979 1801 3572 1872">
    <p class='ocr_par' dir='ltr' id='par_1_46' title="bbox 1979 1801 3572 1872">
     <span class='ocr_line' id='line_1_46' title="bbox 1979 1801 3572 1872; baseline 0.003 -16"><span class='ocrx_word' id='word_1_325' title='bbox 1979 1803 2034 1856; x_wconf 88' lang='lat' dir='ltr'><strong>in</strong></span> <span class='ocrx_word' id='word_1_326' title='bbox 2069 1801 2272 1858; x_wconf 80' lang='lat' dir='ltr'><strong>caedem</strong></span> <span class='ocrx_word' id='word_1_327' title='bbox 2299 1803 2558 1872; x_wconf 79' lang='lat' dir='ltr'><strong>martyris</strong></span> <span class='ocrx_word' id='word_1_328' title='bbox 2585 1802 2724 1858; x_wconf 85' lang='lat' dir='ltr'><strong>iram</strong></span> <span class='ocrx_word' id='word_1_329' title='bbox 2749 1803 3076 1870; x_wconf 85' lang='lat' dir='ltr'><strong>admovens,</strong></span> <span class='ocrx_word' id='word_1_330' title='bbox 3111 1805 3253 1860; x_wconf 90' lang='lat' dir='ltr'><strong>inter</strong></span> <span class='ocrx_word' id='word_1_331' title='bbox 3281 1813 3572 1872; x_wconf 83' lang='lat' dir='ltr'><strong>utrumque</strong></span> 
     </span>
    </p>
   </div>
   <div class='ocr_carea' id='block_1_47' title="bbox 1905 1879 3574 1966">
    <p class='ocr_par' dir='ltr' id='par_1_47' title="bbox 1905 1879 3574 1966">
     <span class='ocr_line' id='line_1_47' title="bbox 1905 1879 3574 1966; baseline 0.002 -18"><span class='ocrx_word' id='word_1_332' title='bbox 1905 1879 1954 1940; x_wconf 85' lang='grc' dir='ltr'><strong>Β</strong></span> <span class='ocrx_word' id='word_1_333' title='bbox 1981 1893 2270 1950; x_wconf 87' lang='lat' dir='ltr'><strong>satellitem</strong></span> <span class='ocrx_word' id='word_1_334' title='bbox 2309 1893 2664 1966; x_wconf 82' lang='lat' dir='ltr'><strong>apprehensis</strong></span> <span class='ocrx_word' id='word_1_335' title='bbox 2697 1895 2950 1950; x_wconf 86' lang='lat' dir='ltr'><strong>manibus</strong></span> <span class='ocrx_word' id='word_1_336' title='bbox 2975 1910 3096 1951; x_wconf 89' lang='lat' dir='ltr'><strong>eam</strong></span> <span class='ocrx_word' id='word_1_337' title='bbox 3123 1895 3344 1952; x_wconf 77' lang='lat' dir='ltr'><strong>extendi</strong></span> <span class='ocrx_word' id='word_1_338' title='bbox 3371 1911 3574 1966; x_wconf 65' lang='lat' dir='ltr'><strong>parce-</strong></span> 
     </span>
    </p>
   </div>
   <div class='ocr_carea' id='block_1_48' title="bbox 1979 1985 3574 2060">
    <p class='ocr_par' dir='ltr' id='par_1_48' title="bbox 1979 1985 3574 2060">
     <span class='ocr_line' id='line_1_48' title="bbox 1979 1985 3574 2060; baseline 0.003 -18"><span class='ocrx_word' id='word_1_339' title='bbox 1979 1987 2075 2058; x_wconf 88' lang='lat' dir='ltr'><strong>pit,</strong></span> <span class='ocrx_word' id='word_1_340' title='bbox 2109 1987 2336 2058; x_wconf 89' lang='lat' dir='ltr'><strong>diroque</strong></span> <span class='ocrx_word' id='word_1_341' title='bbox 2367 1985 2598 2044; x_wconf 79' lang='lat' dir='ltr'><strong>verbere</strong></span> <span class='ocrx_word' id='word_1_342' title='bbox 2623 1996 2788 2058; x_wconf 86' lang='lat' dir='ltr'><strong>caput</strong></span> <span class='ocrx_word' id='word_1_343' title='bbox 2823 1987 2944 2058; x_wconf 85' lang='lat' dir='ltr'><strong>ejus</strong></span> <span class='ocrx_word' id='word_1_344' title='bbox 2981 1989 3344 2060; x_wconf 89' lang='lat' dir='ltr'><strong>pertundens,</strong></span> <span class='ocrx_word' id='word_1_345' title='bbox 3385 1987 3574 2046; x_wconf 89' lang='lat' dir='ltr'><strong>tandiu</strong></span> 
     </span>
    </p>
   </div>
   <div class='ocr_carea' id='block_1_49' title="bbox 1979 2078 3574 2152">
    <p class='ocr_par' dir='ltr' id='par_1_49' title="bbox 1979 2078 3574 2152">
     <span class='ocr_line' id='line_1_49' title="bbox 1979 2078 3574 2152; baseline 0 -18"><span class='ocrx_word' id='word_1_346' title='bbox 1979 2079 2162 2152; x_wconf 83' lang='lat' dir='ltr'><strong>ﬂagris</strong></span> <span class='ocrx_word' id='word_1_347' title='bbox 2203 2079 2430 2146; x_wconf 88' lang='lat' dir='ltr'><strong>insistit,</strong></span> <span class='ocrx_word' id='word_1_348' title='bbox 2459 2093 2746 2148; x_wconf 88' lang='lat' dir='ltr'><strong>quousque</strong></span> <span class='ocrx_word' id='word_1_349' title='bbox 2775 2078 2958 2135; x_wconf 89' lang='lat' dir='ltr'><strong>decisa</strong></span> <span class='ocrx_word' id='word_1_350' title='bbox 2995 2095 3118 2136; x_wconf 90' lang='lat' dir='ltr'><strong>cum</strong></span> <span class='ocrx_word' id='word_1_351' title='bbox 3155 2079 3382 2136; x_wconf 66' lang='lat' dir='ltr'><strong>ctesarie</strong></span> <span class='ocrx_word' id='word_1_352' title='bbox 3413 2087 3536 2136; x_wconf 91' lang='lat' dir='ltr'><strong>cute</strong></span> <span class='ocrx_word' id='word_1_353' title='bbox 3557 2119 3574 2146; x_wconf 92' lang='lat'><strong>,</strong></span> 
     </span>
    </p>
   </div>
   <div class='ocr_carea' id='block_1_50' title="bbox 1979 2171 3576 2244">
    <p class='ocr_par' dir='ltr' id='par_1_50' title="bbox 1979 2171 3576 2244">
     <span class='ocr_line' id='line_1_50' title="bbox 1979 2171 3576 2244; baseline 0.001 -18"><span class='ocrx_word' id='word_1_354' title='bbox 1979 2187 2040 2228; x_wconf 91' lang='lat' dir='ltr'><strong>os</strong></span> <span class='ocrx_word' id='word_1_355' title='bbox 2093 2172 2318 2228; x_wconf 85' lang='lat' dir='ltr'><strong>verticis</strong></span> <span class='ocrx_word' id='word_1_356' title='bbox 2369 2171 2573 2228; x_wconf 88' lang='lat' dir='ltr'><strong>nudum</strong></span> <span class='ocrx_word' id='word_1_357' title='bbox 2617 2179 2850 2244; x_wconf 87' lang='lat' dir='ltr'><strong>pateret.</strong></span> <span class='ocrx_word' id='word_1_358' title='bbox 2908 2173 3175 2228; x_wconf 87' lang='lat' dir='ltr'><strong>Perdurat</strong></span> <span class='ocrx_word' id='word_1_359' title='bbox 3223 2173 3576 2228; x_wconf 84' lang='lat' dir='ltr'><strong>nihilominus</strong></span> 
     </span>
    </p>
   </div>
   <div class='ocr_carea' id='block_1_51' title="bbox 1986 2263 3578 2336">
    <p class='ocr_par' dir='ltr' id='par_1_51' title="bbox 1986 2263 3578 2336">
     <span class='ocr_line' id='line_1_51' title="bbox 1986 2263 3578 2336; baseline -0.001 -16"><span class='ocrx_word' id='word_1_360' title='bbox 1986 2265 2304 2320; x_wconf 81' lang='lat' dir='ltr'><strong>adolescens</strong></span> <span class='ocrx_word' id='word_1_361' title='bbox 2329 2275 2540 2336; x_wconf 87' lang='lat' dir='ltr'><strong>martyr</strong></span> <span class='ocrx_word' id='word_1_362' title='bbox 2559 2273 2618 2318; x_wconf 89' lang='lat' dir='ltr'><strong>et</strong></span> <span class='ocrx_word' id='word_1_363' title='bbox 2647 2263 2800 2335; x_wconf 88' lang='lat' dir='ltr'><strong>virgo</strong></span> <span class='ocrx_word' id='word_1_364' title='bbox 2829 2265 2882 2320; x_wconf 92' lang='lat' dir='ltr'><strong>in</strong></span> <span class='ocrx_word' id='word_1_365' title='bbox 2911 2279 3008 2318; x_wconf 90' lang='lat' dir='ltr'><strong>sua</strong></span> <span class='ocrx_word' id='word_1_366' title='bbox 3037 2263 3400 2320; x_wconf 82' lang='lat' dir='ltr'><strong>confessione.</strong></span> <span class='ocrx_word' id='word_1_367' title='bbox 3425 2263 3578 2318; x_wconf 82' lang='lat' dir='ltr'><strong>Tunc</strong></span> 
     </span>
    </p>
   </div>
   <div class='ocr_carea' id='block_1_52' title="bbox 1974 2353 3576 2426">
    <p class='ocr_par' dir='ltr' id='par_1_52' title="bbox 1974 2353 3576 2426">
     <span class='ocr_line' id='line_1_52' title="bbox 1974 2353 3576 2426; baseline -0.001 -16"><span class='ocrx_word' id='word_1_368' title='bbox 1974 2355 2142 2426; x_wconf 82' lang='lat' dir='ltr'><strong>judex</strong></span> <span class='ocrx_word' id='word_1_369' title='bbox 2165 2354 2484 2412; x_wconf 88' lang='lat' dir='ltr'><strong>semivivam</strong></span> <span class='ocrx_word' id='word_1_370' title='bbox 2507 2361 2564 2410; x_wconf 91' lang='lat' dir='ltr'><strong>et</strong></span> <span class='ocrx_word' id='word_1_371' title='bbox 2589 2369 2730 2424; x_wconf 90' lang='lat' dir='ltr'><strong>pene</strong></span> <span class='ocrx_word' id='word_1_372' title='bbox 2753 2355 3058 2410; x_wconf 74' lang='lat' dir='ltr'><strong>exanimem</strong></span> <span class='ocrx_word' id='word_1_373' title='bbox 3081 2355 3246 2426; x_wconf 90' lang='lat' dir='ltr'><strong>impio</strong></span> <span class='ocrx_word' id='word_1_374' title='bbox 3275 2353 3432 2410; x_wconf 89' lang='lat' dir='ltr'><strong>fratri</strong></span> <span class='ocrx_word' id='word_1_375' title='bbox 3453 2367 3576 2408; x_wconf 90' lang='lat' dir='ltr'><strong>eam</strong></span> 
     </span>
    </p>
   </div>
   <div class='ocr_carea' id='block_1_53' title="bbox 1981 2445 3622 2518">
    <p class='ocr_par' dir='ltr' id='par_1_53' title="bbox 1981 2445 3622 2518">
     <span class='ocr_line' id='line_1_53' title="bbox 1981 2445 3622 2518; baseline -0.001 -16"><span class='ocrx_word' id='word_1_376' title='bbox 1981 2447 2254 2518; x_wconf 87' lang='lat' dir='ltr'><strong>delegans,</strong></span> <span class='ocrx_word' id='word_1_377' title='bbox 2293 2447 2568 2512; x_wconf 87' lang='lat' dir='ltr'><strong>admonet,</strong></span> <span class='ocrx_word' id='word_1_378' title='bbox 2595 2457 2654 2500; x_wconf 94' lang='lat' dir='ltr'><strong>ut</strong></span> <span class='ocrx_word' id='word_1_379' title='bbox 2675 2445 2892 2503; x_wconf 87' lang='lat' dir='ltr'><strong>confota</strong></span> <span class='ocrx_word' id='word_1_380' title='bbox 2921 2447 3306 2512; x_wconf 88' lang='lat' dir='ltr'><strong>medicamine,</strong></span> <span class='ocrx_word' id='word_1_381' title='bbox 3333 2455 3388 2502; x_wconf 90' lang='lat' dir='ltr'><strong>ct</strong></span> <span class='ocrx_word' id='word_1_382' title='bbox 3409 2445 3576 2502; x_wconf 84' lang='lat' dir='ltr'><strong>verbo</strong></span> <span class='ocrx_word' id='word_1_383' title='bbox 3619 2483 3622 2486; x_wconf 87' lang='lat'><strong><em>-</em></strong></span> 
     </span>
    </p>
   </div>
   <div class='ocr_carea' id='block_1_54' title="bbox 1979 2537 3576 2610">
    <p class='ocr_par' dir='ltr' id='par_1_54' title="bbox 1979 2537 3576 2610">
     <span class='ocr_line' id='line_1_54' title="bbox 1979 2537 3576 2610; baseline 0 -18"><span class='ocrx_word' id='word_1_384' title='bbox 1979 2539 2114 2610; x_wconf 84' lang='lat' dir='ltr'><strong>legis</strong></span> <span class='ocrx_word' id='word_1_385' title='bbox 2169 2539 2432 2594; x_wconf 90' lang='lat' dir='ltr'><strong>instructa</strong></span> <span class='ocrx_word' id='word_1_386' title='bbox 2493 2537 2594 2592; x_wconf 87' lang='lat' dir='ltr'><strong>sibi</strong></span> <span class='ocrx_word' id='word_1_387' title='bbox 2631 2539 2881 2604; x_wconf 88' lang='lat' dir='ltr'><strong>demum,</strong></span> <span class='ocrx_word' id='word_1_388' title='bbox 2929 2537 3038 2596; x_wconf 86' lang='lat' dir='ltr'><strong>nisi</strong></span> <span class='ocrx_word' id='word_1_389' title='bbox 3095 2553 3152 2594; x_wconf 90' lang='lat' dir='ltr'><strong>se</strong></span> <span class='ocrx_word' id='word_1_390' title='bbox 3211 2537 3576 2600; x_wconf 87' lang='lat' dir='ltr'><strong>converterit,</strong></span> 
     </span>
    </p>
   </div>
   <div class='ocr_carea' id='block_1_55' title="bbox 1982 2629 2834 2700">
    <p class='ocr_par' dir='ltr' id='par_1_55' title="bbox 1982 2629 2834 2700">
     <span class='ocr_line' id='line_1_55' title="bbox 1982 2629 2834 2700; baseline 0 -16"><span class='ocrx_word' id='word_1_391' title='bbox 1982 2639 2250 2700; x_wconf 61' lang='lat' dir='ltr'><strong>praesente</strong></span> <span class='ocrx_word' id='word_1_392' title='bbox 2257 2641 2362 2686; x_wconf 91' lang='lat' dir='ltr'><strong>tur.</strong></span> <span class='ocrx_word' id='word_1_393' title='bbox 2831 2629 2834 2632; x_wconf 85' lang='grc'><em>’</em></span> 
     </span>
    </p>
   </div>
   <div class='ocr_carea' id='block_1_56' title="bbox 1983 2757 3576 2832">
    <p class='ocr_par' dir='ltr' id='par_1_56' title="bbox 1983 2757 3576 2832">
     <span class='ocr_line' id='line_1_56' title="bbox 1983 2757 3576 2832; baseline -0.001 -18"><span class='ocrx_word' id='word_1_394' title='bbox 1983 2757 2285 2816; x_wconf 78' lang='lat' dir='ltr'><strong>Includitur</strong></span> <span class='ocrx_word' id='word_1_395' title='bbox 2313 2761 2456 2816; x_wconf 84' lang='lat' dir='ltr'><strong>domi</strong></span> <span class='ocrx_word' id='word_1_396' title='bbox 2502 2777 2534 2814; x_wconf 89' lang='lat' dir='ltr'><strong>a</strong></span> <span class='ocrx_word' id='word_1_397' title='bbox 2567 2762 2732 2832; x_wconf 79' lang='lat' dir='ltr'><strong>fratre</strong></span> <span class='ocrx_word' id='word_1_398' title='bbox 2759 2801 2773 2824; x_wconf 94' lang='lat'><strong>,</strong></span> <span class='ocrx_word' id='word_1_399' title='bbox 2823 2761 2914 2814; x_wconf 87' lang='lat' dir='ltr'><strong>sed</strong></span> <span class='ocrx_word' id='word_1_400' title='bbox 2960 2759 3168 2832; x_wconf 78' lang='lat' dir='ltr'><strong>aufugit</strong></span> <span class='ocrx_word' id='word_1_401' title='bbox 3224 2765 3270 2814; x_wconf 84' lang='lat' dir='ltr'><strong>et</strong></span> <span class='ocrx_word' id='word_1_402' title='bbox 3321 2759 3576 2814; x_wconf 76' lang='lat' dir='ltr'><strong>delitescit</strong></span> 
     </span>
    </p>
   </div>
   <div class='ocr_carea' id='block_1_57' title="bbox 2373 2831 3180 2902">
    <p class='ocr_par' dir='ltr' id='par_1_57' title="bbox 2373 2831 3180 2902">
     <span class='ocr_line' id='line_1_57' title="bbox 2373 2831 3180 2902; baseline -0.002 -16"><span class='ocrx_word' id='word_1_403' title='bbox 2373 2849 2536 2902; x_wconf 86' lang='lat' dir='ltr'><strong>usque</strong></span> <span class='ocrx_word' id='word_1_404' title='bbox 2575 2831 2644 2886; x_wconf 88' lang='lat' dir='ltr'><strong>ad</strong></span> <span class='ocrx_word' id='word_1_405' title='bbox 2681 2841 2884 2902; x_wconf 81' lang='lat' dir='ltr'><strong>tempus</strong></span> <span class='ocrx_word' id='word_1_406' title='bbox 2915 2831 3180 2902; x_wconf 83' lang='lat' dir='ltr'><strong>martyrii.</strong></span> 
     </span>
    </p>
   </div>
   <div class='ocr_carea' id='block_1_58' title="bbox 2055 2963 3576 3026">
    <p class='ocr_par' dir='ltr' id='par_1_58' title="bbox 2055 2963 3576 3026">
     <span class='ocr_line' id='line_1_58' title="bbox 2055 2963 3576 3026; baseline -0.006 -2"><span class='ocrx_word' id='word_1_407' title='bbox 2055 2969 2108 3026; x_wconf 87' lang='lat'><strong>8.</strong></span> <span class='ocrx_word' id='word_1_408' title='bbox 2135 2967 2460 3024; x_wconf 86' lang='lat' dir='ltr'><strong>Perductam</strong></span> <span class='ocrx_word' id='word_1_409' title='bbox 2485 2965 2678 3022; x_wconf 90' lang='lat' dir='ltr'><strong>deinde</strong></span> <span class='ocrx_word' id='word_1_410' title='bbox 2705 2965 2754 3020; x_wconf 91' lang='lat' dir='ltr'><strong>in</strong></span> <span class='ocrx_word' id='word_1_411' title='bbox 2791 2965 3010 3020; x_wconf 90' lang='lat' dir='ltr'><strong>domum</strong></span> <span class='ocrx_word' id='word_1_412' title='bbox 3041 2979 3194 3020; x_wconf 91' lang='lat' dir='ltr'><strong>suam</strong></span> <span class='ocrx_word' id='word_1_413' title='bbox 3227 2963 3428 3022; x_wconf 87' lang='lat' dir='ltr'><strong>Christi</strong></span> <span class='ocrx_word' id='word_1_414' title='bbox 3461 2965 3576 3018; x_wconf 76' lang='lat' dir='ltr'><strong>vir-</strong></span> 
     </span>
    </p>
   </div>
   <div class='ocr_carea' id='block_1_59' title="bbox 1985 3053 3578 3132">
    <p class='ocr_par' dir='ltr' id='par_1_59' title="bbox 1985 3053 3578 3132">
     <span class='ocr_line' id='line_1_59' title="bbox 1985 3053 3578 3132; baseline -0.004 -16"><span class='ocrx_word' id='word_1_415' title='bbox 1985 3061 2164 3132; x_wconf 82' lang='lat' dir='ltr'><strong>ginem</strong></span> <span class='ocrx_word' id='word_1_416' title='bbox 2203 3059 2408 3124; x_wconf 90' lang='lat' dir='ltr'><strong>hostis,</strong></span> <span class='ocrx_word' id='word_1_417' title='bbox 2461 3073 2566 3112; x_wconf 91' lang='lat' dir='ltr'><strong>non</strong></span> <span class='ocrx_word' id='word_1_418' title='bbox 2619 3055 2806 3122; x_wconf 90' lang='lat' dir='ltr'><strong>frater,</strong></span> <span class='ocrx_word' id='word_1_419' title='bbox 2861 3055 2950 3112; x_wconf 89' lang='lat' dir='ltr'><strong>ille</strong></span> <span class='ocrx_word' id='word_1_420' title='bbox 2991 3056 3212 3128; x_wconf 88' lang='lat' dir='ltr'><strong>iniquus</strong></span> <span class='ocrx_word' id='word_1_421' title='bbox 3266 3053 3578 3112; x_wconf 87' lang='lat' dir='ltr'><strong>domesticis</strong></span> 
     </span>
    </p>
   </div>
   <div class='ocr_carea' id='block_1_60' title="bbox 1985 3147 3580 3208">
    <p class='ocr_par' dir='ltr' id='par_1_60' title="bbox 1985 3147 3580 3208">
     <span class='ocr_line' id='line_1_60' title="bbox 1985 3147 3580 3208; baseline -0.006 0"><span class='ocrx_word' id='word_1_422' title='bbox 1985 3167 2102 3208; x_wconf 89' lang='lat' dir='ltr'><strong>cam</strong></span> <span class='ocrx_word' id='word_1_423' title='bbox 2135 3151 2350 3206; x_wconf 88' lang='lat' dir='ltr'><strong>feminis</strong></span> <span class='ocrx_word' id='word_1_424' title='bbox 2369 3147 2778 3208; x_wconf 89' lang='lat' dir='ltr'><strong>demulccndam</strong></span> <span class='ocrx_word' id='word_1_425' title='bbox 2799 3147 3038 3204; x_wconf 92' lang='lat' dir='ltr'><strong>fomento</strong></span> <span class='ocrx_word' id='word_1_426' title='bbox 3067 3155 3120 3204; x_wconf 91' lang='lat' dir='ltr'><strong>et</strong></span> <span class='ocrx_word' id='word_1_427' title='bbox 3143 3149 3307 3204; x_wconf 89' lang='lat' dir='ltr'><strong>verbo</strong></span> <span class='ocrx_word' id='word_1_428' title='bbox 3330 3147 3580 3202; x_wconf 89' lang='lat' dir='ltr'><strong>commit-</strong></span> 
     </span>
    </p>
   </div>
   <div class='ocr_carea' id='block_1_61' title="bbox 295 3239 3579 3320">
    <p class='ocr_par' dir='ltr' id='par_1_61' title="bbox 295 3239 3579 3320">
     <span class='ocr_line' id='line_1_61' title="bbox 295 3239 3579 3320; baseline 0 -26"><span class='ocrx_word' id='word_1_429' title='bbox 295 3241 556 3296; x_wconf 87' lang='lat' dir='ltr'><strong>divinitus</strong></span> <span class='ocrx_word' id='word_1_430' title='bbox 589 3241 758 3298; x_wconf 86' lang='lat' dir='ltr'><strong>fuisse</strong></span> <span class='ocrx_word' id='word_1_431' title='bbox 783 3244 1034 3310; x_wconf 86' lang='lat' dir='ltr'><strong>eiectam,</strong></span> <span class='ocrx_word' id='word_1_432' title='bbox 1059 3245 1274 3314; x_wconf 89' lang='lat' dir='ltr'><strong>publico</strong></span> <span class='ocrx_word' id='word_1_433' title='bbox 1307 3261 1556 3315; x_wconf 85' lang='lat' dir='ltr'><strong>regressu</strong></span> <span class='ocrx_word' id='word_1_434' title='bbox 1583 3247 1636 3300; x_wconf 85' lang='lat' dir='ltr'><strong>in</strong></span> <span class='ocrx_word' id='word_1_435' title='bbox 1663 3247 1882 3301; x_wconf 89' lang='lat' dir='ltr'><strong>domum</strong></span> <span class='ocrx_word' id='word_1_436' title='bbox 1909 3245 1956 3308; x_wconf 83' lang='lat' dir='ltr'><strong>C</strong></span> <span class='ocrx_word' id='word_1_437' title='bbox 1989 3247 2074 3312; x_wconf 91' lang='lat' dir='ltr'><strong>tit,</strong></span> <span class='ocrx_word' id='word_1_438' title='bbox 2111 3245 2323 3320; x_wconf 78' lang='lat' dir='ltr'><strong>magnis</strong></span> <span class='ocrx_word' id='word_1_439' title='bbox 2353 3245 2688 3302; x_wconf 88' lang='lat' dir='ltr'><strong>solummodo</strong></span> <span class='ocrx_word' id='word_1_440' title='bbox 2737 3241 2981 3298; x_wconf 90' lang='lat' dir='ltr'><strong>trabibus</strong></span> <span class='ocrx_word' id='word_1_441' title='bbox 3029 3249 3350 3298; x_wconf 88' lang='lat' dir='ltr'><strong>catenarum</strong></span> <span class='ocrx_word' id='word_1_442' title='bbox 3377 3241 3404 3280; x_wconf 72' lang='grc' dir='ltr'><strong>ι)</strong></span> <span class='ocrx_word' id='word_1_443' title='bbox 3437 3239 3579 3296; x_wconf 84' lang='lat' dir='ltr'><strong>feras</strong></span> 
     </span>
    </p>
   </div>
   <div class='ocr_carea' id='block_1_62' title="bbox 295 3331 1880 3404">
    <p class='ocr_par' dir='ltr' id='par_1_62' title="bbox 295 3331 1880 3404">
     <span class='ocr_line' id='line_1_62' title="bbox 295 3331 1880 3404; baseline 0.004 -20"><span class='ocrx_word' id='word_1_444' title='bbox 295 3339 578 3386; x_wconf 78' lang='lat' dir='ltr'><strong>revertens</strong></span> <span class='ocrx_word' id='word_1_445' title='bbox 607 3331 682 3388; x_wconf 89' lang='lat' dir='ltr'><strong>ait</strong></span> <span class='ocrx_word' id='word_1_446' title='bbox 707 3349 718 3384; x_wconf 92' lang='lat'><strong>:</strong></span> <span class='ocrx_word' id='word_1_447' title='bbox 751 3351 770 3384; x_wconf 73' lang='grc' dir='ltr'><strong>ε</strong></span> <span class='ocrx_word' id='word_1_448' title='bbox 805 3331 886 3386; x_wconf 83' lang='grc' dir='ltr'><strong>Εη</strong></span> <span class='ocrx_word' id='word_1_449' title='bbox 905 3347 1031 3404; x_wconf 83' lang='lat' dir='ltr'><strong>ego,</strong></span> <span class='ocrx_word' id='word_1_450' title='bbox 1061 3349 1226 3404; x_wconf 85' lang='lat' dir='ltr'><strong>quam</strong></span> <span class='ocrx_word' id='word_1_451' title='bbox 1257 3347 1282 3374; x_wconf 74' lang='grc' dir='ltr'><strong>ει</strong></span> <span class='ocrx_word' id='word_1_452' title='bbox 1317 3335 1578 3403; x_wconf 70' lang='lat' dir='ltr'><strong>qumritis,</strong></span> <span class='ocrx_word' id='word_1_453' title='bbox 1609 3335 1798 3390; x_wconf 89' lang='lat' dir='ltr'><strong>adsum</strong></span> <span class='ocrx_word' id='word_1_454' title='bbox 1825 3335 1880 3390; x_wconf 92' lang='lat' dir='ltr'><strong>in</strong></span> 
     </span>
    </p>
   </div>
   <div class='ocr_carea' id='block_1_63' title="bbox 295 3423 1882 3496">
    <p class='ocr_par' dir='ltr' id='par_1_63' title="bbox 295 3423 1882 3496">
     <span class='ocr_line' id='line_1_63' title="bbox 295 3423 1882 3496; baseline 0.003 -20"><span class='ocrx_word' id='word_1_455' title='bbox 295 3423 478 3480; x_wconf 88' lang='lat' dir='ltr'><strong>medio</strong></span> <span class='ocrx_word' id='word_1_456' title='bbox 497 3427 684 3488; x_wconf 88' lang='lat' dir='ltr'><strong>vestri,</strong></span> <span class='ocrx_word' id='word_1_457' title='bbox 715 3441 814 3496; x_wconf 91' lang='lat' dir='ltr'><strong>pro</strong></span> <span class='ocrx_word' id='word_1_458' title='bbox 839 3441 944 3495; x_wconf 83' lang='lat' dir='ltr'><strong>qua</strong></span> <span class='ocrx_word' id='word_1_459' title='bbox 975 3425 1072 3480; x_wconf 90' lang='lat' dir='ltr'><strong>Dei</strong></span> <span class='ocrx_word' id='word_1_460' title='bbox 1097 3433 1302 3482; x_wconf 90' lang='lat' dir='ltr'><strong>sortem</strong></span> <span class='ocrx_word' id='word_1_461' title='bbox 1333 3427 1676 3484; x_wconf 88' lang='lat' dir='ltr'><strong>insectamiui</strong></span> <span class='ocrx_word' id='word_1_462' title='bbox 1701 3445 1713 3482; x_wconf 93' lang='lat'>:</span> <span class='ocrx_word' id='word_1_463' title='bbox 1748 3429 1882 3483; x_wconf 90' lang='lat' dir='ltr'><strong>assi-</strong></span> 
     </span>
    </p>
   </div>
   <div class='ocr_carea' id='block_1_64' title="bbox 295 3517 1883 3592">
    <p class='ocr_par' dir='ltr' id='par_1_64' title="bbox 295 3517 1883 3592">
     <span class='ocr_line' id='line_1_64' title="bbox 295 3517 1883 3592; baseline 0.001 -20"><span class='ocrx_word' id='word_1_464' title='bbox 295 3525 384 3572; x_wconf 90' lang='lat' dir='ltr'><strong>sto</strong></span> <span class='ocrx_word' id='word_1_465' title='bbox 409 3517 710 3588; x_wconf 89' lang='lat' dir='ltr'><strong>intrepida,</strong></span> <span class='ocrx_word' id='word_1_466' title='bbox 741 3517 960 3574; x_wconf 86' lang='lat' dir='ltr'><strong>Christo</strong></span> <span class='ocrx_word' id='word_1_467' title='bbox 985 3519 1236 3587; x_wconf 89' lang='lat' dir='ltr'><strong>credula,</strong></span> <span class='ocrx_word' id='word_1_468' title='bbox 1279 3519 1526 3592; x_wconf 83' lang='lat' dir='ltr'><strong>religioni</strong></span> <span class='ocrx_word' id='word_1_469' title='bbox 1561 3519 1750 3577; x_wconf 85' lang='lat' dir='ltr'><strong>favens</strong></span> <span class='ocrx_word' id='word_1_470' title='bbox 1792 3535 1883 3575; x_wconf 85' lang='lat' dir='ltr'><strong>ca-</strong></span> 
     </span>
    </p>
   </div>
   <div class='ocr_carea' id='block_1_65' title="bbox 295 3611 1882 3684">
    <p class='ocr_par' dir='ltr' id='par_1_65' title="bbox 295 3611 1882 3684">
     <span class='ocr_line' id='line_1_65' title="bbox 295 3611 1882 3684; baseline 0.001 -19"><span class='ocrx_word' id='word_1_471' title='bbox 295 3611 546 3677; x_wconf 63' lang='lat' dir='ltr'><strong>tholicas,</strong></span> <span class='ocrx_word' id='word_1_472' title='bbox 597 3611 852 3682; x_wconf 79' lang='lat' dir='ltr'><strong>stigmata</strong></span> <span class='ocrx_word' id='word_1_473' title='bbox 896 3613 1074 3668; x_wconf 91' lang='lat' dir='ltr'><strong>crucis</strong></span> <span class='ocrx_word' id='word_1_474' title='bbox 1104 3627 1328 3684; x_wconf 86' lang='lat' dir='ltr'><strong>gerens,</strong></span> <span class='ocrx_word' id='word_1_475' title='bbox 1364 3623 1420 3667; x_wconf 85' lang='lat' dir='ltr'><strong>et</strong></span> <span class='ocrx_word' id='word_1_476' title='bbox 1467 3611 1710 3666; x_wconf 89' lang='lat' dir='ltr'><strong>omnium</strong></span> <span class='ocrx_word' id='word_1_477' title='bbox 1761 3627 1882 3683; x_wconf 71' lang='lat' dir='ltr'><strong>qua:</strong></span> 
     </span>
    </p>
   </div>
   <div class='ocr_carea' id='block_1_66' title="bbox 295 3703 1882 3774">
    <p class='ocr_par' dir='ltr' id='par_1_66' title="bbox 295 3703 1882 3774">
     <span class='ocr_line' id='line_1_66' title="bbox 295 3703 1882 3774; baseline 0.001 -16"><span class='ocrx_word' id='word_1_478' title='bbox 295 3703 504 3758; x_wconf 89' lang='lat' dir='ltr'><strong>cultum</strong></span> <span class='ocrx_word' id='word_1_479' title='bbox 556 3703 776 3774; x_wconf 88' lang='lat' dir='ltr'><strong>pietatis</strong></span> <span class='ocrx_word' id='word_1_480' title='bbox 807 3703 1086 3760; x_wconf 90' lang='lat' dir='ltr'><strong>insinuant</strong></span> <span class='ocrx_word' id='word_1_481' title='bbox 1127 3703 1446 3760; x_wconf 83' lang='lat' dir='ltr'><strong>ail&#39;ectatrix.</strong></span> <span class='ocrx_word' id='word_1_482' title='bbox 1479 3703 1590 3759; x_wconf 76' lang='lat' dir='ltr'><strong>Vos</strong></span> <span class='ocrx_word' id='word_1_483' title='bbox 1619 3705 1798 3771; x_wconf 90' lang='lat' dir='ltr'><strong>modo,</strong></span> <span class='ocrx_word' id='word_1_484' title='bbox 1835 3705 1882 3760; x_wconf 92' lang='lat' dir='ltr'><strong>si</strong></span> 
     </span>
    </p>
   </div>
   <div class='ocr_carea' id='block_1_67' title="bbox 293 3795 1882 3870">
    <p class='ocr_par' dir='ltr' id='par_1_67' title="bbox 293 3795 1882 3870">
     <span class='ocr_line' id='line_1_67' title="bbox 293 3795 1882 3870; baseline 0.001 -18"><span class='ocrx_word' id='word_1_485' title='bbox 293 3795 544 3866; x_wconf 87' lang='lat' dir='ltr'><strong>potestis,</strong></span> <span class='ocrx_word' id='word_1_486' title='bbox 575 3795 716 3852; x_wconf 83' lang='lat' dir='ltr'><strong>hanc</strong></span> <span class='ocrx_word' id='word_1_487' title='bbox 741 3803 996 3852; x_wconf 78' lang='lat' dir='ltr'><strong>enervata</strong></span> <span class='ocrx_word' id='word_1_488' title='bbox 1029 3796 1422 3854; x_wconf 88' lang='lat' dir='ltr'><strong>confessionem</strong></span> <span class='ocrx_word' id='word_1_489' title='bbox 1451 3817 1464 3852; x_wconf 90' lang='lat'><strong>:</strong></span> <span class='ocrx_word' id='word_1_490' title='bbox 1493 3799 1720 3870; x_wconf 87' lang='lat' dir='ltr'><strong>satagite</strong></span> <span class='ocrx_word' id='word_1_491' title='bbox 1753 3813 1882 3853; x_wconf 88' lang='lat' dir='ltr'><strong>cru-</strong></span> 
     </span>
    </p>
   </div>
   <div class='ocr_carea' id='block_1_68' title="bbox 295 3885 1882 3962">
    <p class='ocr_par' dir='ltr' id='par_1_68' title="bbox 295 3885 1882 3962">
     <span class='ocr_line' id='line_1_68' title="bbox 295 3885 1882 3962; baseline 0.004 -22"><span class='ocrx_word' id='word_1_492' title='bbox 295 3885 594 3942; x_wconf 87' lang='lat' dir='ltr'><strong>delioribus</strong></span> <span class='ocrx_word' id='word_1_493' title='bbox 619 3889 902 3944; x_wconf 88' lang='lat' dir='ltr'><strong>tormentis</strong></span> <span class='ocrx_word' id='word_1_494' title='bbox 925 3889 1090 3944; x_wconf 88' lang='lat' dir='ltr'><strong>ﬁdem</strong></span> <span class='ocrx_word' id='word_1_495' title='bbox 1121 3905 1296 3946; x_wconf 88' lang='lat' dir='ltr'><strong>meam</strong></span> <span class='ocrx_word' id='word_1_496' title='bbox 1337 3893 1608 3956; x_wconf 85' lang='lat' dir='ltr'><strong>evincere,</strong></span> <span class='ocrx_word' id='word_1_497' title='bbox 1637 3901 1692 3946; x_wconf 91' lang='lat' dir='ltr'><strong>et</strong></span> <span class='ocrx_word' id='word_1_498' title='bbox 1714 3887 1882 3962; x_wconf 87' lang='lat' dir='ltr'><strong>(quod</strong></span> 
     </span>
    </p>
   </div>
   <div class='ocr_carea' id='block_1_69' title="bbox 295 3977 1882 4052">
    <p class='ocr_par' dir='ltr' id='par_1_69' title="bbox 295 3977 1882 4052">
     <span class='ocr_line' id='line_1_69' title="bbox 295 3977 1882 4052; baseline 0.003 -20"><span class='ocrx_word' id='word_1_499' title='bbox 295 3977 416 4032; x_wconf 82' lang='lat' dir='ltr'><strong>fieri</strong></span> <span class='ocrx_word' id='word_1_500' title='bbox 447 3979 668 4034; x_wconf 85' lang='lat' dir='ltr'><strong>omnino</strong></span> <span class='ocrx_word' id='word_1_501' title='bbox 696 3979 902 4051; x_wconf 87' lang='lat' dir='ltr'><strong>dubito)</strong></span> <span class='ocrx_word' id='word_1_502' title='bbox 940 3997 970 4034; x_wconf 86' lang='lat' dir='ltr'><strong>a</strong></span> <span class='ocrx_word' id='word_1_503' title='bbox 1011 3981 1228 4037; x_wconf 85' lang='lat' dir='ltr'><strong>Christo</strong></span> <span class='ocrx_word' id='word_1_504' title='bbox 1259 3997 1346 4036; x_wconf 91' lang='lat' dir='ltr'><strong>me</strong></span> <span class='ocrx_word' id='word_1_505' title='bbox 1383 3985 1624 4052; x_wconf 85' lang='lat' dir='ltr'><strong>separari</strong></span> <span class='ocrx_word' id='word_1_506' title='bbox 1661 3991 1882 4036; x_wconf 89' lang='lat' dir='ltr'><strong>conten-</strong></span> 
     </span>
    </p>
   </div>
   <div class='ocr_carea' id='block_1_70' title="bbox 293 4071 1880 4144">
    <p class='ocr_par' dir='ltr' id='par_1_70' title="bbox 293 4071 1880 4144">
     <span class='ocr_line' id='line_1_70' title="bbox 293 4071 1880 4144; baseline 0.002 -20"><span class='ocrx_word' id='word_1_507' title='bbox 293 4071 440 4126; x_wconf 89' lang='lat' dir='ltr'><strong>dite:</strong></span> <span class='ocrx_word' id='word_1_508' title='bbox 461 4087 558 4140; x_wconf 89' lang='lat' dir='ltr'><strong>pro</strong></span> <span class='ocrx_word' id='word_1_509' title='bbox 583 4071 736 4140; x_wconf 86' lang='lat' dir='ltr'><strong>cujus</strong></span> <span class='ocrx_word' id='word_1_510' title='bbox 759 4087 944 4128; x_wconf 89' lang='lat' dir='ltr'><strong>amore</strong></span> <span class='ocrx_word' id='word_1_511' title='bbox 972 4073 1230 4143; x_wconf 89' lang='lat' dir='ltr'><strong>quidquid</strong></span> <span class='ocrx_word' id='word_1_512' title='bbox 1259 4075 1326 4128; x_wconf 89' lang='lat' dir='ltr'><strong>ad</strong></span> <span class='ocrx_word' id='word_1_513' title='bbox 1355 4073 1672 4144; x_wconf 87' lang='lat' dir='ltr'><strong>supplicium</strong></span> <span class='ocrx_word' id='word_1_514' title='bbox 1703 4087 1880 4128; x_wconf 87' lang='lat' dir='ltr'><strong>meum</strong></span> 
     </span>
    </p>
   </div>
   <div class='ocr_carea' id='block_1_71' title="bbox 297 4163 1884 4236">
    <p class='ocr_par' dir='ltr' id='par_1_71' title="bbox 297 4163 1884 4236">
     <span class='ocr_line' id='line_1_71' title="bbox 297 4163 1884 4236; baseline 0.001 -19"><span class='ocrx_word' id='word_1_515' title='bbox 297 4177 476 4217; x_wconf 69' lang='lat' dir='ltr'><strong>saevus</strong></span> <span class='ocrx_word' id='word_1_516' title='bbox 497 4163 808 4232; x_wconf 85' lang='lat' dir='ltr'><strong>imploderit</strong></span> <span class='ocrx_word' id='word_1_517' title='bbox 833 4165 1058 4230; x_wconf 87' lang='lat' dir='ltr'><strong>arbiter,</strong></span> <span class='ocrx_word' id='word_1_518' title='bbox 1092 4163 1414 4236; x_wconf 87' lang='lat' dir='ltr'><strong>gratissimis</strong></span> <span class='ocrx_word' id='word_1_519' title='bbox 1443 4165 1654 4220; x_wconf 86' lang='lat' dir='ltr'><strong>decrevi</strong></span> <span class='ocrx_word' id='word_1_520' title='bbox 1689 4165 1884 4220; x_wconf 88' lang='lat' dir='ltr'><strong>animis</strong></span> 
     </span>
    </p>
   </div>
   <div class='ocr_carea' id='block_1_72' title="bbox 297 4255 1884 4328">
    <p class='ocr_par' dir='ltr' id='par_1_72' title="bbox 297 4255 1884 4328">
     <span class='ocr_line' id='line_1_72' title="bbox 297 4255 1884 4328; baseline -0.001 -16"><span class='ocrx_word' id='word_1_521' title='bbox 297 4265 640 4328; x_wconf 85' lang='lat' dir='ltr'><strong>supportare.</strong></span> <span class='ocrx_word' id='word_1_522' title='bbox 669 4255 863 4322; x_wconf 90' lang='lat' dir='ltr'><strong>Credo,</strong></span> <span class='ocrx_word' id='word_1_523' title='bbox 897 4257 1198 4326; x_wconf 88' lang='lat' dir='ltr'><strong>probabitis</strong></span> <span class='ocrx_word' id='word_1_524' title='bbox 1239 4273 1324 4312; x_wconf 88' lang='lat' dir='ltr'><strong>me</strong></span> <span class='ocrx_word' id='word_1_525' title='bbox 1367 4259 1506 4312; x_wconf 86' lang='lat' dir='ltr'><strong>inter</strong></span> <span class='ocrx_word' id='word_1_526' title='bbox 1541 4271 1731 4328; x_wconf 88' lang='lat' dir='ltr'><strong>poenas</strong></span> <span class='ocrx_word' id='word_1_527' title='bbox 1769 4257 1884 4310; x_wconf 88' lang='lat' dir='ltr'><strong>for-</strong></span> 
     </span>
    </p>
   </div>
   <div class='ocr_carea' id='block_1_73' title="bbox 299 4339 1880 4420">
    <p class='ocr_par' dir='ltr' id='par_1_73' title="bbox 299 4339 1880 4420">
     <span class='ocr_line' id='line_1_73' title="bbox 299 4339 1880 4420; baseline 0.001 -19"><span class='ocrx_word' id='word_1_528' title='bbox 299 4339 426 4402; x_wconf 75' lang='lat' dir='ltr'><strong>titiri</strong></span> <span class='ocrx_word' id='word_1_529' title='bbox 453 4349 772 4418; x_wconf 81' lang='lat' dir='ltr'><strong>pertinacia,</strong></span> <span class='ocrx_word' id='word_1_530' title='bbox 797 4363 962 4418; x_wconf 88' lang='lat' dir='ltr'><strong>quam</strong></span> <span class='ocrx_word' id='word_1_531' title='bbox 987 4363 1130 4404; x_wconf 89' lang='lat' dir='ltr'><strong>nunc</strong></span> <span class='ocrx_word' id='word_1_532' title='bbox 1168 4349 1222 4404; x_wconf 90' lang='lat' dir='ltr'><strong>in</strong></span> <span class='ocrx_word' id='word_1_533' title='bbox 1259 4349 1434 4420; x_wconf 88' lang='lat' dir='ltr'><strong>prima</strong></span> <span class='ocrx_word' id='word_1_534' title='bbox 1461 4347 1844 4418; x_wconf 87' lang='lat' dir='ltr'><strong>congressione</strong></span> <span class='ocrx_word' id='word_1_535' title='bbox 1865 4389 1880 4416; x_wconf 91' lang='lat'><strong>,</strong></span> 
     </span>
    </p>
   </div>
   <div class='ocr_carea' id='block_1_74' title="bbox 297 4439 1142 4496">
    <p class='ocr_par' dir='ltr' id='par_1_74' title="bbox 297 4439 1142 4496">
     <span class='ocr_line' id='line_1_74' title="bbox 297 4439 1142 4496; baseline -0.002 -1"><span class='ocrx_word' id='word_1_536' title='bbox 297 4439 576 4495; x_wconf 84' lang='lat' dir='ltr'><strong>Christum</strong></span> <span class='ocrx_word' id='word_1_537' title='bbox 605 4440 790 4496; x_wconf 81' lang='lat' dir='ltr'><strong>Jesum</strong></span> <span class='ocrx_word' id='word_1_538' title='bbox 815 4441 1086 4496; x_wconf 84' lang='lat' dir='ltr'><strong>confiteri.</strong></span> <span class='ocrx_word' id='word_1_539' title='bbox 1125 4461 1142 4493; x_wconf 77' lang='grc' dir='ltr'><strong><em>ι</em></strong></span> 
     </span>
    </p>
   </div>
   <div class='ocr_carea' id='block_1_75' title="bbox 295 4573 1882 4648">
    <p class='ocr_par' dir='ltr' id='par_1_75' title="bbox 295 4573 1882 4648">
     <span class='ocr_line' id='line_1_75' title="bbox 295 4573 1882 4648; baseline 0 -18"><span class='ocrx_word' id='word_1_540' title='bbox 295 4575 344 4630; x_wconf 80' lang='grc' dir='ltr'><em>Α</em></span> <span class='ocrx_word' id='word_1_541' title='bbox 371 4575 536 4648; x_wconf 70' lang='lat' dir='ltr'><strong>[ratre</strong></span> <span class='ocrx_word' id='word_1_542' title='bbox 581 4585 870 4648; x_wconf 71' lang='lat' dir='ltr'><strong>torquetur,</strong></span> <span class='ocrx_word' id='word_1_543' title='bbox 915 4587 960 4630; x_wconf 90' lang='lat' dir='ltr'><strong>et</strong></span> <span class='ocrx_word' id='word_1_544' title='bbox 1001 4587 1282 4648; x_wconf 74' lang='lat' dir='ltr'><strong>accusatur</strong></span> <span class='ocrx_word' id='word_1_545' title='bbox 1323 4587 1374 4630; x_wconf 90' lang='lat' dir='ltr'><strong>ut</strong></span> <span class='ocrx_word' id='word_1_546' title='bbox 1419 4573 1752 4648; x_wconf 76' lang='lat' dir='ltr'><strong>Christiana,</strong></span> <span class='ocrx_word' id='word_1_547' title='bbox 1791 4577 1882 4632; x_wconf 85' lang='lat' dir='ltr'><strong>sed</strong></span> 
     </span>
    </p>
   </div>
   <div class='ocr_carea' id='block_1_76' title="bbox 371 4645 1884 4718">
    <p class='ocr_par' dir='ltr' id='par_1_76' title="bbox 371 4645 1884 4718">
     <span class='ocr_line' id='line_1_76' title="bbox 371 4645 1884 4718; baseline 0 -18"><span class='ocrx_word' id='word_1_548' title='bbox 371 4645 578 4718; x_wconf 72' lang='lat' dir='ltr'><strong>fortiter</strong></span> <span class='ocrx_word' id='word_1_549' title='bbox 599 4645 868 4702; x_wconf 76' lang='lat' dir='ltr'><strong>Christum</strong></span> <span class='ocrx_word' id='word_1_550' title='bbox 909 4647 1580 4718; x_wconf 82' lang='lat' dir='ltr'><strong>conﬁtetur:quamobrem</strong></span> <span class='ocrx_word' id='word_1_551' title='bbox 1619 4647 1730 4701; x_wconf 87' lang='lat' dir='ltr'><strong>dire</strong></span> <span class='ocrx_word' id='word_1_552' title='bbox 1768 4665 1884 4702; x_wconf 82' lang='lat' dir='ltr'><strong>ver-</strong></span> 
     </span>
    </p>
   </div>
   <div class='ocr_carea' id='block_1_77' title="bbox 373 4719 604 4770">
    <p class='ocr_par' dir='ltr' id='par_1_77' title="bbox 373 4719 604 4770">
     <span class='ocr_line' id='line_1_77' title="bbox 373 4719 604 4770; baseline 0 0"><span class='ocrx_word' id='word_1_553' title='bbox 373 4719 604 4770; x_wconf 83' lang='lat' dir='ltr'><strong>beratur.</strong></span> 
     </span>
    </p>
   </div>
   <div class='ocr_carea' id='block_1_78' title="bbox 375 4831 1882 4906">
    <p class='ocr_par' dir='ltr' id='par_1_78' title="bbox 375 4831 1882 4906">
     <span class='ocr_line' id='line_1_78' title="bbox 375 4831 1882 4906; baseline 0.003 -20"><span class='ocrx_word' id='word_1_554' title='bbox 375 4833 424 4886; x_wconf 89' lang='lat'><strong>7.</strong></span> <span class='ocrx_word' id='word_1_555' title='bbox 457 4831 648 4888; x_wconf 86' lang='lat' dir='ltr'><strong>Frater</strong></span> <span class='ocrx_word' id='word_1_556' title='bbox 674 4843 854 4888; x_wconf 87' lang='lat' dir='ltr'><strong>autem</strong></span> <span class='ocrx_word' id='word_1_557' title='bbox 882 4833 998 4902; x_wconf 88' lang='lat' dir='ltr'><strong>ejus</strong></span> <span class='ocrx_word' id='word_1_558' title='bbox 1031 4833 1118 4888; x_wconf 90' lang='lat' dir='ltr'><strong>ille</strong></span> <span class='ocrx_word' id='word_1_559' title='bbox 1149 4849 1437 4906; x_wconf 85' lang='lat' dir='ltr'><strong>perversus</strong></span> <span class='ocrx_word' id='word_1_560' title='bbox 1475 4837 1589 4890; x_wconf 76' lang='lat' dir='ltr'><strong>haec</strong></span> <span class='ocrx_word' id='word_1_561' title='bbox 1624 4836 1846 4890; x_wconf 89' lang='lat' dir='ltr'><strong>audiens</strong></span> <span class='ocrx_word' id='word_1_562' title='bbox 1867 4877 1882 4902; x_wconf 93' lang='lat'><strong>,</strong></span> 
     </span>
    </p>
   </div>
   <div class='ocr_carea' id='block_1_79' title="bbox 299 4921 1886 4992">
    <p class='ocr_par' dir='ltr' id='par_1_79' title="bbox 299 4921 1886 4992">
     <span class='ocr_line' id='line_1_79' title="bbox 299 4921 1886 4992; baseline -0.001 -12"><span class='ocrx_word' id='word_1_563' title='bbox 299 4921 540 4980; x_wconf 63' lang='lat' dir='ltr'><strong>caedibus</strong></span> <span class='ocrx_word' id='word_1_564' title='bbox 565 4941 628 4980; x_wconf 84' lang='lat' dir='ltr'><strong>ac</strong></span> <span class='ocrx_word' id='word_1_565' title='bbox 657 4927 818 4980; x_wconf 85' lang='lat' dir='ltr'><strong>minis</strong></span> <span class='ocrx_word' id='word_1_566' title='bbox 845 4927 1138 4992; x_wconf 83' lang='lat' dir='ltr'><strong>interdum,</strong></span> <span class='ocrx_word' id='word_1_567' title='bbox 1171 4935 1226 4980; x_wconf 89' lang='lat' dir='ltr'><strong>et</strong></span> <span class='ocrx_word' id='word_1_568' title='bbox 1253 4926 1466 4982; x_wconf 88' lang='lat' dir='ltr'><strong>blandis</strong></span> <span class='ocrx_word' id='word_1_569' title='bbox 1507 4943 1628 4980; x_wconf 90' lang='lat' dir='ltr'><strong>eam</strong></span> <span class='ocrx_word' id='word_1_570' title='bbox 1675 4927 1886 4981; x_wconf 83' lang='lat' dir='ltr'><strong>niteba-</strong></span> 
     </span>
    </p>
   </div>
   <div class='ocr_carea' id='block_1_80' title="bbox 299 5015 1886 5084">
    <p class='ocr_par' dir='ltr' id='par_1_80' title="bbox 299 5015 1886 5084">
     <span class='ocr_line' id='line_1_80' title="bbox 299 5015 1886 5084; baseline -0.001 -12"><span class='ocrx_word' id='word_1_571' title='bbox 299 5027 390 5072; x_wconf 90' lang='lat' dir='ltr'><strong>tur</strong></span> <span class='ocrx_word' id='word_1_572' title='bbox 435 5033 690 5074; x_wconf 87' lang='lat' dir='ltr'><strong>revocare</strong></span> <span class='ocrx_word' id='word_1_573' title='bbox 719 5020 1078 5076; x_wconf 88' lang='lat' dir='ltr'><strong>sermonibus.</strong></span> <span class='ocrx_word' id='word_1_574' title='bbox 1117 5017 1224 5074; x_wconf 87' lang='lat' dir='ltr'><strong>Sed</strong></span> <span class='ocrx_word' id='word_1_575' title='bbox 1264 5035 1386 5074; x_wconf 89' lang='lat' dir='ltr'><strong>cum</strong></span> <span class='ocrx_word' id='word_1_576' title='bbox 1433 5027 1712 5084; x_wconf 88' lang='lat' dir='ltr'><strong>cerneret,</strong></span> <span class='ocrx_word' id='word_1_577' title='bbox 1753 5015 1886 5074; x_wconf 90' lang='lat' dir='ltr'><strong>nihil</strong></span> 
     </span>
    </p>
   </div>
   <div class='ocr_carea' id='block_1_81' title="bbox 299 5113 1885 5186">
    <p class='ocr_par' dir='ltr' id='par_1_81' title="bbox 299 5113 1885 5186">
     <span class='ocr_line' id='line_1_81' title="bbox 299 5113 1885 5186; baseline 0.001 -20"><span class='ocrx_word' id='word_1_578' title='bbox 299 5121 554 5167; x_wconf 91' lang='lat' dir='ltr'><strong>conatum</strong></span> <span class='ocrx_word' id='word_1_579' title='bbox 604 5129 762 5168; x_wconf 87' lang='lat' dir='ltr'><strong>suum</strong></span> <span class='ocrx_word' id='word_1_580' title='bbox 807 5113 1072 5186; x_wconf 85' lang='lat' dir='ltr'><strong>proiicere</strong></span> <span class='ocrx_word' id='word_1_581' title='bbox 1095 5155 1110 5180; x_wconf 93' lang='lat'><strong>,</strong></span> <span class='ocrx_word' id='word_1_582' title='bbox 1138 5113 1381 5184; x_wconf 90' lang='lat' dir='ltr'><strong>quiuimo</strong></span> <span class='ocrx_word' id='word_1_583' title='bbox 1407 5129 1466 5170; x_wconf 90' lang='lat' dir='ltr'><strong>se</strong></span> <span class='ocrx_word' id='word_1_584' title='bbox 1504 5127 1702 5184; x_wconf 84' lang='lat' dir='ltr'><strong>quasso</strong></span> <span class='ocrx_word' id='word_1_585' title='bbox 1741 5113 1885 5184; x_wconf 84' lang='lat' dir='ltr'><strong>aspi-</strong></span> 
     </span>
    </p>
   </div>
   <div class='ocr_carea' id='block_1_82' title="bbox 297 5201 1888 5276">
    <p class='ocr_par' dir='ltr' id='par_1_82' title="bbox 297 5201 1888 5276">
     <span class='ocr_line' id='line_1_82' title="bbox 297 5201 1888 5276; baseline -0.001 -17"><span class='ocrx_word' id='word_1_586' title='bbox 297 5203 454 5259; x_wconf 89' lang='lat' dir='ltr'><strong>ciens</strong></span> <span class='ocrx_word' id='word_1_587' title='bbox 481 5201 664 5260; x_wconf 89' lang='lat' dir='ltr'><strong>labore</strong></span> <span class='ocrx_word' id='word_1_588' title='bbox 689 5205 954 5270; x_wconf 87' lang='lat' dir='ltr'><strong>consumi,</strong></span> <span class='ocrx_word' id='word_1_589' title='bbox 989 5205 1054 5260; x_wconf 89' lang='lat' dir='ltr'><strong>ad</strong></span> <span class='ocrx_word' id='word_1_590' title='bbox 1075 5206 1312 5276; x_wconf 89' lang='lat' dir='ltr'><strong>judicem</strong></span> <span class='ocrx_word' id='word_1_591' title='bbox 1341 5221 1462 5260; x_wconf 86' lang='lat' dir='ltr'><strong>eam</strong></span> <span class='ocrx_word' id='word_1_592' title='bbox 1489 5205 1773 5276; x_wconf 84' lang='lat' dir='ltr'><strong>pertrahit,</strong></span> <span class='ocrx_word' id='word_1_593' title='bbox 1809 5205 1888 5260; x_wconf 89' lang='lat' dir='ltr'><strong>di-</strong></span> 
     </span>
    </p>
   </div>
   <div class='ocr_carea' id='block_1_83' title="bbox 299 5297 1888 5368">
    <p class='ocr_par' dir='ltr' id='par_1_83' title="bbox 299 5297 1888 5368">
     <span class='ocr_line' id='line_1_83' title="bbox 299 5297 1888 5368; baseline 0 -16"><span class='ocrx_word' id='word_1_594' title='bbox 299 5312 434 5352; x_wconf 89' lang='lat' dir='ltr'><strong>cens</strong></span> <span class='ocrx_word' id='word_1_595' title='bbox 461 5315 474 5350; x_wconf 90' lang='lat'><strong>:</strong></span> <span class='ocrx_word' id='word_1_596' title='bbox 507 5315 526 5348; x_wconf 76' lang='grc' dir='ltr'>ι</span> <span class='ocrx_word' id='word_1_597' title='bbox 563 5297 712 5352; x_wconf 84' lang='lat' dir='ltr'><strong>Hanc</strong></span> <span class='ocrx_word' id='word_1_598' title='bbox 733 5297 862 5352; x_wconf 85' lang='lat' dir='ltr'><strong>mihi</strong></span> <span class='ocrx_word' id='word_1_599' title='bbox 888 5313 1151 5365; x_wconf 86' lang='lat' dir='ltr'><strong>sororem,</strong></span> <span class='ocrx_word' id='word_1_600' title='bbox 1187 5315 1219 5354; x_wconf 87' lang='grc' dir='ltr'>ο</span> <span class='ocrx_word' id='word_1_601' title='bbox 1239 5297 1424 5366; x_wconf 81' lang='lat' dir='ltr'><strong>judex,</strong></span> <span class='ocrx_word' id='word_1_602' title='bbox 1451 5297 1670 5354; x_wconf 86' lang='lat' dir='ltr'><strong>ultimus</strong></span> <span class='ocrx_word' id='word_1_603' title='bbox 1701 5305 1888 5368; x_wconf 87' lang='lat' dir='ltr'><strong>partus</strong></span> 
     </span>
    </p>
   </div>
   <div class='ocr_carea' id='block_1_84' title="bbox 301 5389 1886 5464">
    <p class='ocr_par' dir='ltr' id='par_1_84' title="bbox 301 5389 1886 5464">
     <span class='ocr_line' id='line_1_84' title="bbox 301 5389 1886 5464; baseline 0.001 -20"><span class='ocrx_word' id='word_1_604' title='bbox 301 5390 496 5446; x_wconf 90' lang='lat' dir='ltr'><strong>matris</strong></span> <span class='ocrx_word' id='word_1_605' title='bbox 519 5389 706 5462; x_wconf 86' lang='lat' dir='ltr'><strong>ejecit,</strong></span> <span class='ocrx_word' id='word_1_606' title='bbox 737 5405 856 5462; x_wconf 78' lang='lat' dir='ltr'><strong>quae</strong></span> <span class='ocrx_word' id='word_1_607' title='bbox 901 5389 1060 5446; x_wconf 87' lang='lat' dir='ltr'><strong>simul</strong></span> <span class='ocrx_word' id='word_1_608' title='bbox 1102 5405 1312 5446; x_wconf 88' lang='lat' dir='ltr'><strong>mecum</strong></span> <span class='ocrx_word' id='word_1_609' title='bbox 1360 5391 1712 5448; x_wconf 70' lang='lat' dir='ltr'><strong>etcremonias</strong></span> <span class='ocrx_word' id='word_1_610' title='bbox 1753 5389 1886 5464; x_wconf 82' lang='lat' dir='ltr'><strong>legis</strong></span> 
     </span>
    </p>
   </div>
   <div class='ocr_carea' id='block_1_85' title="bbox 377 5563 1880 5638">
    <p class='ocr_par' dir='ltr' id='par_1_85' title="bbox 377 5563 1880 5638">
     <span class='ocr_line' id='line_1_85' title="bbox 377 5563 1880 5638; baseline 0 -16"><span class='ocrx_word' id='word_1_611' title='bbox 377 5579 404 5607; x_wconf 68' lang='grc' dir='ltr'><em>ε</em></span> <span class='ocrx_word' id='word_1_612' title='bbox 441 5563 646 5638; x_wconf 82' lang='lat' dir='ltr'><strong>Virgilii</strong></span> <span class='ocrx_word' id='word_1_613' title='bbox 678 5575 760 5624; x_wconf 89' lang='lat' dir='ltr'><strong>est</strong></span> <span class='ocrx_word' id='word_1_614' title='bbox 803 5567 1236 5634; x_wconf 89' lang='lat' dir='ltr'><strong>hemistichium,</strong></span> <span class='ocrx_word' id='word_1_615' title='bbox 1271 5565 1412 5638; x_wconf 85' lang='lat' dir='ltr'><strong>quod</strong></span> <span class='ocrx_word' id='word_1_616' title='bbox 1449 5567 1628 5622; x_wconf 88' lang='lat' dir='ltr'><strong>sciens</strong></span> <span class='ocrx_word' id='word_1_617' title='bbox 1667 5567 1880 5622; x_wconf 83' lang='lat' dir='ltr'><strong>volens-</strong></span> 
     </span>
    </p>
   </div>
   <div class='ocr_carea' id='block_1_86' title="bbox 301 5637 1880 5764">
    <p class='ocr_par' dir='ltr' id='par_1_86' title="bbox 301 5637 1880 5764">
     <span class='ocr_line' id='line_1_86' title="bbox 301 5637 1880 5760; baseline 0.003 -72"><span class='ocrx_word' id='word_1_618' title='bbox 301 5651 410 5760; x_wconf 61' lang='lat' dir='ltr'><strong>qluc</strong></span> <span class='ocrx_word' id='word_1_619' title='bbox 469 5637 726 5708; x_wconf 81' lang='lat' dir='ltr'><strong>Eulogius</strong></span> <span class='ocrx_word' id='word_1_620' title='bbox 779 5641 922 5694; x_wconf 90' lang='lat' dir='ltr'><strong>sicut</strong></span> <span class='ocrx_word' id='word_1_621' title='bbox 991 5641 1094 5694; x_wconf 88' lang='lat' dir='ltr'><strong>alia</strong></span> <span class='ocrx_word' id='word_1_622' title='bbox 1163 5637 1472 5709; x_wconf 71' lang='lat' dir='ltr'><strong>huiusmodi</strong></span> <span class='ocrx_word' id='word_1_623' title='bbox 1553 5639 1880 5694; x_wconf 88' lang='lat' dir='ltr'><strong>interseruit.</strong></span> 
     </span>
     <span class='ocr_line' id='line_1_87' title="bbox 359 5725 516 5764; baseline 0 -2"><span class='ocrx_word' id='word_1_624' title='bbox 359 5725 516 5764; x_wconf 72' lang='lat' dir='ltr'><strong>ORAL.</strong></span> 
     </span>
    </p>
   </div>
   <div class='ocr_carea' id='block_1_87' title="bbox 395 5779 1880 5854">
    <p class='ocr_par' dir='ltr' id='par_1_87' title="bbox 395 5779 1880 5854">
     <span class='ocr_line' id='line_1_88' title="bbox 395 5779 1880 5854; baseline 0.001 -20"><span class='ocrx_word' id='word_1_625' title='bbox 395 5781 419 5816; x_wconf 84' lang='grc'><strong>¹·</strong></span> <span class='ocrx_word' id='word_1_626' title='bbox 471 5779 674 5836; x_wconf 88' lang='lat' dir='ltr'><strong>Catena</strong></span> <span class='ocrx_word' id='word_1_627' title='bbox 723 5781 1012 5852; x_wconf 89' lang='lat' dir='ltr'><strong>aliquando</strong></span> <span class='ocrx_word' id='word_1_628' title='bbox 1061 5783 1116 5838; x_wconf 88' lang='lat' dir='ltr'><strong>in</strong></span> <span class='ocrx_word' id='word_1_629' title='bbox 1162 5797 1356 5854; x_wconf 85' lang='lat' dir='ltr'><strong>usum_</strong></span> <span class='ocrx_word' id='word_1_630' title='bbox 1371 5783 1566 5850; x_wconf 86' lang='lat' dir='ltr'><strong>pessuli</strong></span> <span class='ocrx_word' id='word_1_631' title='bbox 1629 5783 1880 5838; x_wconf 82' lang='lat' dir='ltr'><strong>deservit.</strong></span> 
     </span>
    </p>
   </div>
   <div class='ocr_carea' id='block_1_88' title="bbox 307 5849 520 5912">
    <p class='ocr_par' dir='ltr' id='par_1_88' title="bbox 307 5849 520 5912">
     <span class='ocr_line' id='line_1_89' title="bbox 307 5849 520 5912; baseline 0 -4"><span class='ocrx_word' id='word_1_632' title='bbox 307 5849 520 5912; x_wconf 51' lang='lat' dir='ltr'><strong>diem.</strong></span> 
     </span>
    </p>
   </div>
   <div class='ocr_carea' id='block_1_89' title="bbox 1987 3333 3578 3404">
    <p class='ocr_par' dir='ltr' id='par_1_89' title="bbox 1987 3333 3578 3404">
     <span class='ocr_line' id='line_1_90' title="bbox 1987 3333 3578 3404; baseline -0.003 -12"><span class='ocrx_word' id='word_1_633' title='bbox 1987 3337 2284 3392; x_wconf 86' lang='lat' dir='ltr'><strong>mansionis</strong></span> <span class='ocrx_word' id='word_1_634' title='bbox 2327 3333 2644 3390; x_wconf 87' lang='lat' dir='ltr'><strong>obtrudens.</strong></span> <span class='ocrx_word' id='word_1_635' title='bbox 2691 3333 2830 3400; x_wconf 84' lang='lat' dir='ltr'><strong>Quia</strong></span> <span class='ocrx_word' id='word_1_636' title='bbox 2865 3333 3074 3404; x_wconf 81' lang='lat' dir='ltr'><strong>ingenti</strong></span> <span class='ocrx_word' id='word_1_637' title='bbox 3127 3333 3362 3390; x_wconf 84' lang='lat' dir='ltr'><strong>maceria</strong></span> <span class='ocrx_word' id='word_1_638' title='bbox 3409 3333 3578 3388; x_wconf 83' lang='lat' dir='ltr'><strong>totius</strong></span> 
     </span>
    </p>
   </div>
   <div class='ocr_carea' id='block_1_90' title="bbox 1985 3423 3581 3499">
    <p class='ocr_par' dir='ltr' id='par_1_90' title="bbox 1985 3423 3581 3499">
     <span class='ocr_line' id='line_1_91' title="bbox 1985 3423 3581 3499; baseline -0.003 -17"><span class='ocrx_word' id='word_1_639' title='bbox 1985 3427 2226 3499; x_wconf 70' lang='lat' dir='ltr'><strong>praedioli</strong></span> <span class='ocrx_word' id='word_1_640' title='bbox 2252 3427 2486 3484; x_wconf 88' lang='lat' dir='ltr'><strong>ambitus</strong></span> <span class='ocrx_word' id='word_1_641' title='bbox 2521 3427 2896 3498; x_wconf 70' lang='lat' dir='ltr'><strong>prmmunitus,</strong></span> <span class='ocrx_word' id='word_1_642' title='bbox 2931 3425 3156 3482; x_wconf 88' lang='lat' dir='ltr'><strong>omnino</strong></span> <span class='ocrx_word' id='word_1_643' title='bbox 3187 3425 3254 3480; x_wconf 89' lang='lat' dir='ltr'><strong>de</strong></span> <span class='ocrx_word' id='word_1_644' title='bbox 3281 3423 3426 3482; x_wconf 84' lang='lat' dir='ltr'><strong>nulla</strong></span> <span class='ocrx_word' id='word_1_645' title='bbox 3455 3439 3581 3480; x_wconf 85' lang='lat' dir='ltr'><strong>eva-</strong></span> 
     </span>
    </p>
   </div>
   <div class='ocr_carea' id='block_1_91' title="bbox 1986 3516 3578 3588">
    <p class='ocr_par' dir='ltr' id='par_1_91' title="bbox 1986 3516 3578 3588">
     <span class='ocr_line' id='line_1_92' title="bbox 1986 3516 3578 3588; baseline -0.001 -14"><span class='ocrx_word' id='word_1_646' title='bbox 1986 3519 2144 3574; x_wconf 87' lang='lat' dir='ltr'><strong>dendi</strong></span> <span class='ocrx_word' id='word_1_647' title='bbox 2169 3519 2530 3576; x_wconf 86' lang='lat' dir='ltr'><strong>sollicitudine</strong></span> <span class='ocrx_word' id='word_1_648' title='bbox 2551 3533 2881 3588; x_wconf 88' lang='lat' dir='ltr'><strong>quemquam</strong></span> <span class='ocrx_word' id='word_1_649' title='bbox 2911 3521 3196 3588; x_wconf 89' lang='lat' dir='ltr'><strong>arguebat.</strong></span> <span class='ocrx_word' id='word_1_650' title='bbox 3217 3516 3448 3588; x_wconf 87' lang='lat' dir='ltr'><strong>ideoque</strong></span> <span class='ocrx_word' id='word_1_651' title='bbox 3469 3517 3578 3572; x_wconf 81' lang='lat' dir='ltr'><strong>non</strong></span> 
     </span>
    </p>
   </div>
   <div class='ocr_carea' id='block_1_92' title="bbox 1987 3607 3578 3682">
    <p class='ocr_par' dir='ltr' id='par_1_92' title="bbox 1987 3607 3578 3682">
     <span class='ocr_line' id='line_1_93' title="bbox 1987 3607 3578 3682; baseline -0.002 -19"><span class='ocrx_word' id='word_1_652' title='bbox 1987 3621 2108 3682; x_wconf 87' lang='lat' dir='ltr'><strong>post</strong></span> <span class='ocrx_word' id='word_1_653' title='bbox 2151 3609 2348 3666; x_wconf 86' lang='lat' dir='ltr'><strong>multos</strong></span> <span class='ocrx_word' id='word_1_654' title='bbox 2397 3611 2512 3666; x_wconf 87' lang='lat' dir='ltr'><strong>dies</strong></span> <span class='ocrx_word' id='word_1_655' title='bbox 2553 3609 2868 3664; x_wconf 88' lang='lat' dir='ltr'><strong>vulneribus</strong></span> <span class='ocrx_word' id='word_1_656' title='bbox 2921 3609 3138 3680; x_wconf 85' lang='lat' dir='ltr'><strong>expiata</strong></span> <span class='ocrx_word' id='word_1_657' title='bbox 3187 3607 3345 3664; x_wconf 88' lang='lat' dir='ltr'><strong>fortis</strong></span> <span class='ocrx_word' id='word_1_658' title='bbox 3397 3607 3578 3674; x_wconf 88' lang='lat' dir='ltr'><strong>Flora,</strong></span> 
     </span>
    </p>
   </div>
   <div class='ocr_carea' id='block_1_93' title="bbox 1985 3701 3610 3776">
    <p class='ocr_par' dir='ltr' id='par_1_93' title="bbox 1985 3701 3610 3776">
     <span class='ocr_line' id='line_1_94' title="bbox 1985 3701 3610 3776; baseline -0.003 -16"><span class='ocrx_word' id='word_1_659' title='bbox 1985 3721 2108 3760; x_wconf 90' lang='lat' dir='ltr'><strong>cum</strong></span> <span class='ocrx_word' id='word_1_660' title='bbox 2139 3721 2196 3762; x_wconf 89' lang='lat' dir='ltr'><strong>se</strong></span> <span class='ocrx_word' id='word_1_661' title='bbox 2227 3707 2484 3776; x_wconf 87' lang='lat' dir='ltr'><strong>sospitem</strong></span> <span class='ocrx_word' id='word_1_662' title='bbox 2525 3719 2646 3760; x_wconf 89' lang='lat' dir='ltr'><strong>csse</strong></span> <span class='ocrx_word' id='word_1_663' title='bbox 2685 3703 2938 3766; x_wconf 89' lang='lat' dir='ltr'><strong>sentiret,</strong></span> <span class='ocrx_word' id='word_1_664' title='bbox 2987 3701 3222 3771; x_wconf 84' lang='lat' dir='ltr'><strong>quadam</strong></span> <span class='ocrx_word' id='word_1_665' title='bbox 3275 3709 3434 3754; x_wconf 89' lang='lat' dir='ltr'><strong>nocte</strong></span> <span class='ocrx_word' id='word_1_666' title='bbox 3479 3713 3610 3770; x_wconf 86' lang='lat' dir='ltr'><strong>per.</strong></span> 
     </span>
    </p>
   </div>
   <div class='ocr_carea' id='block_1_94' title="bbox 1986 3789 3578 3868">
    <p class='ocr_par' dir='ltr' id='par_1_94' title="bbox 1986 3789 3578 3868">
     <span class='ocr_line' id='line_1_95' title="bbox 1986 3789 3578 3868; baseline -0.001 -20"><span class='ocrx_word' id='word_1_667' title='bbox 1986 3795 2298 3868; x_wconf 84' lang='lat' dir='ltr'><strong>contiguum</strong></span> <span class='ocrx_word' id='word_1_668' title='bbox 2326 3793 2402 3864; x_wconf 72' lang='lat'><strong>(2)</strong></span> <span class='ocrx_word' id='word_1_669' title='bbox 2435 3793 2570 3848; x_wconf 89' lang='lat' dir='ltr'><strong>infra</strong></span> <span class='ocrx_word' id='word_1_670' title='bbox 2597 3801 2802 3848; x_wconf 89' lang='lat' dir='ltr'><strong>cortem</strong></span> <span class='ocrx_word' id='word_1_671' title='bbox 2831 3791 3016 3848; x_wconf 91' lang='lat' dir='ltr'><strong>domui</strong></span> <span class='ocrx_word' id='word_1_672' title='bbox 3039 3791 3250 3846; x_wconf 72' lang='lat' dir='ltr'><strong>inurens</strong></span> <span class='ocrx_word' id='word_1_673' title='bbox 3277 3789 3578 3862; x_wconf 89' lang='lat' dir='ltr'><strong>tugurium,</strong></span> 
     </span>
    </p>
   </div>
   <div class='ocr_carea' id='block_1_95' title="bbox 1985 3879 3581 3956">
    <p class='ocr_par' dir='ltr' id='par_1_95' title="bbox 1985 3879 3581 3956">
     <span class='ocr_line' id='line_1_96' title="bbox 1985 3879 3581 3956; baseline -0.005 -12"><span class='ocrx_word' id='word_1_674' title='bbox 1985 3887 2188 3944; x_wconf 80' lang='lat' dir='ltr'><strong>celsum</strong></span> <span class='ocrx_word' id='word_1_675' title='bbox 2219 3887 2482 3956; x_wconf 88' lang='lat' dir='ltr'><strong>parietem</strong></span> <span class='ocrx_word' id='word_1_676' title='bbox 2507 3885 2732 3954; x_wconf 80' lang='lat' dir='ltr'><strong>juvante</strong></span> <span class='ocrx_word' id='word_1_677' title='bbox 2761 3883 3006 3956; x_wconf 80' lang='lat' dir='ltr'><strong>Domino</strong></span> <span class='ocrx_word' id='word_1_678' title='bbox 3035 3879 3336 3953; x_wconf 71' lang='lat' dir='ltr'><strong>scandens,</strong></span> <span class='ocrx_word' id='word_1_679' title='bbox 3367 3881 3492 3936; x_wconf 89' lang='lat' dir='ltr'><strong>inde</strong></span> <span class='ocrx_word' id='word_1_680' title='bbox 3521 3895 3581 3938; x_wconf 87' lang='lat' dir='ltr'><strong>se</strong></span> 
     </span>
    </p>
   </div>
   <div class='ocr_carea' id='block_1_96' title="bbox 1985 3973 3582 4050">
    <p class='ocr_par' dir='ltr' id='par_1_96' title="bbox 1985 3973 3582 4050">
     <span class='ocr_line' id='line_1_97' title="bbox 1985 3973 3582 4050; baseline -0.003 -16"><span class='ocrx_word' id='word_1_681' title='bbox 1985 3981 2116 4038; x_wconf 90' lang='lat' dir='ltr'><strong>foris</strong></span> <span class='ocrx_word' id='word_1_682' title='bbox 2159 3979 2374 4050; x_wconf 85' lang='lat' dir='ltr'><strong>plateali</strong></span> <span class='ocrx_word' id='word_1_683' title='bbox 2401 3977 2516 4034; x_wconf 92' lang='lat' dir='ltr'><strong>solo</strong></span> <span class='ocrx_word' id='word_1_684' title='bbox 2543 3979 2788 4048; x_wconf 86' lang='lat' dir='ltr'><strong>projecit.</strong></span> <span class='ocrx_word' id='word_1_685' title='bbox 2821 3977 2952 4046; x_wconf 65' lang='lat' dir='ltr'><strong>Quae</strong></span> <span class='ocrx_word' id='word_1_686' title='bbox 2987 3975 3136 4030; x_wconf 88' lang='lat' dir='ltr'><strong>nullo</strong></span> <span class='ocrx_word' id='word_1_687' title='bbox 3175 3973 3452 4030; x_wconf 86' lang='lat' dir='ltr'><strong>stimulata</strong></span> <span class='ocrx_word' id='word_1_688' title='bbox 3484 3975 3582 4030; x_wconf 71' lang='lat' dir='ltr'><strong>do»</strong></span> 
     </span>
    </p>
   </div>
   <div class='ocr_carea' id='block_1_97' title="bbox 1985 4065 3576 4142">
    <p class='ocr_par' dir='ltr' id='par_1_97' title="bbox 1985 4065 3576 4142">
     <span class='ocr_line' id='line_1_98' title="bbox 1985 4065 3576 4142; baseline -0.003 -16"><span class='ocrx_word' id='word_1_689' title='bbox 1985 4073 2112 4132; x_wconf 90' lang='lat' dir='ltr'><strong>lore,</strong></span> <span class='ocrx_word' id='word_1_690' title='bbox 2144 4071 2310 4142; x_wconf 58' lang='lat' dir='ltr'><strong>coepit</strong></span> <span class='ocrx_word' id='word_1_691' title='bbox 2351 4085 2449 4140; x_wconf 90' lang='lat' dir='ltr'><strong>per</strong></span> <span class='ocrx_word' id='word_1_692' title='bbox 2475 4069 2728 4124; x_wconf 89' lang='lat' dir='ltr'><strong>tenebras</strong></span> <span class='ocrx_word' id='word_1_693' title='bbox 2759 4067 2952 4134; x_wconf 90' lang='lat' dir='ltr'><strong>noctis,</strong></span> <span class='ocrx_word' id='word_1_694' title='bbox 2995 4065 3240 4138; x_wconf 84' lang='lat' dir='ltr'><strong>angelico</strong></span> <span class='ocrx_word' id='word_1_695' title='bbox 3279 4067 3576 4122; x_wconf 85' lang='lat' dir='ltr'><strong>comitante</strong></span> 
     </span>
    </p>
   </div>
   <div class='ocr_carea' id='block_1_98' title="bbox 1977 4157 3580 4234">
    <p class='ocr_par' dir='ltr' id='par_1_98' title="bbox 1977 4157 3580 4234">
     <span class='ocr_line' id='line_1_99' title="bbox 1977 4157 3580 4234; baseline -0.003 -15"><span class='ocrx_word' id='word_1_696' title='bbox 1977 4165 2204 4232; x_wconf 85' lang='lat' dir='ltr'><strong>ducatu,</strong></span> <span class='ocrx_word' id='word_1_697' title='bbox 2221 4179 2328 4234; x_wconf 90' lang='lat' dir='ltr'><strong>quo</strong></span> <span class='ocrx_word' id='word_1_698' title='bbox 2353 4162 2610 4218; x_wconf 88' lang='lat' dir='ltr'><strong>Dominus</strong></span> <span class='ocrx_word' id='word_1_699' title='bbox 2639 4161 2800 4216; x_wconf 88' lang='lat' dir='ltr'><strong>vellet</strong></span> <span class='ocrx_word' id='word_1_700' title='bbox 2823 4159 3063 4230; x_wconf 88' lang='lat' dir='ltr'><strong>ingredi;</strong></span> <span class='ocrx_word' id='word_1_701' title='bbox 3091 4159 3278 4230; x_wconf 89' lang='lat' dir='ltr'><strong>sicque</strong></span> <span class='ocrx_word' id='word_1_702' title='bbox 3295 4157 3580 4229; x_wconf 86' lang='lat' dir='ltr'><strong>cujusdam</strong></span> 
     </span>
    </p>
   </div>
   <div class='ocr_carea' id='block_1_99' title="bbox 1985 4249 3580 4319">
    <p class='ocr_par' dir='ltr' id='par_1_99' title="bbox 1985 4249 3580 4319">
     <span class='ocr_line' id='line_1_100' title="bbox 1985 4249 3580 4319; baseline -0.006 -13"><span class='ocrx_word' id='word_1_703' title='bbox 1985 4253 2156 4308; x_wconf 85' lang='lat' dir='ltr'><strong>ﬁdelis</strong></span> <span class='ocrx_word' id='word_1_704' title='bbox 2185 4253 2326 4308; x_wconf 91' lang='lat' dir='ltr'><strong>inter</strong></span> <span class='ocrx_word' id='word_1_705' title='bbox 2352 4251 2484 4306; x_wconf 89' lang='lat' dir='ltr'><strong>illud</strong></span> <span class='ocrx_word' id='word_1_706' title='bbox 2511 4255 2678 4306; x_wconf 70' lang='lat' dir='ltr'><strong>cizaos</strong></span> <span class='ocrx_word' id='word_1_707' title='bbox 2699 4259 3024 4306; x_wconf 90' lang='lat' dir='ltr'><strong>nocturnum</strong></span> <span class='ocrx_word' id='word_1_708' title='bbox 3049 4249 3284 4319; x_wconf 89' lang='lat' dir='ltr'><strong>hospitio</strong></span> <span class='ocrx_word' id='word_1_709' title='bbox 3311 4255 3580 4310; x_wconf 86' lang='lat' dir='ltr'><strong>recreata,</strong></span> 
     </span>
    </p>
   </div>
   <div class='ocr_carea' id='block_1_100' title="bbox 1986 4339 3580 4412">
    <p class='ocr_par' dir='ltr' id='par_1_100' title="bbox 1986 4339 3580 4412">
     <span class='ocr_line' id='line_1_101' title="bbox 1986 4339 3580 4412; baseline -0.005 -14"><span class='ocrx_word' id='word_1_710' title='bbox 1986 4359 2108 4398; x_wconf 89' lang='lat' dir='ltr'><strong>cum</strong></span> <span class='ocrx_word' id='word_1_711' title='bbox 2141 4343 2454 4412; x_wconf 87' lang='lat' dir='ltr'><strong>aliquandiu</strong></span> <span class='ocrx_word' id='word_1_712' title='bbox 2493 4343 2694 4397; x_wconf 90' lang='lat' dir='ltr'><strong>ibidem</strong></span> <span class='ocrx_word' id='word_1_713' title='bbox 2736 4349 3128 4404; x_wconf 86' lang='lat' dir='ltr'><strong>commaneret,</strong></span> <span class='ocrx_word' id='word_1_714' title='bbox 3155 4339 3414 4408; x_wconf 87' lang='lat' dir='ltr'><strong>deinceps</strong></span> <span class='ocrx_word' id='word_1_715' title='bbox 3445 4351 3580 4406; x_wconf 70' lang='lat' dir='ltr'><strong>prae-</strong></span> 
     </span>
    </p>
   </div>
   <div class='ocr_carea' id='block_1_101' title="bbox 1988 4419 3583 4506">
    <p class='ocr_par' dir='ltr' id='par_1_101' title="bbox 1988 4419 3583 4506">
     <span class='ocr_line' id='line_1_102' title="bbox 1988 4419 3583 4506; baseline -0.008 -15"><span class='ocrx_word' id='word_1_716' title='bbox 1988 4437 2194 4491; x_wconf 86' lang='lat' dir='ltr'><strong>clarum</strong></span> <span class='ocrx_word' id='word_1_717' title='bbox 2227 4435 2304 4506; x_wconf 77' lang='lat'><strong>(5)</strong></span> <span class='ocrx_word' id='word_1_718' title='bbox 2339 4433 2650 4488; x_wconf 66' lang='lat' dir='ltr'><strong>Tuccitanm</strong></span> <span class='ocrx_word' id='word_1_719' title='bbox 2693 4431 2844 4488; x_wconf 91' lang='lat' dir='ltr'><strong>urbis</strong></span> <span class='ocrx_word' id='word_1_720' title='bbox 2875 4431 3108 4486; x_wconf 88' lang='lat' dir='ltr'><strong>viculum</strong></span> <span class='ocrx_word' id='word_1_721' title='bbox 3133 4441 3154 4468; x_wconf 76' lang='grc' dir='ltr'>ε</span> <span class='ocrx_word' id='word_1_722' title='bbox 3181 4419 3460 4486; x_wconf 70' lang='lat' dir='ltr'><strong>Ossaria&#39;m</strong></span> <span class='ocrx_word' id='word_1_723' title='bbox 3501 4427 3583 4480; x_wconf 90' lang='lat' dir='ltr'><strong>in-</strong></span> 
     </span>
    </p>
   </div>
   <div class='ocr_carea' id='block_1_102' title="bbox 1989 4517 3582 4594">
    <p class='ocr_par' dir='ltr' id='par_1_102' title="bbox 1989 4517 3582 4594">
     <span class='ocr_line' id='line_1_103' title="bbox 1989 4517 3582 4594; baseline -0.005 -14"><span class='ocrx_word' id='word_1_724' title='bbox 1989 4528 2124 4582; x_wconf 90' lang='lat' dir='ltr'><strong>tuitu</strong></span> <span class='ocrx_word' id='word_1_725' title='bbox 2149 4525 2350 4582; x_wconf 88' lang='lat' dir='ltr'><strong>latendi</strong></span> <span class='ocrx_word' id='word_1_726' title='bbox 2379 4533 2596 4594; x_wconf 89' lang='lat' dir='ltr'><strong>petens,</strong></span> <span class='ocrx_word' id='word_1_727' title='bbox 2629 4523 2704 4580; x_wconf 88' lang='lat' dir='ltr'><strong>ibi</strong></span> <span class='ocrx_word' id='word_1_728' title='bbox 2733 4537 2858 4580; x_wconf 90' lang='lat' dir='ltr'><strong>cum</strong></span> <span class='ocrx_word' id='word_1_729' title='bbox 2887 4521 2916 4564; x_wconf 72' lang='grc' dir='ltr'><strong>εἰ</strong></span> <span class='ocrx_word' id='word_1_730' title='bbox 2950 4537 3144 4578; x_wconf 88' lang='lat' dir='ltr'><strong>sorore</strong></span> <span class='ocrx_word' id='word_1_731' title='bbox 3171 4537 3268 4578; x_wconf 86' lang='lat' dir='ltr'><strong>sua</strong></span> <span class='ocrx_word' id='word_1_732' title='bbox 3297 4533 3470 4590; x_wconf 88' lang='lat' dir='ltr'><strong>usque</strong></span> <span class='ocrx_word' id='word_1_733' title='bbox 3511 4517 3582 4572; x_wconf 91' lang='lat' dir='ltr'><strong>ad</strong></span> 
     </span>
    </p>
   </div>
   <div class='ocr_carea' id='block_1_103' title="bbox 1913 4609 3582 4690">
    <p class='ocr_par' dir='ltr' id='par_1_103' title="bbox 1913 4609 3582 4690">
     <span class='ocr_line' id='line_1_104' title="bbox 1913 4609 3582 4690; baseline -0.004 -21"><span class='ocrx_word' id='word_1_734' title='bbox 1913 4609 1960 4669; x_wconf 93' lang='lat' dir='ltr'><strong>D</strong></span> <span class='ocrx_word' id='word_1_735' title='bbox 1987 4627 2222 4690; x_wconf 86' lang='lat' dir='ltr'><strong>tempus,</strong></span> <span class='ocrx_word' id='word_1_736' title='bbox 2267 4633 2374 4688; x_wconf 88' lang='lat' dir='ltr'><strong>quo</strong></span> <span class='ocrx_word' id='word_1_737' title='bbox 2411 4617 2732 4688; x_wconf 82' lang='lat' dir='ltr'><strong>martyrium</strong></span> <span class='ocrx_word' id='word_1_738' title='bbox 2777 4616 3198 4680; x_wconf 86' lang='lat' dir='ltr'><strong>consummavit,</strong></span> <span class='ocrx_word' id='word_1_739' title='bbox 3231 4613 3462 4670; x_wconf 79' lang='lat' dir='ltr'><strong>delituit.</strong></span> <span class='ocrx_word' id='word_1_740' title='bbox 3511 4609 3582 4664; x_wconf 83' lang='lat' dir='ltr'><strong>Et</strong></span> 
     </span>
    </p>
   </div>
   <div class='ocr_carea' id='block_1_104' title="bbox 1987 4701 3578 4782">
    <p class='ocr_par' dir='ltr' id='par_1_104' title="bbox 1987 4701 3578 4782">
     <span class='ocr_line' id='line_1_105' title="bbox 1987 4701 3578 4782; baseline -0.008 -16"><span class='ocrx_word' id='word_1_741' title='bbox 1987 4725 2110 4782; x_wconf 86' lang='lat' dir='ltr'><strong>ego,</strong></span> <span class='ocrx_word' id='word_1_742' title='bbox 2159 4723 2262 4779; x_wconf 87' lang='lat' dir='ltr'><strong>ego</strong></span> <span class='ocrx_word' id='word_1_743' title='bbox 2305 4709 2394 4762; x_wconf 91' lang='lat' dir='ltr'><strong>ille</strong></span> <span class='ocrx_word' id='word_1_744' title='bbox 2427 4717 2706 4778; x_wconf 85' lang='lat' dir='ltr'><strong>peccator,</strong></span> <span class='ocrx_word' id='word_1_745' title='bbox 2735 4723 2838 4778; x_wconf 89' lang='lat' dir='ltr'><strong>ego</strong></span> <span class='ocrx_word' id='word_1_746' title='bbox 2893 4707 3046 4762; x_wconf 88' lang='lat' dir='ltr'><strong>dives</strong></span> <span class='ocrx_word' id='word_1_747' title='bbox 3085 4705 3456 4774; x_wconf 83' lang='lat' dir='ltr'><strong>iniquitatem,</strong></span> <span class='ocrx_word' id='word_1_748' title='bbox 3487 4701 3578 4768; x_wconf 84' lang='lat' dir='ltr'><strong>qui</strong></span> 
     </span>
    </p>
   </div>
   <div class='ocr_carea' id='block_1_105' title="bbox 1991 4797 3576 4874">
    <p class='ocr_par' dir='ltr' id='par_1_105' title="bbox 1991 4797 3576 4874">
     <span class='ocr_line' id='line_1_106' title="bbox 1991 4797 3576 4874; baseline -0.008 -16"><span class='ocrx_word' id='word_1_749' title='bbox 1991 4821 2020 4858; x_wconf 89' lang='lat' dir='ltr'><strong>a</strong></span> <span class='ocrx_word' id='word_1_750' title='bbox 2049 4803 2318 4874; x_wconf 88' lang='lat' dir='ltr'><strong>principio</strong></span> <span class='ocrx_word' id='word_1_751' title='bbox 2349 4801 2596 4872; x_wconf 76' lang='lat' dir='ltr'><strong>martyrii</strong></span> <span class='ocrx_word' id='word_1_752' title='bbox 2645 4801 2730 4856; x_wconf 90' lang='lat' dir='ltr'><strong>sui</strong></span> <span class='ocrx_word' id='word_1_753' title='bbox 2777 4801 3014 4854; x_wconf 78' lang='lat' dir='ltr'><strong>amicitia</strong></span> <span class='ocrx_word' id='word_1_754' title='bbox 3043 4799 3160 4868; x_wconf 91' lang='lat' dir='ltr'><strong>ejus</strong></span> <span class='ocrx_word' id='word_1_755' title='bbox 3201 4797 3399 4851; x_wconf 88' lang='lat' dir='ltr'><strong>fruitus</strong></span> <span class='ocrx_word' id='word_1_756' title='bbox 3435 4807 3576 4856; x_wconf 86' lang='lat' dir='ltr'><strong>sum,</strong></span> 
     </span>
    </p>
   </div>
   <div class='ocr_carea' id='block_1_106' title="bbox 1991 4883 3578 4950">
    <p class='ocr_par' dir='ltr' id='par_1_106' title="bbox 1991 4883 3578 4950">
     <span class='ocr_line' id='line_1_107' title="bbox 1991 4883 3578 4950; baseline -0.008 0"><span class='ocrx_word' id='word_1_757' title='bbox 1991 4893 2314 4950; x_wconf 89' lang='lat' dir='ltr'><strong>combiuatis</strong></span> <span class='ocrx_word' id='word_1_758' title='bbox 2361 4893 2610 4947; x_wconf 89' lang='lat' dir='ltr'><strong>manibus</strong></span> <span class='ocrx_word' id='word_1_759' title='bbox 2661 4892 2796 4946; x_wconf 88' lang='lat' dir='ltr'><strong>meis</strong></span> <span class='ocrx_word' id='word_1_760' title='bbox 2839 4891 3124 4946; x_wconf 87' lang='lat' dir='ltr'><strong>cicatrices</strong></span> <span class='ocrx_word' id='word_1_761' title='bbox 3155 4883 3578 4943; x_wconf 88' lang='lat' dir='ltr'><strong>reverentissiml</strong></span> 
     </span>
    </p>
   </div>
   <div class='ocr_carea' id='block_1_107' title="bbox 1991 4973 3576 5046">
    <p class='ocr_par' dir='ltr' id='par_1_107' title="bbox 1991 4973 3576 5046">
     <span class='ocr_line' id='line_1_108' title="bbox 1991 4973 3576 5046; baseline -0.009 -3"><span class='ocrx_word' id='word_1_762' title='bbox 1991 4997 2047 5044; x_wconf 92' lang='lat' dir='ltr'><strong>et</strong></span> <span class='ocrx_word' id='word_1_763' title='bbox 2075 4985 2292 5042; x_wconf 88' lang='lat' dir='ltr'><strong>delicati</strong></span> <span class='ocrx_word' id='word_1_764' title='bbox 2331 4985 2474 5040; x_wconf 88' lang='lat' dir='ltr'><strong>illius</strong></span> <span class='ocrx_word' id='word_1_765' title='bbox 2504 4985 2726 5040; x_wconf 88' lang='lat' dir='ltr'><strong>verticis</strong></span> <span class='ocrx_word' id='word_1_766' title='bbox 2755 4983 3066 5046; x_wconf 85' lang='lat' dir='ltr'><strong>attrectavi,</strong></span> <span class='ocrx_word' id='word_1_767' title='bbox 3097 4995 3218 5036; x_wconf 89' lang='lat' dir='ltr'><strong>cum</strong></span> <span class='ocrx_word' id='word_1_768' title='bbox 3251 4977 3450 5032; x_wconf 87' lang='lat' dir='ltr'><strong>ictibus</strong></span> <span class='ocrx_word' id='word_1_769' title='bbox 3477 4973 3576 5030; x_wconf 74' lang='lat' dir='ltr'><strong>lla-</strong></span> 
     </span>
    </p>
   </div>
   <div class='ocr_carea' id='block_1_108' title="bbox 1993 5073 3216 5150">
    <p class='ocr_par' dir='ltr' id='par_1_108' title="bbox 1993 5073 3216 5150">
     <span class='ocr_line' id='line_1_109' title="bbox 1993 5073 3216 5150; baseline -0.008 -16"><span class='ocrx_word' id='word_1_770' title='bbox 1993 5079 2256 5150; x_wconf 88' lang='lat' dir='ltr'><strong>gcllorum</strong></span> <span class='ocrx_word' id='word_1_771' title='bbox 2291 5075 2570 5147; x_wconf 85' lang='lat' dir='ltr'><strong>virginalis</strong></span> <span class='ocrx_word' id='word_1_772' title='bbox 2603 5091 2758 5130; x_wconf 86' lang='lat' dir='ltr'><strong>coma</strong></span> <span class='ocrx_word' id='word_1_773' title='bbox 2791 5075 2974 5144; x_wconf 88' lang='lat' dir='ltr'><strong>elapsa</strong></span> <span class='ocrx_word' id='word_1_774' title='bbox 3007 5073 3216 5126; x_wconf 87' lang='lat' dir='ltr'><strong>fuisset.</strong></span> 
     </span>
    </p>
   </div>
   <div class='ocr_carea' id='block_1_109' title="bbox 1991 5201 3578 5282">
    <p class='ocr_par' dir='ltr' id='par_1_109' title="bbox 1991 5201 3578 5282">
     <span class='ocr_line' id='line_1_110' title="bbox 1991 5201 3578 5282; baseline -0.004 -16"><span class='ocrx_word' id='word_1_775' title='bbox 1991 5209 2188 5266; x_wconf 85' lang='lat' dir='ltr'><strong>Sancta</strong></span> <span class='ocrx_word' id='word_1_776' title='bbox 2216 5209 2392 5266; x_wconf 83' lang='lat' dir='ltr'><strong>Maria</strong></span> <span class='ocrx_word' id='word_1_777' title='bbox 2428 5207 2580 5282; x_wconf 86' lang='lat' dir='ltr'><strong>Virgo</strong></span> <span class='ocrx_word' id='word_1_778' title='bbox 2609 5221 2654 5282; x_wconf 87' lang='lat' dir='ltr'><strong>et</strong></span> <span class='ocrx_word' id='word_1_779' title='bbox 2686 5219 2917 5282; x_wconf 38' lang='lat' dir='ltr'><strong>martyr,</strong></span> <span class='ocrx_word' id='word_1_780' title='bbox 2937 5201 3188 5282; x_wconf 75' lang='lat' dir='ltr'><strong>Traditur</strong></span> <span class='ocrx_word' id='word_1_781' title='bbox 3209 5205 3482 5266; x_wconf 79' lang='lat' dir='ltr'><strong>educando</strong></span> <span class='ocrx_word' id='word_1_782' title='bbox 3523 5205 3578 5260; x_wconf 79' lang='lat' dir='ltr'><strong>in</strong></span> 
     </span>
    </p>
   </div>
   <div class='ocr_carea' id='block_1_110' title="bbox 2463 5279 3116 5334">
    <p class='ocr_par' dir='ltr' id='par_1_110' title="bbox 2463 5279 3116 5334">
     <span class='ocr_line' id='line_1_111' title="bbox 2463 5279 3116 5334; baseline -0.006 0"><span class='ocrx_word' id='word_1_783' title='bbox 2463 5279 2695 5334; x_wconf 73' lang='lat' dir='ltr'><strong>ccértobio</strong></span> <span class='ocrx_word' id='word_1_784' title='bbox 2739 5279 3116 5334; x_wconf 78' lang='lat' dir='ltr'><strong>Cuicclarcnsi.</strong></span> 
     </span>
    </p>
   </div>
   <div class='ocr_carea' id='block_1_111' title="bbox 2061 5387 3578 5468">
    <p class='ocr_par' dir='ltr' id='par_1_111' title="bbox 2061 5387 3578 5468">
     <span class='ocr_line' id='line_1_112' title="bbox 2061 5387 3578 5468; baseline -0.004 -16"><span class='ocrx_word' id='word_1_785' title='bbox 2061 5397 2112 5452; x_wconf 90' lang='lat'><strong>9.</strong></span> <span class='ocrx_word' id='word_1_786' title='bbox 2146 5395 2344 5452; x_wconf 80' lang='lat' dir='ltr'><strong>Verum</strong></span> <span class='ocrx_word' id='word_1_787' title='bbox 2397 5395 2522 5468; x_wconf 90' lang='lat' dir='ltr'><strong>quia</strong></span> <span class='ocrx_word' id='word_1_788' title='bbox 2555 5393 2666 5452; x_wconf 88' lang='lat' dir='ltr'><strong>Deo</strong></span> <span class='ocrx_word' id='word_1_789' title='bbox 2697 5395 2906 5449; x_wconf 79' lang='lat' dir='ltr'><strong>faetore</strong></span> <span class='ocrx_word' id='word_1_790' title='bbox 2947 5393 3117 5448; x_wconf 72' lang='lat' dir='ltr'><strong>beata:</strong></span> <span class='ocrx_word' id='word_1_791' title='bbox 3147 5391 3370 5464; x_wconf 78' lang='lat' dir='ltr'><strong>virginis</strong></span> <span class='ocrx_word' id='word_1_792' title='bbox 3405 5387 3578 5446; x_wconf 70' lang='lat' dir='ltr'><strong>Florae</strong></span> 
     </span>
    </p>
   </div>
   <div class='ocr_carea' id='block_1_112' title="bbox 2065 5567 3573 5650">
    <p class='ocr_par' dir='ltr' id='par_1_112' title="bbox 2065 5567 3573 5650">
     <span class='ocr_line' id='line_1_113' title="bbox 2065 5567 3573 5650; baseline -0.008 -15"><span class='ocrx_word' id='word_1_793' title='bbox 2065 5591 2086 5650; x_wconf 59' lang='grc' dir='ltr'><strong>εἲ</strong></span> <span class='ocrx_word' id='word_1_794' title='bbox 2147 5575 2258 5636; x_wconf 83' lang='lat' dir='ltr'><strong>Hoc</strong></span> <span class='ocrx_word' id='word_1_795' title='bbox 2301 5577 2579 5650; x_wconf 75' lang='lat' dir='ltr'><strong>oppidum,</strong></span> <span class='ocrx_word' id='word_1_796' title='bbox 2607 5589 2914 5650; x_wconf 74' lang='lat' dir='ltr'><strong>quanquam</strong></span> <span class='ocrx_word' id='word_1_797' title='bbox 2965 5571 3284 5650; x_wconf 77' lang='lat' dir='ltr'><strong>praeclarum</strong></span> <span class='ocrx_word' id='word_1_798' title='bbox 3341 5567 3573 5640; x_wconf 84' lang='lat' dir='ltr'><strong>dicatur,</strong></span> 
     </span>
    </p>
   </div>
   <div class='ocr_carea' id='block_1_113' title="bbox 1991 5643 3078 5713">
    <p class='ocr_par' dir='ltr' id='par_1_113' title="bbox 1991 5643 3078 5713">
     <span class='ocr_line' id='line_1_114' title="bbox 1991 5643 3078 5713; baseline -0.008 -7"><span class='ocrx_word' id='word_1_799' title='bbox 1991 5649 2190 5706; x_wconf 82' lang='lat' dir='ltr'><strong>nullam</strong></span> <span class='ocrx_word' id='word_1_800' title='bbox 2231 5651 2316 5706; x_wconf 87' lang='lat' dir='ltr'><strong>sui</strong></span> <span class='ocrx_word' id='word_1_801' title='bbox 2337 5643 2674 5704; x_wconf 62' lang='lat' dir='ltr'><strong>&#39;memoriain</strong></span> <span class='ocrx_word' id='word_1_802' title='bbox 2719 5643 2981 5713; x_wconf 53' lang='lat' dir='ltr'><strong>reliquitf</strong></span> <span class='ocrx_word' id='word_1_803' title='bbox 3005 5643 3078 5697; x_wconf 79' lang='lat' dir='ltr'><strong>lo.</strong></span> 
     </span>
    </p>
   </div>
   <div class='ocr_carea' id='block_1_114' title="bbox 2065 5711 3572 5792">
    <p class='ocr_par' dir='ltr' id='par_1_114' title="bbox 2065 5711 3572 5792">
     <span class='ocr_line' id='line_1_115' title="bbox 2065 5711 3572 5792; baseline -0.007 -15"><span class='ocrx_word' id='word_1_804' title='bbox 2065 5723 2092 5762; x_wconf 74' lang='grc' dir='ltr'>ά</span> <span class='ocrx_word' id='word_1_805' title='bbox 2133 5719 2668 5792; x_wconf 66' lang='lat' dir='ltr'><strong>Baldegothonesine</strong></span> <span class='ocrx_word' id='word_1_806' title='bbox 2707 5711 2868 5792; x_wconf 82' lang='lat' dir='ltr'><strong>dubio</strong></span> <span class='ocrx_word' id='word_1_807' title='bbox 2885 5757 2916 5792; x_wconf 90' lang='lat'><strong>,_</strong></span> <span class='ocrx_word' id='word_1_808' title='bbox 2933 5717 3000 5770; x_wconf 86' lang='lat' dir='ltr'><strong>ad</strong></span> <span class='ocrx_word' id='word_1_809' title='bbox 3017 5729 3194 5792; x_wconf 78' lang='lat' dir='ltr'><strong>quam</strong></span> <span class='ocrx_word' id='word_1_810' title='bbox 3234 5711 3572 5792; x_wconf 54' lang='lat' dir='ltr'><strong>postjlortle</strong></span> 
     </span>
    </p>
   </div>
   <div class='ocr_carea' id='block_1_115' title="bbox 1995 5783 3568 5864">
    <p class='ocr_par' dir='ltr' id='par_1_115' title="bbox 1995 5783 3568 5864">
     <span class='ocr_line' id='line_1_116' title="bbox 1995 5783 3568 5864; baseline -0.006 -16"><span class='ocrx_word' id='word_1_811' title='bbox 1995 5783 2324 5864; x_wconf 68' lang='lat' dir='ltr'><strong>martyrium</strong></span> <span class='ocrx_word' id='word_1_812' title='bbox 2369 5791 2494 5860; x_wconf 73' lang='lat' dir='ltr'><strong>ipse.</strong></span> <span class='ocrx_word' id='word_1_813' title='bbox 2535 5787 2790 5854; x_wconf 71' lang='lat' dir='ltr'><strong>Eulogius</strong></span> <span class='ocrx_word' id='word_1_814' title='bbox 2834 5783 3120 5858; x_wconf 80' lang='lat' dir='ltr'><strong>epistolam</strong></span> <span class='ocrx_word' id='word_1_815' title='bbox 3164 5783 3328 5862; x_wconf 84' lang='lat' dir='ltr'><strong>dedit.</strong></span> <span class='ocrx_word' id='word_1_816' title='bbox 3365 5783 3568 5840; x_wconf 82' lang='lat' dir='ltr'><strong>Scuor.</strong></span> 
     </span>
    </p>
   </div>
  </div>
