4094 6346
536 405 640 462 839

1656 394 1715 451 S.
1753 391 2032 452 EULOGII
2068 385 2388 445 ARCHIEP.
2432 382 2680 442 TOLET.

3709 374 3812 431 8ιο

533 518 836 589 auspicium
890 513 1322 572 conversationis
1350 510 1443 582 {ac
1491 511 1743 584 martyrii
1787 507 2115 566 adnotatum
2142 508 2196 569 Α
2219 499 2368 556 omni
2398 499 2685 589 honestate
2706 493 2986 589 religionis
3017 487 3419 589 sanctimoniali
3459 487 3662 589 puella,
3692 504 3811 589 cum

535 622 652 681 est;
675 625 857 684 opera:
898 609 1134 681 pretium
1162 622 1305 673 reor,
1338 607 1384 662 si
1425 606 1613 663 itidem
1652 614 1854 662 sanctae
1881 601 2118 674 Virginis

536 703 719 759 Mariae
767 709 825 758 et
873 699 1129 772 martyris
1157 712 1475 770 processum
1521 697 1846 762 nativitatis,
1881 695 2117 766 primor-

537 796 735 866 diaque
755 790 1358 864 religionis'edisseram
1381 807 1396 856 ;
1423 798 1486 845 ut
1507 790 1704 860 quibus
1737 804 1838 859 par
1862 788 1963 843 fuit
1991 802 2120 843 eon-

537 889 720 946 sensio
749 885 1024 959 praeliandi
1063 885 1317 956 idemque
1359 899 1616 940 assensus
1637 881 1963 953 projustitia
2005 896 2121 937 mo-

537 981 714 1040 riendi
761 977 1058 1036 consimilis
1083 983 1264 1034 exstet
1305 977 1362 1033 in
1413 975 1588 1032 relatu
1627 973 1929 1031 vocationis
1955 972 2121 1028 etiam

537 1074 700 1144 hujus
726 1070 953 1142 virginis
995 1068 1225 1124 intentio
1269 1068 1482 1124 calami.
1526 1067 1698 1138 Hujus
1739 1074 1895 1138 pater
1936 1081 2004 1121 ex
2033 1079 2124 1134 op-

537 1166 664 1238 pido
693 1163 964 1235 Eleplensi
1015 1178 1127 1218 non
1177 1163 1400 1220 infimus
1455 1163 1740 1234 prosapia,
1783 1160 2124 1218 Christianus

539 1263 742 1321 tamen,
785 1255 892 1310 huc
919 1253 1240 1310 adventasse
1281 1253 1619 1325 perhibetur.
1667 1251 1771 1320 Qui
1813 1267 1880 1307 ex
1927 1264 2125 1323 genere

537 1349 776 1404 Arabum
805 1347 1088 1420 conjugem
1142 1347 1367 1414 ducens,
1398 1347 1564 1403 totius
1616 1346 1912 1418 impietatis
1939 1357 2127 1400 errore

538 1455 658 1495 eam
705 1440 1025 1503 emundans,
1058 1438 1264 1494 Christi
1295 1438 1423 1495 fidei
1473 1437 1831 1510 consignavit.
1884 1434 2127 1505 Quapro-

539 1539 660 1600 pter
689 1545 813 1584 cum
843 1529 1032 1584 eadem
1083 1527 1314 1600 conjuge
1341 1529 1625 1600 proprium
1654 1527 1893 1585 incolere
1935 1542 2125 1581 arvum

539 1637 647 1676 non
678 1621 883 1686 valens,
911 1635 1011 1691 per
1039 1619 1256 1676 diversa
1282 1618 1542 1692 profugus
1591 1619 1793 1690 agitur,
1841 1633 2128 1689 quousque

541 1711 726 1766 divino
779 1709 1240 1782 gubernaculo.ad
1277 1709 1532 1780 oppidum
1561 1708 1835 1764 Froniano
1860 1707 2126 1779 pervenit,

540 1802 634 1872 qui
682 1802 738 1857 in
787 1811 1043 1857 montana
1100 1801 1436 1857 Cordubensi
1498 1800 1552 1856 in
1601 1811 1759 1870 parte
1805 1799 2128 1856 occidentali

2221 606 2282 647 se
2306 589 2473 645 nimia
2511 587 2782 644 charitate
2803 584 3110 655 diligerent,
3137 591 3193 638 et
3222 580 3518 638 alternanti
3548 580 3818 650 germani-

2221 682 2351 737 tatis
2377 680 2659 736 dulcedine
2707 679 2764 734 in
2799 675 2948 732 omni
2985 676 3270 732 dilectione
3318 672 3555 745 spiritali
3601 671 3820 727 sibimet

2223 771 2455 827 invicem
2504 770 2829 844 obedirent).
2883 758 3020 838 Quia
3071 783 3206 824 vero
3257 766 3609 837 praecedebat
3660 773 3818 820 aetate

2225 863 2390 936 Virgo
2418 863 2759 920 sanctissima
2783 861 3179 918 adolescentem
3207 873 3553 932 germanum,
3583 857 3709 912 loco
3733 870 3820 926 ge-

2225 953 2435 1009 nitricis
2463 969 2619 1009 soror
2649 954 2718 1008 ab
2759 968 2826 1008 eo
2863 951 3151 1016 excolitur,
3182 957 3239 1006 et
3274 950 3327 1004 iu
3357 947 3534 1020 prolis
3561 946 3818 1002 aﬂ'ectum

2225 1047 2581 1101 commutavit
2621 1045 2922 1100 fraternum
2964 1058 3226 1098 amorem.

2227 1179 2363 1252 Ejus
2387 1183 2550 1254 fratre
2578 1199 2673 1256 pro
2712 1179 3256 1256 Christojnterfecto,
3285 1195 3321 1256 e_
3340 1177 3672 1232 monasterio
3701 1192 3822 1256 san-

2298 1250 2397 1308 cta'
2418 1250 2702 1325 egreditur,
2730 1254 2878 1324 eique
2904 1250 3070 1306 Flora
3117 1251 3369 1315 occurrit,
3395 1259 3444 1302 et
3474 1259 3707 1318 utraque
3739 1250 3822 1316 ju-

2301 1327 2408 1380 dici
2432 1341 2486 1380 se
2515 1325 2690 1394 offert.

2300 1441 2388 1495 ll.
2416 1437 2584 1509 Igitur
2611 1437 2740 1493 dum
2765 1437 2912 1492 inter
2940 1451 3035 1492 eos
3076 1436 3194 1492 haec
3220 1434 3442 1490 assidue
3470 1443 3822 1505 gererentur,

2229 1532 2578 1603 dispensante
2624 1529 2758 1594 Deo,
2812 1527 2998 1584 Levita
3053 1525 3405 1597 dignissimus
3455 1523 3827 1580 Walabonsus

2230 1637 2354 1677 eum
2385 1622 2546 1677 beato
2588 1617 2751 1674 Petro
2784 1619 3126 1690 presbytero,
3153 1632 3250 1674 seu
3291 1632 3420 1672 cum
3448 1615 3669 1672 caeteris
3706 1629 3828 1669 eon-

2231 1713 2528 1770 fessoribus
2583 1710 2768 1782 (sicut
2822 1711 3070 1780 superius
3118 1709 3146 1749 b
3194 1709 3661 1780 comprehensum
3712 1709 3829 1774 est)

2233 1805 2494 1876 martyrio
2528 1811 2841 1858 coronatur.
2876 1801 2943 1856 Et
2969 1801 3062 1871 qui
3087 1815 3202 1857 aevo
3229 1800 3455 1854 ultimus
3485 1808 3612 1853 erat
3634 1798 3829 1860 sorori,

541 1863 828 1949 duodecim
876 1895 946 1950 ab
994 1894 1129 1948 urbe
1165 1891 1489 1948 milliaribus
1543 1863 1743 1958 distat,
1773 1900 2005 1962 utroque
2053 1891 2130 1962 pi-
2158 1863 2206 1924 Β
2233 1899 2294 1952 fit
2319 1863 2526 1968 primus
2546 1893 2809 1949 electione
2833 1863 3100 1962 martyrii.
3129 1890 3371 1960 Denique
3397 1897 3650 1945 remanet
3677 1889 3832 1942 desti-

543 1999 712 2056 gnore
732 1983 1047 2048 comitante,
1071 1982 1215 2052 quod
1235 1997 1304 2038 ex
1341 1997 1406 2037 ea
1431 1990 1768 2052 susceperat,
1803 1979 2132 2035 Walabonso

544 2075 772 2140 scilicet,
797 2083 852 2130 et
874 2073 1064 2128 Maria.
1089 2073 1167 2129 lbi
1196 2074 1366 2129 vitam
1395 2088 1549 2129 suam
1571 2089 1672 2144 pro
1692 2072 1902 2128 viribus
1923 2081 2134 2127 susten-

549 2175 771 2234 tarunt;
811 2167 886 2224 ibi
915 2166 1111 2223 mulier
1160 2165 1253 2222 illa
1289 2167 1537 2237 luporum
1565 2175 1751 2238 erepta
1781 2165 2047 2233 faucibus,
2078 2166 2132 2221 in

549 2258 654 2314 fide
681 2258 886 2314 Christi
916 2273 1292 2328 perseverans,
1337 2267 1460 2330 post
1486 2257 1804 2313 nonnullum
1833 2266 2048 2328 tempus
2079 2258 2132 2312 in

547 2350 778 2406 Domino
799 2351 1092 2422 requievit;
1127 2351 1200 2407 ibi
1223 2359 1501 2422 superstes
1522 2351 1607 2406 vir
1643 2351 1810 2422 gradu
1841 2350 2136 2408 confessio-

551 2441 636 2497 nis
661 2441 888 2512 potitus,
918 2443 1287 2498 arctissimum
1314 2443 1440 2499 vitae
1481 2444 1740 2514 perennis
1765 2444 1958 2500 callem
2005 2460 2137 2515 gau-

551 2533 656 2588 diis
698 2533 1050 2589 oblectandus
1076 2533 1392 2590 cmlestibus
1417 2534 1741 2606 ingreditur.
1775 2533 1880 2590 Sed
1909 2550 2136 2606 puerum

550 2623 933 2681 ecclesiasticis
970 2624 1170 2697 regulis
1219 2625 1594 2691 educandum,
1633 2625 1877 2696 sortique
1925 2625 2138 2680 Domini

552 2715 961 2772 admiscendum
1012 2717 1116 2788 pia
1171 2718 1448 2772 memoriae
1495 2715 1769 2773 Salvatori
1818 2716 2140 2787 presbytero

552 2811 810 2876 tradidit,
863 2811 956 2881 qui
997 2820 1125 2867 tunc
1150 2811 1411 2882 praeclaro
1451 2810 1716 2882 regimine
1743 2810 1918 2866 sancti
1944 2808 2140 2864 Felicis

551 2903 966 2969 monasterium,
999 2903 1142 2973 quod
1169 2903 1222 2957 in
1263 2917 1328 2957 eo
1352 2902 1472 2958 loco
1501 2901 1783 2957 fundatum
1809 2915 1912 2967 est,
1939 2902 2138 2973 guber-

552 2994 733 3049 nabat.
776 2993 1032 3049 Sanctam
1062 3010 1192 3049 vero
1225 2994 1366 3049 hanc
1405 2993 1670 3064 virginem
1708 2993 1818 3048 Deo
1848 2993 2139 3056 devovens,

551 3083 918 3143 Cuteclarensi
941 3087 1215 3153 coenobio,
1233 3087 1376 3157 quod
1394 3086 1640 3156 gloriosa:
1662 3095 1716 3142 et
1736 3084 2143 3157 semperVirgi-

553 3179 636 3234 nis
663 3189 863 3234 sanctae
893 3179 1077 3234 Maria:
1105 3180 1388 3251 genitricis
1417 3179 1630 3235 Domini
1656 3179 1825 3250 fulget
1855 3178 2139 3246 memoria,

552 3271 911 3339 consignavit,
945 3273 1282 3327 constituens
1326 3286 1444 3326 eam
1476 3271 1616 3341 apud
1646 3271 1938 3341 quamdam
1991 3285 2140 3325 sum-

554 3375 655 3414 mae
706 3360 1081 3417 sanctimoniae
1126 3361 1386 3418 feminam
1429 3362 1507 3434 (4)
1547 3362 1847 3417 Artemium
1899 3362 2140 3429 nomine,

555 3465 675 3520 quae
717 3460 772 3506 et
813 3452 928 3522 ipsa
954 3455 1227 3525 geminum
1261 3455 1458 3526 pignus
1497 3469 1596 3526 per
1622 3455 1991 3526 martyrialcm
2027 3455 2144 3510 obi-

558 3551 674 3596 tum
701 3541 830 3598 olim
860 3544 1000 3601 coelo
1039 3547 1398 3616 praemiserat,
1445 3546 1751 3616 Adulphum
1798 3546 2037 3611 scilicet,
2088 3554 2146 3601 et

552 3631 843 3702 Joannem,
873 3637 964 3707 qui
993 3637 1047 3692 in
1087 3639 1388 3709 primordio
1419 3639 1572 3710 regni
1599 3639 1860 3710 principis
1885 3638 2044 3709 hujus
2067 3640 2144 3694 vi-

557 3726 731 3783 riliter
767 3728 833 3784 de
858 3728 1015 3784 hoste
1053 3730 1474 3802 triumpharunt.
1511 3730 1751 3798 Quorum
1784 3731 1956 3785 instar
1998 3731 2143 3785 side-

553 3833 675 3874 rum
708 3819 829 3875 cmli
854 3831 1005 3892 gesta
1050 3822 1306 3877 micantia
1337 3823 1403 3877 ad
1427 3822 1851 3878 emolumentum
1891 3822 2144 3878 Ecclesiae

556 3924 776 3978 sanctae,
806 3923 862 3969 et
897 3915 1203 3986 exemplum
1257 3915 1538 3983 debilium,
1569 3931 1735 3973 senex
1783 3924 1838 3972 et
1884 3917 2145 3987 magister

555 4017 762 4074 noster,
793 4016 957 4078 atque
991 4008 1393 4065 illustrissimus
1444 4010 1635 4066 doctor
1688 4011 1776 4082 (de
1819 4026 1926 4080 quo
1970 4011 2023 4065 in
2076 4009 2141 4065 li-

557 4093 655 4151 bro
695 4111 720 4136 ιι
751 4098 929 4166 primo
977 4099 1366 4171 meminimus)
1419 4102 1592 4157 beatae
1645 4102 2044 4157 recordationis
2091 4110 2146 4157 et

557 4186 836 4242 memoriae
885 4187 1218 4258 Speraindeo
1266 4190 1435 4248 abbas
1489 4191 1634 4263 ston
1689 4191 1872 4246 latiori
1927 4207 2146 4265 compo-

561 4279 690 4336 suit.
767 4275 774 4282 ’

1040 4379 1214 4445 Quam
1261 4383 1344 4450 pie
1383 4381 1658 4437 educatur.

633 4506 720 4560 10.
749 4507 991 4563 Artemia
1016 4509 1181 4582 igitur
1209 4513 1382 4582 gratia
1410 4511 1733 4578 sanctitatis,
1767 4517 2143 4587 provectaeque

557 4599 760 4664 aetatis,
797 4614 895 4654 seu
922 4601 1148 4657 obtentu
1198 4610 1494 4674 martyrum
1542 4604 1800 4672 filiorum,
1846 4607 2059 4661 caeteris
2088 4608 2144 4661 in
2171 4589 2225 4651 Ῑ)

558 4691 748 4747 eodem
777 4691 1024 4750 coenobio
1048 4696 1512 4752 commanentibus
1552 4696 1769 4753 feminis
1794 4698 2142 4765 antecellens,

557 4784 726 4839 totius
754 4785 1071 4840 monasterii
1096 4786 1379 4858 virginalis
1413 4797 1714 4845 conventas
1751 4789 1907 4860 jussu
1953 4802 2143 4846 aucto-

557 4875 740 4931 ritatis
781 4875 900 4945 ejus
945 4877 1343 4934 intendebatur.
1391 4879 1590 4940 Docuit
1634 4892 1815 4936 autem
1866 4881 2100 4950 puellam
2128 4922 2143 4947 ,

557 4967 700 5023 sicut
721 4968 838 5039 ipsa
863 4979 1108 5036 noverat,
1141 4969 1252 5025 Deo
1295 4971 1501 5027 servire
1539 4972 1595 5027 in
1639 4973 1784 5027 omni
1821 4971 2142 5038 humilitate,

557 5062 836 5128 castitate,
863 5071 919 5118 et
945 5063 1289 5130 obedientia,
1341 5072 1396 5120 et
1427 5065 1622 5119 timore
1654 5063 1867 5119 Domini
1904 5063 2145 5118 animum

558 5152 677 5223 ejus
694 5167 979 5211 exercens.
1005 5153 1078 5209 At
1108 5169 1218 5210 non
1239 5163 1364 5224 post
1393 5156 1620 5210 multum
1651 5164 1863 5226 tempus
1887 5154 2148 5225 praedicto

559 5245 843 5299 sacerdote
865 5242 1146 5302 Salvatore
1172 5246 1376 5302 mundo
1399 5247 1709 5311 recedente,
1726 5262 1955 5317 puerum
1982 5247 2147 5301 etiam

559 5336 627 5390 ad
672 5352 732 5392 se
783 5339 1131 5393 nutriendum
1179 5348 1336 5408 pater
1395 5340 1629 5394 reduxit.
1681 5339 1784 5406 Qui
1827 5340 1934 5394 duo
1980 5339 2148 5394 futuri

559 5438 832 5499 martyres
861 5429 1036 5499 gratia
1065 5430 1301 5501 Spiritus
1349 5432 1520 5486 sancti
1556 5433 1609 5486 in
1658 5431 1753 5486 Dei
1804 5432 1996 5488 timore
2034 5448 2150 5488 ma-

561 5535 799 5590 gnopere
847 5522 1161 5592 proficiunt.
1192 5523 1436 5581 Tandem
1464 5540 1594 5580 vero
1623 5540 1720 5594 per
1750 5526 1950 5597 gradus
1977 5525 2153 5581 eccle—

562 5609 812 5666 siasticos
859 5613 1174 5670 adolescens
1225 5614 1314 5670 ille
1363 5615 1732 5672 Walabonsus
1775 5632 2151 5684 suecrescens,

567 5698 774 5754 honore
807 5702 1042 5758 diaconii
1094 5703 1337 5775 fungitur
1391 5707 1647 5778 (pollente
1705 5707 2059 5764 nihilominus
2094 5707 2150 5763 in

648 5845 672 5877 α
703 5834 822 5893 Lib.
851 5853 870 5893 ι
900 5838 1150 5908 Memor.,
1182 5858 1329 5898 num.
1360 5845 1413 5899 7.

2235 1997 2350 2045 tuta
2388 1985 2716 2059 praesentiali
2746 1984 2939 2041 solatio
2980 1982 3166 2038 fratris
3195 1981 3400 2038 Christi
3439 1980 3678 2046 ancilla,
3722 1995 3834 2049 qua:

2232 2091 2360 2138 ante
2385 2081 2572 2137 mundi
2611 2078 3057 2136 constitutionem
3089 2075 3158 2131 ad
3184 2073 3512 2146 martyrium
3548 2072 3838 2144 prmdesti-

2233 2181 2380 2238 nata,
2412 2173 2558 2227 intus
2599 2179 2865 2240 extraque
2909 2182 3124 2239 semper
3160 2166 3414 2222 tuebatur
3433 2164 3835 2221 intercessione

2234 2265 2496 2321 fraterna.
2522 2263 2588 2318 Et
2619 2264 2701 2334 (ut
2726 2276 2785 2316 se
2810 2261 2975 2316 habet
3016 2259 3258 2315 conditio
3291 2256 3523 2329 fragilis)
3556 2271 3690 2311 cum
3720 2271 3835 2310 cre-

2236 2357 2388 2412 brius
2415 2355 2717 2410 fraternum
2746 2353 3044 2423 suspiraret
3067 2352 3338 2418 obtutum,
3377 2351 3534 2420 cujus
3564 2350 3624 2403 in
3655 2349 3834 2418 proxi-

2237 2463 2326 2504 mo
2348 2447 2580 2502 fruitura
2621 2453 2741 2500 erat
2791 2445 3088 2510 consortio,
3136 2458 3235 2512 per
3268 2442 3510 2513 quietem
3541 2442 3836 2512 quamdam

2239 2549 2459 2596 sanctus
2513 2546 2720 2608 martyr
2771 2537 3066 2606 quamdam
3117 2537 3370 2592 admonet
3408 2535 3762 2606 religiosam,
3787 2541 3837 2587 ut

2235 2633 2349 2704 jam
2371 2647 2528 2689 soror
2562 2631 2730 2687 Maria
2765 2646 2864 2702 pro
2893 2647 2950 2686 se
2991 2630 3208 2702 plorare
3234 2630 3548 2693 desisteret,
3577 2627 3836 2698 quoniam

2241 2728 2419 2783 vicino
2447 2737 2686 2796 tempore
2711 2726 2780 2779 ad
2822 2739 2949 2780 eum
3001 2724 3058 2778 in
3099 2723 3352 2794 supernis
3393 2732 3544 2778 esset
3588 2730 3834 2776 ventura.

2241 2820 2322 2875 Ex
2369 2835 2436 2876 eo
2478 2820 2566 2874 die
2598 2818 2776 2874 uritur
2822 2833 2918 2873 cor
2951 2817 3180 2888 virginis
3223 2833 3406 2874 amore
3447 2817 3745 2888 martyrii,
3789 2827 3836 2869 et

2227 2927 2363 2982 quae
2411 2911 2597 2966 fratris
2650 2911 2857 2966 obitum
2939 2911 3291 2981 impatienter
3343 2909 3610 2980 lugebat,
3668 2911 3839 2965 subito

2246 3005 2503 3061 divinitus
2531 3005 2797 3060 illustrata
2847 3003 3153 3075 impatienti
3180 3005 3374 3060 ardore
3417 3004 3488 3059 ad
3519 3004 3839 3074 martyrium

2246 3098 2485 3154 anhelat.

2320 3213 2408 3266 12.
2439 3211 2684 3278 Quodam
2712 3210 2880 3282 igitur
2901 3211 3010 3277 die,
3036 3211 3322 3278 invitante,
3355 3221 3418 3267 ut
3449 3212 3644 3278 credo,
3687 3211 3838 3266 Chri-

2246 3310 2352 3367 sto,
2399 3301 2793 3356 monasterium
2831 3301 3233 3372 derelinquens,
3265 3301 3444 3358 forum
3474 3302 3720 3374 petitura
3758 3302 3842 3355 de-

2245 3393 2470 3458 scendit,
2503 3407 2610 3464 quo
2635 3392 2778 3449 sicut
2818 3393 3004 3448 ceteri
3031 3403 3327 3465 martyres,
3355 3394 3446 3464 qui
3473 3393 3589 3463 jam
3637 3394 3839 3449 caelesti

2244 3487 2470 3558 praemio
2499 3486 2936 3552 oblectabantur,
2971 3487 3087 3543 haec
3112 3503 3325 3558 quoque
3363 3489 3520 3560 virgo
3569 3487 3839 3544 Christum

2246 3582 2575 3647 conﬁtendo,
2618 3588 2673 3636 et
2702 3579 2827 3636 fidei
2865 3589 3068 3636 sancta:
3103 3581 3478 3637 adversarium
3509 3582 3836 3654 repellenda.

2247 3691 2449 3730 corona
2470 3673 2722 3745 martyrii
2745 3673 3032 3744 potiretur.
3061 3674 3193 3742 Quae
3214 3675 3342 3732 dum
3370 3675 3669 3732 ecclesiam
3704 3677 3838 3733 beati

2245 3765 2438 3822 Aeiscli
2471 3764 2730 3836 martyris
2757 3764 2813 3818 in
2859 3764 2978 3833 ipso
3020 3767 3198 3822 adhuc
3241 3765 3438 3823 itinere
3488 3769 3836 3838 positam-in-

2250 3867 2394 3921 tuitu
2422 3867 2708 3921 Dominum
2747 3867 3072 3923 obsecrandi
3102 3865 3378 3928 intrasset,
3411 3862 3510 3919 Dei
3566 3871 3702 3916 nutu
3747 3861 3840 3915 ibi-

2246 3959 2369 4014 dem
2417 3967 2658 4014 sanctam
2689 3943 2908 4014 Floram
2939 3958 2995 4012 in
3044 3955 3302 4027 suffragio
3332 3971 3432 4011 suo
3477 3967 3675 4024 preces
3705 3967 3840 4006 mar-

2249 4057 2426 4120 tyrum
2481 4049 2838 4105 advocantem
2897 4048 3128 4104 invenit.
3189 4047 3321 4115 Quae
3351 4053 3407 4102 et
3457 4045 3574 4114 ipsa
3631 4042 3839 4098 Christo

2248 4141 2450 4196 dicenti
2478 4141 2581 4196 sibi
2608 4139 2690 4212 (5)
2712 4160 2724 4195 :
2747 4140 2952 4196 lterum
2973 4140 3136 4196 venio
3157 4138 3424 4210 cruciﬁgi,
3442 4138 3690 4193 redivivo
3713 4151 3836 4206 pra:-

2247 4231 2413 4288 liandi
2441 4232 2620 4287 studio
2663 4232 2870 4298 calens,
2910 4232 3040 4288 olim
3085 4231 3248 4302 ccepti
3275 4231 3523 4300 martyrii
3550 4228 3785 4300 palmam
3813 4241 3840 4278 e

2247 4325 2367 4382 loco
2391 4325 2598 4382 latibuli
2620 4327 2706 4381 sui
2729 4325 2929 4381 alacris
2968 4325 3254 4380 inventura
3280 4321 3658 4380 descenderat.
3699 4321 3838 4376 Tunc

2248 4436 2306 4476 se
2346 4421 2581 4476 invicem
2606 4420 2748 4476 datis
2769 4420 2973 4476 osculis
2997 4419 3323 4484 salutantes,
3355 4415 3570 4472 alterno
3596 4413 3840 4471 consultu

2248 4513 2537 4583 explorant
2563 4530 2641 4568 se.
2673 4513 2888 4568 Etcum
2939 4527 3106 4565 unum
3159 4509 3414 4580 idemque
3448 4514 3637 4561 votum
3692 4520 3840 4560 suum

2251 4608 2485 4662 existere
2507 4615 2692 4661 mutua
2721 4605 2977 4676 proderet
3011 4602 3306 4666 confessio,
3345 4599 3667 4656 dimidiante
3689 4596 3839 4653 Chri-

2252 4709 2338 4754 sto
2360 4697 2452 4768 qui
2473 4697 2715 4753 dixerat:
2739 4695 3044 4768 Ubicunque
3070 4695 3265 4763 fuerint
3289 4693 3422 4759 duo,
3443 4693 3529 4746 vel
3551 4701 3654 4745 tres
3675 4691 3729 4743 in
3749 4705 3842 4742 uo-

2251 4792 2391 4845 mine
2412 4806 2525 4845 meo
2551 4789 2876 4861 congregati,
2904 4790 2977 4844 ibi
3009 4805 3124 4842 sum
3153 4787 3209 4840 in
3233 4785 3405 4839 medio
3430 4801 3613 4839 eorum
3628 4779 3840 4854 (Haut.

2253 4898 2424 4947 xvm,
2485 4879 2610 4951 20);
2664 4880 2810 4935 illico
2867 4877 3228 4935 indissolubili
3299 4875 3511 4931 findere
3565 4871 3844 4929 charltatis

2253 4981 2564 5039 nectuntur,
2595 4972 2740 5027 nulla
2767 4987 2827 5026 se
2856 4973 2924 5026 ab
2947 4971 3179 5026 invicem
3201 4967 3489 5024 occasione
3509 4963 3842 5022 divellcnda‘.

2253 5065 2397 5120 nulla
2421 5063 2790 5118 intercedente
2814 5062 3030 5118 fortuna
3069 5059 3450 5123 desciscendte,
3485 5056 3760 5125 nullisque
3781 5052 3847 5107 ab

2250 5158 2534 5224 alterutro,
2563 5157 2813 5226 quamvis
2841 5154 3174 5219 saevissimis,
3199 5151 3608 5208 imminentibus
3635 5147 3848 5203 casibus

2252 5252 2619 5322 disparandze,
2655 5251 2751 5322 qui
2789 5251 2862 5304 ad
2914 5249 3194 5305 interitum
3246 5261 3437 5301 earum
3485 5259 3586 5314 pro
3635 5241 3844 5298 confes-

2253 5350 2406 5405 sione
2420 5347 2666 5402 veritatis
2691 5329 3177 5418 exaggerarentur,
3190 5356 3478 5415 quousque
3492 5350 3548 5396 et
3573 5339 3680 5396 ista
3703 5340 3848 5394 Chri-

2254 5451 2420 5507 stum,
2451 5448 2508 5495 et
2531 5438 2619 5494 illa
2659 5439 2714 5493 in
2741 5437 3057 5494 coelestibus
3086 5435 3314 5501 fratrem
3351 5434 3530 5489 adiret
3553 5431 3848 5486 Walabon-

2259 5547 2399 5588 sum.
2441 5529 2640 5599 Sicque
2677 5528 2731 5582 in
2775 5528 2892 5598 ipso
2937 5527 3143 5597 impetu
3185 5511 3462 5598 judicibus
3510 5522 3845 5579 assistentes.

2259 5624 2335 5678 ita
2369 5620 2596 5676 firmiori
2627 5618 2953 5674 allocutione
2980 5618 3177 5688 prima,
3215 5623 3274 5670 ut
3319 5628 3465 5680 reor,
3504 5609 3846 5668 sanctissimi

2259 5715 2422 5771 Flora
2451 5729 2544 5770 eos
2567 5712 2900 5785 aggreditur,
2930 5711 3115 5766 dicens
3139 5728 3153 5763 :

2337 5845 2364 5883 ι»
2396 5843 2514 5899 Lib.
2542 5859 2581 5898 ll
2614 5841 2862 5908 Memor.,
2897 5858 3014 5912 cap.
3044 5841 3095 5897 «l.
