4094 6346
148 400 157 407 .
232 354 339 415 sn
1009 303 1014 307 ’
1662 341 2049 401 Eptsrom.
3394 334 3500 394 sta

310 471 400 527 13.
424 488 445 522 ι
484 468 564 526 En
592 483 693 542 ego
720 467 810 524 illa
838 482 956 524 sum
975 507 990 532 ,
1015 480 1159 537 quas,
1185 479 1284 536 pro
1304 479 1369 521 eo
1389 463 1532 535 quod
1559 461 1823 535 gentilitio
1853 465 1902 526 Α
1928 459 2247 526 dicavimus,
2280 461 2663 515 connectentes
2701 454 2756 510 in
2795 454 2956 511 ﬁnem
3003 452 3247 526 opusculi
3294 452 3499 509 oratio-

235 562 446 622 semine
486 570 765 632 procreata
795 559 1012 614 Christo
1040 557 1359 613 adbmserim
1380 597 1395 623 ,
1436 556 1635 609 multum
1662 568 1693 607 a
1726 569 1821 607 vo-
1932 564 2057 605 nem
2083 565 2182 605 suo
2209 548 2518 614 certamini,
2540 547 2794 617 omnique
2818 544 3070 602 Ecclesiae
3094 550 3500 615 congruentem.

237 656 356 719 his,
382 661 445 708 ut
472 667 595 708 eum
624 652 948 725 abnegarent
970 690 985 714 ,
1012 648 1132 703 diro
1162 648 1386 702 verbere
1419 645 1652 701 lacerata
1679 632 1827 698 sum.

238 743 374 815 Quae
401 742 664 798 hactenus
714 739 1029 796 inlirmitate
1057 740 1236 794 carnis
1280 738 1384 792 huc
1420 737 1651 804 illucque
1692 749 1820 804 pro-

240 838 369 912 fuga
420 837 740 893 delitescens
763 849 815 901 ι,
856 850 1000 890 nunc
1040 835 1154 905 jam
1210 834 1263 888 in
1318 834 1516 888 virtute
1568 831 1661 887 Dei
1718 830 1824 885 mei
2005 825 2092 880 l5.
2122 825 2289 897 Igitur
2310 833 2688 896 permanentes
2714 824 2767 878 in
2802 823 3047 878 laudibus
3081 821 3210 885 Dei,
3246 831 3301 877 et
3323 837 3508 893 sacra—

240 927 505 991 subnixa.
540 927 734 983 vestris
760 926 974 981 adstare
1019 924 1124 979 n'on
1168 938 1360 979 verens
1393 923 1690 993 praetoriis,
1735 935 1832 975 ea-
1936 917 2157 972 tissima:
2205 916 2466 988 virginis,
2508 925 2629 985 post
2672 915 2886 970 tertiam
2931 915 3352 992 admonitionem
3385 929 3514 986 pro-

242 1020 367 1076 dem
395 1034 499 1090 qua
528 1019 761 1090 primum
788 1016 1090 1073 constantia
1121 1017 1395 1072 Christum
1434 1016 1598 1069 Deum
1648 1016 1701 1069 in
1740 1027 1830 1068 ve-
1934 1008 2331 1067 sternendaiu
2379 1008 2552 1063 forum
2594 1008 2804 1064 educta:
2848 1017 2992 1063 sunt.
3038 1007 3271 1063 Taceam
3308 1005 3512 1077 judicis

240 1109 408 1166 ritate
434 1109 712 1178 proﬁteor,
738 1107 1170 1178 scelerosumque
1196 1107 1573 1179 dogmatistam
1591 1113 1828 1161 vestrum
1934 1100 2358 1159 sciscitationem
2386 1100 2595 1155 vicibus
2628 1099 2845 1153 allatam
2868 1099 2948 1154 eis
2965 1139 2980 1164 ,
3006 1099 3090 1154 vel
3118 1116 3223 1153 una
3255 1100 3343 1154 vel
3366 1099 3516 1170 sigil-

240 1200 769 1275 pseudoprophetam
790 1240 804 1264 ,
831 1198 1131 1254 adulterum
1152 1238 1168 1264 ,
1201 1213 1418 1270 magum
1441 1207 1496 1253 et
1523 1198 1830 1252 maleﬁcum
1935 1192 2088 1246 latim
2120 1191 2187 1245 ad
2212 1190 2582 1246 beatissimam
2614 1189 2825 1245 Floram
2857 1188 2968 1260 (6),
3004 1189 3163 1244 sicuti
3190 1188 3303 1259 jam
3337 1189 3464 1245 alibi
3489 1201 3513 1231 ο

242 1308 369 1350 esse
392 1301 684 1364 protestor,
722 1310 742 1344 ι
774 1289 926 1347 Tunc
954 1292 1148 1347 deinde
1180 1292 1333 1363 virgo
1362 1290 1688 1347 venerabilis
1717 1288 1831 1344 Ma-
1936 1280 2281 1352 digessimus.
2314 1278 2383 1334 Ει
2407 1279 2605 1333 intuitu
2632 1278 3022 1334 mediocritatis
3044 1279 3245 1348 aliquid
3271 1279 3518 1347 silentes,

244 1384 329 1440 ria
361 1381 645 1439 dil'l'usione
681 1383 982 1439 caelestium
1009 1383 1308 1453 gratiarqu
1343 1368 1681 1437 san‘ctillcato
1708 1397 1836 1452 pro-
1936 1387 2006 1427 ne
2046 1369 2320 1425 faSlidium
2354 1378 2662 1439 Ρτοῑηιοιιιδ
2698 1384 2878 1424 sermo
2920 1369 3219 1441 legentibus
3265 1378 3517 1442 generet.

247 1473 374 1529 ιυιίι
399 1488 533 1528 ore;
570 1493 589 1525 ι
625 1472 693 1528 Et
726 1482 859 1544 930',
884 1472 1082 1542 judex,
1121 1472 1250 1527 olim
1284 1473 1426 1528 ίηιει-
1454 1472 1576 1528 illos
1619 1470 1833 1526 confes-
1940 1477 2087 1517 mors
2114 1461 2384 1532 virginum
2411 1461 2646 1531 pretiosa
2671 1460 2867 1532 stylum
2888 1460 3210 1529 competenti
3238 1458 3343 1515 ﬁne
3364 1476 3520 1516 coar-

245 1576 403 1619 sores
447 1562 766 1633 magniﬁcos
807 1563 1013 1618 habens
1038 1577 1390 1635 germanum,
1434 1562 1527 1633 qui
1575 1576 1682 1616 non
1727 1559 1835 1615 levi
1938 1553 2227 1609 ctat.-lnde
2246 1552 2517 1623 praecipiti
2565 1554 2762 1607 ducatu
2815 1553 2881 1607 ad
2929 1551 3106 1608 locum
3151 1551 3524 1608 decollationis

245 1654 672 1711 subsannatione
698 1662 873 1709 vatem
921 1660 1161 1709 vestrum
1199 1653 1525 1708 iul‘amantes
1570 1650 1838 1707 occubue-
1941 1644 2146 1709 ducta,
2188 1658 2345 1699 sacra
2372 1644 2647 1716 signacula
2678 1644 2914 1700 vultibus
2952 1645 3290 1715 imprimunt.
3312 1645 3381 1700 Et
3417 1646 3519 1711 Sic.

243 1753 410 1811 runt,
440 1745 711 1816 similique
739 1745 963 1801 audacia
1005 1743 1281 1800 Christum
1339 1757 1460 1799 esse
1506 1744 1561 1799 in
1606 1743 1862 1798 veritate.
1945 1735 2186 1791 extensis
2212 1734 2397 1801 colliS,
2440 1744 2564 1805 post
2605 1737 2816 1791 beatam
2868 1736 3080 1792 Floram
3122 1745 3305 1793 sancta
3355 1738 3523 1794 Maria

245 1836 423 1893 Deum
452 1852 703 1893 asserens
721 1878 737 1904 ,
761 1837 925 1892 ritum
951 1846 1190 1892 vestrum
1218 1835 1459 1907 legisque
1484 1833 1836 1890 caeremonias
1866 1818 1914 1878 Β
1940 1828 2321 1899 prosternitur.
2360 1827 2612 1895 Quorum
2664 1843 2889 1898 corpora
2946 1830 3171 1885 canibus
3220 1831 3527 1886 devoranda

245 1925 638 1999 daemoniorum
689 1926 944 1999 ﬁgmenta
992 1941 1114 1983 esse
1166 1926 1442 1997 proliteor.
1483 1944 1502 1977 ι
1554 1923 1838 1994 Extemplo
1943 1935 2009 1976 ac
2036 1920 2347 1976 volucribus
2377 1920 2734 1990 discerpenda
2765 1920 2964 1975 ibidem
2994 1921 3390 1991 relinquentes,
3423 1923 3530 1977 alio

243 2017 581 2073 saevissimus
623 2018 829 2074 arbiter
869 2033 1073 2074 vesano
1119 2019 1422 2073 concitatus
1473 2015 1688 2082 furore,
1737 2016 1838 2073 sub
1944 2010 2031 2065 die
2059 2011 2112 2065 in
2143 2008 2342 2065 ﬁumen
2375 2009 2740 2081 proiecerunt.
2770 2009 2813 2065 E
2841 2012 3035 2081 quibus
3071 2011 3304 2066 cadaver
3329 2022 3531 2068 sanctae

244 2120 386 2162 voce
436 2107 533 2163 illa
581 2107 810 2165 terribili
853 2108 1139 2174 frendens,
1190 2107 1453 2179 virginale
1504 2107 1838 2179 propositum
1943 2099 2128 2155 Mariae
2154 2099 2378 2171 virginis
2411 2108 2466 2153 et
2492 2099 2752 2171 martyris
2796 2099 3046 2155 coenobio
3069 2098 3469 2165 Cuteclarensi,
3500 2116 3531 2156 a

246 2196 554 2268 asperrimo
582 2197 820 2255 deterret
844 2198 1039 2266 boatu,
1070 2198 1230 2255 minis
1264 2200 1592 2271 exprobrat,
1636 2199 1840 2255 clamo-
1944 2207 2052 2261 quo
2087 2190 2154 2245 ad
2200 2190 2522 2261 martyrium
2551 2190 2935 2257 descenderat,
2980 2190 3216 2247 donante
3246 2194 3354 2248 Deo
3382 2208 3538 2264 repo-

244 2288 405 2344 rihus
431 2290 637 2360 arguit,
668 2288 926 2358 adjiciens
969 2289 1208 2346 carceris
1246 2288 1555 2359 squalorem
1576 2330 1592 2356 ,
1624 2296 1679 2344 ct
1708 2304 1840 2345 con-
1943 2287 2124 2350 nitur;
2151 2300 2275 2340 cum
2302 2292 2479 2338 tamen
2506 2297 2703 2353 corpus
2723 2283 3052 2339 beatissimae
3076 2283 3302 2356 virginis
3320 2291 3375 2338 et
3399 2299 3539 2338 mar-

246 2379 560 2435 tuhernium
599 2388 927 2437 scortorum.
1631 2434 1638 2443 ,
1943 2375 2083 2448 tyris
2120 2374 2324 2438 Florae,
2357 2388 2465 2443 quo
2493 2373 2599 2429 situ
2629 2372 2889 2428 Dominus
2938 2374 3274 2443 reposuerit,
3317 2373 3537 2444 penitus

1943 2466 2243 2538 ignoretur.
2289 2465 2477 2535 Capita
2528 2479 2660 2519 vero
2714 2463 2927 2519 illarum
2974 2466 3030 2519 in
3079 2464 3309 2522 Basilica
3362 2467 3539 2523 sancti

1941 2558 2143 2615 Aciscli
2186 2557 2443 2629 martyris
2479 2557 2867 2623 reconduntur,
2901 2572 3008 2627 quo
3057 2558 3387 2627 praesentiali
3414 2574 3538 2616 cor-

329 2644 412 2700 ιι.
447 2643 761 2717 Suscipiunt
780 2646 1013 2719 denique
1040 2648 1222 2704 abdita
1249 2648 1486 2705 carceris
1514 2664 1838 2719 sponsarum
1940 2650 2094 2722 poris
2121 2649 2205 2705 sui
2237 2648 2422 2703 favore
2445 2647 2671 2719 populos
2696 2646 3036 2704 Christianos
3065 2657 3269 2704 tuetur.

248 2735 465 2793 Christi
479 2736 720 2792 membra
743 2738 939 2794 tuenda
961 2739 1131 2811 magis
1151 2755 1315 2810 quam
1340 2739 1693 2808 eliminanda,
1717 2755 1841 2811 quae
2016 2742 2104 2798 l6.
2158 2741 2362 2798 Ultimo
2394 2739 2766 2795 tantummodo
2807 2741 3048 2795 historiae
3090 2740 3210 2796 loco
3254 2740 3538 2799 insinuare

249 2842 472 2900 semper
513 2828 709 2899 pudico
748 2829 1035 2887 honestata
1080 2832 1276 2889 decore
1304 2833 1373 2888 ab
1400 2833 1530 2903 ipsis
1558 2834 1844 2890 cunabulis
1946 2848 2236 2896 curamus,
2265 2831 2428 2903 quod,
2464 2826 2795 2901 {priusquam
2836 2831 3075 2902 virgines
3105 2832 3278 2887 beata:
3318 2831 3537 2887 decide-

250 2934 383 2978 actu
419 2923 795 2979 sanctimonia
839 2924 1245 2996 praeponentes,
1275 2926 1545 2998 praecipua
1579 2927 1842 2982 virtutum
1947 2933 2102 2991 rent,
2156 2923 2480 2994 quihusdam
2529 2922 2917 2978 consororibus
2970 2922 3345 2993 promiserunt
3390 2923 3538 2993 quod

248 3015 430 3088 gratia
462 3014 797 3071 reluxerunt.
825 3015 886 3071 In
920 3017 1118 3087 quibus
1160 3016 1472 3088 aliquandiu
1514 3026 1715 3074 sancta:
1742 3018 1849 3073 vir-
1946 3034 2012 3076 eo
2050 3018 2196 3088 ipso,
2231 3032 2341 3088 quo
2371 3015 2574 3072 Christi
2605 3016 2915 3071 coronatori
2946 3031 3047 3071 suo
3087 3017 3411 3072 assisterent
3441 3017 3540 3071 ob-

250 3108 410 3180 gines
433 3118 849 3178 permanentes,
878 3109 1136 3165 insistunt
1175 3107 1417 3181 jejunio,
1470 3112 1703 3166 orationi
1756 3111 1843 3166 in-
1950 3117 2099 3165 tentu
2137 3110 2342 3180 adeptae
2368 3107 2556 3179 gratiae
2582 3122 2841 3177 sponsum
2870 3117 3185 3176 precantes,
3222 3121 3322 3163 nos
3354 3107 3542 3162 vincu-

250 3198 552 3264 cumbunt,
585 3207 866 3270 totumque
911 3199 1060 3256 illum
1103 3201 1387 3257 horrorem
1435 3193 1691 3273 ergastuli
1735 3217 1847 3258 εω-
1872 3186 1917 3249 C
1949 3202 2016 3256 lis
2042 3201 2370 3266 liberarent;
2416 3200 2561 3270 quod
2600 3200 2673 3254 ita
2721 3201 2832 3255 Deo
2875 3198 3087 3255 fautore
3124 3210 3405 3271 peractum
3433 3209 3539 3257 est.

250 3289 477 3347 lcstium
505 3291 856 3348 meditatione
885 3293 1211 3364 hymnorum
1235 3293 1546 3362 expediunt.
1572 3292 1725 3348 Tunc
1747 3307 1846 3347 nos
1949 3293 2087 3349 Nam
2114 3294 2217 3348 illae
2247 3304 2441 3348 octavo
2472 3293 2836 3349 Kalendarum
2870 3293 3182 3350 Decembris
3220 3296 3540 3367 martyrium

250 3384 427 3441 etiam
458 3398 526 3439 ex
555 3392 711 3440 antro
745 3385 774 3424 ιι
803 3384 1051 3452 deducti,
1080 3401 1204 3441 cum
1242 3385 1334 3441 isti
1381 3386 1590 3441 carceri
1621 3385 1845 3455 deputas
1952 3394 2417 3450 consummantes,
2468 3401 2568 3441 nos
2618 3386 2778 3440 tertio
2829 3386 3142 3440 earumdem
3180 3385 3541 3443 Kalemlarum

252 3482 472 3540 rentur,
493 3465 853 3541 Dmfavente',
870 3476 939 3531 ad
952 3477 1364 3533 instructionem
1394 3476 1627 3543 illarum,
1651 3476 1847 3531 librum
1950 3475 2301 3546 compedibus
2333 3475 2599 3531 resolutos
2626 3477 2694 3532 ab
2717 3476 2966 3546 squalore
2996 3478 3234 3531 carceris
3259 3488 3541 3543 aruerunt,

254 3565 642 3621 Documentum
690 3565 939 3639 Παπειήί
984 3568 1298 3634 condimus;
1349 3568 1535 3639 eisque
1568 3566 1680 3637 jam
1712 3583 1850 3639 pene
1953 3584 2063 3623 tera
2090 3584 2196 3639 qua
2233 3584 2418 3639 supra.
2469 3567 2572 3623 Per
2612 3568 2884 3624 Christum
2932 3568 3216 3623 Dominum
3263 3578 3540 3634 nostrum,

255 3670 291 3712 ι
321 3656 599 3728 proposito
628 3657 880 3714 suasione
903 3660 1261 3729 quorumdam
1293 3657 1634 3727 labentibus,
1664 3660 1718 3715 in
1753 3676 1847 3717 so.
1955 3661 2049 3731 qui
2086 3661 2220 3715 vivit
2259 3676 2383 3717 cum
2414 3661 2576 3717 Patre
2603 3673 2660 3717 et
2685 3659 2891 3732 Spiritu
2919 3671 3110 3717 saneto
3138 3663 3193 3717 in
3223 3661 3416 3717 szecula
3446 3676 3544 3717 sae-

255 3746 454 3802 latiutn
504 3748 801 3804 meditandi
843 3756 900 3804 et
944 3751 1357 3807 consummandi
1386 3751 1569 3822 prtelia
1598 3750 1850 3807 inchoata
1957 3752 2223 3809 culorum.
2258 3753 2456 3807 Amen.
2558 3790 2565 3799 κ

2356 691 2488 746 Inde
2518 691 2719 745 educta:
2753 689 3080 744 occiduntur.

248 2508 465 2566 Caneri
492 2513 882 2585 mancipantur,
925 2514 1016 2570 ubi
1053 2531 1141 2571 eos
1169 2515 1430 2587 confortat
1456 2515 1518 2572 S.
1558 2514 1834 2588 Eulogius.

333 3913 363 3941 ι
392 3900 791 3979 Perintegrum
815 3904 1132 3979 sexennium
1160 3904 1351 3979 attigas
1371 3920 1484 3961 suae
1505 3913 1766 3976 tempore,
1791 3912 1854 3960 ut
1958 3907 2026 3979 de
2096 3907 2379 3979 utriusque
2453 3909 2690 3965 carceris
2769 3908 3133 3966 Cordubensis
3206 3908 3541 3967 discrimine.

260 3979 481 4026 constat
500 3987 566 4026 ex
598 3973 845 4038 Docum.,
874 3990 1022 4029 num.
1052 3975 1143 4030 2|.
1177 3973 1383 4031 Scuor.
1617 3973 1633 3976 ⁷
1959 3977 2175 4033 Monac.

342 4042 371 4081 δ
394 4041 637 4098 Diximus
661 4042 776 4113 jam
810 4045 1018 4116 (Schol.
1052 4046 1107 4100 in
1133 4061 1251 4116 cap.
1300 4046 1365 4113 6,
1396 4045 1491 4102 lib.
1538 4062 1579 4101 ll
1598 4086 1615 4113 ,
1664 4045 1849 4118 Mem.)
2034 4059 2057 4089 ο
2080 4050 2141 4103 ln
2163 4048 2325 4119 epist.
2356 4050 2425 4105 ad
2445 4049 2700 4107 Alvarum
2726 4067 2848 4123 quae
2874 4052 3137 4123 sequitur.

299 4211 3519 4240 ———-——————-———————-———-——-——-—-————_—

813 4378 1370 4552 SANCTIA
1419 4378 2007 4521 EULOGII
2076 4378 2818 4499 EPISTOLfE
2901 4380 2937 4425 ⁸

778 4690 1108 4751 EPISTOLA
1148 4695 1363 4753 PRIMA
1887 4703 1946 4764 D
1970 4712 2123 4766 mus,
2154 4699 2208 4754 in
2237 4700 2433 4770 gaudio
2473 4700 2713 4757 victoriae
2748 4701 2981 4759 fructum
3021 4715 3243 4763 mettsse
3286 4709 3554 4767 videmus.

881 4801 950 4841 an
980 4803 1255 4844 Αιγηωι.
1974 4790 2234 4846 Videmus
2272 4790 2417 4845 enim
2458 4790 2697 4862 virgines
2738 4803 2972 4859 nostras,
3017 4796 3285 4854 debellato
3315 4801 3560 4872 principe

277 4894 607 4967 [aram-um
680 4896 907 4954 dum"
981 4903 1236 4967 virginum
1302 4900 1485 4959 “om
1558 4912 1609 4960 et
1684 4903 1909 4962 Μανία·
1975 4882 2718 4946 tenebrarum,conculcatis
2748 4887 3102 4945 mundialium
3151 4889 3563 4948 oblectamentis

945 4971 1193 5052 celebrat.
1981 4974 2327 5031 alfectionum
2344 5016 2356 5038 ,
2388 4976 2634 5031 accensis
2658 4977 2687 5017 δ
2717 4979 3036 5035 adorearum
3073 4981 3405 5052 lampadibus
3427 5023 3442 5049 ,
3468 4984 3566 5038 ob-

353 5059 692 5119 Charissimo
719 5063 773 5119 in
793 5063 1027 5122 Domino
1049 5066 1176 5124 Jesu
1205 5068 1423 5127 Christo
1438 5069 1596 5126 fratri
1619 5085 1740 5128 meo
1764 5070 1872 5126 Αι-
1976 5069 2120 5124 viam
2168 5068 2467 5139 prosiliisse
2507 5085 2706 5142 sponso
2736 5087 2800 5128 ac
2828 5074 2943 5145 regi
2992 5075 3271 5131 caelorum.
3308 5076 3404 5142 Et,
3438 5079 3563 5149 quia

276 5168 431 5209 uno
458 5152 747 5210 Eumelus.
771 5210 779 5217 _
1980 5175 2195 5233 semper
2220 5177 2280 5218 se
2310 5162 2546 5220 hostiam
2580 5166 2754 5221 vivam
2774 5209 2789 5231 ,
2815 5176 3092 5233 sanctam,
3126 5169 3234 5224 Deo
3263 5170 3567 5241 placentem

360 5243 414 5298 l.
434 5241 1676 5316 MagniﬁcavitDominnsmisericordiamsuam
1690 5254 1874 5311 nobis-
1978 5263 2455 5324 praeparaverunt,
2487 5256 2608 5311 ideo
2637 5257 2877 5314 cmlestis
2911 5259 3047 5315 aulae
3092 5259 3275 5315 limina
3306 5261 3570 5317 adeuntes

283 5347 447 5398 cum,
480 5334 553 5388 mi
577 5333 770 5401 frater,
793 5347 851 5393 et
871 5336 1000 5395 facti
1028 5355 1213 5398 sumus
1236 5342 1481 5400 laetantes
1505 5344 1676 5417 (Paul.
1708 5362 1870 5414 cxxv,
1984 5344 2356 5412 intraverunt,
2388 5347 2651 5403 invitante
2678 5349 2896 5405 Christo
2922 5351 2988 5404 ad
3016 5351 3263 5422 nuptias,
3287 5360 3569 5408 cantantes

274 5426 369 5503 ᾖ).
392 5423 529 5492 Quia
555 5426 753 5497 quibus
777 5432 1006 5487 verbum
1048 5435 1170 5491 vitae
1196 5436 1251 5490 in
1294 5436 1549 5509 lacrymis
1591 5439 1875 5495 seminavi-
1986 5437 2256 5494 canticum
2297 5454 2526 5507 novum,
2570 5450 2732 5512 atque
2765 5441 3051 5499 dicentes:
3097 5444 3301 5516 Dignus
3331 5459 3420 5511 es,
3462 5444 3570 5501 Do-

363 5557 944 5652 :‘lfonnull-as‘tantum
1050 5564 1259 5650 Eulogii
1283 5568 1541 5652 epistolas
1554 5570 1659 5652 _hic
1685 5588 1882 5652 reprre-
2060 5574 2088 5615 ι)
2111 5573 2225 5652 Hoc
2242 5585 2334 5652 est
2354 5618 2370 5643 ,
2394 5577 2697 5652 palmarum
2734 5585 2789 5632 et
2815 5577 3000 5652 gloria!
3031 5578 3393 5652 triumphalis.
3422 5578 3575 5638 Dixi-

288 5638 613 5725 ie-ntamgszi
631 5638 1158 5725 cum__caateras_sui§
1185 5638 1419 5725 propriis
1464 5639 1600 5699 locis
1642 5638 1881 5725 edideri-
1987 5662 2109 5703 mus
2150 5638 2505 5725 dehac'v'oce
2531 5649 2586 5703 in
2616 5648 2733 5720 ipso
2763 5638 3059 5720 martyriali
3097 5638 3319 5725 Doc'uru.
3355 5652 3564 5725 (Schol.

290 5700 956 5795 Eanﬂmillisﬂopusculis
1008 5700 1263 5777 praeﬁxas
1285 5700 1544 5780 'quorum
1592 5715 1884 5773 occasione
1988 5700 3569 5795 alios)"nauseantis}.téﬁfésil"qtiitit"'sér‘£.131i§

293 5780 515 5844 scripta
540 5780 686 5829 sunt.
1993 5788 2162 5845 nostri
2190 5780 2505 5860 parabolam
2534 5790 2805 5864 respiciat.
2839 5780 3049 5849 Monte.

705 5865 975 5929 Pauor"
1012 5867 1204 5931 CXV.
2039 5914 2043 5919 -
3058 5886 3136 5949 27
