4094 6346
677 393 781 450 8i?)

1750 382 1807 439 s.
1850 381 2131 442 suuocn
2168 372 2491 440 ARCHIEP.
2533 379 2784 439 TOLET.
3767 390 3836 452 ω

675 507 821 562 mine
854 503 999 559 Deus
1044 508 1244 565 noster,
1288 498 1536 571 accipere
1578 497 1802 570 gloriam
1849 508 1905 555 et
1961 499 2254 578 honorem,
2284 501 2341 561 Α
2364 494 2594 563 fortavi,
2627 496 2693 551 de
2720 483 2819 566 spe
2842 495 3218 567 promerendae
3247 510 3457 553 coronae
3485 497 3724 573 admonui,
3745 506 3836 578 eius.

676 596 931 669 quoniam
960 593 1236 651 redemisti
1266 595 1364 648 nos
1395 570 1461 645 de
1488 598 1760 661 potestate
1797 570 2145 647 tenebrarum
2163 632 2178 657 ,
2205 600 2261 646 et

679 690 856 747 fecisti
884 703 982 744 nos
1009 686 1305 757 condignas
1344 684 1509 740 sortis
1554 692 1868 739 sanctorum
1910 692 2156 749 tuorum,
2207 691 2262 739 et

684 779 1011 838 transtulisti
1058 779 1111 833 in
1154 791 1377 850 regnum
1414 783 1564 830 tuum
1591 783 1851 830 aeternum
1900 776 2084 845 (Apoc.
2111 790 2165 840 v,
2203 774 2260 840 9,

680 875 791 947 10).
814 875 897 938 Et,
922 888 1045 930 cum
1070 872 1171 929 hoc
1201 868 1455 943 gaudium
1482 868 1806 924 universalis
1832 866 2073 923 Ecclesia
2099 868 2166 923 de
2192 866 2260 921 il-

584 987 595 995 δ
670 969 843 1023 larum
867 964 1111 1021 victoriis
1140 963 1338 1020 habeat
1358 1003 1373 1029 ,
1397 960 1668 1032 praecipue
1691 970 1868 1017 tamen
1893 975 1994 1032 ego
2022 975 2134 1030 prae
2156 975 2261 1015 ca:-

670 1062 804 1118 teris
835 1058 1068 1131 quodam
1092 1053 1703 1126 tripudiojucunditatis
1726 1052 1975 1119 extollar,
2000 1053 2257 1123 quoniam

667 1170 777 1212 non
803 1155 859 1210 in
884 1166 1113 1209 vacuum
1138 1151 1237 1216 eis,
1264 1150 1378 1221 jam
1408 1164 1542 1221 pene
1569 1148 1932 1219 quorumdam
1961 1146 2260 1217 exprobra-

666 1250 863 1305 tione!|
895 1264 927 1302 a
969 1246 1137 1318 gradu
1162 1260 1288 1321 ’suo
1327 1244 1653 1310 labentibus,
1702 1241 2083 1297 Documentum
2124 1240 2259 1294 illud

666 1338 974 1411 martyriale
997 1337 1308 1408 porrexisse
1331 1336 1624 1405 conspicio.
1664 1334 1821 1402 Quia,
1852 1333 1981 1390 licet
2005 1334 2073 1389 ab
2100 1334 2257 1389 initio

663 1431 850 1489 mundi
877 1440 934 1487 et
960 1431 1172 1487 vocatio
1200 1438 1254 1483 et
1287 1427 1649 1484 sanctiﬁcatio
1670 1442 1857 1482 earum
1890 1442 1918 1480 a
1949 1426 2060 1482 Deo
2092 1426 2256 1483 Patre

624 1514 632 1535 ³
659 1522 918 1579 nimirum
946 1522 1306 1593 processerit,
1336 1520 1499 1574 habet
1527 1527 1707 1573 tamen
1732 1518 1962 1574 intentio
1991 1525 2176 1574 nostra
2200 1518 2255 1573 in

662 1632 848 1675 earum
882 1616 1240 1672 instructione
1284 1627 1435 1670 suam
1466 1627 1651 1668 coram
1680 1611 1912 1667 Domino
1946 1611 2255 1666 mercedem

660 1712 954 1785 repositam
973 1752 989 1777 ,
1013 1711 1105 1782 qui
1137 1708 1477 1779 largitionem
1526 1704 1759 1777 algentis
1784 1703 1971 1759 calicis
2002 1717 2255 1759 remune-

658 1805 775 1862 rari
825 1803 1077 1875 promisit
1128 1801 1181 1854 in
1225 1798 1446 1855 nomine
1474 1813 1573 1853 suo
1604 1797 1905 1867 impensam
1930 1793 2129 1866 (Marc.
2158 1810 2250 1861 ιχ,

2365 604 2471 659 que
2496 588 2796 661 angelicum
2823 587 3072 643 obtutum
3116 588 3335 645 reclinis
3357 593 3629 650 cervicibus
3662 598 3835 669 adoravi;

2367 680 2562 736 deinde
2611 678 2867 751 precibus
2910 679 3026 748 ejus
3078 689 3132 735 et
3158 678 3405 737 felicibus
3444 685 3631 741 meritis
3655 704 3836 749 mecura.

2367 775 2633 830 mendans
2653 816 2667 841 ,
2697 774 3154 830 reverentissimls
3179 774 3325 831 illius
3345 776 3606 847 colloquiis
3623 795 3835 851 recreatus,

2364 867 2587 924 latibula
2613 867 2855 925 carceris
2880 868 2985 923 mei
3020 866 3204 924 revisi.
3236 867 3390 925 Unde
3410 911 3424 936 ,
3468 886 3630 941 quaeso
3665 872 3838 934 fraterni-

2368 971 2533 1019 tatem
2576 971 2726 1017 tuam
2747 1002 2764 1029 ,
2792 963 3119 1018 charissime
3146 962 3393 1032 domine,
3421 974 3479 1020 ut
3513 967 3573 1021 ad
3597 966 3838 1039 posterorum

2364 1058 2685 1112 memoriam
2716 1066 2868 1126 gesta
2892 1057 3163 1129 passionis
3188 1071 3377 1113 earum
3402 1059 3543 1115 brevi
3568 1066 3838 1123 tantummodo

2363 1149 2618 1205 ordinare
2660 1148 2903 1221 digneris
2934 1148 3075 1221 style
3094 1190 3111 1216 ,
3142 1149 3216 1204 ita
3266 1164 3475 1221 semper
3499 1152 3838 1229 illarumprotegi

2363 1241 2629 1297 merearis
2657 1239 2929 1311 suffragio.
2961 1240 3083 1312 Ipso
3109 1248 3292 1297 autem
3324 1242 3409 1298 die
3445 1259 3543 1314 quo
3583 1243 3837 1313 gloriosam

2363 1333 2522 1388 nobis
2564 1332 2768 1388 relatus
2813 1340 2898 1388 est
2929 1334 3031 1389 sub
3079 1332 3423 1391 confessione
3468 1337 3672 1392 nominis
3705 1336 3837 1396 Chrhi

2363 1422 2617 1478 interitus
2634 1462 2648 1489 ,
2697 1437 2887 1478 omnes
2914 1422 2982 1478 ad
3007 1424 3321 1480 orationum
3340 1440 3489 1481 arma
3516 1436 3764 1495 currentes,
3782 1431 3838 1486 be

2365 1529 2481 1568 ram
2512 1528 2709 1570 nonam
2740 1513 2797 1570 in
2842 1513 2939 1571 Dei
2969 1514 3128 1571 laude
3152 1515 3527 1587 persolvimus.
3569 1519 3637 1575 Ac
3668 1520 3838 1594 deiueqs

2363 1606 2537 1685 auctis
2590 1605 2840 1676 tripudiis
2898 1607 3275 1677 vespertinum
3326 1607 3433 1681 (ἓ),
3492 1610 3773 1677 matutinum,
3805 1622 3839 1667 et

2362 1697 2582 1754 missale
2609 1698 2939 1756 sacrificium
2962 1708 3361 1771 consequenter
3378 1701 3443 1756 ad
3466 1703 3691 1758 honorem
3711 1713 3750 1759 et
3765 1704 3837 1776 glo-

2359 1788 2499 1843 riam
2524 1797 2835 1847 nostrarum
2880 1792 3154 1863 virginum
3180 1791 3604 1862 celebravimus,
3640 1797 3838 1867 cunctique

657 1893 771 1964 40).
804 1892 938 1948 Nam
970 1892 1181 1947 decimo
1201 1899 1256 1946 et
1273 1888 1507 1960 amplius
1548 1888 1636 1943 die
1666 1887 1983 1958 priusquam
2016 1885 2085 1941 ad
2110 1901 2255 1941 mar-
2282 1881 2332 1942 B
2359 1895 2459 1936 nos
2505 1880 2720 1937 illarum
2754 1883 3061 1954 patrocinio
3105 1887 3365 1941 tutandos
3408 1884 3723 1958 fovendosque
3741 1903 3838 1945 com-

658 1989 862 2060 tyrium
890 1987 1240 2049 ducerentur,
1284 1981 1457 2039 solam
1487 1981 1765 2038 dominam
1796 1996 1974 2036 meam
2009 1979 2250 2047 Floram,

657 2081 919 2136 instinctu
957 2078 1141 2134 fratris
1185 2077 1291 2143 sui,
1326 2075 1491 2147 iudex
1520 2074 1612 2129 ille
1651 2073 1956 2146 iniquitatis
1985 2073 2252 2130 auditioni

658 2193 771 2234 sua:
827 2177 1135 2239 advocans,
1185 2180 1310 2244 post
1371 2172 1611 2244 agnitam
1658 2168 1776 2240 ejus
1834 2169 2250 2225 invictissimam

656 2267 1049 2340 professionem
1068 2307 1082 2333 ,
1111 2282 1215 2338 qua
1244 2266 1422 2336 ipsum
1443 2264 1682 2334 judicem
1710 2263 1912 2320 ChriSti
1939 2263 2133 2319 ancilla
2156 2262 2253 2319 de-

656 2368 887 2427 notans,
918 2360 1288 2416 adversarium
1313 2357 1439 2414 ﬁdei
1464 2357 1734 2428 intrepida
1772 2356 2134 2427 responsione
2157 2356 2254 2410 de-

653 2455 815 2528 iecit,
872 2455 925 2508 in
970 2467 1247 2509 carcerem
1279 2467 1401 2509 eam
1437 2450 1602 2520 jussit
1640 2449 1862 2506 reverti.
1906 2448 2252 2519 Quapropter

653 2549 926 2617 claustra,
956 2548 1154 2619 quibus
1181 2546 1583 2613 detinebantur,
1622 2561 1723 2619 ego
1772 2544 2248 2616 appropinquans,

653 2657 775 2714 qutc
811 2640 1014 2711 judicis
1055 2640 1125 2696 ad
1162 2655 1283 2696 eam
1322 2639 1679 2713 interrogatio
1707 2638 1900 2704 fuerit,
1929 2637 2016 2693 vel
2040 2652 2161 2708 qua:
2180 2638 2252 2693 ad

649 2730 888 2802 iudicem
940 2730 1224 2802 responsio
1257 2730 1377 2801 ejus
1420 2729 1726 2796 exstiterit,
1765 2729 2041 2785 dominam
2072 2742 2250 2783 meam

652 2823 934 2880 humiliter
958 2823 1268 2879 sciscitatus
1292 2837 1433 2877 sum.

719 2919 775 2976 2.
803 2919 897 2974 llla
924 2933 1054 2975 vero
1072 2959 1087 2984 ,
1110 2927 1171 2973 ut
1193 2925 1312 2974 erat
1332 2916 1577 2989 angelico
1604 2916 1860 2973 decorata
1888 2924 2112 2987 aspectu
2135 2915 2212 2987 (1)
2230 2955 2247 2982 ,

650 3027 900 3083 supernae
928 3010 1195 3067 claritatis
1239 3011 1415 3083 gratia
1460 3010 1706 3082 fulgens,
1753 3009 1913 3066 hilari
1942 3009 2126 3075 vultu,
2152 3021 2251 3064 ore

648 3101 874 3173 pudico,
893 3101 1006 3173 jam
1027 3101 1183 3172 quasi
1206 3100 1528 3172 quibusdam
1554 3100 1795 3157 cmlestis
1814 3101 2007 3171 patriae
2035 3099 2249 3172 gaudiis

648 3197 932 3268 vegetata,
966 3195 1253 3252 subridens
1292 3194 1476 3250 retulit
1518 3194 1651 3249 mihi
1682 3210 1698 3248 :
1737 3213 1756 3247 ι
1794 3196 1931 3250 Dum
1962 3193 2122 3249 hodie
2150 3192 2244 3262 ju-

2360 1973 2630 2030 misimus.
2685 1974 2753 2030 Et
2797 1975 2927 2046 quia
2967 1977 3350 2033 universorum
3406 1993 3523 2049 spes
3562 1996 3653 2035 non
3688 1979 3835 2050 perfun-

2359 2065 2532 2122 ctorie
2580 2067 2635 2122 in
2678 2081 2868 2124 earum
2908 2069 3119 2125 meritis
3148 2069 3415 2126 collocata
3451 2078 3556 2139 est,
3580 2072 3704 2138 ideo,
3735 2071 3836 2127 sicuti

2356 2159 2615 2227 cernitis,
2674 2156 2866 2218 favens
2916 2160 3166 2219 Christus
3220 2164 3529 2221 earumdem
3578 2164 3765 2221 victoriis
3801 2172 3835 2219 et

2355 2246 2756 2306 interventibus
2782 2250 3069 2323 gloriosis,
3112 2261 3241 2325 post
3287 2261 3499 2310 sextum
3526 2252 3650 2312 diem
3678 2252 3837 2325 quoii}:

2356 2351 2632 2398 coronatae
2661 2351 2817 2411 sunt,
2849 2359 2951 2401 nos
2979 2346 3216 2403 vinculis
3266 2346 3525 2414 absolvit,
3568 2357 3616 2403 et
3656 2346 3834 2403 carcerali

2355 2436 2596 2492 claustro
2615 2438 2838 2493 exemit.
2864 2435 3002 2493 Nam
3022 2449 3080 2495 et
3098 2439 3425 2510 quibusdam
3448 2438 3745 2494 familiaribus
3758 2438 3833 2501 hoc,

2356 2537 2651 2601 antequam
2670 2539 3008 2602 paterentur,
3024 2533 3393 2590 condixeruht
3407 2534 3671 2599 sororibus,
3687 2542 3731 2586 ut
3742 2544 3832 2591 mox,

2356 2631 2643 2695 postquam
2686 2622 2907 2682 Christo
2956 2627 3272 2683 coronatori
3322 2634 3421 2683 suo
3460 2625 3753 2689 militemut.
3774 2634 3834 2692 Ρη)

2354 2723 2545 2771 nostra
2570 2715 2897 2773 liberatione
2922 2716 3343 2774 intervenirent.
3386 2718 3455 2773 Et
3493 2717 3565 2773 sic
3586 2714 3752 2785 quidem
3770 2710 3835 2767 illa

2353 2817 2549 2866 octavo
2590 2808 2864 2867 Kalendas
2907 2810 3229 2868 Decembris
3272 2810 3540 2883 explentes
3579 2806 3834 2879 martyrium

2354 2916 2455 2957 nos
2486 2903 2648 2959 tertio
2679 2902 2999 2960 earumdem
3029 2892 3402 2960 Kalendarum
3430 2903 3539 2959 sole
3562 2900 3832 2958 dimittimur:

2353 2992 2770 3063 magniﬁcantes
2791 3002 2848 3051 et
2871 2994 3263 3052 benedicentes
3284 3006 3478 3051 nomen
3504 2992 3591 3048 Dei
3606 2987 3832 3055 nostri,qui

2355 3085 2685 3140 confortavit
2727 3086 2781 3141 in
2812 3086 3114 3142 certamine
3141 3096 3366 3141 sanctas
3394 3085 3613 3157 virgines
3632 3095 3730 3137 suas
3758 3076 3835 3132 Flo-

2355 3192 2473 3231 ram
2508 3185 2563 3231 et
2587 3175 2811 3233 Mariam
2831 3218 2849 3244 ,
2878 3185 2935 3233 et
2960 3177 3244 3243 vicerunt;
3276 3190 3482 3248 nosque
3505 3188 3593 3247 per
3616 3173 3740 3243 digna
3763 3167 3835 3221 illa-

648 3255 754 3344 dicvi
786 3255 1167 3360 prmsentarer,
1199 3295 1519 3358 praeceptor,
1550 3294 1765 3342 astante
1812 3286 1954 3341 haud
1993 3255 2183 3357 procul
2211 3301 2243 3341 e
2270 3255 2318 3319 Ο
2350 3285 2471 3325 νυοὶ
2498 3270 2696 3360 merita
2720 3269 2977 3360 liberat/it,
3000 3271 3056 3325 in
3084 3286 3252 3342 pace,
3291 3271 3384 3342 qui
3418 3278 3502 3327 est
3538 3266 3782 3325 benedictus
3798 3262 3833 3315 in

647 3387 840 3436 contra
869 3378 1045 3450 fratre
1066 3394 1188 3435 meo
1206 3420 1222 3446 ,
1253 3378 1344 3435 illo
1370 3379 1690 3434 adversario
1719 3378 1843 3433 ﬁdei
1884 3387 2087 3434 nostrae
2105 3419 2121 3445 ,
2147 3394 2242 3435 cu-

642 3470 732 3542 ius
774 3472 1153 3543 persecutione
1203 3471 1258 3527 in
1312 3471 1456 3526 hunc
1504 3469 1680 3525 lacum
1727 3468 1936 3535 decidi,
1965 3469 2239 3540 exquisita

646 3576 769 3618 sum
823 3571 1009 3618 utrum
1055 3577 1180 3619 eum
1235 3575 1608 3633 agnoscerem.
1655 3560 1825 3628 Quem
1865 3574 1966 3633 ego
2014 3558 2237 3617 fratrem

644 3670 829 3711 meum
858 3670 980 3712 esse
1013 3652 1288 3711 carnalem
1318 3651 1603 3725 proferens
1643 3670 1656 3705 :
1698 3650 1909 3719 Quare,
1953 3653 2130 3723 inquit
2153 3652 2242 3721 ju-

645 3744 775 3809 dex,
821 3746 926 3801 iste
970 3745 1148 3801 cultor
1173 3744 1299 3799 ﬁdei
1346 3753 1547 3798 nostrae
1574 3742 1996 3812 probatissimus
2020 3752 2237 3808 manet,

645 3844 704 3893 et
751 3844 810 3890 tu
854 3836 1138 3891 Christum
1171 3833 1479 3907 proﬁteris?
1507 3833 1781 3904 Respondi
1817 3851 1829 3887 :
1868 3832 2006 3889 Ante
2053 3843 2241 3889 octen-

644 3925 795 3981 nium
819 3967 833 3992 ,
856 3940 891 3981 o
907 3925 1073 3997 iudex
1090 3965 1104 3988 ,
1132 3933 1188 3981 et
1211 3939 1311 3997 ego
1335 3924 1576 3979 tenebris
1607 3924 1927 3995 ignorantiae
1946 3934 2234 3996 occupata,

645 4017 892 4089 paternis
924 4015 1135 4087 legibus
1179 4017 1458 4083 serviens,
1489 4017 1758 4088 gentilitio
1799 4015 2105 4074 famulabar
2151 4033 2239 4075 er-

648 4109 783 4164 rori.
814 4106 955 4176 Sed,
988 4107 1327 4167 illuminante
1347 4124 1436 4166 me
1462 4110 1685 4180 pietatis
1715 4120 1939 4167 auctore
1958 4152 1973 4178 ,
2005 4111 2144 4183 elegi
2174 4112 2263 4193 ﬁ-t

647 4201 772 4258 dem
800 4199 1231 4258 Christianorum
1251 4243 1266 4269 ,
1294 4211 1523 4273 propter
1546 4217 1708 4274 quam
1736 4213 1952 4260 certare
1991 4205 2236 4277 disposui

648 4308 826 4365 usque
853 4295 922 4350 ad
964 4295 1193 4351 obitum.
1240 4296 1307 4351 Et
1359 4311 1482 4368 quae
1510 4306 1624 4363 est,
1655 4295 2015 4368 inquitjudex
2035 4339 2049 4365 ,
2075 4298 2237 4355 hodie

646 4388 915 4444 sententia
946 4396 1037 4443 tua
1056 4428 1072 4455 ,
1105 4388 1160 4444 in
1193 4388 1324 4444 illud
1350 4388 1495 4459 quod
1537 4390 1738 4444 dudum
1766 4404 1954 4445 coram
1995 4404 2083 4448 me
2104 4402 2233 4462 pro-

646 4479 793 4538 fessa
816 4482 912 4535 es?
933 4478 1422 4550 Exprobrationem
1446 4479 1700 4536 videlicet
1725 4480 1809 4536 sui
1837 4481 1976 4538 vatis
2012 4482 2233 4539 abstru-

646 4574 725 4631 sis
752 4571 1271 4645 interrogationibus
1295 4572 1640 4642 exprimens,
1671 4588 1781 4644 qua
1818 4573 1995 4645 ipsum
2041 4584 2233 4632 aucto-

645 4678 763 4721 rem
794 4671 960 4721 sectae
1004 4662 1381 4733 perversitatis
1426 4663 1555 4719 olim
1586 4674 1768 4723 amota
1814 4665 2104 4724 formidine
2148 4669 2236 4725 de-

2349 3358 2549 3416 saecula
2574 3360 2923 3418 saeculorum.
2952 3359 3153 3417 Amen.

2924 3472 3267 3531 EPISTOLA
3306 3473 3371 3529 ll.

2845 3581 2915 3622 AD
2950 3578 3440 3623 βλιυεαοτιιοηι.

2350 3658 2557 3715 Narrat
2590 3660 2977 3731 Batdegothoni
3005 3659 3189 3717 Flora:
3236 3660 3433 3717 sororis
3466 3654 3742 3731 martyrium
3766 3646 3833 3705 ἀπ

2672 3730 2955 3804 gulamque
2990 3733 3110 3804 ejus
3144 3733 3194 3788 ei
3224 3732 3527 3815 transmittit
3548 3730 3593 3782 ι.

2418 3842 2690 3900 Εοιοριυε
2747 3858 2938 3899 servus
2983 3843 3188 3900 Christi
3234 3844 3559 3901 charissima:
3597 3840 3642 3895 in
3679 3822 3833 3892 Domini!

2343 3932 2470 3990 Jesu
2502 3934 2722 3991 Christo
2756 3935 2934 3990 sorori
2983 3944 3187 3992 nostra:
3235 3934 3628 3992 BsLneco'rnom
3663 3925 3833 3984 salutem.

2415 4027 2616 4085 Notum
2655 4028 2751 4085 tibi
2790 4029 2884 4095 sit,
2910 4030 3134 4086 doniina
3175 4044 3357 4094 soror,
3387 4029 3510 4100 quia
3537 4012 3836 4081 consummavit

2344 4120 2671 4191 martyrium
2699 4135 2859 4176 suum
2890 4121 2945 4176 in
2969 4136 3104 4192 pace
3136 4121 3357 4177 domina
3384 4128 3440 4177 et
3464 4112 3749 4175 sanctissima
3771 4119 3832 4175 pa—

2338 4210 2503 4267 trona
2543 4219 2731 4266 nostra
2764 4226 2922 4268 soror
2956 4220 3048 4268 tua
3095 4206 3258 4268 Flora
3302 4220 3491 4269 octavo
3527 4202 3745 4263 Kalendas
3770 4197 3834 4252 De-

2342 4301 2595 4368 cembris,
2614 4302 2703 4358 die
2724 4302 2884 4357 tertia
2909 4300 3070 4370 feria,
3102 4303 3237 4359 hora
3263 4318 3426 4368 nona,
3453 4315 3552 4356 una
3577 4294 3741 4368 pariter
3753 4298 3833 4343 enim

2338 4395 2599 4451 consocia
2621 4408 2719 4451 sua
2747 4396 2909 4452 beata
2932 4395 3102 4451 Maria
3126 4394 3494 4453 Cuteclarensi
3518 4388 3723 4459 religiosa
3741 4383 3833 4479 (ηυξ

2342 4486 2488 4542 inter
2514 4487 2634 4543 illos
2652 4488 2863 4558 priores
2883 4496 3154 4561 martyres
3164 4487 3395 4544 fratrem
3415 4488 3466 4543 in
3494 4482 3665 4541 emittm
3687 4485 3834 4547 Prw"

2338 4582 2415 4638 sit
2441 4581 2828 4638 Walabonsum
2867 4580 3205 4653 diaconum),
3227 4583 3616 4652 perseverantes
3644 4570 3688 4625 in
3708 4566 3833 4621 sancti

2340 4672 2680 4744 Professione
2702 4686 2876 4742 usque
2890 4671 2957 4727 ad
2980 4679 3232 4726 mortem.
3251 4670 3398 4735 Inde,
3417 4661 3696 4724 charissima
3712 4661 3831 4711 soror.

646 4768 846 4817 testata
891 4775 1046 4827 sum,
1086 4774 1208 4815 cum
1252 4759 1450 4815 iterum
1486 4776 1518 4816 e
1558 4760 1795 4819 latibulis
1833 4763 1971 4820 meis
2008 4764 2077 4820 ad
2112 4779 2236 4836 pas-
2334 4763 2591 4835 jubemus
2612 4775 2664 4820 te
2686 4772 2834 4819 tanta
2856 4761 3250 4821 consolationis
3268 4777 3371 4833 ope
3391 4756 3638 4816 suffultam
3658 4752 3831 4805 lnam

649 4851 859 4907 sionem
908 4852 1249 4924 regrediens,
1299 4852 1478 4907 forum
1508 4854 1674 4924 petii,
1708 4869 1774 4911 ac
1813 4854 2053 4926 judicent
2103 4856 2233 4911 adii.

648 4941 947 5000 ldentidem
975 4944 1062 5000 aio
1078 4986 1092 5011 ,
1111 4944 1280 5014 iudex
1297 4985 1313 5009 ,
1339 4959 1459 5016 quae
1484 4956 1541 5001 et
1562 4945 1740 5016 primo
1764 4961 1852 5003 me
1873 4955 2235 5018 exponean

646 5036 881 5102 audisti;
903 5045 979 5102 et,
1001 5036 1047 5093 si
1069 5052 1154 5093 me
1177 5038 1354 5094 adhuc
1380 5038 1741 5108 disquisieris,
1767 5038 2072 5111 ingentiora
2092 5040 2239 5111 prio-

646 5129 802 5184 ribus
831 5128 896 5185 de
923 5143 991 5186 eo
1023 5128 1259 5185 referam
1282 5129 1397 5184 tibi.
1429 5129 1602 5196 Tunc,
1628 5128 1834 5186 inﬂatis
1858 5130 2077 5197 buccis,
2118 5139 2236 5188 tur-

646 5223 791 5295 genti
820 5231 1037 5296 gutture
1078 5225 1433 5281 stridentibus
1464 5223 1647 5297 lingua
1678 5225 2022 5281 sermonibus
2048 5225 2117 5281 de
2156 5226 2240 5281 in-

649 5316 811 5370 teritu
839 5330 928 5372 me
954 5318 1292 5373 comminans
1310 5358 1324 5385 ,
1347 5317 1403 5372 in
1424 5315 1939 5389 ergastulumjussit
1960 5318 2179 5375 reverti.
2208 5339 2228 5373 ι

664 5476 673 5483 ἡ
717 5404 771 5460 3.
805 5405 934 5464 Haec
955 5416 1243 5479 postquam
1272 5407 1529 5465 mellitlua
1555 5409 1668 5465 oris
1696 5409 1777 5464 sui
1801 5409 2065 5466 relatione
2098 5410 2234 5466 mihi

649 5494 866 5551 domina
894 5512 1015 5553 mea
1043 5499 1259 5566 retulit,
1288 5499 1469 5555 verbis
1493 5514 1613 5555 eam
1636 5540 1652 5565 ,
1677 5500 1876 5571 quibus
1896 5502 2080 5572 potui,
2109 5515 2239 5557 con-

691 5663 750 5731 O-
772 5649 887 5733 Hoc
908 5651 1161 5733 nimirum
1188 5663 1301 5733 est,
1331 5654 1475 5724 quod
1507 5651 1789 5733 retro‘jam
1821 5653 1874 5733 i_n
1901 5655 2113 5733 ipso_ad
2138 5654 2238 5711 has

651 5721 894 5801 virgines
916 5734 1081 5804 opem
1100 5721 1303 5795 (Schol.
1327 5721 1478 5778 rium.
1499 5724 1556 5796 4)
1603 5721 1998 5780 adnotavimus.
2026 5725 2235 5781 MOBAL.

726 5788 754 5828 ι)
780 5790 913 5843 Cum
960 5806 1072 5859 1am
1123 5794 1302 5847 omnia
1353 5793 1523 5849 fusius
1563 5802 1619 5851 et
1656 5804 1876 5851 narrata
1924 5797 2067 5859 sint,
2099 5794 2239 5851 libro

653 5837 913 5921 seru-366'
933 5837 1328 5926 (ἶιῖἓεῐὶἷιῖξῖι
1353 5837 1619 5919 ἷῐὲἶωῗ
1646 5837 2067 5943 52.3531155521’
2094 5837 2237 5926 gas;

2343 4868 2545 4931 Quanta
2598 4858 2717 4915 sine
2756 4857 2923 4914 dubio
2951 4856 3229 4914 credimus
3256 4856 3380 4911 illas
3404 4855 3540 4910 inter
3569 4836 3834 4931 calicem,“

2341 4930 2624 5006 beatarum
2657 4947 2928 5020 virginum
2972 4948 3170 5005 choros
3214 4946 3500 5004 collocatas
3541 4945 3748 4996 manere.
3778 4930 3832 5021 ις’

2344 5049 2536 5098 nentes
2561 5039 2805 5098 victoria:
2828 5038 3059 5111 palmas,
3079 5038 3324 5110 quotidie
3345 5044 3469 5091 ante

2347 5133 2619 5190 canticum
2646 5147 2845 5189 novum
2883 5140 3189 5197 cantantes,
3221 5141 3383 5201 atque
3415 5126 3664 5198 dicentes:
3688 5112 3830 5178 9⁵8⁸³⁵

2344 5242 2428 5293 es,
2460 5225 2690 5283 Domine
2718 5224 2863 5281 Deus
2892 5232 3105 5290 mter,
3147 5223 3393 5294 accipere
3415 5215 3621 5290 gloriam
3651 5201 3832 5294 θιιιουοζ

2344 5286 2484 5386 rem,
2507 5318 2634 5390 quia
2662 5315 2943 5373 redemisti
2971 5330 3072 5371 nos
3089 5286 3164 5371 vde
3182 5286 3447 5385 potestate
3469 5286 3829 5400 ωιεψῗυξξ

2343 5427 2441 5484 per
2466 5384 2763 5485 gloriosum
2798 5410 3052 5482 martyrii
3090 5416 3349 5480 trepamm
3392 5384 3828 5486 transtulisti-305:“

2340 5473 2569 5577 regnum
2611 5510 2762 5559 tuum
2785 5473 2973 5575 (Apoc:
2999 5516 3057 5569 v,
3111 5499 3145 5557 9
3167 5473 3217 5555 et
3253 5496 3359 5571 10).
3392 5493 3467 5549 Tu
3489 5499 3624 5549 vero,
3660 5473 3829 5533 dim“?

2342 5653 2620 5736 asinam
2645 5653 2850 5736 θεηίιιξῐι
2886 5660 2991 5736 est.
3012 5651 3113 5736 sub
3126 5636 3676 5736 “h9°.!i.‘_"'9_3_1i'.‘.f‘
3694 5608 3826 5736 Ὦῗὲ

2342 5704 2673 5813 sistris;
2684 5704 2996 5796 Erras-Is)
3013 5704 3106 5807 wes?
3126 5704 3679 5813 essemajumgm
3696 5704 3770 5813 ξιξ

2342 5780 2648 5866 utrobique,
2674 5811 2794 5866 quas
2808 5780 3116 5866 necessaria
3144 5780 3707 5866 visa__stlut._édl'f’}f’".i

3134 5835 3637 5923 scbbltis-ib'tiigeret.
3672 5835 3709 5892 Μ
