4094 6346
392 401 500 460 845
1474 434 1485 451 κ
1798 400 1945 456 EPIS

2047 399 2176 455 [ΛΕ.
3538 404 3645 463 846

391 519 551 583 sitm,
585 519 742 574 stude
767 518 933 575 vitam
956 525 1103 574 tuam
1142 518 1320 588 dignis
1345 525 1401 573 et
1428 518 1540 573 Deo
1561 516 1775 588 placitis
1804 517 1968 571 mori—
1994 523 2045 580 Α
2070 517 2186 583 tim,
2236 532 2361 573 cum
2393 532 2492 590 ego
2537 516 2802 589 plorarem
2843 518 3016 593 (Rom.
3063 534 3164 587 xu,
3204 518 3291 587 i5,
3332 530 3390 577 et
3424 520 3489 577 11
3516 521 3644 580 Cor.

391 610 495 667 bus
516 622 803 677 exornare,
829 611 1025 681 quibus
1046 612 1097 665 in
1120 619 1382 667 aeternum
1401 610 1581 665 valeas
1606 625 1727 664 cum
1755 607 1972 662 Christo
2074 625 2153 675 xi,
2181 609 2296 683 29).
2343 609 2587 681 Cumque
2631 625 2718 667 me
2757 626 2865 666 uno
2920 612 3157 669 residere
3197 612 3317 668 loco
3361 615 3643 685 multiplex

387 716 640 773 regnare,
666 711 725 757 et
751 702 1035 757 beatarum
1070 703 1335 774 virginum
1367 701 1655 758 consortiis
1682 700 1967 755 inhaerere.
2073 700 2225 756 dolor
2254 716 2359 757 non
2398 701 2617 766 sineret,
2647 700 2817 757 libuit.
2843 701 2976 758 mihi
3006 702 3121 760 loca
3153 703 3378 759 visitare
3426 719 3646 763 sancto-

387 791 468 850 De
511 802 709 850 caetero
741 794 1037 850 direximus
1081 795 1174 850 tibi
1213 809 1312 864 pro
1348 793 1607 849 memoria
1648 791 1969 849 venerabilis
2072 806 2213 857 rum,
2264 807 2369 863 quo
2441 792 2709 864 dejectum
2766 792 2993 851 summis
3032 795 3355 851 maeroribus
3404 796 3644 854 animum

387 886 593 941 sororis
624 894 731 941 tuae
757 885 929 941 Florae
956 885 1247 957 cingulum,
1279 900 1386 956 quo
1428 884 1518 940 illa
1540 885 1595 939 in
1632 898 1851 940 carcere
1872 898 1968 939 usa
2068 883 2389 941 relevarem.

385 985 491 1032 est.
536 975 667 1033 Vale
706 978 762 1032 in
800 978 1050 1044 Domino,
1075 985 1132 1033 et
1154 991 1253 1034 ora
1284 993 1385 1049 pro
1427 976 1605 1043 nobis,
1650 975 1966 1032 charissima
2136 978 2193 1033 2.
2218 979 2284 1034 Et
2313 980 2544 1034 maxime
2567 979 2721 1035 libuit
2749 980 2897 1037 adire
2924 979 3068 1037 beati
3100 981 3376 1038 Zachariae
3404 994 3642 1056 ascyste-

382 1083 561 1126 soror.
2066 1074 2231 1141 rium,
2256 1086 2279 1114 ο
2309 1075 2452 1145 quod
2475 1077 2638 1131 situm
2655 1075 2723 1131 ad
2745 1075 2953 1131 radices
2976 1076 3237 1132 montium
3259 1075 3639 1148 Pyrenaeorum

938 1163 1273 1221 EPISTOLA
1310 1163 1398 1219 IlI.
1942 1164 2009 1182 ‘
2062 1164 2121 1221 in
2150 1163 2388 1235 praefatae
2417 1165 2602 1221 Galliae
2629 1165 2884 1236 portariis
2915 1164 3010 1238 (7),
3045 1165 3241 1237 quibus
3285 1165 3497 1239 Aragus
3533 1167 3636 1223 ilu-

525 1270 596 1313 Δυ
635 1272 991 1313 WILIESINDUI
1029 1273 1321 1314 EPISCOPUII
1362 1272 1815 1314 PAIPILONENSEI.

382 1364 516 1444 Cum
536 1371 591 1444 in
620 1369 847 1444 Galliam
864 1371 960 1426 iter
979 1373 1127 1444 diras
1149 1371 1401 1443 Eulogius
1422 1373 1657 1444 faceret,_
1663 1375 1805 1444 apud
1823 1375 1961 1430 hunc

451 1442 747 1514 Antistitem
776 1442 947 1512 fuerat
981 1442 1301 1514 diversatus,’
1336 1445 1427 1514 qui
1454 1444 1589 1497 beati
1613 1442 1767 1514 Zoyli
1819 1461 1961 1499 mar-

450 1512 582 1583 tyris
609 1511 1041 1585 Cordubensisab
1060 1530 1119 1568 eo
1148 1511 1392 1585 reliquias
1423 1514 1657 1585 petierat.
1686 1511 1818 1585 Ejus
1847 1532 1958 1571 suae

374 1574 391 1587 κ
450 1531 582 1583 tym
609 1531 954 1567 uorauoensts
978 1531 1041 1566 ao
1060 1531 1119 1568 eo
1148 1531 1392 1638 reuqmas
1423 1531 1657 1585 petierat.
1686 1531 1818 1585 ejus
1847 1532 1957 1571 suae

448 1582 881 1657 peregrinationis
923 1584 1194 1657 historiam
1262 1586 1330 1638 tic
1381 1595 1613 1639 retexens
1631 1625 1645 1647 ,
1679 1584 1957 1657 reliquias

453 1652 605 1724 Zoyli
665 1662 713 1707 et
786 1653 976 1707 Acisrli
1024 1655 1179 1707 etiam
1228 1656 1554 1719 transmittit,
1605 1652 1952 1722 calamitates,

445 1740 578 1795 quas
603 1723 950 1799 Gordubensis
978 1726 1264 1795 perpetitur
1287 1725 1548 1791 Ecclesia,
1568 1725 1955 1799 multorumque

446 1795 701 1866 martyrio
729 1810 994 1850 recensens
1030 1807 1077 1849 ⁸.
1832 1835 1837 1841 -

2062 1269 2185 1309 men
2212 1255 2414 1322 oriens,
2462 1255 2649 1325 rapido
2687 1270 2851 1310 cursu
2898 1253 3149 1311 Seburim
3187 1262 3239 1312 et
3270 1254 3638 1327 Pampilonam

2060 1345 2317 1422 irrigans,
2344 1347 2489 1402 amni
2519 1347 2790 1405 Cantabro
2832 1348 3165 1417 infunditur;
3199 1350 3343 1421 quod
3386 1349 3637 1406 famosis-

2059 1438 2215 1495 simis
2256 1439 2311 1494 in
2356 1439 2746 1495 exercitatione
2794 1440 3059 1511 regularis
3107 1440 3403 1510 disciplina:
3446 1440 3638 1496 studiis

2059 1530 2390 1598 decoratum,
2434 1539 2545 1587 toto
2587 1530 2888 1602 refulgebat
2932 1531 3178 1587 occiduo.
3213 1530 3319 1586 Sed
3352 1540 3427 1597 tu,
3459 1541 3634 1604 pater,

2048 1622 2208 1697 juvas
2272 1624 2635 1691 anhelantem,
2695 1632 2753 1679 et
2810 1622 3036 1679 salutari
3101 1623 3347 1679 consultu
3410 1623 3636 1679 instruis

2052 1714 2363 1782 abeuntem,
2407 1716 2604 1786 pioque
2646 1714 2871 1770 fratrum
2913 1716 3175 1772 comitatu
3212 1714 3363 1772 foves
3406 1730 3634 1788 pergen-

2054 1814 2187 1861 tem.
2210 1804 2369 1861 Prius
2394 1812 2575 1860 autem
2604 1819 2765 1875 quam
2792 1805 2861 1860 ad
2904 1804 3152 1861 eumdem
3182 1804 3359 1860 locum
3412 1807 3634 1861 accede-

444 1912 901 1968 Reverentissimo
938 1920 996 1967 et
1031 1913 1374 1969 sanctissimo
1420 1912 1515 1968 Dei
1560 1914 1834 1980 ministro,
1859 1916 1945 1971 do-

2053 1911 2192 1963 rem,
2238 1896 2419 1968 plures
2449 1895 2589 1966 apud
2620 1895 2696 1968 (8)
2726 1894 3031 1966 Legerense
3060 1897 3450 1952 monasterium
3479 1912 3631 1954 cont—

372 2004 523 2061 ιιιίηο
564 2014 621 2061 et
664 2005 810 2060 Patri
856 2018 977 2060 meo
1007 2002 1345 2062 Wtussmoo
1395 2006 1494 2077 (i),
1524 2006 1953 2078 Pampilonensis

366 2097 518 2153 'sedis
538 2096 822 2168 Episcopo,
847 2095 1118 2152 Eunomus
1152 2098 1440 2168 presbyter
1461 2096 1712 2154 salutem.

442 2190 494 2244 1.
538 2188 695 2253 Olbn,
722 2189 799 2261 (‘2)
820 2188 1133 2244 beatissime
1155 2203 1314 2259 papa,
1339 2204 1460 2244 cum
1480 2188 1599 2244 dira
1629 2190 1807 2245 δευουιί
1844 2189 1952 2245 for-

371 2288 525 2347 tuna,
550 2296 673 2352 quae
694 2280 891 2336 fratres
918 2295 1069 2336 meos
1087 2280 1343 2336 Alvarum
1374 2290 1431 2337 et
1458 2281 1724 2337 lsidorum
1749 2298 1781 2338 a
1802 2283 1951 2352 geni-

369 2371 591 2428 talisolo
604 2372 1045 2441 abducens,pene
1062 2371 1119 2426 in
1147 2372 1431 2427 ulteriores
1457 2371 1675 2444 Togatse
1699 2372 1887 2429 Galliae
1919 2374 1949 2413 δ

367 2474 554 2535 partes
582 2464 720 2534 apud
743 2463 818 2535 (3)
840 2463 1193 2519 Hludovicum
1218 2478 1397 2535 regem
1419 2462 1681 2533 Bajoarite
1699 2465 1950 2520 exsulare

368 2552 528 2621 facit;
554 2566 679 2610 eum
709 2566 796 2609 me
829 2554 991 2609 etiam
1022 2565 1247 2625 propter
1280 2570 1376 2610 eos
1405 2556 1648 2612 diversas
1683 2557 1833 2612 adire
1864 2572 1950 2612 re-

367 2647 579 2719 giones,
609 2652 664 2701 et
684 2644 864 2716 ignota
888 2653 1049 2715 atque
1074 2645 1345 2701 laboriosa
1374 2645 1569 2700 itinera
1601 2646 1783 2702 subire
1807 2663 1949 2703 com-

362 2735 593 2808 pelleret
651 2737 947 2807 (quoniam
998 2736 1199 2807 stipata
1253 2737 1597 2808 praedonibus
1638 2738 1744 2803 via,
1786 2737 1863 2809 (4)
1892 2748 1950 2794 et

365 2824 623 2882 funeroso
646 2827 918 2898 quondam
950 2826 1241 2882 Wilihelmi
1268 2833 1380 2883 tota
1405 2825 1601 2884 Gothia
1634 2830 1947 2898 perturbata

364 2926 487 2974 erat
516 2919 756 2984 incursu,
785 2917 876 2989 qui
908 2920 1194 2973 adversum
1231 2918 1482 2974 Carolum
1512 2933 1691 2990 regem
1713 2919 1947 2976 Franco-

362 3024 485 3065 rum
531 3024 599 3066 eo
655 3017 894 3080 tempore
950 3010 1153 3066 auxilio
1201 3010 1373 3067 fretus
1419 3011 1947 3084 Habdarraghmanis

362 3103 510 3176 regis
532 3104 796 3168 Arabum,
824 3103 1162 3175 tyrannidem
1193 3118 1379 3175 agens,
1411 3105 1555 3160 invia
1585 3113 1641 3161 et
1670 3105 1946 3163 inadibilis

360 3202 558 3252 cuncta
581 3181 927 3280 reddiderat)
964 3196 1030 3250 ad
1056 3204 1241 3266 partes
1283 3195 1725 3266 Pampilonenses
1765 3197 1948 3255 diver-

2052 2006 2275 2049 morans
2300 1991 2437 2058 dies,
2472 1991 2774 2061 praecipuos
2802 1990 2857 2046 in
2889 1990 2985 2046 Dei
3014 1991 3206 2045 timore
3245 1991 3393 2045 viros
3430 1989 3629 2046 ibidem

2050 2098 2276 2140 manere
2316 2084 2563 2155 cognovi.
2619 2083 2823 2140 Deinde
2854 2083 2962 2138 alia
3006 2092 3170 2154 atque
3212 2082 3316 2138 alia
3351 2081 3469 2138 loca
3509 2097 3635 2152 per-

2051 2190 2264 2246 agrans,
2301 2176 2515 2231 tandem
2542 2175 2723 2231 divino
2744 2190 2969 2231 munere
2997 2176 3065 2230 ad
3092 2174 3225 2229 illud
3270 2173 3415 2244 quod
3438 2173 3634 2245 saepius

2052 2267 2424 2325 desiderabam
2462 2267 2686 2339 perveni
2730 2267 3059 2323 ctenohium.
3090 2266 3333 2322 Praeerat
3363 2265 3559 2336 quippe
3582 2265 3633 2320 ei

2052 2372 2183 2420 tunc
2198 2363 2464 2421 Odoarius
2485 2365 2653 2421 abbas
2673 2364 2723 2431 ἀ,
2745 2380 2970 2420 summa:
2991 2364 3297 2419 sanctitatis
3316 2377 3634 2433 magnaeque

2050 2456 2293 2512 scientiae
2316 2456 2419 2522 vir,
2449 2455 2564 2526 qui,
2601 2455 2739 2511 ultra
2765 2470 2929 2525 quam
2957 2455 3145 2510 referri
3176 2462 3372 2525 potest,
3400 2469 3499 2509 nos
3547 2453 3631 2509 di-

2048 2564 2151 2620 gne
2176 2549 2496 2619 suscipiens,
2523 2564 2738 2605 omnem
2766 2563 2894 2618 erga
2929 2563 3027 2604 nos
3058 2548 3451 2604 humanitatem
3479 2546 3633 2603 exhi-
3696 2552 3703 2567 ‘

2047 2642 2166 2697 buit

2117 2734 2171 2790 5.
2208 2734 2266 2789 In
2313 2734 2405 2789 illo
2447 2734 2646 2790 etenim
2691 2733 2862 2790 beatae
2902 2732 3339 2806 congregationis
3381 2730 3630 2803 collegio,

2046 2828 2191 2899 quod
2221 2839 2245 2867 ο
2273 2842 2411 2900 pene
2431 2827 2799 2883 centenarium
2821 2840 3107 2882 numerum
3128 2823 3442 2891 excedebat,
3466 2822 3632 2879 veluti

2047 2918 2227 2975 sidera
2250 2916 2505 2984 cteli,alii
2524 2916 2743 2988 quidem
2770 2917 2868 2981 sic,
2900 2917 3085 2973 caeteri
3108 2931 3239 2970 vero
3265 2915 3369 2982 sic,
3398 2914 3632 2971 diversis

2047 3011 2364 3067 meritorum
2395 3011 2685 3067 virtutibus
2725 3010 3053 3066 emicabant.
3095 3008 3354 3066 Florebat
3396 3009 3451 3065 in
3494 3023 3634 3066 non-
3674 3019 3686 3029 ’

2044 3100 2209 3158 nullis
2240 3099 2479 3173 perfecta
2501 3102 2742 3157 charitas
2775 3100 2999 3167 Christi,
3030 3100 3152 3172 quai
3178 3101 3312 3157 foris
3354 3101 3522 3157 mittit
3565 3101 3635 3157 ti-

2044 3209 2289 3261 morem;
2321 3194 2609 3265 plerosque
2630 3194 2741 3250 alto
2763 3195 2998 3252 culmine
3011 3194 3308 3251 extollebat
3329 3194 3629 3261 humilitas,

359 3302 477 3355 sus,
517 3292 830 3357 putaveram
877 3302 963 3343 me
999 3288 1123 3343 inde
1162 3287 1271 3344 cito
1310 3289 1683 3359 migraturum.
1712 3288 1790 3363 (5)
1838 3289 1945 3347 Sed
1973 3281 2021 3347 C
2049 3300 2156 3357 qua
2183 3301 2305 3343 sese
2340 3288 2709 3359 unusquisque
2725 3287 2942 3358 juniore
2965 3286 3190 3343 inferior
3209 3294 3486 3358 reputans,
3513 3286 3633 3341 imi-

356 3378 477 3452 ipsa
507 3380 727 3447 iterum,
762 3392 883 3451 qum
919 3380 1287 3450 Pampilonam
1323 3390 1379 3437 et
1409 3381 1698 3439 Seburicos
1745 3383 1945 3440 limitat

358 3471 531 3531 Gallia
556 3471 797 3537 Comata,
837 3473 891 3526 in
920 3472 1189 3527 excidium
1236 3473 1478 3543 praedicti
1523 3473 1700 3530 Caroli
1747 3486 1940 3531 contu-

357 3564 627 3618 maciores
678 3561 920 3617 cervices
972 3560 1052 3634 (6)
1102 3561 1428 3619 factionibus
1484 3565 1700 3622 comitis
1756 3565 1940 3623 Sancii

358 3652 650 3710 Sanclonis
682 3654 917 3724 erigens,
959 3663 1148 3708 contra
1172 3654 1260 3725 jus
1286 3656 1495 3725 praefati
1540 3656 1802 3729 principis
1842 3673 1940 3715 ve-

357 3743 536 3809 niens,
566 3750 741 3798 totum
762 3741 891 3797 illud
932 3744 1186 3799 obsidens
1217 3744 1337 3807 iter,
1362 3745 1598 3801 immane
1635 3747 1940 3818 periculum

357 3839 788 3896 commeantibus
810 3839 1108 3911 ingerebat.
1146 3838 1224 3895 Eo
1250 3849 1490 3911 tempore
1515 3856 1769 3914 magnam
1806 3844 1938 3900 mihi

356 3930 784 3989 consolationem
813 3932 1095 3988 Beatitudo
1121 3931 1235 3987 Tua
1270 3932 1326 3987 in
1355 3934 1469 4003 ipsa
1503 3935 1939 4006 peregrinatione

356 4025 623 4082 exhibuit.
652 4022 717 4081 Et
742 4040 871 4082 vere
897 4027 1092 4080 summi
1138 4027 1382 4098 magistri
1427 4034 1611 4098 typum
1639 4042 1856 4099 gerens,
1882 4036 1941 4084 et

322 4117 410 4189 Kin
440 4116 675 4173 veritate
723 4117 842 4189 ejus
885 4118 1174 4189 praeceptis
1204 4117 1484 4185 obediens,
1538 4134 1643 4174 non
1681 4119 1939 4177 distulisti

355 4208 594 4278 hospitio
638 4222 923 4273 recreare,
976 4222 1138 4279 quem
1186 4208 1282 4263 tibi
1343 4224 1471 4264 vera
1530 4208 1771 4266 charitas
1808 4211 1937 4269 Iesu

353 4296 557 4355 Christi
588 4300 1083 4365 commendaverat,
1113 4299 1345 4356 dicentis
1376 4318 1390 4355 :
1430 4298 1632 4366 Hospes
1673 4318 1840 4371 nam,
1886 4313 1938 4360 et

355 4389 634 4463 collegistis
661 4407 740 4446 me
762 4390 977 4464 (Matth.
1014 4406 1144 4457 xxv,
1171 4390 1286 4462 55).
1326 4390 1405 4447 Ita
1440 4392 1725 4449 thesauros
1772 4396 1937 4451 meri-

2048 3387 2251 3449 tatores
2295 3387 2692 3451 praeceptorum
2732 3378 2828 3434 Dei
2865 3378 2984 3435 fieri
3011 3380 3429 3435 contendebant.
3478 3376 3631 3432 Multi

2042 3472 2228 3539 etiam,
2258 3487 2382 3528 cum
2405 3479 2589 3528 essent
2614 3486 2844 3543 corpore
2865 3470 3180 3537 imbecilles,
3216 3471 3418 3525 virtute
3446 3477 3628 3524 tamen

2044 3564 2507 3638 magnanimitatis
2545 3565 2785 3631 subnixi,
2816 3564 3174 3621 alacriorihus
3209 3563 3407 3618 animis
3451 3561 3630 3633 injun-

2042 3664 2189 3712 ctum
2222 3656 2551 3712 exercebant
2577 3654 2920 3726 obsequium.
2961 3653 3053 3711 Sic
3088 3669 3305 3726 quoque
3332 3653 3389 3708 in
3417 3652 3628 3726 aliquos

2040 3749 2404 3821 principatum
2450 3764 2609 3804 suum
2636 3748 2944 3805 obedientia
2972 3747 3115 3819 (quae
3159 3746 3401 3801 omnium
3450 3746 3628 3801 virtu-

2044 3851 2156 3895 tum
2201 3840 2456 3911 magistra
2506 3838 2612 3911 est)
2650 3839 2956 3905 vindicans,
2999 3852 3128 3893 suos
3166 3852 3272 3892 non
3317 3836 3628 3908 patiebatur

2040 3944 2387 3990 exsecutores
2428 3933 2797 4005 degenerare;
2849 3933 2945 3990 sed
2991 3929 3152 4005 supra
3198 3930 3343 3987 vires
3398 3932 3624 4003 grandia

2039 4040 2296 4083 exercere
2319 4025 2693 4096 compellebat,
2721 4040 3069 4097 quoscunque
3111 4039 3210 4082 suo
3242 4039 3467 4081 munere
3497 4024 3622 4083 illu-

2039 4126 2329 4177 straverat.
2363 4118 2743 4191 Operabantur
2780 4136 2969 4178 omnes
3000 4121 3280 4188 certatim;
3325 4122 3462 4179 alter
3490 4123 3623 4180 alte-

2040 4229 2161 4271 rum
2208 4214 2478 4282 inritans,
2526 4215 2888 4296 contendebat
2938 4217 3264 4288 praecellere.
3313 4221 3626 4296 Augebatur

2040 4308 2273 4365 invicem
2320 4311 2483 4367 ardor
2524 4310 2770 4382 placendi
2799 4311 2912 4369 Deo
2950 4321 3007 4368 et
3038 4312 3320 4383 fratribus,
3351 4325 3407 4373 et
3450 4334 3622 4376 unus-

2038 4402 2268 4474 quisque
2323 4403 2557 4475 prupria:
2605 4403 2740 4461 artis
2789 4405 3110 4462 industriam
3162 4409 3228 4463 ad
3279 4424 3622 4470 communem

356 4495 533 4544 torum
581 4489 720 4561 apud
770 4500 982 4562 patrem
1030 4491 1083 4545 in
1141 4491 1295 4547 coelis
1356 4490 1621 4549 collocare
1687 4494 1933 4565 studens,
2037 4492 2338 4564 profectum
2384 4494 2740 4551 exercitabat.
2788 4496 3129 4554 Exercebant
3175 4500 3265 4556 alii
3306 4504 3619 4576 peregrino-

351 4579 564 4650 prabes
598 4582 907 4638 necessaria
938 4582 1233 4648 destitutis,
1262 4582 1413 4639 foves
1434 4585 1637 4653 omnia,
1681 4586 1933 4642 universa
1962 4650 2006 4661 ’λ
2041 4595 2160 4635 rum
2193 4588 2248 4636 et
2280 4582 2553 4651 hospitum
2587 4583 2897 4655 diligentius
2933 4601 3142 4655 curam,
3168 4597 3241 4655 et,
3269 4594 3421 4661 quasi
3451 4594 3619 4651 decli-

352 4672 580 4741 tutaris;
606 4673 744 4728 adeo
765 4681 824 4728 ut
850 4673 905 4728 in
932 4673 1025 4728 illo
1062 4673 1257 4729 exsilio
1284 4688 1406 4730 meo
1430 4675 1570 4730 nihil
1612 4650 1808 4747 praeter
1849 4677 1935 4732 af-
1960 4650 2013 4712 Ῑ)
2038 4673 2191 4728 nanti
2231 4650 2449 4729 Christo
2478 4675 2547 4729 ad
2592 4650 2829 4746 hospitia
2873 4691 3083 4745 eorum,
3122 4650 3373 4739 omnibus
3416 4650 3618 4740 adven-

351 4764 653 4836 fectuosarn
689 4765 1099 4838 peregrinorum
1130 4764 1357 4821 fratrum
1385 4776 1440 4821 et
1474 4768 1751 4824 destitutae
1777 4768 1936 4826 fami—
2040 4767 2278 4823 tantibus
2300 4768 2761 4826 obsecundabant.
2792 4770 2926 4827 Cum
2951 4788 3082 4830 vero
3113 4782 3409 4839 totessent,
3442 4776 3620 4833 nullus

348 4854 438 4913 lia:
490 4857 836 4928 praesentiam
890 4857 1246 4927 suspirarem.
1296 4858 1573 4931 Lugebam
1616 4875 1717 4932 ego
1766 4876 1931 4934 saepe,
2038 4873 2403 4925 murmurans,
2459 4875 2620 4916 nemo
2671 4877 2933 4934 arrogans
2980 4864 3259 4922 intererat.
3319 4866 3620 4924 Studebaut

350 4950 448 5006 sed
492 4958 573 5018 tu,
600 4958 780 5020 pater,
806 4949 1024 5006 assidue
1054 4949 1427 5006 consolabaris
1454 4961 1808 5020 maerentem;
1832 4954 1931 5010 ﬂe—
2037 4953 2219 5008 cuncti
2262 4953 2499 5021 silentio,
2534 4962 2809 5026 totamque
2837 4972 2936 5027 per
2964 4968 3174 5015 noctem
3204 4957 3416 5013 furtivis
3442 4962 3619 5029 preci-

346 5039 475 5096 bam
538 5041 791 5108 multum,
845 5041 941 5097 sed
984 5050 1041 5097 tu
1088 5043 1180 5113 pia
1231 5044 1605 5112 compassione
1654 5045 1933 5104 relevabas
2035 5044 2139 5100 bus
2180 5045 2576 5113 incumbentes,
2606 5058 2929 5104 nocturnum
2959 5050 3129 5105 chaos
3172 5049 3416 5122 pervigili
3445 5053 3617 5108 medi-

344 5141 699 5206 prostratum.
730 5133 1171 5205 Quandoquidem
1193 5133 1349 5204 juxta
1376 5135 1690 5207 Apostolum
1715 5152 1926 5195 mecum
2036 5136 2243 5191 talione
2293 5136 2611 5205 vincebant;
2652 5152 2847 5208 magna
2872 5152 2934 5195 se
2975 5138 3458 5219 circumspectione
3496 5143 3611 5199 val-

344 5225 731 5292 iniirmabaris,
762 5242 974 5283 mecum
999 5227 1328 5296 tristabaris,
1350 5226 1751 5301 plangebasque
1771 5231 1928 5288 uber-

2047 5226 2228 5294 lantes,
2262 5242 2330 5282 ne
2356 5227 2657 5285 Psalmistae
2685 5230 3075 5286 denotarentur
3090 5233 3346 5301 oraculis,
3374 5235 3468 5306 qui
3491 5236 3608 5294 ait:

416 5374 687 5467 fj'ljitqlos
720 5380 787 5463 .in
840 5381 971 5467 b‘ac_
1011 5382 1166 5467 etnin
1209 5385 1425 5467 caeteris
1468 5384 1730 5467 epistolis,
1787 5402 1922 5467 que-
2031 5385 2373 5467 madmodum
2410 5386 2670 5454 Romani,
2716 5392 3016 5443 uterentur.
3051 5387 3192 5447 Plin.
3224 5388 3318 5450 lib.
3354 5404 3437 5457 Ill,
3482 5406 3607 5467 cap.

341 5450 772 5531 madmpdqmjn
803 5452 974 5531 veteri
1001 5451 1187 5531 codice
1214 5450 1451 5519 fuerunt,
1491 5450 1824 5531 reliquimus:
1852 5456 1924 5515 Et
2030 5457 2116 5512 14.
2150 5456 2361 5531 Monac.

342 5518 436 5575 hic
620 5520 972 5602 Wiliesilidus
1016 5523 1300 5602 episcopus
1356 5518 1445 5602 est
1491 5518 1644 5602 cujus
1690 5528 1918 5602 multam
2026 5592 2075 5602 μ,
2101 5540 2122 5566 ο
2154 5528 2628 5602 Diximusdehoc
2664 5525 2926 5584 vocabulo
2953 5528 3608 5602 schol.umfat.,|ib.t

342 5591 677 5670 mentionem
721 5591 851 5647 facit
873 5591 1451 5670 _l_i_tigui_Ari§'t:e_regis
1487 5591 1745 5670 diploma,
1774 5601 1919 5669 quod
2026 5592 2277 5670 Mentem,
2306 5616 2360 5653 n.
2397 5600 2452 5654 2.
2482 5598 2691 5670 Monac.

342 5660 401 5746 in
454 5661 817 5746 {Satyrorum
873 5660 1130 5746 Historia.
1163 5660 1464 5746 Garibavus
1515 5660 1807 5746 ajgposuitf
1850 5672 1921 5727 de
2094 5670 2118 5710 ἀ
2163 5660 2301 5746 Sunt
2361 5672 2451 5739 qui
2511 5668 2692 5746 dicunt
2755 5670 2913 5746 hujus
2974 5673 3184 5746 abbatis
3244 5690 3304 5731 se
3356 5678 3603 5746 quaedam

343 5745 455 5820 qu‘o
478 5732 1089 5820 ituNunilonenet‘élodia
1111 5736 1221 5805 jam
1245 5732 1748 5820 dixiinuszﬂonxt...
1776 5732 1786 5737 ⁷
1874 5819 1877 5820 ν
2025 5742 2277 5820 opuscula
2305 5732 2501 5820 excusa
2530 5740 2748 5820 vidisse.
2790 5732 2948 5798 C'erle
2972 5740 3301 5820 Tritbetnius
3321 5732 3437 5820 ejus
3461 5732 3595 5807 inter

405 5802 443 5884 ff
487 5801 772 5884 Cisalpina
804 5804 1001 5884 Gallite
1041 5801 1167 5875 pars
1233 5822 1353 5884 quae
1415 5809 1577 5884 Italize
1631 5810 1917 5884 conjuncta
2026 5801 2318 5884 scriptores
2352 5812 2747 5884 ecclesiasticos
2774 5830 2877 5870 non
2913 5818 3171 5873 meminit.
3207 5801 3278 5873 In.

342 5870 468 5939 fuit,
498 5870 700 5947 Togata
722 5875 842 5931 ideo
869 5870 1166 5941 dicebatur,
1200 5870 1341 5948 quod
1381 5879 1517 5950 togis
1540 5870 1747 5946 incolae,
1793 5896 1920 5951 que-
2096 5893 2119 5919 ο
2139 5870 2365 5949 ’δριιοιη
2398 5883 2539 5938 bene.
