4094 6346
612 360 716 417 847

1706 362 1761 418 S.
1807 361 2087 420 EULOGll
2123 363 2442 422 ARCHIEP.
2486 363 2729 424 TOLET.
3720 377 3801 436 848

611 475 954 532 Dormierunt
982 487 1223 528 somnum
1252 488 1425 540 suum,
1448 484 1494 527 et
1530 472 1659 528 nihil
1686 474 1985 532 invenerunt
2011 476 2182 548 (Psal.
2213 490 2262 545 Α
2289 496 2386 550 per
2434 480 2742 552 Segontiam
2806 481 3075 537 transiens
3121 480 3426 550 civitatem,
3477 483 3532 540 in
3573 500 3666 556 qua
3703 498 3803 548 tunc

613 583 778 633 Lxxv,
805 566 880 637 6).

686 660 742 714 4.
766 659 872 714 Sed
909 657 1037 728 quid
1077 657 1280 712 referre
1307 657 1371 711 de
1400 667 1707 714 sanctorum
1750 661 2037 716 virtutibus
2082 661 2184 715 lin-

613 770 717 828 gua
755 761 931 823 potest
961 751 1220 815 mortalis,
1251 752 1340 821 qui
1365 751 1418 805 in
1453 754 1612 807 terris
1651 755 1810 824 positi
1837 756 2076 827 angelice
2099 758 2191 810 de-

614 850 786 921 gunt?
836 857 890 903 et
944 847 1058 917 qui,
1101 845 1225 901 licet
1277 847 1421 899 inter
1485 847 1728 903 homines
1775 860 2186 916 eonverscntur,

615 939 951 1012 pr0positum
977 953 1103 992 vero
1131 945 1325 1008 gerunt
1366 939 1620 993 coaleste?
1645 939 1777 994 Cum
1826 943 2020 1011 quibus
2061 957 2190 1010 pau-

617 1033 785 1087 lulum
837 1046 1198 1096 commorans,
1245 1047 1366 1085 cum
1421 1033 1487 1085 ab
1535 1033 1614 1088 eis
1657 1033 1758 1088 vell
1795 1050 1845 1088 m
1892 1035 2186 1101 discedere,

620 1138 810 1178 omnes
836 1121 949 1176 solo
980 1129 1263 1190 proruunt,
1301 1137 1398 1190 pro
1438 1137 1495 1176 se
1523 1138 1749 1177 exorare
1789 1124 2105 1192 deposcunt,
2136 1131 2191 1179 et

617 1229 716 1270 cur
769 1222 874 1266 tam
926 1211 1033 1266 cito
1083 1227 1113 1266 a
1154 1227 1238 1265 me
1283 1213 1679 1278 desererentur,
1745 1215 1971 1284 supplici
2033 1230 2190 1284 prece

620 1305 1110 1374 conquerebantur.
1156 1303 1452 1358 Prwstabat
1503 1305 1697 1375 quippe
1744 1315 1869 1361 tunc
1906 1308 2034 1361 mihi
2065 1309 2193 1362 cha-

618 1396 864 1450 ri'ssimus
906 1395 1046 1450 filius
1071 1407 1096 1435 α
1132 1410 1284 1450 meus
1322 1395 1773 1452 Theodemundus
1817 1400 2074 1454 diaconus
2104 1416 2193 1455 co-

619 1489 890 1553 mitatum,
914 1488 1002 1556 qui
1035 1488 1102 1541 ab
1125 1488 1346 1541 exordio
1377 1488 1585 1542 itineris
1632 1490 1733 1542 mei
1782 1507 1813 1544 u
1847 1506 1950 1560 que
1993 1492 2042 1544 in
2071 1492 2192 1546 ulti-

622 1595 768 1634 mum
815 1579 1296 1634 incouvulsibiliter
1337 1581 1686 1634 contubernio
1727 1597 1845 1636 meo
1893 1585 2190 1651 coluerens,

620 1688 830 1728 mecum
862 1673 1024 1726 totius
1050 1672 1359 1726 discrimina
1400 1671 1541 1726 illius
1576 1674 2020 1742 peregrinationis
2061 1692 2191 1729 cnn-

618 1762 764 1818 fecit.
795 1761 1236 1832 Regrcdientibus
1259 1778 1386 1832 ergo
1412 1763 1565 1817 nobis
1587 1766 1826 1833 praebent
1854 1767 2190 1822 sodalitatem

2285 573 2625 642 praesulatum
2651 575 2870 645 gerebat
2897 575 2983 628 vir
3007 574 3458 645 prudentissimus
3485 577 3802 639 Sisemuudus.

2287 666 2373 729 Et,
2397 683 2514 720 cum
2537 668 2604 720 ab
2625 668 2866 721 antistite
2886 667 3247 738 Complutensi
3271 670 3500 725 Venerio
3520 673 3663 743 digne
3679 679 3806 731 susci-

2287 771 2465 826 perer,
2504 757 2613 827 (12)
2645 766 2764 826 post
2788 757 3035 827 quintum
3066 757 3207 812 diem
3233 759 3479 814 Toletum
3513 765 3709 827 reverti,
3737 768 3804 821 ubi

2289 850 2465 903 adhuc
2502 851 2766 920 vigentem
2813 850 3209 905 sanctissimum
3252 865 3439 906 senem
3484 861 3722 918 nostrum,
3748 857 3805 911 ia-

2288 943 2461 1010 culam
2518 941 2751 1012 Spiritus
2805 944 2996 1009 sancti,
3048 953 3104 999 et
3159 944 3433 1000 lucernam
3481 948 3633 1004 totius
3661 950 3806 1022 Hispa-

2289 1033 2390 1087 nize
2416 1033 2526 1104 (15)
2559 1032 2958 1089 Wistremirum
2998 1036 3310 1106 episcopum
3338 1035 3366 1075 τι
3403 1040 3657 1108 comperi.
3692 1042 3806 1109 cujus

2289 1126 2411 1180 vitae
2437 1128 2713 1193 sanctitas,
2747 1137 2916 1182 totum
2944 1129 3130 1184 orbem
3161 1129 3458 1195 illustrans,
3486 1133 3719 1190 hactenus
3744 1139 3808 1192 Iro-

2291 1226 2500 1272 nestate
2523 1234 2728 1272 morum
2753 1220 3021 1290 celsisque
3055 1222 3265 1277 meritis
3293 1223 3612 1278 catholicum
3638 1242 3804 1296 gregem

2293 1307 2512 1362 refovet.
2569 1309 2746 1363 Multis
2790 1312 2927 1380 apud
2961 1327 3082 1366 eum
3121 1313 3312 1368 diebus
3357 1314 3611 1385 degimus,
3634 1318 3806 1389 ejusque

2291 1403 2532 1472 angelico
2565 1405 2920 1458 contubernio
2959 1404 3230 1460 haesimus.

2363 1493 2412 1547 8.
2444 1491 2685 1562 Cumque
2743 1495 2795 1548 in
2842 1495 3058 1548 domum
3109 1511 3195 1550 me
3241 1511 3606 1562 revocassem,
3655 1509 3804 1556 cuncta

2294 1585 2577 1641 incolumia
2611 1585 2821 1654 reperi,
2863 1586 3180 1654 genitricem
3236 1587 3447 1642 scilicet
3497 1590 3806 1661 biuasqueso-

2295 1693 2464 1741 rores,
2514 1688 2569 1730 et
2617 1677 2863 1731 ultimum
2915 1685 3224 1732 nostrorum
3275 1680 3517 1734 omnium
3568 1690 3701 1736 atate
3742 1682 3806 1738 Jo-

2296 1772 2448 1839 seph,
2477 1769 2588 1841 (14)
2637 1785 2794 1839 quem
2843 1785 2984 1824 saeva
3035 1771 3248 1841 tyranni
3282 1771 3580 1841 indignatio
3612 1788 3669 1827 eo
3709 1785 3806 1828 tem-

619 1855 784 1911 abbas
829 1855 915 1909 ille
943 1854 1266 1909 venerabilis
1295 1854 1577 1918 Odoarius,
1625 1865 1679 1910 et
1711 1855 1946 1914 Joannes
1991 1877 2193 1930 priepoo
2224 1858 2264 1916 Β
2294 1877 2422 1932 pore
2473 1879 2500 1915 a
2556 1862 2855 1931 principatu
2907 1860 3194 1930 dejecerat.
3248 1862 3490 1933 Suscipit
3528 1865 3803 1935 peregrinum

619 1949 821 2012 situsb,
874 1964 968 2018 per
1017 1956 1184 2002 totum
1215 1963 1383 2018 usque
1417 1949 1468 2003 in
1515 1965 1796 2018 vesperum
1849 1954 1988 2008 diem
2031 1955 2196 2009 collo—

617 2041 801 2112 quium
833 2041 896 2094 de
924 2040 1120 2095 divinis
1151 2038 1444 2110 Scripturis
1464 2051 1730 2111 gerentes.
1765 2042 1854 2098 Sic
1889 2062 2102 2116 quoque
2127 2047 2196 2102 ab

593 2131 849 2206 invicem
890 2130 1030 2185 datis
1073 2130 1275 2186 osculis
1325 2131 1684 2197 discedentes,
1728 2135 1794 2188 ad
1838 2144 1908 2200 te,
1955 2139 2195 2206 apostole

616 2222 730 2285 Dei,
760 2238 790 2278 e
817 2223 1040 2294 vestigio
1066 2223 1454 2292 repedavimus,
1474 2223 1628 2292 cujus
1653 2224 2026 2281 informatione
2048 2236 2192 2283 tanta

615 2315 836 2370 honoris
883 2313 1287 2370 venerabilitate
1331 2315 1398 2369 ab
1440 2315 1544 2371 illis
1584 2317 1823 2386 patribus
1865 2319 2039 2388 excipi
2085 2335 2196 2375 me-

615 2409 843 2463 ruimus.

685 2499 736 2553 5.
772 2498 944 2568 Igitur
971 2513 1089 2552 cum
1125 2497 1401 2568 proprium
1449 2499 1686 2554 revisere
1716 2515 1927 2566 arvum,
1956 2502 2056 2571 piae
2087 2519 2194 2557 ma-

614 2592 714 2647 tris
740 2592 1012 2646 Elisabeth
1043 2607 1134 2645 seu
1169 2605 1412 2644 sororum
1465 2593 1692 2646 duarum
1738 2594 1904 2648 Niolte
1944 2605 1999 2650 et
2029 2597 2197 2650 Anul-

615 2687 774 2752 lonis,
827 2687 1169 2758 juniorisque
1226 2686 1409 2741 fratris
1454 2687 1650 2758 Joscph
1702 2705 1924 2759 urgerer
1967 2688 2189 2756 affectu;

611 2779 759 2848 cogis
784 2786 840 2832 ut
871 2779 1048 2832 adhuc
1082 2793 1410 2842 reInanv-am,
1465 2795 1564 2835 nec
1607 2780 1740 2834 sinis
1769 2782 1917 2834 abire
1963 2796 2194 2835 [ureren-

611 2881 740 2926 tem.
801 2870 908 2926 Sed
965 2880 1194 2940 utroque
1243 2871 1462 2926 vulnere
1528 2889 1839 2943 percussum
1883 2890 1976 2928 cor
2016 2890 2191 2928 meum

574 2975 665 3042 ⁸ιιι
702 2965 816 3034 jam
884 2965 1084 3018 mederi
1140 2980 1244 3017 non
1294 2972 1532 3032 poteras,
1589 2966 1671 3019 cui
1725 2973 1779 3020 et
1832 2966 2193 3035 peregrinatio

571 3054 838 3134 .fratrutn
897 3064 952 3111 et
1014 3055 1278 3110 dcsolatio
1338 3056 1756 3110 domesticorum
1821 3057 2191 3125 quotidianum

609 3147 905 3203 ati'erebant
933 3147 1248 3202 Iumentum.
1293 3147 1366 3201 Ita
1407 3149 1473 3202 de
1511 3157 1692 3202 nostra
1745 3149 2012 3203 charitale
2061 3164 2193 3203 con-

2297 1970 2453 2008 suum
2486 1954 2739 2008 destituta
2786 1953 3013 2018 familia,
3041 1962 3098 2009 et
3144 1955 3301 2024 quasi
3331 1971 3364 2010 e
3400 1955 3634 2025 sepulcro
3674 1957 3804 2011 susci-

2300 2058 2466 2102 tatum
2502 2048 2808 2102 laetantibus
2849 2047 3044 2102 animis
3083 2049 3282 2116 gaudet
3312 2048 3560 2103 revisisse
3596 2057 3698 2118 post
3723 2048 3806 2101 lon-

2297 2155 2420 2209 gum
2456 2148 2663 2210 tempus
2692 2138 2996 2193 Dominum.
3049 2138 3160 2209 Ego
3193 2154 3327 2194 vero
3379 2154 3582 2209 semper
3624 2140 3668 2193 in
3697 2137 3804 2193 omni

2297 2231 2563 2301 colloquio
2610 2247 2732 2285 meo
2773 2240 2822 2286 te
2853 2239 3062 2301 patrem
3089 2243 3110 2270 ο
3143 2231 3434 2298 extollens,
3479 2246 3670 2302 semper
3707 2231 3806 2286 inter

2294 2323 2585 2381 familiaees
2612 2323 3092 2378 sermocinationes
3118 2332 3264 2378 tuam
3291 2324 3675 2379 beneﬁcentiam
3698 2336 3805 2376 reco-

2296 2415 2429 2477 lens,
2461 2430 2673 2484 semper
2705 2425 2807 2469 tum
2843 2415 3123 2471 charitatis
3151 2413 3407 2471 affectum
3441 2416 3592 2472 corde
3622 2423 3801 2486 gestans,

2297 2507 2494 2560 mentis
2528 2506 2666 2560 ulnis
2702 2507 3019 2575 amplector.

2365 2600 2414 2654 9.
2451 2599 2512 2652 Et
2552 2600 2702 2668 quia,
2756 2599 3122 2653 intercedente
3151 2606 3424 2654 terrarum
3461 2597 3652 2668 prolixa
3689 2609 3804 2665 cape-

2295 2690 2438 2752 dine,
2490 2691 2673 2744 nuiltis
2725 2691 2792 2743 ab
2841 2689 3072 2745 invicem
3126 2691 3472 2762 disparantur
3518 2688 3698 2759 spatiis,
3731 2688 3802 2741 ob-

2295 2791 2469 2836 stante
2490 2797 2699 2851 quoque
2737 2781 2842 2835 alio
2863 2783 3030 2836 chaos
3071 2782 3255 2836 immai
3279 2797 3331 2846 e,
3359 2797 3464 2851 quo
3492 2795 3584 2849 ego
3601 2778 3802 2834 Corduba

2296 2875 2502 2942 positus
2526 2875 2625 2926 sub
2663 2873 2824 2942 impio
2851 2873 3088 2928 Arabum
3119 2888 3334 2942 gemam
3367 2873 3600 2943 imperio,
3641 2887 3717 2925 vos
3735 2886 3800 2923 au-

2299 2973 2402 3016 tem
2457 2963 2765 3033 Pampilona
2817 2963 3008 3029 locati,
3061 2964 3176 3032 (15)
3226 2963 3560 3019 Christicola:
3605 2957 3803 3032 principis

2299 3054 2432 3106 tueri
2455 3055 2734 3108 merennui
2765 3054 3022 3119 dominio,
3045 3056 3134 3124 qui
3167 3070 3386 3124 semper
3414 3056 3549 3110 inter
3568 3069 3618 3108 se
3642 3053 3801 3119 utrique

2297 3145 2443 3215 gravi
2501 3145 2748 3200 conflictu
2804 3156 3098 3210 certantes,
3147 3146 3384 3201 liberum
3447 3143 3801 3202 commeantibus

612 3238 781 3306 fusus,
833 3257 991 3312 rogas
1037 3249 1118 3307 ut,
1157 3239 1460 3295 Cordubam
1513 3249 1782 3309 repetens,
1825 3241 1936 3310 ipse
1961 3241 2036 3313 (9)
2072 3242 2192 3294 reli-
2220 3219 2264 3281 (ἶ
2299 3238 2581 3290 transitum
2619 3247 2853 3306 negant;
2883 3238 3007 3292 inde
3044 3248 3146 3301 est,
3195 3237 3279 3292 vel
3327 3238 3470 3308 quod
3502 3252 3598 3292 non
3617 3233 3799 3288 debitum

611 3332 765 3399 quias
815 3332 906 3385 tibi
958 3331 1128 3384 sancti
1169 3332 1421 3402 martyris
1471 3329 1617 3400 Zoyli
1665 3331 1973 3400 dirigerem,
2006 3342 2060 3386 et
2092 3332 2193 3387 hoc

613 3438 834 3476 munere
879 3421 1316 3491 Pampiloucnses
1370 3421 1594 3492 populos
1650 3403 1994 3475 illustrarem.
2047 3423 2192 3478 Illico

613 3529 699 3568 me
727 3513 1041 3567 satisfacere
1075 3512 1317 3582 petitioni
1357 3521 1459 3566 true
1513 3512 1792 3581 respondi;
1831 3523 1885 3565 et
1935 3511 2090 3581 hujus
2115 3513 2192 3567 rei

609 3606 905 3660 debitorem
938 3621 1020 3658 me
1052 3604 1205 3658 vobis
1233 3619 1353 3658 esse
1385 3603 1437 3657 in
1469 3604 1694 3658 veritate
1729 3605 1972 3674 promisi.

680 3699 732 3753 6.
765 3700 1006 3768 Cumque
1039 3716 1069 3753 a
1099 3699 1253 3753 vobis
1279 3699 1586 3768 egrederer,
1616 3698 1840 3753 festinus
1861 3698 1972 3770 (10)
1994 3699 2194 3755 Caesar-

609 3803 892 3866 augustam
953 3794 1170 3864 perveni
1219 3808 1384 3847 causa
1434 3792 1660 3845 fratrum
1728 3807 2002 3856 meorum,
2056 3809 2191 3862 quos

609 3885 750 3953 vulgi
775 3885 957 3956 opinio
982 3885 1370 3955 negotiatorum
1396 3881 1709 3936 cohortibus
1735 3883 1997 3937 interesse
2022 3898 2193 3952 nuper

613 3973 680 4027 ab
728 3974 1002 4027 ulterioris
1043 3973 1283 4027 Francia:
1311 3983 1332 4010 ε
1365 3972 1568 4042 gremio
1617 3974 1810 4028 ibidc’m
1862 3975 2192 4028 descenden-

612 4066 757 4120 tibus
781 4065 1085 4135 iactitabat.
1132 4064 1351 4126 Deinde,
1385 4063 1500 4116 urbi
1535 4064 1987 4134 appropinquans,
2029 4080 2192 4134 nego-

612 4157 810 4209 tiantes
837 4156 1051 4225 quidem
1077 4156 1272 4224 reperi,
1297 4155 1608 4225 peregrinos
1628 4165 1806 4210 autem
1834 4170 1980 4210 meos
2003 4171 2190 4211 eorum

613 4247 874 4303 relatione
923 4248 1060 4316 apud
1121 4247 1442 4317 Maguntiam
1501 4247 1886 4300 nobilissimam
1933 4248 2191 4318 Bajonrize

612 4341 886 4397 civitatem
927 4339 1200 4393 exsulasse
1245 4337 1493 4408 cognovi.
1531 4338 1593 4390 Et
1642 4353 1827 4390 verum
1879 4337 2043 4392 fuisse
2091 4340 2190 4394 hoc

611 4433 1004 4504 negotiatorqu
1054 4433 1320 4494 ntmtium,
1360 4431 1788 4500 regredientibus
1834 4430 1941 4482 Deo
1980 4431 2190 4484 fautore

610 4523 919 4580 succedenti
976 4531 1213 4593 tempore
1270 4523 1337 4577 ab
1385 4521 1631 4576 interiori
1695 4520 1864 4575 Gallia
1934 4521 2190 4577 fratribus

609 4617 830 4680 nostris,
857 4615 1158 4670 didicimus.

681 4709 733 4763 7.
762 4707 1088 4778 Aliquandiu
1133 4721 1264 4762 vero
1309 4707 1448 4776 apud
1509 4704 1790 4760 Seniorem
1848 4704 2184 4773 Pontificem,

609 4803 700 4872 qui
729 4812 854 4857 tunc
869 4801 1032 4857 rectis
1052 4801 1176 4855 vitae
1203 4800 1442 4855 moribus
1463 4801 1706 4855 eamdem
1730 4802 1917 4855 urbem
1946 4801 2185 4871 regebat,
2235 4833 2238 4836 η

609 4893 917 4958 demorans,
941 4904 1126 4964 postea
1153 4892 1263 4963 (ll)
1304 4891 1642 4961 Complutum
1678 4892 1956 4957 descendi,
1991 4891 2186 4960 raptim

683 5040 712 5097 ξ
741 5027 1065 5096 Spiritaliter
1107 5025 1273 5079 filium
1311 5026 1581 5091 nominat,
1627 5043 1788 5097 quem
1836 5027 1888 5079 in
1935 5023 2182 5092 Christo,

610 5105 669 5151 ut
695 5096 758 5152 D.
789 5097 987 5151 Paulus
1024 5097 1217 5166 inquit,
1251 5107 1536 5166 genuerat;
1569 5096 1840 5160 erudiens,
1871 5097 2187 5166 instituens,

611 5175 665 5222 et
691 5168 756 5220 ad
789 5183 911 5222 eum
945 5164 1114 5236 usque
1140 5164 1418 5237 dignitatis
1451 5167 1501 5220 in
1531 5167 1766 5222 Ecclesia
1797 5164 2023 5236 gradum
2063 5180 2190 5234 pro-

609 5239 831 5291 vehens.
865 5237 1072 5292 MORAL.

687 5308 713 5347 δ
757 5307 934 5362 Nostri
1003 5307 1257 5377 temporis
1322 5307 1649 5362 monasteria
1722 5304 2190 5377 Benedictinauet

611 5375 987 5433 Cisterciensia
1037 5375 1232 5447 praeter
1276 5378 1545 5441 abbatem,
1601 5377 1838 5430 Priorem
1885 5375 2046 5447 etiam
2078 5375 2187 5447 (ita

611 5447 915 5518 appellant)
943 5463 1009 5502 ex
1039 5445 1230 5517 prisco
1258 5463 1353 5502 suo
1390 5447 1642 5518 instituto
1674 5449 1892 5518 trahent.
1929 5445 2190 5500 Hunc'ni-

610 5517 806 5573 mirum
832 5517 1164 5588 priupositum
1194 5527 1348 5588 vocat
1376 5519 1436 5572 D.
1463 5517 1732 5588 Eulogius.
1755 5517 1830 5571 In.

684 5599 706 5626 ο
741 5586 1005 5657 Βοίίιι-ἰωιι
1055 5603 1149 5642 seu
1198 5587 1499 5656 Bajoariatn
1548 5586 1850 5643 Germania:
1893 5587 2187 5657 superioris

647 5665 818 5710 artem
866 5666 1008 5711 recte
1047 5658 1357 5712 ulteriorem
1404 5657 1688 5712 Franciam
1734 5658 2010 5721 nominat;
2059 5673 2185 5712 nam

656 5741 942 5798 raucorum
970 5736 1099 5782 tunc
1120 5737 1174 5781 et
1203 5743 1424 5798 regnum
1445 5739 1499 5782 et
1527 5745 1721 5784 nomen
1749 5729 1814 5782 ad
1836 5727 2183 5798 Germaniam

611 5809 783 5864 usque
812 5796 1053 5850 ultimam
1089 5796 1532 5866 proteridebatur.
1568 5799 1664 5853 Est
1699 5807 1875 5854 autem
1910 5797 2182 5868 Maguntia

2295 3340 2486 3383 vistne
2535 3330 2760 3385 bonitati
2802 3331 3151 3399 dependimus
3201 3329 3538 3393 famulatum,
3585 3326 3656 3381 vel
3699 3321 3800 3393 quod

2296 3437 2398 3474 non
2431 3421 2520 3490 pio
2557 3421 2824 3475 desiderio
2861 3431 3042 3476 vestro
3090 3420 3458 3477 satisfecimus
3501 3421 3551 3474 in
3583 3415 3800 3474 transmis-

2295 3512 2446 3566 sione
2479 3512 2854 3583 reliquiarum,
2890 3527 2987 3566 seu
3015 3513 3139 3582 quia
3164 3529 3272 3566 non
3303 3514 3681 3582 quibuscunque
3704 3505 3798 3559 tales

2296 3615 2578 3676 tantasque
2613 3622 2744 3676 opes
2787 3607 3126 3661 committere
3175 3608 3431 3660 duximus
3477 3614 3653 3659 ratum.
3688 3598 3797 3652 Nunc

2293 3705 2498 3760 autem,
2528 3697 2676 3765 quia,
2713 3696 2821 3750 Deo
2844 3697 3212 3766 dispensante,
3242 3696 3262 3735 ί
3295 3696 3476 3752 Donus
3503 3695 3603 3767 (l6)
3626 3689 3796 3748 Galindo

2294 3787 2586 3842 Enniennis
2629 3789 2694 3842 ad
2740 3790 2953 3859 propria
2989 3804 3256 3853 remeans,
3311 3804 3438 3844 suos
3476 3787 3680 3841 revisere
3700 3781 3796 3834 fines

2292 3887 2545 3948 exoptat,
2570 3894 2668 3949 per
2689 3879 2862 3948 ipsum
2897 3878 3046 3932 vobis
3072 3878 3280 3948 praefati
3324 3878 3568 3948 martyris
3602 3871 3794 3939 reliquias

2293 3970 2696 4024 destinavimus.
2749 3967 2855 4023 Sed
2905 3976 2962 4022 et
3003 3968 3173 4023 sancti
3221 3968 3445 4032 Aciscli,
3480 3979 3602 4035 quas
3629 3978 3654 4015 a
3683 3957 3794 4013 nobis

2292 4075 2396 4114 non
2447 4061 2783 4130 postulastis,
2828 4060 3246 4124 transmisimus,
3303 4069 3364 4115 ut
3418 4074 3508 4114 vos
3558 4049 3794 4126 sponsionis

2291 4160 2482 4204 vestra:
2508 4161 2686 4206 votum
2714 4151 2939 4208 leliciter
2958 4153 3334 4222 adimplentes,
3363 4150 3476 4222 (t7)
3489 4163 3652 4205 eorum
3671 4145 3793 4199 beati!

2292 4244 2568 4298 memoria:
2609 4247 2969 4300 constmendo
2997 4245 3298 4307 basilicam,
3333 4244 3484 4298 nobis
3511 4241 3606 4294 Deo
3634 4237 3792 4290 femore

2290 4346 2509 4405 pr0pter
2552 4336 2689 4388 hanc
2737 4336 3097 4391 obedientiam
3139 4335 3492 4406 patrocinium
3520 4331 3698 4386 illorum
3727 4336 3792 4375 oc-

2291 4435 2474 4480 currat
2502 4428 2566 4479 ad
2605 4427 2838 4490 veniam,
2883 4426 3100 4481 Christo
3142 4426 3296 4480 vobis
3323 4426 3500 4479 omnia
3539 4423 3790 4490 repensaute

2292 4526 2451 4588 atque
2483 4519 2736 4582 donante,
2785 4534 2904 4588 qua:
2949 4518 3002 4571 in
3044 4517 3199 4572 nobis
3230 4519 3437 4588 egiSIis,
3486 4524 3538 4568 et
3575 4525 3675 4579 qua
3697 4517 3789 4570 ενει

2294 4625 2392 4665 nos
2418 4611 2623 4680 operati
2668 4612 2831 4676 estis;
2862 4625 3022 4680 quem
3051 4618 3287 4664 vestrum
3320 4611 3372 4663 in
3418 4622 3512 4661 nos
3544 4603 3654 4658 olim
3674 4593 3788 4652 exhi-

2291 4704 2459 4758 bitum
2501 4719 2604 4758 non
2649 4703 2782 4758 latet
2824 4703 3159 4772 obsequium,
3203 4713 3258 4756 et
3294 4702 3382 4772 pia
3429 4689 3788 4754 remuneratione

2291 4796 2711 4865 centuplicatuin
2760 4795 2914 4850 vobis
2955 4795 3096 4850 valet
3151 4795 3440 4864 rependere
3491 4780 3784 4844 commodum.

2290 4886 2381 4956 qui
2412 4885 2549 4940 dixit
2576 4904 2588 4939 :
2617 4886 2720 4950 Qui
2746 4903 2831 4941 vos
2853 4886 3052 4956 recipit,
3077 4901 3157 4938 me
3188 4884 3400 4954 recipit;
3422 4891 3467 4935 et
3490 4879 3572 4951 qui
3595 4889 3667 4929 vos
3682 4880 3787 4938 δριν-

2291 5022 2569 5077 notissima
2605 5022 2658 5076 in
2687 5020 2973 5077 Germania
2998 5017 3262 5077 superiori
3289 5017 3493 5072 civitas.
3522 5010 3590 5066 In.

2361 5063 3482 5158 ἇ”ἱδ’ὲϊίξὲιῖίέἰιῖ’”ὶςέἱῖιὶἦῗ,”“ἱῑ·ἶὲὶἑέἠιῖ›ἓιειὶηι.
3527 5071 3690 5134 Annal.
3734 5063 3782 5119 ad

2290 5179 2416 5218 ann.
2442 5163 2567 5227 844,
2597 5179 2744 5217 num.
2777 5163 2865 5217 22.

2367 5247 2389 5274 ο
2414 5235 2621 5298 Schot.,
2655 5233 2916 5303 excoleris.
3047 5301 3054 5303 _
3340 5297 3351 5303 ,
3527 5291 3537 5303 .

2370 5304 2388 5342 f
2415 5304 2491 5356 lla
2520 5289 2664 5358 recte
2695 5302 2944 5374 Morales,
2969 5301 3096 5374 quin
3129 5315 3264 5374 opus
3309 5297 3378 5374 sit
3407 5289 3776 5374 corriget?"

2293 5352 3190 5438 Scliotto',it—foriir
3203 5352 3296 5424 seu
3335 5364 3504 5420 damni
3531 5352 3777 5438 appelitli?‘

2291 5460 2415 5500 nem
2447 5430 2543 5514 pro
2565 5444 2763 5496 domini
2811 5443 3143 5514 frequenter‘
3163 5447 3466 5514 usurpatam
3499 5430 3776 5514 neruo

2291 5497 2397 5570 rat.
2447 5497 2673 5568 hliunde
2730 5497 3075 5569 strictissime
3129 5497 3391 5581 loquendo
3441 5497 3774 5581 verberati?

2289 5567 2399 5668 fico
2429 5567 2660 5649 tantum,
2681 5567 2927 5672 PdonLtuus
2945 5597 3127 5672 ρει-ο..

2287 5629 2925 5729 aa.".gg'“;;;;.ia;it;i;'
2945 5629 3539 5729 .iaaui,"j.'i.1.auus.
3563 5629 3769 5729 erat?!

2286 5699 2568 5781 ἰιὶὸὶῖειοῖἦε
2589 5699 3621 5792 Thraciae"Esi"§piid"éiassaritim
3665 5699 3747 5754 can

2287 5810 2534 5868 geanum.
