4094 6346
358 348 467 407 849

1763 347 2142 407 EPISTOLE.

3509 347 3614 407 850

361 467 460 531 uit,
488 483 568 522 me
607 461 801 536 spernit
830 475 919 532 ;et
960 467 1051 538 qui
1090 467 1270 538 recipit
1299 467 1603 538 prophetam
1647 469 1701 521 in
1731 469 1936 522 nomine
1961 471 2016 531 Α
2039 467 2243 537 dentes,
2285 467 2492 521 hostem
2536 464 2661 521 ﬁdei
2704 437 3037 535 repulerunt,
3078 462 3406 524 detestantes
3453 443 3615 541 atque

359 556 644 627 praplietre,
691 555 974 609 mercedem
1015 557 1280 626 propheta:
1328 557 1544 627 accipiet
1572 573 1590 621 ;
1616 567 1663 610 et
1689 558 1778 628 qui
1811 557 1939 610 reci-

357 648 436 719 pit
457 647 663 716 justum
693 647 747 700 in
799 648 1005 702 nomine
1033 647 1190 717 justi,
1231 649 1516 703 mercedem
1563 649 1688 709 iusti
1724 651 1939 719 accipiet

361 737 577 811 (Matth.
602 755 660 804 ι,
685 738 778 803 40,
808 739 921 810 41).
960 737 1163 794 Cuncta
1197 740 1312 803 tibi,
1343 739 1524 804 Pater,
1551 741 1780 809 reposita
1814 749 1940 795 sunt

356 841 548 887 coram
595 831 841 885 Domino.
888 830 1080 886 Omnia
1123 831 1259 902 apud
1280 831 1454 896 illum,
1486 849 1604 901 quae
1655 832 1756 902 piis
1792 831 1940 886 labo-

362 924 513 979 ribus
545 924 648 980 tuis
672 926 964 990 debentur,
992 926 1139 980 salva
1168 934 1220 979 et
1247 924 1534 980 incolumia
1567 931 1938 995 perseverant,

361 1017 670 1084 recipienda
717 1017 784 1071 ab
827 1033 891 1072 eo
937 1025 1181 1088 tempore
1237 1017 1543 1072 necessario
1597 1033 1719 1070 cum
1761 1015 1940 1084 justus

358 1103 522 1162 iudex
577 1108 876 1174 advenerit,
910 1111 1200 1180 unicuique
1259 1111 1484 1165 reddere
1537 1125 1633 1179 pro
1681 1109 1939 1186 qualitate

361 1195 631 1262 laborum,
680 1209 770 1254 aut
814 1203 1092 1271 prmmium
1133 1211 1226 1256 aut
1261 1202 1599 1273 supplicium.

435 1289 522 1342 10.
556 1302 582 1330 ι
627 1291 886 1360 Denique,
940 1293 1250 1347 beatissime
1286 1293 1484 1358 Pater,
1549 1294 1796 1349 nolumus
1847 1309 1943 1349 vos

360 1382 612 1453 ignorare
665 1385 1064 1440 tribulationem
1098 1396 1359 1452 nostram,
1411 1404 1570 1456 quam
1626 1389 1709 1443 his
1752 1387 1942 1443 diebus

360 1485 552 1532 nostro
576 1480 935 1548 praepediente
964 1482 992 1520 ιι
1033 1481 1268 1550 deliquio
1307 1482 1656 1545 sustinemus,
1687 1488 1745 1533 ut
1781 1479 1943 1534 solito

359 1581 462 1622 nos
501 1570 820 1640 propensius
864 1573 1168 1626 orationum
1214 1572 1398 1644 clypeo
1436 1572 1808 1635 defendentes,
1852 1588 1944 1627 ve-

359 1669 486 1716 suae
518 1661 920 1717 intercessionis
965 1664 1331 1734 irrepndiahili
1365 1665 1580 1729 merilo,
1628 1666 1769 1734 quod
1802 1665 1941 1718 mu|~

360 1760 475 1806 tum
505 1753 646 1822 apud
688 1755 967 1809 Dominum
1017 1757 1196 1812 valere
1237 1756 1579 1822 conﬁdimus,
1617 1774 1647 1812 e
1673 1759 1938 1827 profundo

360 1841 643 1898 taediorum
690 1844 994 1917 labyrintho
1036 1848 1150 1903 erui
1195 1864 1516 1903 mereamur.
1565 1849 1774 1903 Etenim
1801 1866 1942 1904 anno
1976 1840 2021 1900 Β

356 1936 632 2004 prmsenti,
680 1937 772 2006 qui
820 1947 904 1992 est
938 1955 1044 1994 tera
1080 1941 1528 2011 octingentesima
1573 1941 1940 2012 octuagesima

363 2042 528 2094 nona,
577 2030 936 2086 exardescens
985 2047 1160 2087 smvus
1205 2033 1460 2087 adversus
1501 2033 1594 2087 Dei
1646 2032 1942 2087 Ecclesium

358 2117 511 2174 furor
540 2123 854 2193 tyrannicus
899 2125 1079 2179 omnia
1127 2125 1406 2187 subvertit,
1448 2135 1642 2181 cuncta
1689 2127 1940 2192 vastavit,

359 2211 610 2266 universa
665 2214 957 2283 dispersit,
1010 2217 1291 2272 retrudens
1345 2232 1565 2272 carcere
1618 2220 1939 2287 episcopos,

359 2304 725 2373 presbyteros,
759 2301 1002 2372 abhates,
1031 2305 1268 2373 Levitas,
1300 2318 1355 2362 et
1384 2323 1596 2363 omnem
1625 2308 1852 2373 clerum,
1886 2315 1942 2362 et

361 2408 714 2466 quoscunque
773 2397 860 2452 illa
920 2408 1239 2469 tempestate
1291 2415 1485 2471 capere
1530 2401 1744 2470 potuit,
1796 2400 1821 2453 l'
1853 2416 1943 2453 rro

362 2486 662 2552 devinctos,
713 2492 866 2561 quasi
914 2502 1155 2548 mortuos
1200 2495 1378 2549 szeculi
1428 2497 1800 2551 subterraneis
1825 2511 1946 2564 spe-

361 2580 534 2634 cubus
567 2581 849 2637 immersit.
891 2583 1032 2639 lnter
1063 2601 1198 2655 quos
1245 2601 1344 2656 ego
1375 2585 1464 2640 ille
1513 2597 1767 2654 peccator
1797 2603 1945 2640 ama-

362 2670 489 2726 bilis
545 2681 725 2727 vester
771 2673 1051 2730 devinctns
1091 2692 1231 2741 sum,
1267 2688 1320 2732 et
1369 2693 1473 2730 una
1515 2677 1715 2746 pariter
1755 2693 1944 2732 onmcs

363 2764 614 2820 horridos
660 2767 1052 2836 ergastulorum
1103 2768 1299 2824 luimus
1343 2768 1642 2838 squalores.
1693 2769 1944 2822 Viduavit

364 2854 661 2910 Ecclesiam
691 2873 847 2913 sacro
885 2859 1207 2924 ministerio,
1251 2861 1482 2929 privavit
1530 2859 1770 2923 oraculo,
1815 2860 1944 2914 alie-

363 2947 518 3000 navit
537 2948 731 3014 ollicio,
765 2959 950 3004 etnon
985 2963 1066 3007 est
1101 2953 1155 3007 in
1195 2954 1298 3007 hoc
1329 2963 1569 3022 tempore
1609 2954 1763 3007 nobis
1791 2953 1940 3006 ohla-

365 3039 462 3103 tio,
495 3055 668 3111 neque
697 3042 1046 3109 sacriﬁcium,
1096 3061 1270 3113 neque
1320 3045 1619 3108 incensum,
1650 3059 1821 3114 neque
1861 3044 1941 3099 lo-

2041 559 2422 614 maledicentes
2447 557 2734 612 nefandum
2749 567 2802 613 et
2825 556 3153 613 scelerosum
3178 560 3413 630 ipsorum
3437 571 3615 620 vatem

2041 648 2339 714 Mahomat;
2369 659 2422 704 et
2447 649 2547 703 hoc
2573 648 2732 703 modo
2761 658 2948 702 contra
2991 664 3112 703 eum
3143 650 3451 708 animosum
3501 655 3618 725 spi-

2041 741 2205 793 ritum
2232 739 2522 808 erigentes,
2557 738 2924 792 teslimonium
2964 739 3302 808 protulerunt
3332 759 3344 794 :
3381 759 3400 792 ι
3425 741 3616 798 Virum

2042 833 2207 898 hunc,
2238 848 2396 902 quem
2431 847 2526 887 vos
2573 848 2783 886 summa
2842 833 3193 889 veneratione
3245 834 3512 900 excolitis,
3563 844 3620 893 et

2043 925 2195 996 cujus
2227 936 2428 980 sectam
2473 927 2863 997 prmstigiosam
2884 967 2898 992 ,
2932 927 3190 982 instinctu
3229 929 3615 986 daemoniorum

2042 1016 2279 1070 elicitam
2324 1026 2471 1072 tanto
2515 1017 2718 1072 honore
2767 1019 3071 1088 suscipitis,
3117 1035 3361 1089 magum,
3413 1020 3620 1077 adulte-

2044 1123 2184 1173 rum,
2210 1117 2263 1162 et
2303 1107 2614 1162 mendacem
2657 1125 2778 1164 esse
2826 1111 3192 1180 cognovimus,
3225 1109 3447 1182 ejusque
3501 1128 3619 1168 cre-

2044 1197 2198 1254 dulos
2226 1207 2440 1252 mternze
2475 1199 2794 1267 perditionis
2825 1185 3038 1268 laqueis.
3074 1202 3458 1271 mancipandos
3491 1219 3620 1258 con—

2045 1290 2279 1345 ﬁtemur.
2313 1291 2488 1358 Quare
2533 1305 2662 1361 ergo
2699 1308 2810 1354 vos,
2873 1308 2994 1348 cum
3043 1293 3162 1348 sitis
3218 1294 3466 1350 homines
3493 1313 3618 1367 pru-

2044 1381 2362 1444 dentissimi,
2396 1381 2590 1436 talibus
2635 1383 2932 1451 sacrilegiis
2967 1385 3400 1451 communicatis,
3435 1395 3490 1442 et
3513 1395 3620 1444 nol

2042 1475 2221 1544 potius
2246 1473 2619 1544 Evangelicam
2644 1475 2929 1530 veritatem
2961 1477 3274 1532 intenditis?
3309 1497 3328 1531 ι

2053 1645 2058 1652 _
2119 1583 2202 1636 t2.
2247 1583 2368 1638 ll:ec
2395 1593 2450 1638 et
2473 1584 2556 1638 his
2578 1585 2794 1650 similia,
2820 1596 2977 1657 prout
2999 1586 3234 1657 Spiritus
3257 1589 3418 1644 dabat
3439 1590 3620 1661 eloqui

2043 1673 2154 1736 eis,
2201 1674 2253 1726 in
2290 1684 2578 1744 conspectu
2629 1691 2813 1746 regum
2851 1687 2903 1732 et
2941 1678 3242 1749 principum
3282 1680 3616 1747 conﬁtentes,

2043 1781 2231 1821 omnes
2263 1766 2436 1835 gladio
2473 1768 2682 1821 vindice
2723 1768 3024 1838 interempti
3063 1779 3206 1825 sunt.
3249 1769 3486 1837 Quorum
3529 1771 3624 1828 de—

2047 1861 2156 1916 cisa
2205 1876 2427 1930 corpora
2483 1860 2754 1929 stipitibus
2795 1862 3183 1931 suspendentes
3234 1874 3356 1933 post
3418 1865 3623 1935 aliquot

2046 1953 2160 2008 dies
2195 1953 2315 2022 igne
2350 1960 2681 2015 cremarunt,
2729 1969 3022 2028 eorumque
3061 1954 3270 2009 cineres
3317 1952 3621 2010 ﬂuvialibus

2046 2044 2212 2112 aquis-
2229 2043 2527 2113 perdendos
2551 2053 2878 2109 merserunt,
2903 2045 3158 2114 pleraque
3183 2060 3315 2100 vero
3343 2045 3624 2100 inhumata

2045 2149 2156 2204 pne
2185 2132 2389 2188 foribus
2427 2133 2610 2203 palatii
2658 2135 3060 2204 relinquentes,
3111 2135 3418 2190 volneribus
3469 2134 3622 2190 cani-

2046 2223 2252 2294 busque
2287 2226 2591 2280 devoranda
2631 2237 3017 2296 exposuerunt,
3051 2227 3305 2282 adhibitis
3363 2226 3624 2282 custodiis

2046 2318 2294 2379 militum,
2325 2333 2392 2372 ne
2411 2318 2532 2386 quis
2555 2317 3009 2384 Christianorum,
3033 2317 3224 2372 intuitu
3250 2317 3622 2383 humanitatis,

2047 2412 2301 2466 carnibus
2331 2411 2530 2465 nudata
2559 2411 2824 2466 cadavera
2872 2411 3146 2480 sepeliret,
3178 2410 3316 2465 sicut
3361 2409 3624 2480 scriptum'

2046 2509 2130 2554 85b
2162 2519 2173 2553 ε
2219 2497 2515 2554 Ροδιιεηιιιι
2547 2501 2790 2554 mortalia
2832 2517 3098 2554 servorum
3137 2510 3345 2554 tuorum
3373 2516 3518 2554 εεεαε
3539 2515 3626 2554 υο-

2044 2592 2276 2646 (utilibus
2300 2592 2410 2646 casti
2431 2633 2446 2657 ,
2469 2609 2650 2646 carnes
2679 2603 2976 2646 sanctorum
3002 2601 3212 2646 tuorum
3237 2592 3411 2646 bestiis
3431 2601 3624 2656 terrae;

2045 2682 2338 2749 e/fudeiunt
2378 2682 2683 2751 sanguinem
2705 2699 2882 2735 eorum
2915 2681 3048 2735 velut
3081 2699 3270 2752 aquam
3301 2682 3354 2735 in
3401 2681 3624 2734 circuitu

2048 2773 2400 2838 Hierusalem,
2442 2785 2487 2828 et
2517 2791 2621 2828 non
2670 2785 2780 2828 erat
2809 2775 2897 2844 qui
2927 2773 3162 2845 sepeliret
3195 2773 3370 2844 (Psal.
3397 2788 3622 2837 Lxxvm,

2046 2865 2102 2929 2,
2133 2867 2208 2936 5).
2259 2866 2495 2932 Quorum
2534 2866 2751 2920 nomina
2799 2866 3023 2934 diesque
3066 2864 3371 2918 allisionum
3422 2864 3475 2917 in
3520 2862 3626 2916 ﬁne

2047 2955 2283 3025 epistol;e
2324 2956 2652 3022 digeremus.
2683 2955 2852 3025 llujus
2880 2955 2956 3008 rei
3011 2970 3175 3009 causa
3231 2969 3330 3008 nos
3388 2951 3625 3010 devincti

2049 3063 2348 3110 manemus,
2379 3056 2599 3115 propter
2632 3047 2732 3100 hoc
2761 3045 3048 3114 compediti
3082 3044 3366 3110 existimus
3394 3060 3407 3096 :
3437 3053 3622 3097 noatro

364 3148 463 3186 cus
518 3133 900 3202 primitiarum,
942 3153 1048 3206 quo
1087 3139 1358 3208 possimus
1401 3139 1618 3208 placare
1655 3138 1937 3191 Dominum
1977 3201 2014 3217 ⁵
2049 3138 2366 3207 deputantes
2395 3137 2695 3202 instinctui,
2730 3148 3032 3205 nostrazque
3068 3133 3623 3190 informationiascri-

366 3231 652 3289 nostrum;
686 3223 778 3279 sed
822 3227 873 3280 in
913 3227 1092 3280 anima
1145 3229 1376 3282 contrita
1414 3241 1468 3282 et
1497 3229 1549 3282 in
1608 3229 1796 3298 spiritu
1847 3229 1938 3282 hu-
1973 3210 2017 3262 (λ
2051 3228 2508 3297 bcutesquidquid
2529 3229 2601 3282 illi
2627 3228 2886 3283 divinitus
2904 3227 3154 3282 illustrati
3177 3236 3420 3296 egerunt.
3443 3223 3620 3290 Unde,

365 3315 610 3371 utilitatis
657 3318 931 3374 reddimus
964 3319 1180 3375 Christo
1234 3330 1352 3376 vota
1408 3321 1750 3385 laudationis,
1788 3323 1859 3375 ita
1890 3330 1948 3376 ut

367 3422 400 3460 a
442 3418 707 3464 conventu
755 3411 1033 3467 desinente
1077 3413 1387 3482 psalmodire
1437 3422 1637 3478 cantu,
1690 3423 1947 3469 resonent

367 3501 663 3571 penetralia
727 3503 966 3559 carceris
1027 3520 1306 3559 murmure
1353 3515 1540 3559 sancto
1599 3506 1944 3576 hymnorum.

368 3592 499 3659 Quae
553 3595 733 3649 omnia
790 3597 1037 3666 prudenti
1110 3597 1364 3654 relatione
1423 3599 1652 3653 domnus
1716 3597 1946 3653 Galindo

367 3688 522 3744 vobis
540 3690 860 3745 enucleatim
897 3693 1095 3762 poterit
1136 3708 1427 3759 enarrare;
1465 3694 1591 3764 quia
1621 3708 1718 3747 nos
1749 3694 1945 3763 partim

362 3792 603 3836 maerore
638 3783 899 3852 depressi,
951 3771 1146 3852 partim
1188 3783 1467 3840 fastidium
1527 3783 1786 3854 impolttze
1820 3799 1944 3838 ora-

365 3874 532 3930 tionis
568 3875 825 3941 vitantes,
877 3875 992 3931 suis
1037 3875 1299 3932 limitibus
1341 3876 1652 3932 schedulam
1705 3884 1948 3930 coarcta-

366 3966 566 4029 vimus,
591 3981 657 4020 ne
698 3966 751 4020 in
781 3968 999 4022 modum
1021 3968 1395 4024 commentarii
1421 3968 1662 4024 brevitas
1691 3969 1947 4023 transiret

364 4056 692 4126 epistolaris.

439 4149 529 4204 ll.
555 4149 783 4220 Propter
808 4150 1110 4207 futurarum
1128 4159 1307 4206 autem
1329 4151 1734 4222 generationum
1751 4150 1944 4206 stecula

363 4239 706 4306 illustranda,
739 4251 795 4299 et
821 4252 882 4299 ut
911 4251 1163 4315 expertes
1191 4253 1497 4300 nostrarum
1535 4243 1940 4298 tribulationum

363 4341 420 4388 et
438 4349 804 4390 aerumnarum
829 4351 935 4390 non
964 4335 1175 4402 ﬁerent,
1201 4335 1379 4392 saltim
1403 4335 1486 4390 vel
1519 4350 1690 4404 pauca
1720 4351 1749 4388 e
1777 4334 1944 4405 pluri-

366 4425 471 4479 mis
519 4427 968 4499 perstringamus.
1021 4427 1249 4495 Quidam
1295 4428 1439 4483 enim
1482 4428 1940 4498 presbyterorum,

364 4515 740 4583 diaconorum,
787 4519 1198 4596 monachorum,
1241 4519 1536 4590 virginum,
1583 4527 1639 4572 et
1679 4517 1942 4574 laicorum
1969 4555 2023 4616 Β

363 4611 648 4678 repentino
677 4611 793 4667 zelo
815 4612 1113 4667 divinitatis
1148 4611 1362 4680 armati,
1417 4611 1470 4666 in
1515 4609 1692 4666 lorum
1721 4612 1944 4666 descen-

437 4737 462 4798 f
503 4724 634 4793 Qua:
683 4737 980 4798 sequuntur
1025 4728 1204 4783 omnia
1263 4729 1329 4784 de
1379 4727 1637 4783 Ecclesiae
1685 4729 1945 4785 nostratis

364 4795 774 4869 calamitatibus
813 4808 1237 4869 sanctorumque
1277 4799 1559 4869 martyrio,
1615 4809 1762 4854 retro
1803 4800 1942 4855 lih.t

365 4877 419 4940 et
441 4882 501 4931 ιι,
525 4866 797 4940 leguntur,
826 4879 990 4940 atque
1024 4870 1120 4934 ibi,
1150 4866 1196 4924 si
1234 4870 1362 4939 quid
1390 4866 1524 4940 opus
1560 4869 1683 4934 fuit,
1711 4872 1942 4924 adnota-

364 4938 560 5010 vimus.
599 4939 813 5010 Repetit
861 4938 990 4996 vero
1029 4940 1118 4994 hic
1147 4938 1348 4995 eisdem
1395 4938 1572 5010 verbis
1601 4941 1842 5010 quaedam
1878 4942 1936 4995 D.

364 5007 838 5081 Eulogium-quae
899 5012 952 5066 in
1016 5010 1339 5066 Documento
1394 5007 1695 5081 Martyriali
1743 5012 1941 5081 posuit.

367 5077 577 5134 nam.

441 5150 468 5190 δ
498 5149 678 5214 Fors,
709 5152 922 5206 delicta.

440 5231 462 5258 ο
494 5222 732 5293 ᾼρριιιθι
767 5224 924 5277 aliam
952 5232 1075 5277 ante
1122 5224 1401 5293 epistolam
1448 5224 1562 5278 sine
1604 5221 1943 5278 salutationi-

341 5290 468 5346 ‘bus
497 5290 776 5363 Eulogium
809 5296 874 5348 ad
909 5294 1052 5347 hunc
1097 5290 1346 5349 eumdem
1389 5293 1766 5351 Wiliesindum
1813 5295 1948 5349 scri-

365 5363 562 5446 psisse.
589 5362 701 5446 Hoc
725 5365 1172 5446 eredo'intell‘igit.
1204 5365 1311 5434 Ego
1335 5367 1496 5421 verba
1523 5366 1658 5431 haec,
1703 5373 1761 5420 ut
1788 5373 1947 5420 erant

366 5434 424 5488 in
452 5434 769 5504 exemplari,
814 5435 1022 5504 reliqui.
1050 5434 1258 5490 ΜοιιΛι..

439 5502 466 5543 ἀ
509 5502 622 5558 Sub
657 5507 827 5560 sancti
861 5502 1136 5559 Za'cliarize
1187 5507 1400 5561 nomine
1442 5514 1495 5559 et
1547 5506 1710 5561 tutela
1761 5520 1943 5561 emno-

367 5575 515 5630 binm
546 5577 645 5630 hoc
676 5575 774 5630 l'uit
804 5575 1097 5631 conditum.
1139 5576 1250 5631 Hoc
1280 5578 1504 5632 alterum
1539 5594 1731 5631 nomen
1783 5580 1942 5631 Sera-

368 5646 571 5718 giruse,
597 5662 703 5716 quo
733 5663 873 5700 nunc
901 5649 1087 5708 utitur,
1125 5648 1225 5704 loci
1280 5649 1379 5701 fuit
1425 5657 1516 5701 aut
1559 5649 1811 5718 reg-onis.
1864 5649 1936 5702 lo.

369 5715 627 5788 Eamdeni
678 5718 998 5788 sententiam
1041 5719 1382 5788 amplectitur
1429 5715 1711 5788 Yepesius,
1754 5728 1939 5773 contra

370 5802 533 5859 quam
558 5787 861 5845 Ludovicus
895 5787 1150 5844 Bnltellus
1177 5787 1555 5844 Benedictinus
1580 5805 1609 5844 e
1639 5789 1940 5863 Congrega-

2049 3337 2358 3390 qnzesnmus
2418 3329 2476 3375 ut
2526 3321 2781 3392 suffragia
2841 3321 3145 3375 orationum
3209 3329 3513 3373 vestrarum
3569 3317 3626 3371 in

2049 3412 2414 3469 defensonem
2454 3424 2694 3468 nostram
2736 3413 3060 3478 adhibeatis,
3110 3424 3462 3482 nostrumque
3497 3425 3626 3466 car-

2050 3521 2227 3560 cerem
2268 3507 2518 3560 omnibus
2543 3505 2887 3560 monasteriis
2933 3505 3131 3560 vestris
3166 3504 3506 3559 innotescere
3549 3497 3628 3555 fa-

2048 3597 2225 3662 ciatis,
2259 3609 2313 3654 et
2342 3606 2395 3652 ut
2421 3598 2575 3668 proni
2613 3597 2699 3670 pia
2723 3596 3039 3655 exoratione
3060 3593 3621 3669 invigilentjubeatis;

2049 3689 2123 3743 ita
2155 3673 2278 3760 post
2308 3700 2589 3760 peractum
2639 3690 2908 3746 luctamen
2946 3689 3130 3745 mundi
3174 3689 3240 3744 de
3266 3698 3469 3744 :eterno
3491 3701 3626 3757 pra:-

2049 3783 2158 3835 mio
2183 3783 2482 3837 exsultelis.

2125 3875 2212 3929 l5.
2249 3874 2393 3931 Sane
2420 3876 2805 3931 salutationum
2842 3874 3035 3938 ofﬁcia,
3067 3889 3188 3944 quae
3236 3873 3459 3938 dudum,
3492 3873 3628 3928 alias

2053 3979 2074 4007 ε
2107 3967 2449 4037 proferendo,
2492 3967 2792 4031 omisimus,
2849 3981 2992 4021 nunc
3035 3973 3464 4020 cernua'mente
3507 3979 3628 4034 per-

2050 4059 2306 4114 solvimus
2333 4074 2534 4127 vosque
2556 4057 2782 4114 feliciori
2808 4058 2951 4113 serie
2994 4068 3296 4127 temporum
3327 4055 3507 4126 vigere
3535 4070 3626 4108 ex-

2047 4152 2339 4222 poscimus.
2385 4151 2638 4205 Petentes
2672 4158 2752 4216 ut,
2807 4152 2954 4204 salva
2991 4149 3213 4206 honoris
3256 4149 3419 4204 vestri
3471 4163 3625 4202 reve-

2050 4245 2247 4308 rentia,
2280 4260 2384 4298 non
2427 4242 2790 4312 dedignemini
2821 4243 2976 4298 nobis
3004 4242 3240 4297 salutare
3281 4241 3544 4297 amabiles
3568 4251 3624 4296 et

2049 4334 2401 4389 charissimos
2447 4342 2627 4402 patres
2656 4343 2894 4398 nostros,
2943 4333 2996 4388 id
3037 4341 3120 4388 est
3173 4331 3496 4388 Fortunium
3529 4331 3628 4387 Le-

2049 4428 2290 4499 gerensis
2343 4426 2660 4480 monasterii
2718 4427 2991 4492 abbatem,
3041 4442 3163 4482 cum
3215 4427 3362 4482 omni
3403 4425 3628 4497 collegio

2049 4535 2165 4582 suo,
2196 4519 2455 4573 Athilium
2509 4517 2768 4574 Cellensis
2815 4519 3130 4574 monasterii
3179 4519 3454 4584 abbatem,
3501 4533 3626 4574 cum

2053 4613 2199 4668 omni
2238 4613 2463 4682 collegio
2519 4630 2637 4680 suo,
2674 4613 2966 4670 Odoarium
2999 4612 3025 4652 ἀ
3059 4612 3389 4670 Serasiensis
3440 4627 3628 4669 mona-

2047 4729 2192 4783 tione
2217 4725 2274 4782 S.
2315 4727 2486 4782 Mauri
2519 4730 2950 4800 distinguendum
2977 4738 3130 4800 putat
3157 4729 3327 4784 sancti
3350 4725 3628 4800 Zachariae

2047 4799 2434 4855 monasterium
2465 4816 2494 4853 a
2523 4797 2848 4863 Serasiensi,
2872 4797 3345 4870 hoe'potissimumg
3361 4797 3627 4870 adductus

2048 4872 2550 4941 argumento,7qnod
2577 4871 2771 4940 prioris
2799 4867 3058 4939 patronus
3086 4880 3204 4925 erat
3229 4869 3286 4924 S.
3312 4867 3624 4941 Zacharias,

2047 4937 2363 5012 posterioris
2390 4937 2447 4995 8.
2481 4937 2690 5012 Petrus,
2720 4951 2780 4995 ut
2802 4937 3111 5012 eunuchus
3153 4939 3394 5012 vetustis
3427 4937 3627 4992 instru-

2050 5009 2260 5082 inentis
2280 5013 2538 5080 probatur
2567 5011 2806 5082 (Blanea,
2849 5011 2987 5064 Hist.
3035 5013 3288 5082 Aragon.,
3329 5009 3396 5062 ad
3425 5024 3625 5082 annum

2049 5083 2198 5146 969).
2245 5079 2538 5136 l‘rtefuerat
2579 5079 2805 5151 quidem
2861 5082 2918 5136 S.
2968 5079 3244 5135 Zachariae
3295 5079 3625 5151 monasterio

2050 5152 2314 5209 Odoarins
2330 5154 2514 5218 abbas,
2529 5149 2746 5207 summa:
2760 5153 3050 5207 sanctitatis
3073 5165 3374 5220 magnteque
3393 5149 3624 5203 scientiae

2049 5225 2157 5295 uir;
2187 5225 2278 5295 sed
2315 5224 2469 5295 longe
2513 5233 2636 5278 ante
2663 5240 2825 5293 quam
2857 5224 2994 5276 hanc
3043 5219 3324 5295 epistolam
3365 5220 3628 5295 scriberet

2051 5294 2324 5361 Eulogius,
2355 5288 2537 5364 in'qua
2563 5288 2698 5364 eumﬁ
2719 5295 2794 5347 uti
2817 5288 3088 5364 mortuum
3114 5291 3407 5364 laudat,_7et
3520 5288 3624 5344 llne

2051 5360 2287 5434 epistola:
2335 5360 2625 5420 Odoarium
2673 5363 2986 5419 Serasiensis
3018 5361 3344 5434 imonasterii
3387 5360 3625 5414 abbatem

2050 5433 2165 5489 cum
2193 5437 2331 5489 omni
2353 5436 2566 5505 collegio
2609 5452 2702 5488 suo
2751 5433 2966 5505 salutat.
3003 5433 3162 5505 Quod
3196 5439 3516 5505 argumento
3541 5441 3626 5486 est

2048 5521 2171 5560 emn
2186 5502 2525 5575 superstitem
2553 5505 2737 5575 fuisse,
2769 5502 3440 5575 nonalterandoarium,
3463 5515 3626 5572 quem

2049 5593 2212 5630 unum
2244 5574 2599 5644 eamdemque
2640 5574 2834 5640 fuisse,
2883 5575 3123 5642 adeoque
3161 5574 3376 5627 unicum
3428 5588 3619 5644 mona-

2048 5650 2270 5702 sterium
2298 5664 2417 5700 esse
2450 5642 2648 5716 opinati
2679 5655 2803 5700 sunt
2835 5644 3074 5716 Morales
3101 5654 3156 5698 et
3183 5645 3462 5716 Ytjpe'sjus.
3497 5642 3621 5716 llaec

2047 5721 2224 5773 omnia
2263 5711 2595 5770 Mahillonius
2648 5717 2700 5770 in
2746 5716 2998 5773 Aunalih.
3047 5714 3176 5773 0rd.
3230 5711 3286 5772 S'.
3344 5711 3622 5770 Benedicti

2047 5805 2191 5844 anno
2219 5789 2345 5855 851,
2372 5803 2518 5843 num.
2552 5786 2621 5840 26
2652 5788 2702 5842 in
2734 5790 2855 5844 line.
