4094 6346
467 210 565 270 851

1474 227 1483 237 ι
1558 207 1615 261 8.
1658 206 1933 263 EULOGII
1970 205 2291 264 ARCHIEP.
2332 204 2576 264 TOLET.

3625 202 3733 275 858

464 327 617 385 sterii
666 326 940 389 abbatem,
983 339 1103 379 cum
1147 332 1261 380 toto
1309 322 1524 395 agmine
1560 338 1677 387 suo,
1720 322 2043 377 Scemenum
2072 325 2125 384 Α
2148 318 2499 385 Sabinianus,
2536 317 2995 383 Wistremundus,
3025 316 3346 383 Habentius,
3379 326 3439 373 et
3463 315 3731 375 Ieremia

466 420 724 493 Igalensis
763 418 1078 475 monasterii
1127 416 1397 481 abbatem,
1449 430 1571 472 cum
1621 415 1769 471 omni
1816 414 2043 487 collegio

466 526 587 577 suo,
642 512 956 567 Dadilanem
997 523 1024 552 ι
1074 509 1519 580 Hurdaspalensis
1576 509 1889 564 monasterii
1947 507 2043 563 ab-

466 603 669 671 batem,
721 618 846 660 cum
897 603 1044 659 omni
1097 601 1321 673 collegio
1359 616 1476 657 suo.
1518 599 1827 656 Salutamus
1877 600 2044 656 etiam

465 703 694 750 ceteros
723 703 927 766 patres,
966 708 1102 763 quos
1148 693 1201 747 in
1242 691 1683 764 peregrinatione
1720 698 1905 748 nostra
1960 698 2045 746 tu-

466 792 614 842 tores
635 793 689 841 et
714 786 1081 841 consolatores
1104 784 1414 852 habuimus,
1449 799 1775 855 omnemque
1798 782 2045 841 scholam

465 877 791 933 dominicam
820 877 873 931 in
904 877 1088 932 osculo
1119 884 1328 933 sancto.

437 968 446 988 ‘
538 968 594 1023 ln
628 969 842 1023 nomine
888 967 1121 1034 Domini,
1166 978 1424 1041 regnante
1468 970 1522 1024 in
1572 976 1891 1040 perpetuum
1932 969 2041 1026 Do-

466 1061 614 1116 mino
664 1060 787 1116 Jesu
819 1059 1057 1127 Christo,
1104 1077 1246 1117 anno
1286 1063 1678 1118 lncarnationis
1712 1062 1828 1132 ejus
1873 1063 2046 1119 octin-

465 1152 762 1223 gentesimo
779 1153 1248 1225 quinquagesimo,
1273 1170 1381 1211 aera
1393 1157 1838 1227 octingentesima
1861 1163 2046 1212 octua-

465 1242 665 1313 gesima
685 1252 899 1307 octava,
931 1244 1143 1300 decimo
1173 1254 1369 1315 quarto
1406 1245 1677 1303 Kalendas
1705 1246 1891 1313 Maias,
1914 1247 2021 1303 Per

469 1328 642 1386 fectus
668 1331 952 1405 presbyter
981 1334 1253 1390 occubuit.

535 1422 795 1495 Sequenti
824 1442 954 1481 vero
985 1443 1150 1492 anno,
1178 1426 1271 1498 qui
1296 1443 1443 1485 nunc
1468 1434 1569 1497 est,
1613 1442 1722 1484 aera
1764 1428 2046 1499 octingem

466 1515 653 1571 tesima
705 1518 1076 1589 octuagesima
1126 1534 1310 1587 nona,
1368 1519 1528 1575 tertio
1586 1518 1769 1574 Nonas
1814 1516 2043 1587 Iunias,

463 1605 613 1662 Isaac
660 1609 958 1665 monachus
990 1611 1211 1677 decidit,
1258 1617 1386 1682 post
1409 1625 1568 1681 quem
1606 1609 1805 1666 Sancio
1832 1609 2045 1681 Laycus

2146 411 2414 476 monachi,
2444 426 2553 466 uno
2588 409 2675 466 die
2730 424 2946 480 unaque
3003 409 3158 474 hora,
3210 409 3447 481 septimo
3492 409 3619 464 ldus
3639 406 3732 464 Ju-

2146 505 2287 572 nias,
2316 507 2370 561 in
2400 521 2509 561 aera
2539 504 2846 576 supradicta
2884 504 3191 575 interempti
3218 511 3363 560 sunt.

2217 594 2550 652 Sisenandus
2595 610 2723 652 vero
2772 594 3032 652 diaconus
3084 596 3294 653 decimo
3351 595 3590 666 septimo
3607 591 3731 668 ,Κι-

2145 686 2334 744 lendas
2355 688 2627 761 Augustas
2655 689 2845 744 eadem
2876 705 2986 744 tera
3016 697 3322 760 prostratus
3343 697 3448 744 est.

2214 780 2413 837 Paulus
2453 783 2710 838 diaconus
2755 783 2964 838 decimo
3015 783 3176 839 tertio
3227 782 3505 839 Kalendas
3550 780 3735 853 Augu-

2144 878 2278 938 stas,
2306 888 2413 927 mra
2442 889 2547 943 qua
2582 889 2768 943 supra,
2797 874 2982 929 allisus
3006 881 3109 930 est.

2217 964 2611 1021 Theodcmirus
2656 966 2975 1031 monachus,
3007 974 3199 1022 octavo
3242 962 3740 1036 KalendasJugue

2147 1066 2280 1121 stas,
2311 1056 2502 1111 eadem
2525 1072 2655 1122 aera,
2692 1056 2906 1112 occisus
2926 1065 3028 1111 est.

2216 1151 2309 1207 Isti
2339 1161 2464 1207 sunt
2510 1150 2603 1220 qui
2650 1150 2987 1205 tradiderunt
3035 1165 3262 1222 corpora
3308 1164 3405 1204 sua
3461 1146 3517 1202 in
3564 1152 3742 1202 morte

2144 1250 2368 1314 propter
2394 1242 2764 1298 testimonium
2797 1241 3065 1307 veritatis,
3097 1242 3233 1295 utin
3281 1248 3549 1296 aeternum
3594 1239 3745 1293 vive-

2148 1344 2290 1390 rent.
2318 1332 2598 1405 Siquidem
2633 1340 2687 1389 et
2717 1333 2850 1389 duas
2896 1333 3135 1404 virgines
3181 1331 3381 1386 Christi
3409 1330 3633 1384 Floram
3689 1336 3743 1383 et

2149 1426 2395 1493 Mariam,
2445 1427 2727 1484 nobiscum
2767 1428 2838 1483 ob
2877 1426 3124 1481 eamdem
3172 1423 3569 1495 professionem
3598 1436 3742 1478 nunc

2149 1520 2204 1576 in
2247 1514 2576 1590 ergastulum
2623 1520 2993 1586 detruserunt,
3027 1528 3083 1574 et
3123 1517 3364 1588 quotidie
3413 1515 3486 1570 de
3518 1514 3742 1568 interitu

2148 1611 2572 1668 comminantur.

466 1700 533 1753 de
559 1699 759 1769 oppido
786 1701 1026 1767 Albensi,
1071 1702 1252 1760 Nonas
1293 1702 1502 1769 Iunias,
1531 1704 1586 1759 in
1628 1705 1730 1760 hac
1774 1704 1890 1775 ipsa
1915 1720 2048 1773 aera,
2078 1693 2125 1755 Β
2226 1704 2359 1758 Data
2407 1704 2619 1758 decimo
2673 1701 2904 1771 septimo
2954 1696 3226 1754 Kalendas
3276 1693 3602 1752 Decembris
3646 1704 3743 1765 per

464 1791 767 1862 martyriali
794 1793 944 1848 obitu
978 1794 1353 1865 triumphavit.

537 1881 742 1938 Deinde
778 1883 972 1941 Petrus
1004 1887 1309 1958 presbyter,
1356 1885 1718 1943 Walabonsus
1763 1887 2044 1957 diaconus,

537 2024 565 2075 ιε
603 2012 719 2091 Non
736 2014 953 2091 dubito,
982 2017 1125 2091 quin
1142 2017 1196 2072 id
1224 2019 1527 2091 coenobium
1573 2018 1852 2091 intelligat,
1884 2019 2046 2091 quod

465 2097 607 2137 nunc
638 2082 914 2161 (legi-das:
955 2082 1305 2158 appellamus.
1334 2088 1509 2145 Situm
1548 2098 1632 2145 est
1676 2082 1851 2161 transi
1880 2082 2046 2161 Pyre-

465 2167 611 2234 φερε
640 2154 867 2234 Galliam
896 2154 1081 2234 ver-sus
1126 2174 1230 2214 non
1272 2160 1559 2234 a_dnwd_um
1600 2160 1759 2232 longe
1807 2160 1877 2216 ab
1908 2154 2047 2234 urbe

464 2219 666 2279 Baiona
690 2226 958 2283 dissitum.
1008 2229 1077 2285 Et
1128 2245 1251 2286 cum
1285 2230 1493 2301 Eulogii
1550 2219 1792 2302 tempdre
1835 2232 2043 2289 ordinis

2154 1795 2442 1853 Galindum
2471 1793 2766 1851 Enniconis
2793 1794 2972 1850 virum
3006 1791 3290 1857 illustrem,
3321 1803 3435 1844 tera
3464 1787 3743 1856 octingen-

2154 1890 2345 1947 tesima
2370 1889 2735 1961 octuagesima
2772 1903 2913 1945 nona
2941 1886 2992 1941 ι).

2153 2031 2216 2084 D.
2281 2027 2557 2084 Benedicti
2607 2026 2793 2092 fuerit,
2846 2040 2991 2081 nunc
3034 2031 3120 2081 est
3171 2015 3742 2079 Praemonstrstensis.

2150 2100 2361 2156 MonAL.

2218 2171 2247 2212 b
2278 2169 2368 2226 Sic
2403 2169 2502 2225 fuit
2522 2170 2578 2225 in
2606 2167 2918 2240 exemplari.
2940 2165 3105 2270 ἔθει.

1358 2546 2040 2664 εΔΝατι
2112 2548 2862 2665 επιοθιι

1524 2774 1922 2816 ιιιεηιεριεῦορι
1962 2775 2229 2818 τοιετωιι
2266 2778 2337 2817 ΕΤ
2376 2776 2658 2819 ΙΛΒΤΥΒΙΒ.

784 2936 1201 3053 LIBER
1282 2939 2353 3059 APOLOGETICUS
2438 2942 3251 3060 MARTYRUM
3323 2940 3405 3055 ⁸.

870 3230 1355 3289 ARGUMENTUM
1385 3230 1632 3289 OPERIS

466 3338 775 3396 Decreverat
796 3342 946 3397 diuus
968 3341 1222 3413 Eulogius
1244 3344 1299 3397 in
1329 3344 1424 3397 hoc
1453 3359 1606 3413 opere
1626 3345 1785 3399 vitam
1817 3354 1864 3399 et
1906 3360 2051 3399 mar-

536 3413 729 3483 tyrium
765 3422 1069 3483 sanctorum
1106 3411 1353 3469 Ruderici
1386 3423 1434 3468 et
1478 3411 1776 3469 Salomonis
1815 3424 2049 3470 tantum-

539 3482 695 3555 modo
719 3482 960 3555 scribere.
994 3482 1062 3536 Id
1096 3486 1235 3538 enim
1275 3484 1430 3555 initio
1446 3485 1561 3555 jam
1609 3484 1830 3549 indicat,
1854 3494 1901 3539 et
1933 3494 2049 3540 tan-

536 3553 653 3607 dem
680 3554 734 3607 in
762 3553 867 3621 ﬁne
888 3555 1070 3624 operis
1108 3564 1342 3624 apparet.
1388 3553 1602 3618 Verum,
1628 3555 1751 3624 quia
1781 3555 2050 3610 instabant

536 3624 717 3697 adhuc
735 3623 1099 3697 pusillanimes
1128 3623 1349 3697 quidam
1374 3623 1687 3697 Christiani,
1717 3626 1804 3697 qui
1838 3635 2055 3697 prOpter

537 3693 817 3748 imbecilles
844 3693 954 3748 zelo
995 3693 1246 3765 quodam,
1290 3696 1380 3750 sed
1423 3711 1526 3751 non
1562 3693 1850 3751 secundum
1881 3693 2053 3751 scien-

537 3764 688 3839 tiam,
711 3767 974 3831 commoti,
988 3766 1312 3839 martyribus
1334 3765 1603 3839 ultrogsese
1621 3766 1895 3839 judicibus
1928 3784 2053 3839 pas-

542 3835 704 3888 sionis
732 3851 895 3906 causa
936 3834 1271 3906 olferentibus
1313 3834 1698 3902 detrahebant;
1725 3834 2051 3892 iterum'ad-

539 3920 719 3979 uersus
746 3921 832 3979 eos
867 3904 1157 3979 hoc—opere
1196 3908 1446 3979 insurgit,
1489 3916 1740 3979 tanquam
1769 3926 1874 3964 non
1921 3909 2051 3964 satis

534 3974 744 4049 [inberet
767 3976 822 4029 in
845 3977 1018 4049 primo
1038 3974 1177 4031 libro
1220 3974 1403 4035 contra
1427 3978 1522 4033 hos
1568 3974 1737 4034 valide
1764 3996 2048 4049 pugnasse.

540 4043 763 4121 Tractat_
788 4043 959 4099 autem
1001 4045 1140 4121 locos
1185 4051 1438 4121 quosdam
1485 4065 1549 4104 ea:
1585 4049 1666 4103 his
1709 4043 1898 4121 quibus
1924 4052 2054 4121 iam

543 4068 754 4098 Iracuu
788 4068 959 4099 autem
1001 4068 1140 4100 locos
1185 4068 1438 4119 quosnam
1485 4068 1549 4104 ea:
1585 4068 1666 4103 ms
1709 4068 1898 4121 qmous
1965 4068 2052 4106 am

541 4114 900 4190 responderat,
930 4125 977 4169 et
1008 4115 1179 4171 denuo
1199 4117 1307 4172 alia
1333 4118 1529 4190 refutat
1559 4130 1890 4190 argumenta.
1916 4068 2052 4174 έναι

539 4194 717 4260 autem
747 4185 932 4260 misere
980 4198 1282 4260 corruptum
1315 4185 1849 4260 exemplarflassato
1899 4191 2054 4244 nimi-

2069 3235 2116 3298 C
2147 3248 2242 3290 eos
2270 3234 2619 3305 respondere.
2644 3232 2764 3301 Quo
2801 3234 3028 3304 contigit
3062 3240 3127 3288 ut
3171 3234 3226 3289 in
3269 3233 3515 3303 vigorem
3542 3233 3743 3306 Apolo-

2153 3326 2314 3398 getici
2344 3336 2617 3397 gestorum
2646 3326 3006 3396 pertransiret
3052 3325 3325 3381 materies.
3360 3325 3450 3389 Et,
3480 3325 3613 3381 licet
3652 3343 3743 3382 su-

2154 3433 2340 3488 prema
2370 3434 2497 3488 pars
2526 3419 2899 3474 commentarii
2935 3430 3235 3489 martyrum
3267 3426 3445 3488 gestet
3483 3433 3736 3489 agonem,

2153 3518 2209 3566 et
2237 3510 2472 3579 qualiter
2502 3512 2715 3582 tropaeis
2753 3511 3109 3569 victoriarum
3147 3512 3347 3568 milites
3387 3512 3481 3568 Dei
3523 3513 3740 3570 clarue-

2154 3602 2263 3657 rint
2302 3603 2591 3673 penultima
2636 3604 2807 3660 series
2832 3603 2996 3660 libelli
3027 3613 3293 3675 exponat;
3335 3619 3435 3675 pro
3463 3619 3533 3662 eo
3556 3612 3739 3661 amen

2152 3691 2295 3763 quod
2360 3695 2413 3751 in
2470 3696 2739 3767 principio
2797 3696 3095 3753 delatorum
3146 3695 3452 3753 maledictis
3498 3696 3738 3763 occurri,

2152 3785 2334 3856 potius
2383 3786 2745 3859 Apologeticus
2775 3786 3118 3854 Sanctorum,
3154 3804 3329 3859 quam
3359 3796 3512 3860 gesta
3539 3787 3745 3845 solum-

2154 3877 2317 3933 modo
2362 3886 2667 3950 martyrum
2718 3878 2983 3950 appellari
3029 3879 3267 3945 decrevi,
3298 3887 3391 3944 ut,
3423 3888 3597 3935 totum
3642 3894 3743 3951 pro

2155 3982 2309 4043 parte
2357 3975 2668 4046 designans,
2714 3990 2841 4031 mox
2900 3974 3066 4031 limen
3135 3974 3383 4031 lectionis
3458 3987 3743 4030 recessml

2155 4066 2393 4136 aperiret
2421 4066 2750 4134 voluminis;
2783 4082 2875 4133 ne,
2910 4080 3011 4139 pro
3036 4075 3153 4124 toto
3180 4067 3472 4123 nominans
3502 4074 3737 4136 partem,

2156 4160 2211 4216 in
2249 4161 2413 4229 aliud,
2438 4163 2580 4233 quod
2619 4177 2728 4218 non
2762 4163 3125 4230 existimaret,
3148 4164 3388 4237 prudens
3432 4162 3607 4219 lector
3633 4163 3741 4217 im-

540 4270 661 4331 rtsm
687 4253 1176 4331 jam‘descriptore,
1220 4268 1269 4315 et
1316 4253 1664 4331 negligentiae
1709 4261 1885 4315 omnia
1913 4260 2057 4316 excip
2155 4253 2424 4324 pingeret,
2454 4254 2702 4326 foretque
2732 4268 2865 4312 tunc
2915 4256 3093 4313 facilis
3139 4256 3463 4313 detrahendi
3512 4254 3743 4310 infensis

539 4323 935 4400 pienteaﬂinc‘
946 4323 1050 4400 fuit
1101 4323 1184 4383 hic
1214 4323 1576 4400 multo'magis
1624 4331 1680 4385 in
1724 4331 2053 4387 emendando

540 4395 1089 4469 sudandum._Neque
1142 4409 1313 4469 tamen
1371 4395 1518 4455 nobis
1572 4401 1901 4469 permisimus
1953 4400 2054 4456 nisi

540 4481 703 4521 unum
722 4476 827 4539 aut
837 4465 1057 4539 alterum
1079 4467 1285 4522 verbum
1309 4470 1521 4535 addere,
1545 4465 1859 4539 permutare,
1882 4481 2056 4527 trans-

537 4552 769 4609 ponere,
790 4535 1032 4609 Diximus
1076 4548 1255 4609 autem
1264 4540 1385 4609 jam
1404 4535 1669 4595 auctorem
1690 4535 1923 4597 Indiculi
1946 4542 2058 4599 Lu-

2156 4346 2390 4411 occasio,
2421 4346 2551 4402 dum
2581 4347 2728 4403 aliud
2756 4363 2975 4414 nomen,
3006 4349 3153 4405 aliud
3181 4348 3437 4419 proderet
3462 4347 3736 4403 volmnen.

2156 4435 2487 4493 Percurrant
2508 4453 2638 4509 ergo
2659 4439 2890 4497 lectores
2911 4441 3018 4495 mei
3062 4438 3385 4510 simpliciter
3400 4439 3547 4510 quod
3568 4437 3747 4493 ﬁdelis

2159 4528 2373 4585 devotio
2396 4536 2581 4585 nostra
2620 4530 2676 4584 in
2700 4528 3019 4589 defensione
3041 4541 3345 4603 martyrum
3378 4530 3473 4601 pio
3502 4529 3745 4585 Redem-

538 4591 729 4691 annosi
752 4607 964 4691 idgopuos
989 4608 1042 4661 in
1069 4591 2050 4691 egressibus;‘iiidnyﬂsﬁénisaie
2079 4591 2134 4655 D
2157 4620 2301 4691 ptori
2357 4621 2588 4688 dicavit;
2640 4637 2740 4679 nec
2785 4624 2893 4679 ritu
2938 4591 3463 4681 belluine'lahorem
3494 4631 3738 4680 nostrum

539 4677 726 4737 iisdem
747 4677 1041 4733 rationibus
1072 4677 1276 4736 dilatis.

874 4800 1242 4861 PROLOGUS
1273 4802 1640 4863 AUCTORIS.

538 4894 703 4963 Dum,
748 4894 929 4951 studio
980 4898 1262 4968 promendi
1308 4908 1608 4974 martyrum
1655 4908 1827 4972 gesta,
1867 4900 2050 4972 operis

467 4986 630 5059 hujus
670 4986 991 5044 brevitatem
1037 4998 1317 5047 exstruere
1365 4992 1709 5059 intentarem,
1760 5008 2051 5065 meumque

469 5080 667 5138 exilem
693 5081 753 5137 in
776 5080 1123 5156 indagatione
1148 5083 1458 5156 praeliorum
1484 5093 1798 5143 sanctorum
1849 5086 2049 5160 stylum

469 5171 843 5239 immitterem,
899 5174 1186 5232 confestim
1260 5177 1647 5234 oblatrantium
1727 5178 2051 5237 stolidorum

467 5263 752 5336 opiniones
784 5265 1044 5331 recolens,
1097 5268 1187 5338 qui
1218 5269 1496 5341 proprium
1539 5271 1607 5327 de
1653 5285 1719 5327 eo
1761 5285 1861 5341 pro
1886 5279 2050 5341 captu

471 5355 716 5413 scientia
756 5355 993 5414 ferentes
1015 5357 1298 5427 judicium,
1353 5376 1484 5429 non,
1534 5370 1595 5417 ut
1638 5361 1930 5432 prioribus,
1966 5362 2052 5419 his

470 5460 688 5518 quoque
724 5448 1083 5504 reverentiam
1126 5451 1455 5524 martyribus
1512 5452 1873 5508 exhibendam
1930 5466 2054 5508 esse

473 5536 801 5606 decernunt;
837 5539 990 5596 nisus
1019 5555 1139 5596 sum
1183 5541 1239 5598 in
1279 5541 1509 5602 exordio
1555 5543 1739 5616 operis
1788 5542 2055 5602 adversus

549 5661 575 5691 ι
604 5646 851 5718 Scriptus
871 5664 1016 5708 anno
1033 5651 1156 5710 857.

2158 4710 2414 4771 malivola
2449 4713 2750 4771 intentione
2791 4715 3147 4781 subsannent,
3178 4714 3435 4786 quoniam
3475 4715 3741 4786 scriptum

2158 4809 2245 4855 est
2270 4819 2282 4854 :
2310 4800 2496 4857 Omnis
2522 4802 2791 4859 detractor
2817 4804 3191 4860 eradicabitur.
3231 4803 3386 4861 Licet
3419 4805 3567 4859 enim
3605 4815 3740 4875 opus

2158 4902 2405 4950 nostrum
2436 4895 2948 4966 reprehensionibus
2978 4896 3201 4969 dignum
3237 4896 3325 4957 sit.
3384 4896 3499 4952 Deo
3536 4904 3739 4961 nmen,

2159 5001 2267 5041 non
2298 4987 2513 5052 invidis,
2546 4990 2803 5060 arguendi
2832 5006 2930 5047 nos
2959 5001 3144 5048 manet
3156 4989 3447 5061 judicium,
3480 4992 3566 5047 cui
3614 5004 3739 5047 cum

2161 5077 2297 5133 velle
2325 5079 2562 5150 suppetit
2594 5080 2927 5153 indulgendi,
2970 5083 3220 5154 protinus
3264 5082 3449 5139 subest
3505 5081 3736 5139 facilitas

2156 5170 2507 5244 exsequendi.

2788 5243 3101 5303 INCIPIT

2422 5340 2829 5419 TEXTUS
2903 5341 3443 5421 OPUSCULI.

2230 5463 2281 5519 l.
2320 5461 2549 5533 Egregia
2582 5461 2864 5519 beatorum
2909 5463 3209 5520 certamina
3266 5472 3570 5536 martyrum
3616 5461 3737 5519 feli-

2157 5553 2411 5625 ciumque
2431 5562 2781 5611 monuments
2801 5554 3059 5622 virorum,
3084 5557 3179 5627 qui
3204 5556 3316 5614 Deo
3343 5554 3558 5614 fautore
3578 5555 3742 5614 totius
