4094 6346
309 311 416 368 855

1303 301 1502 358 LIBER
1537 299 2056 356 APOLOGETICUS
2097 297 2512 356 MABT‘i’liU-M.

3449 303 3554 360 854

305 423 564 480 vanitatis
593 427 904 492 respuentes
931 417 1180 476 affectum
1201 457 1216 482 ,
1237 417 1506 488 specimen
1535 413 1880 486 belligerandi
1907 417 1956 476 Α
1983 413 2268 482 generibus
2297 419 2716 478 tormentorum;
2751 427 2974 480 sperans
3003 429 3030 466 a
3075 413 3220 468 cultu
3277 415 3552 486 religionis

303 515 636 588 praecipuum
689 511 1002 566 mortalibus
1049 509 1410 580 reliquerunt,
1441 507 1568 564 licet
1595 523 1624 560 a
1649 507 1880 576 pruden-

305 609 535 662 tioribus
565 605 834 660 timoratis
867 603 1126 674 indagare
1155 601 1226 658 sit
1249 615 1568 672 congruum,
1595 609 1652 654 et
1683 598 1806 668 jure
1847 617 1878 656 a

295 697 612 770 justiﬁcatis
647 697 880 768 quodam
925 695 1208 766 privilegio
1253 693 1628 750 sanctimoniae
1677 693 1878 762 exponi

301 789 376 846 sit
407 799 620 854 ratum;
649 803 754 842 non
781 797 960 842 tamen
985 785 1268 842 abnuenda
1297 793 1502 841 estvox
1531 793 1874 856 peccatorum

301 895 430 936 vera
457 879 856 950 prementium;
889 877 1322 950 quandoquidem
1351 893 1456 932 non
1481 877 1653 932 solum
1679 877 1874 932 alieni-

301 985 582 1042 genarum,
611 977 670 1024 ut
697 967 884 1025 Jethro
911 979 966 1024 et
991 970 1196 1034 lliram,
1223 969 1526 1026 consultum
1553 969 1870 1036 intenditur,

299 1063 428 1118 dum
453 1071 508 1118 et
531 1063 598 1117 ab
625 1055 740 1118 nno'
763 1061 974 1134 Moyses
993 1061 1290 1130 expositam
1315 1061 1502 1129 judicii
1523 1061 1752 1116 formam
1781 1077 1876 1116 cu-

297 1153 486 1220 stodit,
541 1163 596 1210 et
635 1155 704 1208 ab
745 1153 850 1208 alio
909 1153 1162 1208 Salomon
1195 1155 1246 1208 in
1287 1153 1640 1209 :ediﬁcatione
1689 1153 1872 1224 templi

299 1243 627 1300 industriam
649 1243 844 1314 accipit
865 1259 1078 1310 ;verum
1097 1245 1260 1300 etiam
1281 1245 1632 1300 irrationabili
1649 1245 1870 1300 animali

297 1335 608 1390 humaniter
635 1335 938 1390 facundiam
987 1337 1288 1392 exercitare
1327 1339 1638 1394 conceditur
1667 1337 1862 1408 (Exod.

295 1445 454 1494 xvm,
499 1427 566 1482 i3
607 1443 758 1498 seq.;
821 1429 916 1482 ΙΙΙ
971 1429 1094 1500 Reg.
1159 1445 1210 1495 v,
1249 1430 1284 1484 2
1329 1445 1476 1500 seq.;
1533 1429 1694 1484 Num.
1731 1447 1864 1498 xm,

291 1517 368 1576 28
419 1519 580 1590 seq.).
631 1521 808 1588 Quare
861 1535 988 1592 ergo
1047 1521 1330 1592 culpabilis
1397 1523 1670 1592 judicetur
1733 1523 1864 1576 talia

293 1625 648 1680 praesumens,
683 1625 806 1666 cum
837 1611 888 1664 in
919 1613 1146 1666 veritate
1167 1611 1360 1682 dignus
1403 1611 1474 1668 sit
1515 1613 1740 1682 praemio
1770 1615 1866 1670 bc-

295 1701 643 1768 nedictionis,
675 1703 958 1758 veritatem
981 1705 1278 1760 enarrans?
1303 1705 1388 1770 Et,
1413 1705 1458 1759 si
1489 1707 1750 1760 sanctitas
1781 1721 1866 1760 re-

293 1803 550 1848 munerat
563 1793 790 1864 justum,
819 1795 1142 1866 dignumque
1159 1795 1318 1852 eﬁicit
1347 1797 1654 1852 concionari
1683 1805 1867 1852 sancta

293 1895 636 1952 sanctorum,
685 1901 852 1956 quare
901 1903 1006 1942 non
1055 1897 1272 1944 tueatur
1336 1889 1540 1960 pietate
1611 1899 1868 1960 peccator

291 1977 646 2046 magniﬁcans
689 1975 916 2046 justum,
963 1977 1254 2034 dummodo
1298 1979 1364 2034 ad
1401 1979 1692 2034 multorum
1745 1995 1868 2050 pro-

293 2067 496 2123 fectum
525 2069 704 2124 studet
751 2069 1056 2140 patefacere
1083 2069 1338 2126 victorias
1383 2071 1712 2126 beatorum?
1739 2071 1868 2138 Quae

293 2161 340 2214 si
377 2159 576 2216 fuerint
607 2162 926 2218 oblitterata:
955 2163 1190 2230 silentio,
1223 2163 1424 2218 nullum
1453 2171 1704 2234 poterunt
1733 2163 1865 2218 ﬁde-

295 2252 436 2306 libus
475 2253 576 2322 piae
629 2255 1054 2310 conversationis
1111 2255 1368 2312 exhibere
1425 2257 1760 2326 exemplum;
1809 2265 1870 2312 ut

295 2343 622 2400 elucubratis
660 2345 952 2402 electorum
995 2343 1208 2418 tropaeis
1251 2355 1362 2402 tam
1407 2347 1614 2416 possint
1653 2347 1870 2402 desides

295 2437 536 2491 excitare
595 2439 664 2492 ad
705 2439 972 2508 prmlium,
1019 2455 1180 2509 quam
1239 2449 1511 2496 certantes
1577 2441 1869 2496 informare

295 2525 644 2594 perfectionis
669 2527 950 2585 intendere
981 2531 1290 2586 terminum.
1331 2531 1486 2598 Nam,
1525 2549 1648 2588 cum
1683 2547 1870 2588 omnes

297 2619 474 2672 sancti
503 2627 716 2676 terreno
759 2635 866 2674 non
899 2629 1090 2692 egeant
1115 2623 1438 2678 laudationis
1461 2625 1749 2694 praeconio,
1777 2625 1868 2694 qui

293 2705 408 2774 iam
435 2707 734 2762 etelestium
777 2711 1074 2766 exuberant
1127 2711 1440 2766 muneribus
1485 2713 1826 2782 prmmiorum
1853 2753 1866 2778 ,

297 2803 610 2858 necessario
655 2813 834 2860 tamen
881 2821 1066 2860 eorum
1119 2809 1328 2864 meritis
1373 2809 1670 2880 applicatur
1709 2811 1868 2880 quid-

297 2889 430 2958 quid
451 2889 704 2948 bonitatis
725 2909 942 2950 suorum
967 2897 1138 2967 gratia
1151 2899 1538 2968 exemplarium
1555 2901 1872 2956 mortalibus

297 2993 576 3052 operatur.

369 3107 426 3162 2.
491 3107 743 3166 Promam
813 3111 976 3182 igitur
1045 3115 1384 3172 dominorum
1429 3133 1674 3174 meorum
1723 3129 1872 3190 gesta

301 3199 570 3268 victricia,
593 3211 648 3258 et
671 3201 728 3256 in
746 3213 1008 3274 quantum
1035 3221 1196 3278 posse
1217 3208 1430 3266 coalitus
1457 3209 1588 3264 mihi
1617 3209 1874 3266 collatum

301 3299 408 3358 est,
443 3291 498 3348 in
529 3293 724 3350 talibus
755 3297 914 3352 rebus
953 3309 1178 3354 conatus
1203 3315 1354 3356 meos
1377 3303 1714 3372 expcudam;
1747 3303 1874 3374 quia

301 3399 412 3438 non
444 3385 590 3442 dubii
641 3385 708 3442 de
761 3387 1046 3446 clementia
1099 3391 1496 3462 Redemptoris,
1547 3409 1652 3450 non
1699 3395 1876 3452 solum

301 3475 584 3548 culparum
607 3477 800 3534 talibus
825 3481 1016 3536 studiis
1033 3481 1328 3538 remedium
1357 3497 1659 3554 speramus,
1685 3499 1874 3542 verum

301 3569 468 3624 etiam
523 3585 730 3636 eorum,
778 3587 914 3642 quos
947 3573 1128 3630 votivo
1177 3573 1516 3630 celebramus
1553 3577 1712 3648 style,
1745 3593 1876 3634 con-

303 3663 532 3720 sortium
559 3665 784 3736 adipisei
819 3667 1160 3736 conﬁdimus,
1205 3669 1418 3724 dicente
1447 3669 1676 3726 Domino
1717 3689 1732 3726 :
1771 3671 1874 3738 Qui

301 3769 392 3808 vos
414 3753 604 3826 diligit,
649 3771 728 3810 me
765 3755 976 3826 diligit;
1007 3767 1054 3812 et
1077 3759 1166 3830 qui
1199 3775 1286 3814 vos
1325 3759 1522 3830 recipit,
1557 3777 1636 3814 me
1663 3761 1870 3830 recipit,

301 3851 350 3896 et
375 3845 462 3914 qui
493 3845 668 3918 recipit
691 3847 998 3916 prophetam
1033 3847 1088 3902 in
1119 3849 1326 3906 nomine
1347 3850 1632 3920 prophetw,
1677 3867 1874 3906 merce-

301 3935 422 3988 dem
455 3937 717 4006 propheta:
745 3939 998 4010 accipiet;
1027 3949 1074 3992 et
1123 3941 1210 4008 qui
1257 3941 1436 4010 recipit
1467 3943 1672 4010 justum
1695 3943 1748 3996 in
1783 3959 1878 3996 uo-

301 4027 442 4080 mine
454 4027 610 4098 justi,
633 4028 916 4082 mercedem
933 4029 1070 4098 justi
1093 4031 1308 4100 accipiet
1334 4031 1546 4102 (Matth.
1571 4049 1626 4096 ι,
1647 4033 1738 4098 40,
1761 4033 1874 4104 41).

299 4119 370 4174 ΕΙ.
409 4121 602 4176 iterum
633 4123 684 4176 in
709 4121 982 4180 Psalmis:
1025 4123 1158 4180 Mihi
1195 4135 1370 4180 autem
1393 4126 1730 4198 honori/irati
1757 4135 1874 4182 sunt

299 4213 460 4268 amici
487 4213 582 4280 tui,
607 4213 747 4270 Deus
783 4211 956 4288 (Psat.
993 4231 1256 4284 cxxxvm,
1287 4217 1398 4290 17).

373 4345 428 4400 5.
469 4343 576 4402 Sed
610 4347 760 4416 prius
803 4361 964 4418 quam
1013 4363 1198 4404 eorum
1239 4365 1508 4418 exsequar
1551 4359 1752 4422 tropaea
1797 4367 1876 4406 m-

301 4437 498 4508 signia,
549 4451 728 4508 operae
758 4441 988 4510 pretium
1049 4441 1306 4496 resistere
1357 4441 1560 4496 credidi
1589 4443 1874 4512 imperitis,

301 4529 396 4596 qui
443 4543 538 4584 ore
591 4529 906 4600 blasphemo
951 4531 1146 4586 borum
1197 4541 1496 4602 temporum
1549 4533 1876 4604 martyribus

303 4619 652 4690 derogantes,
681 4635 788 4676 non
803 4637 924 4680 esse
957 4621 1078 4678 illos
1099 4623 1408 4678 consimiles
1431 4623 1704 4692 prioribus
1729 4639 1874 4678 mar-

305 4711 514 4780 tyribus
555 4711 762 4768 volunt.
803 4711 896 4766 Illa
927 4713 1176 4784 denique,
1213 4713 1388 4778 aiunt,
1429 4715 1720 4786 gentilitas,
1747 4715 1876 4772 olim

303 4799 720 4858 simulacrorum
751 4801 984 4858 cultibus
1029 4803 1234 4868 dedita,
1263 4803 1538 4874 variisque
1580 4805 1876 4874 imaginum

303 4891 606 4962 sacrilegiis
633 4903 918 4964 occupata,
957 4893 1176 4950 milleno
1205 4895 1414 4950 exstitit
1457 4895 1724 4952 idolorum
1751 4911 1880 4966 por-

305 4989 456 5038 tento
467 4984 720 5050 subacta;
747 4993 946 5056 etquot
969 4985 1324 5042 mundialium
1345 4987 1538 5042 mirata
1561 4997 1648 5044 est
1667 4989 1878 5058 species

305 5089 514 5140 rerum,
547 5085 626 5132 tot
649 5075 748 5132 sibi
775 5077 1010 5132 instituit
1037 5077 1242 5134 formas
1267 5079 1526 5146 deorum;
1551 5087 1748 5148 putans
1767 5097 1876 5138 non

305 5165 444 5222 alias
473 5167 704 5222 obtineri
751 5183 910 5238 posse
955 5169 1338 5240 temporarium
1389 5171 1754 5238 commodum,
1805 5173 1878 5228 ob

305 5263 450 5332 quod
489 5277 646 5318 suum
671 5261 1030 5318 miserabilem
1051 5263 1274 5318 summis
1305 5263 1514 5318 viribus
1539 5265 1878 5334 expendebat

305 5361 582 5420 conatum,
653 5353 758 5408 nisi
801 5353 1030 5410 haberet
1077 5369 1422 5410 numerosam
1471 5355 1878 5412 observantiam

307 5447 612 5504 numinum.
641 5445 810 5518 Cujus
851 5461 1038 5504 errore
1077 5449 1322 5520 decepta,
1373 5451 1580 5506 crudeli
1627 5467 1880 5522 persecu-

307 5539 458 5602 tione
487 5541 832 5596 resistentem
863 5555 928 5596 ac
971 5539 1344 5596 adversantem
1373 5541 1474 5598 sibi
1509 5541 1880 5600 Christianam

307 5631 542 5690 vexabat
587 5631 832 5688 militiam
887 5631 1170 5698 conviciis,
1199 5631 1636 5700 lacerationibus,
1671 5635 1876 5706 ﬂagris,

309 5723 576 5800 equuleie,
629 5723 916 5790 incendiis,
961 5723 1170 5790 bestiis,
1215 5721 1490 5790 ﬂuctibus,
1545 5741 1608 5782 ae
1647 5725 1878 5784 diversis

1983 501 2222 558 revocari
2253 517 2412 570 posse
2435 501 2710 570 suppliciis
2739 501 3140 572 animas,quas,
3171 503 3396 574 spiritali
3425 519 3552 560 con-

1981 593 2128 650 llictu
2151 595 2420 650 introrsus
2445 595 2556 666 jam
2587 595 2844 662 eruditas,
2873 607 3134 652 noverant
3159 597 3322 653 etiam
3353 597 3550 654 facilli-

1983 701 2068 741 me
2105 685 2414 742 materiales
2463 685 2844 742 debellantium
2893 689 3144 742 evincere
3175 705 3406 760 pugnas.
3457 691 3548 744 Sic

1983 779 2166 844 hebes,
2207 779 2332 834 dum
2390 779 2796 836 invictissimam
2849 781 3266 836 fortissimorum
3319 783 3548 838 militum

1979 869 2234 926 virtutem
2265 871 2585 938 admiratur,
2617 873 2682 928 de
2733 873 3008 928 immensis
3057 891 3272 945 quoque
3317 877 3552 932 miracu-

1979 963 2150 1016 lorum
2193 965 2428 1020 ostcnsis
2479 965 2884 1036 obstupescens,
2935 965 3176 1032 insultat,
3241 968 3552 1024 daemonicis

1979 1053 2284 1122 deputanda
2333 1055 2618 1126 pratstigiis
2669 1071 2788 1124 quae
2843 1065 3040 1110 caicata
3103 1063 3280 1110 mente
3331 1057 3552 1126 pietatis

1977 1145 2232 1214 nequibat
2287 1145 2536 1200 effectum
2607 1147 2908 1202 advertere.
2955 1147 3250 1216 Erantque,
3301 1159 3360 1202 ut
3409 1149 3550 1216 apud

1975 1234 2206 1306 plurima
2245 1235 2468 1306 legimus
2521 1237 2868 1306 exemplaria,
2911 1239 3190 1294 beatorum
3233 1239 3550 1296 occasiones

1977 1325 2324 1380 convertendi
2371 1327 2438 1380 ad
2465 1327 2762 1393 Christum,
2791 1327 3032 1398 prodigia
3085 1328 3198 1398 ipsa
3249 1327 3546 1396 signorum.

1975 1413 2106 1468 Nam
2139 1415 2228 1470 isti
2263 1417 2492 1478 tirones,
2541 1425 2594 1470 et
2649 1427 2956 1472 nostrorum
2989 1427 3288 1488 temporum
3339 1417 3552 1474 confes-

1975 1523 2144 1574 sores,
2197 1509 2264 1564 ab
2295 1509 2404 1564 ictu
2433 1511 2710 1566 mucronis
2739 1511 2966 1566 celerem
2995 1511 3366 1566 tantummodo
3403 1511 3550 1565 exci-

1972 1599 2182 1668 pientes
2239 1599 2538 1666 inleritum,
2597 1601 2796 1656 nullam
2843 1601 3134 1658 furentium
3197 1603 3546 1656 acerbitatem

1970 1691 2213 1760 perpessi
2267 1701 2556 1760 tortorum,
2611 1711 2716 1748 non
2749 1695 2846 1750 sub
2897 1695 3164 1750 diutinum
3215 1695 3548 1750 desudarunt

1971 1785 2268 1840 Stimulum.
2333 1787 2638 1841 Praesertim
2703 1803 2826 1842 cum
2883 1789 2950 1842 ab
3009 1789 3319 1844 hominibus
3377 1789 3544 1844 Deum

1971 1875 2290 1942 colentibus,
2323 1885 2378 1930 et
2411 1876 2648 1930 cmlestia
2677 1877 2798 1946 jura
2823 1875 3118 1932 fatentibus
3162 1879 3542 1948 compendiosa

1971 1975 2146 2022 morte
2171 1967 2432 2038 perempti
2461 1967 2588 2022 sint.
2633 1967 2784 2022 Unde
2813 1975 2894 2023 sat
2927 1967 3008 2023 eis
3050 1977 3134 2022 est
3173 1969 3218 2022 si
3243 1969 3546 2037 prieterito-

1971 2075 2092 2114 rum
2123 2061 2460 2114 curationem
2502 2059 2682 2130 adepti
2733 2067 2858 2114 sunt
2903 2059 3215 2124 criminum,
3265 2061 3404 2130 quod
3437 2075 3542 2114 non

1971 2153 2128 2208 tersit
2169 2161 2484 2208 catenarum
2545 2155 2764 2216 stridor,
2799 2151 2926 2208 ferri
2977 2169 3134 2218 onus,
3177 2151 3396 2222 squalor
3427 2169 3546 2206 car-

1971 2241 2130 2306 ceris,
2155 2257 2254 2298 nec
2279 2243 2490 2298 diversa
2513 2243 2799 2312 poenalitas
2821 2243 3210 2314 persequentis.

2045 2333 2100 2386 4.
2141 2331 2310 2404 igitur
2351 2333 2466 2388 haec
2513 2339 2648 2388 vana
2691 2335 3194 2404 parvipendentium
3237 2333 3547 2388 adinveutio

1973 2439 2210 2494 congrua
2256 2439 2476 2480 necesse
2503 2433 2588 2480 est
2631 2423 2806 2496 legum
2839 2425 3164 2480 auctoritate
3207 2423 3542 2488 retundatur,

1973 2523 2050 2580 et,
2083 2517 2136 2568 in
2165 2525 2424 2584 quantum
2461 2515 2720 2570 Dominus
2751 2517 2972 2586 juverit,
3007 2517 3246 2570 veridico
3295 2515 3547 2570 assertio-

1973 2625 2102 2664 num
2147 2611 2316 2662 ariete
2363 2609 2702 2678 impellatur;
2757 2619 2814 2662 ut
2845 2625 2998 2664 mens
3051 2609 3424 2680 religiosorum
3457 2623 3546 2662 sa-

1975 2701 2294 2756 cratissimis
2371 2701 2574 2755 imbuta
2643 2701 2898 2764 oraculis,
2974 2701 3144 2756 discat
3203 2713 3272 2754 ex
3321 2699 3546 2754 veritate

1977 2791 2230 2856 novitios,
2263 2791 2426 2846 sicuti
2465 2791 2672 2862 priscos
2699 2791 2944 2846 venerari
2983 2799 3260 2862 patronos,
3289 2805 3424 2860 quos
3453 2805 3546 2860 ge-

1977 2883 2142 2938 nerali
2201 2885 2484 2940 devotione
2517 2899 2614 2954 per
2643 2893 2870 2940 mortem
2907 2885 3194 2954 gloriosam
3247 2883 3324 2938 ire
3375 2883 3550 2938 cernit

1977 2973 2044 3028 ad
2075 2973 2258 3028 etelos.

2051 3065 2104 3117 5.
2147 3064 2286 3132 Quid
2315 3065 2460 3118 enim
2509 3065 2682 3120 celere
2725 3065 2986 3120 militibus
3031 3065 3234 3121 sanctis
3277 3065 3545 3120 excidium

1901 3137 1948 3204 C
1980 3155 2162 3218 ofﬁcit,
2211 3173 2304 3226 per
2335 3157 2476 3226 quod
2527 3157 2592 3210 ad
2639 3157 2690 3210 id
2739 3157 2938 3212 cursim
2983 3156 3248 3226 pervenit,
3295 3171 3400 3226 quo
3453 3169 3548 3226 per

1975 3247 2124 3302 varia
2149 3255 2202 3302 et
2229 3261 2420 3316 aspera
2449 3255 2722 3302 tormenta
2764 3247 2890 3302 olim
2943 3245 3218 3317 catalogus
3267 3245 3548 3300 beatorum

1977 3339 2246 3396 accessit?
2301 3341 2408 3393 Aut
2435 3341 2562 3408 quid
2615 3339 2836 3394 interest
2881 3355 2986 3408 quo
3033 3338 3224 3392 mortis
3255 3353 3452 3410 genere
3481 3351 3546 3390 ex

1975 3433 2078 3488 hac
2103 3435 2210 3488 vita
2241 3433 2428 3488 mortis
2461 3433 2708 3498 excedat,
2740 3433 2972 3502 quando,
3013 3441 3070 3486 ut
3115 3433 3372 3502 scriptum
3421 3439 3542 3484 est:

1975 3527 2162 3581 Justus
2197 3541 2506 3596 quacunque
2531 3533 2696 3578 morte
2721 3533 3112 3594 prwoccupatus
3145 3523 3324 3591 fuerit,
3368 3521 3544 3574 anima

1975 3617 2088 3687 ejus
2119 3619 2172 3672 in
2205 3617 2472 3687 refrigerio
2501 3617 2638 3670 erit?
2681 3615 2834 3684 (Sep.
2867 3631 2938 3678 1v,
2981 3615 3058 3682 7.)
3089 3613 3196 3666 Aut
3221 3613 3348 3682 quid
3395 3611 3550 3666 obest

1979 3721 2158 3766 utrum
2183 3725 2280 3782 per
2301 3711 2458 3781 longa
2487 3708 2838 3770 cruciamina,
2875 3723 2940 3760 an
2973 3705 3252 3760 subitaneo
3274 3701 3422 3758 obitu
3453 3703 3548 3754 de-

1977 3809 2151 3872 cidat,
2183 3809 2398 3878 quando
2425 3821 2530 3860 una
2575 3807 2868 3874 eademque
2911 3819 2995 3858 res
3025 3811 3104 3856 est
3143 3817 3262 3870 quae
3291 3809 3550 3868 utrosque

1977 3907 2220 3960 coronat,
2260 3895 2406 3950 zelus
2433 3895 2638 3950 scilicet
2667 3895 2782 3960 Dei,
2807 3903 2864 3948 et
2899 3907 3052 3946 amor
3081 3891 3230 3962 regni
3261 3887 3550 3960 perpetui?

1977 3991 2060 4044 An
2105 4005 2210 4044 non
2255 3987 2476 4058 perfecti
2521 3995 2866 4042 exsecutorcs
2913 3993 3304 4054 praeceptorum
3347 3981 3550 4036 Christi

1980 4079 2232 4136 censendi
2263 4087 2404 4142 sunt,
2433 4079 2544 4148 qui,
2571 4077 2850 4132 subitanea
2875 4075 3286 4130 mortiﬁcatione
3313 4071 3546 4136 accensi,

1981 4185 2158 4226 rerum
2205 4169 2598 4225 oblectamenta
2643 4177 2976 4237 spernentes,
3021 4165 3182 4220 etiam
3243 4173 3546 4234 parentum,

1983 4261 2234 4326 ﬁliorum,
2261 4260 2568 4330 conjugum,
2593 4257 2836 4322 fratrum,
2863 4265 3290 4326 cunctarumque
3313 4255 3552 4308 atl‘ectio-

1979 4365 2078 4406 nes
2123 4349 2360 4404 aﬂinium
2395 4349 2462 4404 ad
2489 4357 2746 4419 punctum
2795 4349 3050 4418 temporis
3077 4345 3458 4416 abnegarunt?
3487 4344 3554 4397 Et

1979 4441 2108 4512 quid
2139 4441 2280 4498 inter
2325 4441 2578 4496 universa
2627 4439 2886 4510 supplicia
2921 4439 3200 4494 cruentius
3229 4445 3402 4492 morte
3425 4435 3552 4490 est?

1981 4533 2120 4600 Quid
2143 4531 2454 4596 terribilius,
2481 4547 2640 4602 quam
2665 4533 2952 4586 micantem
2979 4539 3102 4584 ante
3123 4529 3307 4584 oculos
3327 4541 3552 4584 cernere

1977 4623 2214 4696 gladium
2279 4623 2580 4678 cervicibus
2621 4621 2988 4678 conﬁtentium
3039 4621 3284 4692 protinus
3337 4619 3550 4686 illapsu-

1981 4715 2138 4772 rum?
2185 4713 2292 4768 Aut
2351 4715 2480 4784 quid
2535 4727 2630 4783 per
2675 4715 2832 4784 longa
2877 4713 3176 4770 certamina
3245 4711 3344 4766 nisi
3407 4723 3550 4761 mors

1981 4805 2184 4862 sanctis
2231 4803 2560 4876 martyribus
2603 4805 2894 4876 quaeritur?
2939 4803 3030 4860 lila
3071 4805 3256 4874 utique
3301 4815 3444 4854 mors
3485 4797 3552 4851 de

1983 4913 2088 4970 qua
2113 4897 2398 4954 Psalmista
2421 4897 2566 4952 canit
2613 4907 2668 4952 et
2707 4897 2838 4954 dicit
2865 4915 2880 4952 :
2911 4895 3152 4952 Pretiosa
3189 4897 3242 4950 in
3273 4901 3546 4962 conspectu
3577 4953 3584 4960 ,

1981 4991 2200 5046 Domini
2247 5007 2386 5046 mors
2423 4998 2724 5046 sanctorum
2751 4991 2866 5061 ejus
2899 4989 3070 5061 (Psat.
3113 5003 3234 5054 cxv,
3279 4985 3390 5056 15).
3433 4983 3550 5038 Non

1981 5083 2126 5138 enim
2159 5081 2248 5136 diu
2273 5081 2522 5152 patienti,
2547 5081 2644 5136 sed
2667 5081 2906 5136 vincenti
2953 5093 3148 5136 corona
3195 5075 3546 5148 promittitur.

1981 5177 2048 5230 Et
2075 5175 2304 5230 feliciori
2329 5173 2628 5243 pertinacia
2675 5173 2820 5228 beati
2859 5169 3048 5242 agonis
3097 5167 3386 5222 terminum
3413 5179 3550 5234 prae.

1983 5265 2206 5330 stolans,
2239 5265 2304 5320 de
2331 5281 2426 5334 spe
2463 5263 2656 5320 salutis
2687 5271 2902 5318 aeterna:
2947 5257 3344 5328 quodammodo
3383 5253 3554 5324 magis

1985 5361 2278 5424 animatur,
2307 5357 2516 5412 dicente
2545 5357 2770 5410 Domino
2795 5373 2808 5408 :
2843 5351 2946 5418 Qui
2975 5351 3370 5422 perseveraverit
3393 5363 3554 5418 usque

1985 5453 2042 5506 in
2061 5452 2240 5522 ﬁnem,
2271 5451 2354 5504 hic
2381 5449 2556 5518 saluus
2583 5450 2680 5503 erit
2715 5445 2928 5520 (Matth.
2983 5461 3038 5510 χ,
3078 5443 3192 5516 22).
3225 5441 3350 5498 Sive
3375 5451 3556 5496 autem

1989 5543 2358 5606 dilationibus,
2385 5543 2500 5596 sive
2531 5539 2766 5596 fortuitis
2811 5539 3024 5594 casibus
3071 5537 3382 5607 passionum
3419 5541 3558 5590 stre-

1987 5633 2114 5690 nuis
2147 5631 2408 5690 militibus
2453 5637 2672 5700 propter
2709 5627 2982 5684 Christum
3027 5625 3388 5699 pugnantibus
3435 5637 3554 5694 pro

1991 5743 2120 5802 pera
2171 5743 2264 5784 seu
2321 5725 2472 5781 tarda
2529 5737 2676 5779 mors
2731 5733 3012 5790 occurrat,
3069 5723 3172 5778 hoc
3221 5715 3560 5778 solummodo
