4094 6346
622 228 728 336 δέδι’»

1724 273 1783 331 S.
1824 271 2103 330 EULOCll
2140 270 2459 329 AttCHlEP.
2499 268 2743 330 TOLET.

622 386 1012 451 advertendtlln
1039 400 1147 458 est,
1173 390 1221 446 si
1247 404 1407 446 causa
1442 389 1564 445 ﬁdei
1596 388 1876 461 passiones
1909 387 2207 459 excipiant,
2237 387 2290 447 Α
2385 387 2437 441 7.
2478 384 2859 443 Miraculorum
2884 399 3014 442 vero
3038 385 3273 457 insignia
3296 382 3423 442 ideo
3453 383 3579 442 olim
3606 386 3729 448 inter
3748 407 3838 466 sup.

625 486 672 542 si
703 495 926 558 propter
949 484 1226 541 Christum
1250 490 1625 537 coronatorem
1671 491 1994 552 martyrum,
2047 486 2107 533 ιιι
2152 480 2205 533 in

625 588 890 634 aeternum
920 575 1215 639 salvantur,
1249 575 1459 628 animas
1499 572 1731 642 perdere
1759 571 2037 635 anhelant,
2067 571 2208 625 sicut

625 670 885 740 scripturn
914 676 999 722 est
1025 690 1038 720 :
1071 665 1133 721 Si
1167 665 1283 735 quis
1315 663 1532 718 voluerit
1565 662 1798 717 animam
1821 679 1974 716 suam
2006 661 2206 716 salvam

628 762 822 834 facere,
851 759 1029 831 perdet
1078 773 1215 819 eam,
1244 765 1292 810 et
1336 757 1425 826 qui
1458 756 1746 824 perdiderit
1786 755 2019 808 animam
2053 770 2207 808 suam

627 865 839 926 propter
873 868 976 915 me,
1020 851 1073 904 in
1098 852 1256 902 vitam
1294 859 1544 903 wternant
1584 848 1835 902 custodiet
1868 864 1983 902 eam
2017 847 2205 919 (lbid.,

623 944 737 1017 59).
765 943 991 1009 Nam,et
1011 942 1056 997 si
1080 940 1250 1011 culpis
1269 940 1487 996 obnoxii
1511 951 1784 1003 maneant,
1801 950 1859 996 et
1877 958 1942 995 ex
1970 940 2210 1011 qualibet

625 1038 785 1093 sorde
813 1035 1065 1090 vitiorum
1115 1031 1300 1088 infecti
1331 1032 1397 1086 ad
1438 1033 1757 1103 martyrium
1784 1032 2022 1097 veniant,
2077 1031 2209 1085 nihil

626 1127 880 1196 impedit;
933 1140 1055 1180 cum
1110 1124 1367 1178 omnibus
1414 1123 1713 1194 martyriali
1766 1132 1967 1193 tropaeo
2018 1122 2209 1177 deletis

626 1220 693 1272 ad
741 1217 1014 1273 Christum
1065 1216 1361 1270 coronandi
1414 1216 1693 1270 accedant.
1742 1213 1887 1270 Idem
1930 1215 2074 1269 enirn
2124 1222 2210 1268 est

622 1324 720 1379 per
751 1309 918 1363 multa
952 1320 1219 1364 tormenta
1251 1308 1303 1362 in
1332 1309 1548 1364 nomine
1573 1307 1834 1363 Cruciﬁxi
1867 1309 2104 1363 animam
2150 1308 2207 1364 in

624 1411 797 1456 morte
828 1400 1059 1465 tradere,
1090 1413 1144 1457 et
1165 1401 1330 1456 semel
1362 1417 1468 1456 uno
1499 1405 1607 1455 ictu
1650 1411 1868 1471 propter
1905 1401 2079 1469 ipsum
2115 1417 2207 1457 oc-

625 1494 906 1559 cumbere,
935 1495 1026 1563 qui
1049 1495 1184 1548 dixit
1211 1512 1224 1548 :
1255 1493 1317 1549 Si
1344 1495 1460 1564 quis
1481 1493 1762 1564 perdiderit
1800 1494 2030 1547 animam
2053 1510 2206 1548 suam

620 1595 829 1657 propter
868 1603 969 1651 me,
993 1586 1048 1639 in
1070 1587 1230 1639 vitam
1272 1597 1525 1640 cateruam
1551 1586 1772 1639 inveniet
1802 1602 1938 1639 eam.
1986 1585 2053 1640 Et
2081 1585 2208 1640 licet

621 1676 883 1747 scriptum
912 1676 1006 1740 sit,
1036 1676 1174 1746 quod
1227 1691 1319 1743 per
1349 1674 1542 1729 multas
1576 1673 1940 1729 tribulationes
1967 1685 2201 1745 oporteat

2312 476 2471 548 plicia
2522 493 2619 549 per
2645 468 2881 534 eosdem“
2900 478 3128 539 athletas
3157 478 3254 534 Dei
3303 480 3483 535 virtus
3525 483 3706 539 mundo
3745 500 3839 555 pra-

2314 571 2516 635 stabat,
2567 579 2630 626 ut
2671 572 3041 642 prodigiorum
3073 572 3374 629 virtutibus
3400 572 3485 628 vel
3526 573 3762 645 mitigaret
3784 578 3839 633 fu-

2313 672 2529 719 rentum
2567 664 2856 731 insaniam,
2896 681 3017 735 quae
3050 666 3340 723 beatorum
3383 667 3721 723 constantiam
3753 669 3838 727 lati-

2312 756 2510 826 gabat;
2552 755 2635 810 vel
2668 755 3004 810 incredulum
3044 771 3215 827 genus
3250 758 3323 809 ah
3355 754 3677 811 inﬁdelitatis
3704 773 3837 816 errore

2312 855 2676 913 converteret,
2725 847 2818 916 qui
2856 848 3157 903 ccclestium
3195 846 3327 917 jura
3374 844 3835 917 Scripturarumob—

2311 939 2519 995 duratis
2553 939 2867 1009 praecordiis
2901 939 3207 1008 respuebat.
3250 938 3493 1008 Eratque
3531 938 3617 994 illo
3658 949 3837 1012 tempore

2313 1031 2590 1086 multotics
2627 1030 2992 1086 necessarium
3041 1030 3138 1085 Dei
3187 1039 3360 1086 testes
3406 1030 3575 1103 signis
3615 1047 3835 1090 coruscare

2308 1126 2592 1189 virtutum,
2626 1125 2880 1194 quoniam
2909 1124 3096 1179 rudem
3136 1138 3237 1194 per
3258 1137 3440 1179 aevum
3468 1121 3700 1179 diﬁ‘usum
3722 1122 3835 1181 Chri-

2310 1217 2652 1273 stianismum
2678 1231 2821 1272 nunc
2846 1217 3209 1271 instructions
3235 1217 3552 1283 verborum,
3581 1234 3707 1274 nunc
3728 1234 3834 1275 etcr-

2309 1309 2567 1366 citatione
2600 1308 3033 1380 Scripturarum,
3071 1324 3218 1365 nunc
3246 1309 3564 1365 ostensione
3594 1308 3827 1381 signorum,

2309 1419 2455 1459 nunc
2496 1404 2657 1458 etiam
2696 1403 2912 1473 tropaeis
2955 1401 3177 1474 inclytis
3220 1401 3541 1473 passionum
3570 1402 3833 1458 conabantur

2308 1497 2571 1553 radicitus
2589 1496 2708 1551 ﬁeri
2750 1495 2967 1552 ﬁrmum
2995 1496 3050 1552 in
3073 1495 3339 1551 cordibus
3373 1494 3692 1551 credentium
3716 1510 3834 1566 popu-

2307 1588 2506 1654 lorum,
2557 1588 2697 1643 sicut
2738 1588 3004 1658 scriptum
3048 1594 3135 1643 est
3165 1603 3180 1642 :
3212 1584 3422 1641 Euntes
3470 1601 3563 1655 per
3605 1583 3830 1640 animo

2313 1678 2604 1741 mundum,
2668 1677 2953 1748 pra’dicate
3010 1675 3364 1749 Evangelium
3423 1677 3564 1730 omni
3619 1684 3830 1729 creatura.

622 1787 716 1825 nos
741 1769 1087 1825 conscendere
1135 1769 1204 1821 ad
1257 1784 1471 1838 regnum
1522 1766 1660 1838 (Act.
1709 1782 1820 1830 xrv,
1856 1766 1968 1836 21),
2020 1767 2207 1835 utique
2237 1757 2284 1817 Β
2314 1768 2417 1835 Qui
2448 1769 2751 1834 crediderit,
2791 1779 2838 1823 et
2870 1768 3167 1841 baptizatus
3210 1766 3405 1838 fuerit,
3443 1765 3610 1822 salvus
3643 1765 3830 1836 erit;qsi

622 1876 747 1916 cum
783 1868 1094 1930 suppetunt,
1130 1859 1504 1914 sustinendum
1542 1867 1627 1914 est
1670 1874 1840 1928 usque
1869 1858 1937 1912 ad
1963 1859 2206 1926 obitum;

623 1952 708 2007 sin
747 1967 876 2006 vero
909 1950 1159 2006 celeritas
1198 1952 1573 2021 persequentis
1615 1952 1942 2007 intercidens
1983 1952 2208 2022 expedi-

624 2049 739 2096 tam
786 2041 1191 2096 confessoribus
1240 2040 1442 2096 Christi
1478 2042 1724 2097 intulerit
1770 2053 2018 2109 mortem,
2055 2053 2111 2098 et
2151 2044 2207 2100 in

622 2130 729 2186 hoc
772 2130 1084 2186 nullatenus
1119 2131 1290 2202 gloria
1355 2147 1545 2186 eorum
1594 2132 1895 2187 mutilanda
1930 2140 2033 2199 est,
2078 2133 2206 2203 quia

620 2232 1106 2293 perseveraverunt
1133 2238 1304 2293 usque
1341 2224 1394 2277 in
1423 2224 1607 2277 linem.

693 2317 747 2371 6.
788 2316 1013 2371 Frustra
1060 2333 1190 2387 ergo
1231 2318 1347 2373 zelo
1405 2320 1497 2374 Dei
1546 2334 1810 2375 accensus
1849 2320 1918 2374 ad
1958 2320 2204 2375 hravium

620 2407 905 2464 festinaret
929 2409 1082 2463 miles
1107 2411 1376 2481 egregius,
1406 2420 1460 2465 et
1488 2426 1644 2467 casso
1666 2422 1863 2466 conatu
1894 2412 1944 2466 in
1971 2413 2205 2483 primor-

621 2502 749 2557 diali
788 2504 1175 2559 exercitatione
1206 2504 1348 2559 vires
1396 2520 1520 2560 suas
1545 2504 1901 2575 expenderet,
1933 2505 1977 2559 si
2004 2506 2072 2559 ab
2097 2505 2221 2573 ima

619 2603 875 2663 peratore
900 2594 1140 2649 emeritae
1169 2595 1409 2650 victoria:
1444 2595 1732 2665 triumphis
1761 2595 2200 2661 defraudaretur,

617 2699 717 2755 pro
750 2700 818 2741 eo
846 2687 989 2756 quod
1058 2686 1111 2740 in
1138 2687 1418 2756 procinctu
1447 2696 1503 2742 et
1548 2687 1603 2741 in
1630 2687 1747 2757 ipso
1788 2687 1910 2744 belli
1958 2687 2202 2758 auspicio

615 2776 850 2847 palmam
878 2779 944 2832 de
970 2786 1197 2849 tyranno
1239 2780 1493 2844 obtinuit,
1529 2795 1706 2849 neque
1742 2796 1862 2835 eam
1893 2780 2103 2834 diutina
2145 2788 2203 2835 et

614 2866 887 2925 laboriosa
917 2867 1317 2925 conﬂictatione
1351 2872 1699 2941 conquisivit,
1727 2879 1821 2925 aut
1859 2887 1956 2942 per
2006 2870 2221 2935 multi:

617 2960 839 3015 modum
872 2962 1296 3018 concertationis
1325 2963 1630 3018 discursum
1662 2964 1892 3034 adepsit.
1940 2963 2052 3020 lllis
2094 2965 2199 3019 uti-

618 3067 727 3123 que
750 3052 1037 3113 laboriosis
1066 3055 1468 3125 vexationibus,
1496 3065 1552 3111 et
1585 3072 1690 3112 non
1729 3056 1997 3127 expetiitze
2024 3057 2197 3112 victo-

615 3142 714 3199 riae
736 3160 937 3201 corona
982 3144 1297 3211 deberetur,
1354 3146 1399 3201 si
1438 3147 1607 3218 magis
1650 3148 1932 3218 prolixitas
1983 3164 2196 3221 pugnae,

616 3248 781 3303 quam
852 3233 1168 3290 festinatum
1235 3244 1494 3306 tropaeum
1550 3247 1890 3307 pensaretur.
1956 3238 2201 3306 Qualitas

617 3327 803 3397 itaque
823 3343 932 3383 non
957 3329 1234 3398 quantitas
1261 3329 1575 3384 intentionis
1606 3329 1943 3386 observanda
1980 3340 2065 3386 est
2093 3332 2200 3387 dis-

612 3404 886 3476 currentis
923 3421 991 3476 ad
1035 3421 1339 3492 praemium,
1371 3436 1495 3476 cum
1537 3423 1920 3491 quoquomodo
1948 3423 2027 3477 rei
2059 3424 2201 3480 desi-

613 3510 815 3568 derate
844 3513 1093 3583 capiatur
1125 3510 1371 3569 ell'ectus.
1400 3511 1551 3569 Unus
1581 3521 1763 3570 tamen
1811 3515 2065 3587 idemque
2111 3526 2198 3572 est

612 3618 709 3661 rex
745 3613 999 3671 aeternus,
1030 3621 1131 3676 pro
1155 3603 1311 3676 cujus
1339 3621 1526 3661 amore
1573 3607 1963 3677 temporalibus
1988 3623 2049 3663 se
2075 3624 2199 3679 pas-

613 3697 859 3753 sionibus
885 3698 1063 3769 saneti
1085 3713 1276 3754 omnes
1301 3697 1642 3754 submittunt.
1666 3696 1805 3766 Quid
1834 3699 1978 3755 enim
2002 3698 2198 3755 latroni

613 3787 929 3860 evangelico
957 3788 1190 3853 obstitit,
1221 3787 1296 3860 (ι)
1325 3787 1468 3858 quod
1519 3788 1757 3843 fraterno
1808 3803 2002 3844 cruore
2050 3788 2198 3845 illitis

612 3884 864 3939 manibus
891 3897 1105 3938 crucem
1145 3882 1433 3938 ascendit?
1468 3880 1573 3936 Aut
1601 3882 1850 3952 qualibus
1887 3883 2029 3938 inter
2079 3883 2194 3955 ipsa

611 3979 807 4033 mortis
841 3976 1121 4046 dispendia
1173 3974 1455 4030 miraculis
1499 3976 1828 4040 cortzecavit,
1858 3974 1950 4045 qui
1998 3975 2081 4046 (ut
2118 3975 2195 4032 ita

611 4069 865 4138 dixerim)
897 4068 1060 4123 totius
1084 4066 1210 4122 vitae
1238 4081 1348 4121 suae
1382 4074 1584 4123 metam
1610 4066 1929 4131 latrociniis,
1962 4067 2190 4137 rapinis,

610 4158 917 4228 praediaque
941 4157 1162 4229 exegit?
1194 4157 1258 4213 Et
1298 4166 1479 4214 tamen
1508 4158 1610 4213 sub
1649 4157 1811 4211 unius
1848 4156 2193 4214 confessione

610 4251 869 4305 momenti
908 4259 1058 4307 tanto
1103 4250 1308 4307 scelere
1354 4266 1460 4306 non
1512 4249 1686 4306 solum
1720 4250 1951 4317 eruitur,
2002 4266 2193 4306 verum

611 4343 776 4399 etiam
806 4342 1001 4415 dignus
1028 4352 1285 4400 comitatu
1320 4345 1698 4416 Redemptoris
1720 4346 1930 4416 primus
1954 4348 2191 4417 paradisi

607 4452 894 4509 possessor
921 4440 1173 4505 habetur,
1225 4440 1438 4495 dicente
1469 4439 1738 4513 Domino):
1771 4438 1944 4495 Hodie
1987 4458 2191 4497 mecum

608 4532 713 4586 eris
736 4531 794 4585 in
809 4530 1058 4603 paradiso
1083 4529 1235 4599 (Luc.
1262 4547 1420 4598 xxur,
1439 4529 1552 4602 ιδ).
1569 4530 1658 4593 Ει,
1679 4531 1725 4587 si
1748 4546 1909 4608 nemo
1929 4524 2189 4602 majorem

610 4625 778 4681 habet
829 4624 1196 4690 dilectionem,
1250 4641 1415 4696 quam
1470 4624 1564 4696 qui
1628 4625 1865 4680 animam
1905 4641 2059 4682 suam
2090 4641 2191 4697 pro

611 4717 804 4772 amicis
845 4716 958 4772 suis
989 4717 1141 4787 ponit
1183 4715 1367 4787 (Joan.
1409 4732 1501 4783 xv,
1537 4717 1659 4787 i5),
1692 4726 1896 4788 quanto
1921 4719 2189 4775 excellen-

609 4809 735 4866 tiori
764 4810 1034 4865 charitate
1085 4807 1343 4865 ferendus
1396 4818 1503 4876 est,
1535 4809 1630 4880 qui
1675 4826 1772 4881 pro
1805 4810 1912 4866 Deo
1942 4827 2042 4868 suo
2096 4811 2189 4867 de-

606 4912 783 4959 certat
811 4916 982 4972 usque
1012 4903 1078 4956 ad
1110 4902 1379 4958 mortem?
1415 4901 1551 4957 Nam
1585 4911 1643 4959 et
1668 4902 2057 4975 paterfamilias
2079 4920 2187 4961 non

603 5009 713 5049 una
729 4996 860 5049 hora
873 4994 1083 5050 colonis
1114 4994 1168 5049 in
1198 4994 1413 5050 vineam
1438 4995 1620 5051 missis
1643 5010 1852 5066 aequam
1880 4995 2185 5052 mercedem

603 5088 950 5157 dispensans,
990 5104 1097 5142 non
1145 5101 1473 5158 magnopere
1518 5087 1585 5144 de
1640 5090 1897 5159 temporis
1924 5098 2079 5145 curat
2104 5088 2187 5144 di-

602 5182 889 5247 versitate;
921 5181 1046 5251 quia
1072 5181 1125 5236 in
1156 5181 1548 5237 exercitatione
1575 5181 1777 5237 laboris
1830 5198 1938 5237 non
1989 5197 2185 5252 exper-

598 5270 710 5326 tem
738 5288 769 5327 a
790 5272 1030 5343 priorum
1060 5272 1359 5328 intentione
1384 5272 1694 5327 ultimorum
1722 5274 2182 5330 mercennariorum

600 5380 820 5434 operam
866 5371 1199 5434 compensat.
1247 5362 1397 5418 Multi
1450 5373 1632 5418 autem
1682 5372 1842 5418 erunt
1893 5364 2178 5421 novissimi

601 5461 794 5525 tn'ittti,
837 5466 892 5512 et
947 5456 1110 5527 primi
1165 5457 1441 5512 novissimi
1489 5456 1706 5527 (Matth.
1760 5473 1883 5523 xix,
1937 5457 2058 5530 50);
2123 5468 2179 5515 et

602 5549 753 5601 multi
784 5548 1003 5602 venient
1029 5547 1099 5602 ab
1125 5548 1332 5602 oriente
1370 5556 1424 5602 et
1452 5549 1751 5613 oecidente,
1785 5559 1839 5603 et
1865 5551 2179 5606 recumbent

600 5655 723 5690 cum
756 5637 1055 5702 Abraham,
1086 5637 1237 5692 Isaac
1286 5645 1341 5693 et
1392 5636 1562 5694 Jacob
1601 5639 1656 5694 in
1699 5656 1864 5711 regno
1891 5640 2172 5697 ctelorum.

602 5728 791 5799 (lbid.,
821 5740 940 5796 vnr,
967 5727 1080 5799 ii.)

2311 1881 2428 1920 vero
2457 1881 2559 1918 non
2583 1862 2900 1929 crediderit,
2929 1861 3396 1916 condemnabitur.
3424 1857 3586 1929 Signa
3611 1867 3753 1912 autem
3772 1874 3829 1912 eos

2309 1957 2399 2028 qui
2435 1955 2788 2017 crediderint;
2814 1955 2926 2009 lucc
2948 1962 3233 2024 sequentur
3260 1965 3279 2004 :
3315 1950 3385 2006 In
3424 1950 3623 2004 nomine
3645 1966 3736 2003 meo
3756 1950 3828 2003 de-

2308 2047 2486 2100 monia
2516 2046 2745 2115 ejicient,
2774 2043 2967 2114 linguis
2998 2042 3282 2111 loquentur
3322 2039 3486 2103 noris,
3523 2047 3744 2109 serpentes
3761 2036 3827 2091 tol-

2308 2136 2438 2203 lent,
2468 2146 2515 2191 et
2555 2138 2600 2191 si
2629 2136 2963 2205 mortiferum
2993 2134 3122 2206 quid
3156 2133 3419 2198 biberint,
3451 2148 3551 2186 non
3582 2133 3647 2186 eis
3664 2131 3823 2185 nocebit.

2310 2228 2483 2299 Super
2504 2245 2673 2298 wgros
2713 2246 2902 2283 manus
2934 2229 3221 2298 imponent,
3258 2237 3307 2282 et
3340 2226 3467 2281 bene
3494 2224 3734 2279 habebant.
3762 2220 3824 2275 illi

2306 2329 2482 2374 autem
2512 2318 2759 2389 profecti,
2793 2319 3211 2390 prwdicaverunt
3231 2318 3431 2388 ubique
3466 2316 3675 2372 Domino
3694 2328 3823 2382 coopt-

2307 2422 2476 2475 rante,
2521 2420 2569 2465 et
2620 2428 2910 2466 sermonem
2959 2410 3310 2480 conﬁrmante
3362 2408 3672 2482 sequentibus
3705 2405 3820 2476 signis

2305 2505 2499 2577 (Marc.
2529 2521 2643 2570 xvr,
2684 2504 2746 2560 l5
2792 2506 2955 2575 seq.).
2988 2505 3055 2559 Et
3088 2504 3321 2559 iterum:
3347 2502 3564 2567 Euntes,
3584 2500 3816 2573 pradicas,

2303 2597 2533 2650 dicentes
2568 2596 2692 2667 quia
2725 2594 3157 2667 appropinquavit
3183 2610 3403 2665 regnum
3433 2591 3676 2648 caelorum.
3699 2587 3815 2657 Inﬁr-

2302 2704 2416 2742 mos
2467 2697 2667 2752 curate,
2720 2697 2956 2741 mortuos
3006 2687 3292 2753 suscitata,
3348 2686 3571 2757 leprosos
3615 2684 3815 2743 mandate,

2302 2780 2569 2834 dtemones
2595 2778 2766 2848 ejicite
2788 2796 2808 2845 ;
2839 2779 3005 2849 gratis
3026 2780 3327 2848 accepistis,
3347 2777 3509 2848 gratis
3532 2776 3639 2831 date
3657 2769 3812 2844 (Hattl.

2301 2886 2358 2936 ι,
2391 2874 2444 2935 7,
2469 2872 2547 2943 8).
2575 2870 2701 2927 Haec
2727 2872 2903 2941 prima
2926 2871 3050 2927 ﬁdei
3073 2881 3275 2928 nostra;
3303 2872 3598 2927 rudimenta
3622 2868 3813 2922 fuerunt:

2302 2964 2494 3019 harum
2517 2963 2909 3020 exercitatione
2941 2965 3225 3029 virtutum,
3255 2963 3413 3034 quasi
3438 2959 3713 3018 laetantium
3731 2967 3812 3025 par-

2303 3056 2550 3111 vulorum
2598 3056 2861 3126 auspicia,
2894 3055 3200 3111 teneritudo
3230 3054 3351 3125 ejus
3389 3062 3445 3110 et
3478 3049 3670 3108 confota
3697 3049 3813 3102 estet

2304 3150 2542 3214 nutrita;
2577 3158 2635 3204 ut
2665 3148 2966 3204 ministerio
3003 3148 3281 3218 signorum
3318 3146 3401 3203 vel
3430 3151 3690 3216 augeretur
3712 3133 3809 3192 mul-

2303 3243 2476 3298 titudo
2520 3240 2782 3306 ﬁdelium,
2828 3240 2914 3297 vel
2959 3239 3315 3296 roboraretur
3354 3237 3484 3295 ﬁdes
3518 3228 3807 3292 credentium;

2301 3350 2367 3390 ac
2402 3332 2566 3390 veluti
2605 3332 2852 3404 quaedam
2883 3333 3243 3388 instrumenta
3284 3331 3699 3387 ferramentorum
3728 3318 3807 3373 fuco

2301 3435 2448 3492 runt,
2495 3441 2593 3498 per
2631 3441 2754 3497 quas
2791 3433 3110 3481 ornamenta
3153 3439 3221 3479 ex
3267 3438 3403 3480 auro
3438 3419 3808 3491 argentovewr'

2301 3535 2435 3593 ques
2476 3518 2704 3583 scilicet,
2742 3518 2981 3580 monilia,
3014 3532 3316 3590 regumque
3345 3514 3625 3571 diademata
3646 3515 3806 3572 compo-

2298 3608 2476 3665 nenda
2494 3649 2510 3673 ,
2539 3608 2773 3678 aptanda
2793 3648 2809 3673 ,
2836 3616 2893 3664 et
2920 3607 3336 3679 compingenda,
3374 3603 3592 3659 formata
3615 3601 3730 3652 sunt.

2367 3701 2421 3757 8.
2452 3700 2656 3770 itaque,
2684 3700 2858 3770 gratia
2889 3698 3319 3754 confirmationis
3347 3692 3611 3752 catholica
3632 3679 3804 3747 michi“

2295 3790 2594 3862 primordio
2620 3794 2700 3845 sui
2734 3797 2982 3862 portenta
3018 3798 3183 3860 atque
3211 3785 3473 3844 miracula
3504 3780 3693 3839 Christo
3715 3784 3804 3827 coo-

2295 3883 2822 3961 perante_profusius
2850 3897 2973 3937 esse
2995 3891 3216 3936 ostensa
3246 3880 3521 3942 videmus;
3542 3881 3592 3928 et
3612 3868 3710 3961 ideo
3725 3873 3800 3961 uti!)

2295 3953 2563 4034 miracula
2596 3976 2754 4031 ﬁdem
2792 3974 3126 4047 praecedunt,
3157 3982 3253 4028 aut
3275 3972 3411 4028 ﬁdes
3434 3960 3677 4025 miraculis
3698 3953 3801 4055 cedit

2296 4073 2363 4126 ad
2393 4085 2621 4142 quorum
2662 4068 3010 4125 efﬁcientiam
3042 4066 3145 4122 nisi
3172 4082 3271 4137 per
3310 4064 3467 4121 ﬁdem
3493 4074 3588 4117 non
3613 4060 3799 4151 per:th

2296 4141 2526 4218 ιρι-(8ἰο
2566 4160 2778 4233 Moyses
2822 4159 3010 4230 legifer
3038 4169 3289 4224 sanctus,
3320 4151 3647 4213 alternatione
3678 4141 3796 4233 ditini

2293 4253 2545 4324 colloquii
2582 4230 2794 4324 dignus,
2827 4252 2932 4308 ﬁde
2975 4253 3195 4322 grandis
3240 4250 3464 4308 eﬁ‘ectus
3493 4250 3586 4300 est.
3622 4230 3795 4293 Sich

2284 4343 2546 4401 credulus
2595 4344 2867 4399 Abraham
2920 4343 3209 4415 jnstiﬁcari
3266 4336 3588 4415 promeruit,
3639 4327 3794 4384 dicente

2296 4434 2581 4507 Scriptura
2613 4455 2626 4491 :
2659 4433 2893 4491 Credidit
2930 4436 3199 4492 Abraham
3238 4436 3365 4501 Deo,
3403 4441 3450 4489 et
3471 4421 3792 4501 repetamus“

2293 4529 2374 4585 me
2405 4530 2475 4585 ad
2506 4529 2790 4600 justitiam,
2820 4538 2869 4584 et
2909 4529 3112 4584 amicus
3146 4529 3244 4585 Dei
3275 4524 3552 4601 αρριιιοιαε
3586 4526 3649 4574 ια
3676 4508 3786 4583 (εει

2291 4639 2386 4690 xv,
2410 4622 2473 4687 6;
2505 4621 2625 4677 Jac.
2652 4637 2712 4686 ιι,
2733 4620 2850 4694 25).
2887 4620 3125 4690 Sicjusti
3153 4637 3220 4676 ex
3249 4622 3353 4677 ﬁde
3378 4618 3567 4675 vivunt.

2292 4713 2467 4770 sancti
2503 4728 2601 4784 per
2631 4711 2793 4768 ﬁdem
2812 4693 2995 4784 regna
3030 4714 3300 4779 vicerunt,
3321 4706 3516 4781 operati
3542 4706 3650 4758 sunt
3669 4693 3788 4764 justi-

2294 4806 2453 4871 tiam,
2489 4805 2670 4877 adepti
2707 4813 2833 4861 sunt
2858 4805 3327 4876 repromissiones,
3358 4792 3784 4877 obturaveruntoff

2291 4899 2544 4963 leonum,
2591 4872 2977 4956 exstinxerunt
3020 4898 3279 4970 impetum
3336 4894 3488 4970 ignis,
3537 4872 3784 4970 fugaverunt

2289 4994 2461 5050 aciem
2488 4961 2674 5065 gladii,
2706 4961 3115 5049 convaluerunt.
3130 4993 3199 5049 de
3226 4961 3540 5049 inﬁrmitate,
3570 4977 3704 5033 fortes
3725 4961 3782 5017 la—

2287 5088 2361 5144 cti
2389 5098 2514 5144 sunt
2539 5088 2592 5143 in
2630 5086 2772 5142 bello
2794 5085 2982 5157 (Hebr.
3013 5102 3077 5153 ιι,
3101 5086 3193 5151 33,
3220 5086 3332 5157 54).

2357 5179 2413 5235 9.
2446 5178 2680 5235 Videsne
2709 5179 2766 5249 (0
2790 5186 2845 5232 tn
2887 5179 3135 5249 quisquis
3162 5178 3251 5235 ille
3276 5194 3354 5239 es.
3399 5171 3483 5244 qui
3530 5167 3682 5220 "om"

2285 5270 2486 5342 surgis)
2519 5269 2661 5341 quod
2707 5244 2823 5325 hzec
2864 5244 3047 5327 omnia
3078 5274 3426 5329 instrumenta
3464 5257 3571 5320 ﬁdei
3602 5244 3774 5309 sunt.“

2287 5363 2442 5435 quasi
2461 5363 2717 5420 clientulo
2736 5362 2996 5422 famulatu
3024 5368 3129 5439 piae
3153 5364 3391 5442 religioni
3414 5355 3641 5425 ειὼίθου*
3659 5348 3703 5397 ³³⁸
3722 5345 3772 5442 ff

2285 5457 2388 5514 hoc
2434 5474 2576 5515 nunc
2617 5458 2728 5530 jam
2754 5466 2809 5513 te
2850 5457 2904 5513 in
2932 5435 3159 5514 veritate
3185 5435 3401 5516 credere

2283 5551 2542 5621 prodigiis
2588 5516 2750 5621 a'tque
2795 5552 3078 5621 portentis,
3130 5551 3225 5606 sed
3267 5516 3548 5618 integit—“9
3580 5516 3768 5626 ad":

2283 5640 2634 5711 professionis
2659 5643 2964 5697 constantia
2988 5641 3390 5698 excellentiores
3411 5630 3512 5689 ﬁeri
3534 5617 3762 5711 111³1⁸

2283 5684 2525 5808 illudque
2554 5737 2926 5797 tantummodo
2967 5738 3020 5794 in
3059 5738 3139 5796 eis
3178 5739 3250 5795 sit
3289 5718 3636 5793 admidev
3659 5684 3765 5775 quod
