4094 6346
319 337 426 398 857

1307 337 1508 398 LIBER
1547 337 2076 398 APOLOGETICUS
2117 339 2532 400 MARTYRUM.

317 454 504 510 animo
523 451 734 508 fortiori
755 439 980 510 mortem
1003 465 1331 526 exceperunt
1355 465 1574 528 propter
1597 455 1896 519 Christum,
1925 457 1978 512 Α
1999 449 2312 508 Antichristi
2346 469 2650 524 prmcursor
2667 467 2944 522 exercens,
2973 456 3156 512 nescio
3177 451 3338 528 quam
3369 461 3584 516 novita-

317 546 414 618 qui
443 546 584 600 dixit
613 561 627 599 :
663 545 766 612 Qui
789 547 1074 618 perdiderit
1103 549 1334 603 animam
1365 565 1514 602 suam
1555 557 1766 618 prapter
1797 563 1896 612 me,

317 637 376 692 in
411 637 570 692 vitam
593 646 840 692 teternam
879 639 1100 694 inveniet
1142 657 1256 694 eam
1289 639 1504 710 (Matth.
1529 657 1584 704 Χ,
1615 639 1726 710 ⁵59).
1759 639 1900 694 Sane

317 729 562 785 omnium
600 731 860 786 virtutum
897 732 1050 788 radix
1089 747 1152 788 ac
1193 733 1594 788 fundamentum
1633 731 1766 788 ﬁdes
1791 741 1898 798 est,

315 837 440 894 qua:
471 831 745 878 certantes
773 823 1012 892 adjuvat,
1039 825 1318 882 vincentes
1342 833 1584 890 coronat,
1612 833 1668 880 et
1691 824 1896 880 caelesti

317 913 466 971 dono
507 917 770 986 quosdam
811 917 1022 972 defectu
1071 919 1344 988 signorum
1381 927 1708 974 remunerat.
1757 916 1900 972 Nihil

315 1019 404 1064 est
447 1009 592 1064 enim
631 1009 774 1080 quod
819 1011 1046 1066 sincerae
1097 1011 1222 1066 ﬁdei
1271 1013 1582 1084 denegetur,
1623 1013 1746 1084 quia
1797 1027 1898 1068 nec

313 1097 462 1156 aliud
493 1115 524 1154 a
547 1101 700 1156 nobis
727 1101 866 1157 Deus
895 1117 1056 1172 quam
1085 1101 1244 1158 ﬁdem
1262 1115 1286 1144 α
1311 1103 1494 1176 exigit.
1527 1103 1676 1160 Hanc
1702 1103 1896 1176 diligit,

313 1191 458 1248 hanc
521 1193 768 1264 requirit,
823 1194 948 1251 huic
995 1205 1188 1252 cuncta
1253 1198 1518 1268 promittit
1569 1207 1624 1252 et
1685 1197 1892 1252 tribuit.

313 1282 512 1352 Fides,
547 1287 738 1358 inquit,
770 1297 860 1342 tua
903 1298 952 1344 te
979 1289 1180 1344 salvum
1219 1291 1361 1360 fecit.
1405 1289 1472 1345 Et
1503 1310 1516 1344 :
1551 1287 1678 1346 Esto
1723 1290 1894 1360 ﬁdelis

307 1393 476 1448 usque
497 1379 566 1430 ad
589 1389 824 1445 mortem,
856 1389 902 1434 et
935 1379 1070 1434 dabo
1091 1381 1186 1436 tibi
1211 1397 1456 1436 coronam
1485 1381 1602 1436 vita:
1623 1381 1804 1450 (Apoc.
1830 1397 1892 1446 ιι,

311 1471 426 1540 1ο).
461 1471 599 1526 Nihil
639 1487 768 1544 ergo
801 1473 922 1528 ﬁdei
971 1473 1258 1545 subtraxit,
1303 1475 1438 1530 nihil
1477 1473 1526 1530 ei
1566 1473 1896 1544 impossibile

305 1579 432 1620 esse
459 1565 744 1634 depromit.

383 1656 468 1712 10.
531 1657 641 1714 Nec
689 1675 1012 1732 magnopere
1057 1661 1124 1716 de
1171 1660 1536 1732 prodigiorum
1597 1657 1892 1728 insignibus

302 1749 684 1806 Conﬁdendum
707 1763 808 1816 est,
841 1769 958 1822 qtne
988 1751 1304 1824 plerumque
1331 1752 1398 1806 ab
1437 1750 1738 1806 inﬁdelibus
1767 1766 1894 1806 exe-

2003 544 2070 598 tis
2107 543 2276 616 legem
2315 561 2414 616 pro
2459 561 2556 600 suo
2593 545 2776 610 libito,
2817 555 2872 602 et
2907 547 3162 603 instinctu
3189 549 3578 610 daemoniorum

1999 635 2208 704 perdito
2237 635 2396 706 vulgo
2431 637 2681 691 instituit.
2717 637 2794 694 De
2819 653 3048 708 quorum
3071 641 3350 712 impietate
3387 643 3580 699 beatus

2001 725 2198 782 Paulus
2226 729 2498 798 apostolus
2529 729 2726 800 patulis
2753 731 3106 800 prophetismi
3135 733 3372 788 oraculis
3391 741 3578 790 sancto

2001 818 2276 874 revelante
2311 819 2514 890 Spiritu
2561 821 3134 878 Thessalmiccnsibus
3158 823 3292 880 dicit
3335 841 3348 878 :
3383 822 3490 880 Pro
3517 843 3578 882 eo

1997 911 2136 980 quod
2175 913 2482 968 charitatem
2527 915 2756 968 veritatis
2805 931 2908 970 non
2957 927 3294 986 receperunt,
3347 928 3402 972 ut
3445 917 3580 974 salvi

1997 1003 2202 1073 ﬁerent,
2227 1005 2342 1059 ideo
2375 1007 2534 1060 mittit
2573 1007 2680 1062 illis
2725 1007 2862 1063 Deus
2889 1010 3130 1080 spiritum
3161 1013 3352 1066 erroris
3381 1021 3436 1066 ut
3467 1029 3580 1068 cre-

1999 1097 2126 1148 dant
2159 1097 2452 1160 mendacio,
2491 1105 2538 1150 et
2551 1096 2859 1168 judicentur
2887 1117 3062 1154 omnes
3093 1103 3182 1171 qui
3211 1118 3314 1156 non
3339 1101 3578 1156 credide-

1999 1195 2119 1239 runt
2161 1187 2384 1246 veritati,
2419 1188 2508 1242 sed
2543 1201 2910 1244 consenserunt
2947 1191 3212 1262 iniquitati
3237 1193 3292 1246 in
3325 1193 3468 1248 omni
3499 1210 3580 1248 se-

1997 1277 2242 1330 ductione
2277 1277 2364 1346 (ll
2399 1277 2552 1331 Thes.
2587 1295 2662 1346 ιι,
2693 1279 2780 1348 10,
2825 1281 2932 1352 11).
2957 1281 3104 1336 Idem
3133 1297 3350 1354 quoque
3375 1285 3442 1338 ad
3471 1283 3578 1340 llo-

1997 1381 2188 1422 manus
2219 1367 2384 1422 refert
2407 1385 2418 1420 :
2449 1367 2782 1422 Revelabitur
2799 1371 2936 1424 enim
2967 1371 3049 1425 ira
3071 1371 3166 1426 Dei
3191 1373 3256 1428 de
3275 1373 3400 1428 ctelo
3423 1391 3580 1444 super

1997 1475 2198 1512 omnem
2237 1459 2571 1530 impietatem,
2621 1471 2669 1515 et
2711 1463 3026 1532 injustitiam
3069 1465 3337 1520 hominum
3367 1483 3572 1534 eorum,
3649 1485 3658 1494 ‘

1993 1555 2083 1624 qui
2103 1557 2368 1609 veritatem
2399 1557 2454 1610 in
2473 1557 2736 1626 injustitia
2770 1557 3000 1612 detinent
3023 1575 3042 1624 ;
3073 1561 3198 1630 quia
3227 1559 3363 1632 quod
3395 1570 3572 1616 notum

1994 1657 2068 1700 est
2111 1645 2206 1700 Dei
2241 1649 2578 1718 manifestum
2629 1660 2704 1704 est
2741 1651 2798 1704 in
2820 1649 2946 1705 illis.
2985 1651 3046 1706 Et
3079 1669 3090 1706 :
3132 1651 3265 1706 Cum
3303 1655 3574 1724 cognovis-

1993 1747 2106 1792 sent
2133 1738 2324 1804 Deum,
2367 1755 2470 1794 non
2503 1741 2636 1794 sicut
2669 1740 2838 1794 Deum
2871 1741 3312 1812 gloriﬁcaverunt,
3339 1753 3428 1798 aut
3453 1761 3578 1816 gra-

302 1853 520 1906 runtur,
563 1853 620 1898 ut
645 1845 696 1898 in
733 1845 918 1899 Exodo
961 1823 1260 1900 scribitur:
1295 1841 1550 1898 Fecerunt
1581 1852 1630 1897 et
1667 1841 1868 1912 male/ie

1993 1831 2096 1884 tias
2139 1841 2384 1901 egerunt;
2429 1825 2518 1884 sed
2559 1843 2876 1886 evanuerunt
2915 1835 2970 1886 in
2999 1835 3400 1904 cogitationibus
3439 1837 3572 1902 suis,

299 1955 398 2007 per
421 1939 822 2000 incantationes,
859 1940 990 1993 sicut
1017 1949 1066 1994 et
1093 1937 1300 2010 Moyses
1323 1937 1521 2010 (Exod.
1551 1953 1648 2002 vn,
1681 1937 1764 2000 11,
1795 1935 1886 2000 22,

299 2037 350 2080 et
393 2041 510 2090 vm,
553 2027 604 2088 7,
647 2029 754 2098 15).
811 2029 884 2082 De
929 2045 1032 2098 qua
1085 2029 1382 2098 quaestione
1431 2027 1782 2092 sufﬁcienter,
1831 2034 1890 2082 ut

297 2117 530 2190 opinor,
562 2119 612 2172 in
647 2117 736 2172 illo
767 2117 1060 2174 Memoriali
1089 2119 1118 2160 Β
1161 2117 1482 2174 Sanctorum
1509 2135 1672 2190 opere
1701 2119 1886 2190 dispu-

301 2219 478 2264 tatum
521 2220 624 2266 est.
659 2209 784 2266 Sive
815 2211 956 2264 enim
999 2213 1090 2266 Dei
1123 2221 1288 2268 testes
1325 2213 1602 2267 miraculis
1629 2213 1884 2278 emicent,

299 2301 416 2356 sive
454 2301 656 2372 absque
699 2303 956 2374 prodigiis
1001 2303 1212 2358 beatum
1245 2313 1518 2358 certamen
1563 2303 1884 2374 expediant,

300 2393 434 2446 nihil
487 2393 744 2460 interest;
776 2411 898 2449 cum
943 2395 1010 2450 ab
1055 2396 1134 2449 eis
1163 2395 1266 2451 hoc
1305 2397 1544 2450 caelestis
1587 2405 1776 2450 auctor
1800 2395 1894 2452 so;

299 2484 576 2540 lmnmodo
623 2495 860 2555 expetat,
909 2497 966 2542 ut
1017 2503 1184 2559 USqtte
1213 2488 1276 2542 ad
1327 2491 1488 2544 ﬁnem
1521 2491 1884 2544 constantiam

297 2577 414 2648 spei
447 2594 558 2634 sua:
587 2595 692 2634 non
733 2579 1064 2646 deserentes,
1111 2581 1338 2636 viriliter
1376 2599 1602 2654 agonem
1632 2599 1884 2638 consum-

297 2677 474 2734 ment,
501 2687 608 2740 quo
639 2671 692 2726 in
721 2683 980 2728 aeternum
1007 2673 1268 2744 catalogis
1297 2675 1514 2728 adunati
1546 2685 1876 2744 sanctorum,

295 2765 366 2818 de
401 2767 758 2836 perpetuitate
799 2767 990 2824 salutis
1031 2769 1322 2832 exsultent,
1353 2769 1566 2824 dicente
1597 2769 1822 2824 Domino
1863 2789 1876 2825 :

297 2853 402 2920 Qui
443 2859 838 2924 perseveraverit
895 2875 1058 2930 usque
1107 2859 1162 2913 in
1209 2859 1388 2928 ﬁnem,
1441 2861 1524 2914 hic
1567 2859 1739 2915 salvus
1781 2863 1878 2916 erit

295 2945 510 3020 (simul.
545 2965 598 3010 χ,
623 2949 736 3018 ea).

367 3041 454 3096 11.
497 3041 732 3114 Simplex
769 3045 1014 3114 profecto
1047 3045 1326 3116 dispositio
1355 3055 1536 3102 nostra
1568 3047 1874 3112 exstiterat,

291 3141 374 3198 ut,
421 3133 688 3190 victorum
731 3137 987 3191 victorias
1023 3139 1422 3207 depromentes,
1477 3140 1872 3210 compen‘ioste

1991 1933 2038 1978 et
2063 1923 2398 1978 obscuratum
2427 1934 2504 1978 est
2535 1925 2783 1995 insipiens
2807 1943 2898 1980 cor
2923 1943 3122 1980 eorum.
3161 1927 3404 1984 Dicentes
3435 1931 3572 1984 enim

1989 2033 2044 2072 se
2069 2035 2180 2072 esse
2205 2019 2480 2086 sapientes,
2509 2019 2656 2073 stulti
2677 2019 2808 2088 facti
2833 2031 2976 2074 sunt.
3001 2019 3106 2086 Qui
3129 2033 3574 2078 commutaverunt

1989 2109 2254 2164 veritatem
2283 2109 2374 2164 Dei
2389 2111 2444 2163 in
2463 2112 2823 2178 mendacium;
2849 2123 2896 2166 et
2913 2111 3204 2180 coluerunt,
3219 2125 3266 2168 et
3283 2116 3572 2170 servierunt

1989 2203 2208 2256 vanitati
2228 2205 2400 2272 potius
2425 2221 2582 2275 quam
2613 2202 2872 2272 Creatori,
2895 2208 2984 2276 qui
3007 2217 3080 2262 est
3111 2207 3252 2264 Deus
3275 2209 3572 2264 benedictus

1985 2295 2042 2348 in
2067 2295 2286 2350 alecula.
2317 2293 2540 2368 Propter
2567 2298 2707 2368 quod
2731 2299 2948 2354 tradidit
2979 2317 3066 2354 eos
3087 2301 3140 2354 in
3159 2299 3432 2370 reprobum
3455 2317 3572 2356 sen-

1985 2403 2122 2452 sum,
2167 2397 2225 2440 ut
2267 2387 2466 2458 faciant
2505 2407 2622 2460 qua:
2653 2407 2756 2444 non
2779 2393 3122 2458 conveniunt;
3169 2391 3388 2464 repletos
3429 2393 3572 2448 omni

1983 2479 2278 2550 iniquitate,
2315 2481 2542 2546 malitia,
2591 2482 2960 2550 fornicatione,
3009 2485 3254 2546 avaritia,
3305 2485 3570 2555 nequitia;

1983 2571 2162 2642 plenos
2185 2573 2406 2636 invidia,
2431 2573 2752 2640 homicidiis,
2781 2577 3128 2640 contentione,
3157 2575 3300 2640 dolo,
3327 2576 3570 2648 maligni-

1985 2673 2124 2728 tate;
2155 2681 2467 2720 susurrones
2489 2705 2504 2730 ,
2535 2667 2876 2730 detractores,
2907 2665 3016 2722 Deo
3041 2667 3278 2734 odibiles,
3301 2679 3567 2722 contume-

1983 2755 2162 2822 liosos,
2188 2759 2458 2828 superbos,
2491 2759 2676 2824 elatos,
2703 2761 2993 2814 inventores
3016 2759 3294 2826 malorum,
3329 2761 3564 2830 parenti.-

1983 2849 2078 2902 bus
2131 2867 2234 2904 non
2281 2851 2594 2916 obedientes,
2643 2851 2960 2922 insipientes,
3015 2853 3410 2923 incompositos,
3455 2853 3568 2907 sine

1979 2943 2278 3012 affectione,
2305 2943 2496 3014 absque
2527 2943 2738 3012 foedere,
2763 2945 2876 2998 sine
2903 2943 3282 2998 misericordia.
3321 2943 3424 3008 Qui
3447 2959 3564 2996 cum

1975 3031 2242 3104 justitiam
2289 3033 2384 3088 Dei
2427 3035 2806 3106 cognovissent,
2851 3051 2954 3090 non
2997 3033 3388 3100 intellexerunt,
3435 3051 3566 3106 quo-

1979 3123 2120 3178 niam
2159 3125 2248 3192 qni
2275 3125 2406 3178 talia
2459 3136 2618 3194 agunt
2655 3127 2798 3196 digni
2834 3137 2954 3180 sunt
2983 3135 3146 3180 morte
3189 3139 3208 3178 :
3251 3143 3354 3180 non
3393 3125 3564 3180 solum

287 3224 544 3280 brevitati
607 3225 986 3294 studeremus;
1047 3229 1140 3283 sed
1201 3229 1468 3299 repagulis
1523 3229 1870 3284 insolentium

1977 3217 2060 3287 qui
2081 3217 2304 3286 faciunt,
2329 3217 2418 3272 sed
2432 3228 2478 3272 et
2493 3217 2584 3288 qui
2605 3217 2930 3272 consentiunt
2957 3217 3270 3286 facientibus
3297 3217 3476 3288 (Rom.
3509 3235 3548 3282 ι,

285 3325 636 3394 praepeditus,
697 3327 848 3381 nisus
903 3341 1020 3380 sum
1065 3327 1168 3382 hoc
1203 3325 1604 3396 Apologelicum
1653 3325 1872 3382 incertis

285 3417 656 3472 assertoribus
691 3417 843 3476 dare.
881 3427 934 3472 et
965 3417 1084 3472 ideo
1123 3419 1280 3480 forte,
1323 3419 1464 3474 ultra
1497 3435 1656 3488 quam
1687 3419 1870 3484 debui,

281 3509 506 3564 modum
546 3511 752 3566 excessi
792 3511 1050 3566 historiae.
1087 3512 1282 3568 Contra
1319 3527 1545 3582 quorum
1575 3513 1871 3584 pravitates

285 3601 560 3674 paulisper
589 3603 764 3658 adhuc
803 3603 1122 3658 veniendum
1159 3613 1260 3670 est,
1289 3621 1396 3675 quo
1427 3605 1598 3660 ﬁ-Ielis
1631 3621 1866 3662 conven-

281 3701 376 3748 tus
403 3693 576 3748 discat
603 3695 744 3748 votis
781 3695 1180 3750 ardent'orihus
1211 3695 1334 3766 plus
1365 3711 1547 3750 amare
1573 3697 1712 3764 quod
1743 3711 1866 3750 cre-

281 3783 388 3848 dit,
417 3785 544 3840 dum
567 3801 632 3840 ex
661 3787 982 3842 autctoritate
1011 3803 1182 3842 sacrte
1219 3787 1354 3856 legis
1383 3795 1440 3842 et
1475 3789 1761 3842 veritatem
1790 3803 1868 3844 re-

279 3877 502 3948 ligionis
527 3889 582 3934 et
607 3895 844 3934 errorem
870 3881 1046 3950 impiae
1072 3881 1324 3936 novitatis
1353 3883 1696 3952 compererit.

357 3967 444 4022 12.
497 3968 690 4025 Dicunt
735 3971 878 4026 enim
933 3972 1072 4042 quod
1119 3973 1186 4028 ab
1233 3973 1540 4028 hominibus
1591 3974 1757 4027 Deum
1813 3981 1868 4028 et

279 4057 458 4130 legem
497 4060 796 4118 colentibus
821 4065 964 4132 passi
1003 4071 1159 4126 sunt,
1203 4079 1304 4118 nec
1332 4063 1400 4118 ad
1429 4063 1709 4136 sacrilegia
1751 4065 1866 4120 ido—

277 4149 480 4212 lerum,
535 4152 626 4208 sed
669 4154 736 4207 ad
785 4153 986 4208 cultum
1025 4153 1136 4208 veri
1187 4153 1278 4208 Dei
1325 4155 1554 4216 invitati,
1599 4157 1862 4226 perempti

277 4253 442 4308 sunt;
491 4253 544 4300 et
617 4245 736 4300 ideo
783 4263 888 4302 non
945 4253 1004 4300 ut.
1041 4247 1278 4317 priorum
1325 4257 1620 4320 martyrum
1670 4249 1862 4304 horum

275 4339 540 4408 martyria
573 4341 874 4394 veneranda
919 4351 1062 4394 sunt.
1109 4341 1278 4394 Deum
1309 4355 1438 4410 ergo
1483 4349 1538 4394 et
1573 4339 1740 4413 legem
1772 4343 1860 4398 isti

273 4428 538 4484 vanitatis
577 4429 812 4484 cultores
849 4429 956 4484 ullo
997 4431 1156 4484 modo
1189 4433 1388 4486 habere
1431 4433 1680 4486 credendi
1712 4441 1857 4498 sunt,

271 4535 372 4590 qui
403 4519 738 4592 Evangelica:
769 4519 1120 4576 institutionis
1156 4537 1252 4591 per
1289 4531 1460 4576 totum
1492 4523 1679 4578 orbem
1717 4523 1858 4576 rita-

271 4611 348 4666 lia
387 4611 578 4668 difqua
619 4621 884 4684 praecepta
915 4627 1017 4666 non
1055 4611 1226 4668 solum
1257 4629 1363 4668 non
1389 4615 1644 4678 credunt,
1671 4629 1858 4668 verum

269 4703 442 4760 etiam
473 4705 616 4758 omni
645 4703 760 4760 zelo
793 4705 1166 4775 perversitatis
1198 4721 1450 4776 magnmn
1475 4705 1766 4760 discrimen
1793 4721 1856 4760 ea

267 4795 568 4850 fatentibus
615 4795 883 4866 ingerunt.
935 4811 1156 4850 exosum
1213 4805 1268 4850 et
1315 4795 1556 4866 iniquum
1607 4805 1858 4866 putantes

263 4885 548 4942 Christum
584 4901 772 4942 verum
803 4885 972 4940 Deum
994 4893 1048 4940 et
1077 4901 1262 4940 verum
1289 4887 1564 4942 hominem
1597 4889 1856 4942 credere?

265 4976 354 5032 Ac
395 4977 476 5034 sic
513 4977 762 5034 irrisione
801 4977 1004 5032 nefaria
1047 4977 1288 5046 quotidie
1329 4977 1422 5032 Dei
1465 4987 1668 5032 sortem
1717 4977 1856 5033 infa-

267 5077 506 5134 tnaates,
563 5072 726 5124 ritum
773 5085 942 5124 sacrae
993 5069 1268 5140 religionis
1317 5071 1512 5138 ubique
1559 5069 1850 5138 lacessunt,

267 5161 502 5216 irrident
578 5171 634 5216 et
673 5163 1022 5226 maledicunt,
1059 5177 1208 5232 spem
1254 5163 1591 5218 credulitatis
1629 5173 1682 5218 et
1728 5163 1854 5220 ﬁdei

267 5265 388 5308 ante
417 5251 468 5304 in
489 5249 768 5319 cujusdam
800 5251 1156 5321 pestilentiosi
1179 5269 1244 5308 ac
1277 5253 1590 5309 daunoniosi
1625 5255 1852 5310 homun-

267 5339 378 5398 culi
415 5341 840 5396 divinationibus
883 5343 1230 5398 collocantes.
1276 5341 1378 5408 Qui
1417 5345 1484 5396 ab
1519 5343 1710 5414 spiritu
1751 5345 1854 5402 im-

271 5439 476 5494 mundo
517 5447 850 5509 praereptus,
893 5439 1190 5508 iniquitatis
1233 5439 1544 5508 mysterium
1591 5447 1648 5494 ut
1695 5455 1852 5498 verus

343 5595 644 5672 a_\’i_vidam
687 5595 940 5672 nimirum
977 5603 1030 5650 et
1069 5596 1321 5672 operibus
1357 5593 1564 5672 plenam
1603 5597 1852 5672 intelligit

267 5667 336 5722 D.
367 5665 659 5738 (Eulogius,
685 5667 774 5734 qui
803 5667 868 5722 de
899 5665 1192 5738 martyr-tun
1229 5667 1328 5738 litle
1357 5665 1608 5734 loquitur,
1639 5685 1740 5738 qua
1771 5665 1850 5726 vi-

267 5737 529 5808 vidiarem
575 5737 772 5790 nullam
823 5737 1082 5808 reperies,
1114 5737 1378 5807 siquidem
1406 5753 1528 5808 (per
1577 5737 1844 5808 ingentem

267 5807 592 5866 charitatem
625 5817 900 5880 operatur.
933 5807 1082 5863 Illam
1129 5809 1274 5862 enim
1307 5807 1571 5878 majorem
1611 5807 1848 5869 Charita-

1979 3310 2086 3378 18).
2127 3309 2260 3364 Nam
2299 3319 2352 3366 et
2393 3311 2584 3366 beatus
2631 3311 2842 3374 Petrus,
2867 3311 3120 3382 princeps
3171 3311 3558 3382 apostolorum,

1976 3401 2346 3456 ﬁrmissimum
2387 3403 2644 3458 Ecclesia:
2683 3403 2964 3459 catholicae
3008 3403 3442 3470 fundamentum,
3481 3411 3564 3458 ut-

1973 3501 2098 3564 pote
2127 3493 2210 3548 cui
2243 3495 2310 3548 ab
2341 3495 2458 3562 ipso
2485 3495 2842 3566 Redemptore
2870 3497 3074 3551 dictum
3105 3505 3190 3554 est
3229 3515 3242 3552 :
3282 3497 3360 3552 Tu
3389 3513 3443 3551 es
3467 3495 3564 3552 Pe-

1973 3595 2110 3648 trus,
2139 3597 2184 3640 et
2209 3603 2368 3656 super
2387 3586 2524 3640 hanc
2545 3597 2746 3656 petram
2779 3587 3052 3656 tedificabo
3077 3587 3370 3644 Ecclesium
3393 3603 3558 3640 meum

1971 3675 2188 3748 (Matth.
2223 3693 2332 3740 xvr,
2377 3677 2496 3748 18),
2537 3679 2608 3732 ita
2649 3679 2702 3733 in
2737 3679 2850 3734 suis
2872 3679 3130 3750 Epistolis
3155 3681 3234 3734 ait
3271 3699 3284 3734 :
3317 3679 3556 3746 Fratres,

1971 3769 2218 3824 habemus
2255 3769 2542 3838 ﬁrmiorem
2569 3771 2924 3842 propheticum
2949 3788 3260 3836 sermonem,
3295 3771 3380 3826 cui
3410 3771 3558 3826 bene-

1969 3859 2146 3930 facitis
2173 3861 2514 3926 intendentes,
2555 3863 2708 3932 quasi
2729 3862 2940 3916 lucerna
2965 3863 3160 3918 lucenti
3186 3864 3240 3918 in
3270 3862 3557 3934 caliginoso

1967 3947 2082 4002 loco
2109 3949 2272 4002 donec
2297 3949 2410 4004 dies
2431 3949 2656 4006 lucescat
2683 3961 2732 4008 et
2773 3953 2964 4022 lucifer
2986 3953 3192 4006 oriatur
3225 3953 3280 4008 in
3312 3953 3556 4008 cordibus

1969 4043 2181 4095 nostris.
2219 4041 2334 4096 Hoc
2375 4043 2604 4112 primum
2653 4043 3020 4116 intelligentes,
3051 4045 3190 4114 quod
3223 4047 3392 4100 omnis
3435 4061 3558 4116 pro-

1966 4131 2140 4202 phetia
2171 4129 2454 4204 Scriptura:
2481 4135 2696 4204 prapria
2733 4135 3161 4206 interpretatione
3191 4153 3293 4191 non
3315 4135 3396 4206 ﬁt.
3429 4133 3552 4191 Non

1965 4225 2100 4278 enim
2117 4224 2378 4278 voluntate
2396 4227 2628 4282 humana
2649 4227 2814 4281 allata
2833 4238 2908 4282 est
2931 4229 3216 4300 aliquando
3237 4229 3510 4300 prophetia
3531 4247 3552 4296 ;

1965 4315 2054 4368 sed
2091 4313 2294 4382 Spiritu
2329 4327 2510 4370 sancto
2549 4317 2838 4388 inspirante
2882 4317 3042 4373 locuti
3079 4328 3200 4374 sunt
3236 4321 3408 4374 sancti
3455 4319 3554 4374 Dei

1963 4405 2215 4460 homines.
2258 4405 2496 4461 Fuerunt
2533 4425 2649 4462 vero
2677 4419 2726 4462 et
2747 4409 3208 4480 pseudoprophette
3245 4409 3298 4465 in
3333 4409 3548 4482 populo,

1963 4497 2098 4552 sicut
2128 4507 2175 4552 et
2201 4497 2256 4552 in
2293 4499 2434 4554 vobis
2459 4511 2610 4554 erunt
2645 4501 2880 4572 magistri
2919 4501 3214 4568 mendaces,
3245 4501 3336 4574 qui
3371 4501 3550 4556 subin-

1891 4567 1942 4628 D
1964 4589 2234 4644 troducent
2255 4601 2422 4648 sectas
2453 4567 2784 4664 perditionis,
2805 4605 2856 4650 et
2877 4613 3016 4662 eum,
3047 4597 3136 4668 qui
3165 4597 3288 4652 emit
3309 4613 3420 4662 eos,
3447 4595 3540 4650 do-

1963 4679 2274 4734 minatorem
2305 4683 2638 4754 abnegantes,
2691 4687 3036 4756 superducent
3069 4689 3168 4743 sibi
3191 4687 3406 4742 celerem
3434 4703 3547 4758 per-

1963 4769 2235 4826 ditionem.
2287 4771 2352 4826 Et
2395 4775 2548 4828 multi
2589 4787 2870 4847 sequentur
2919 4795 3100 4832 eorum
3147 4777 3412 4844 luxurias,
3451 4791 3546 4846 per

1958 4881 2088 4936 quos
2111 4865 2190 4918 via
2213 4865 2446 4920 veritatis
2471 4867 2954 4936 blasphemabitur;
2993 4879 3040 4924 et
3067 4871 3120 4923 in
3149 4869 3370 4924 avaritia
3403 4869 3542 4938 ﬁctis

1959 4957 2124 5011 verbis
2157 4956 2222 5010 de
2260 4957 2402 5012 vobis
2437 4959 2858 5028 negotiabantur.
2903 4959 3104 5026 Quibus
3137 4959 3402 5028 judicium
3423 4958 3540 5028 jam

1955 5049 2079 5103 olim
2101 5065 2204 5104 non
2225 5059 2414 5114 cessat,
2436 5053 2658 5118 perditio
2681 5071 2860 5108 eorum
2883 5071 2988 5108 non
3009 5053 3256 5107 dormitat
3275 5051 3362 5124 (II
3391 5051 3537 5108 Petr.

1955 5155 1994 5206 ι,
2027 5141 2178 5196 19-21
2203 5159 2218 5206 ;
2243 5159 2306 5206 ιι,
2333 5143 2476 5218 1-5).

2027 5251 2112 5306 15.
2147 5251 2276 5318 Qua:
2303 5255 2506 5320 omnia,
2545 5255 2684 5310 sicut
2715 5257 2829 5311 hmc
2859 5257 3012 5310 beata
3045 5253 3408 5324 apostolorum
3435 5269 3536 5309 an-

1955 5343 2220 5398 nuntiatio
2233 5346 2494 5410 continet,
2513 5363 2618 5402 non
2637 5349 2810 5402 solum
2835 5347 3008 5401 eidem
3032 5345 3534 5416 pseudopropheue,

1955 5435 2049 5491 sed
2083 5445 2138 5490 et
2175 5439 2282 5494 illis
2325 5441 2416 5512 qui
2459 5457 2580 5496 eum
2623 5451 2936 5508 rth-renter
2983 5441 3292 5510 accipiunt,
3335 5455 3536 5497 conve-

1955 5597 2062 5645 tem
2087 5609 2206 5646 esse
2229 5594 2477 5666 Christus
2503 5593 2750 5666 astruxit,
2782 5609 2904 5648 cum
2935 5595 3174 5650 animam
3195 5607 3348 5648 suam
3366 5597 3534 5666 ponat

1951 5675 2074 5730 quis
2105 5681 2202 5731 pro
2229 5665 2416 5718 amittis
2447 5667 2577 5718 suis.
2611 5665 2820 5721 MOBAL.
3129 5685 3138 5692 '

2025 5733 2052 5772 δ
2083 5733 2198 5789 Lib.
2235 5753 2272 5802 ι,
2307 5751 2454 5790 num.
2495 5735 2558 5790 15
2581 5751 2696 5808 seq.
