4094 6346
525 339 631 401 889

1633 337 1690 392 S.
1730 332 2009 393 EULOGII
2047 330 2368 389 ARCHIEP.
2412 331 2658 389 TOLET.

3701 328 3817 387 860

531 453 677 519 nire,
715 451 869 509 multi
908 451 1360 521 peritissimorum
1389 464 1602 507 mecum
1641 447 1968 519 intelligunt,
2011 460 2111 500 nec
2137 445 2189 509 Α
2214 461 2394 499 eorum
2438 456 2493 499 ut
2532 457 2712 501 ventus
2744 461 2922 511 urens,
2958 445 3028 499 ad
3056 446 3351 517 arguendos
3378 444 3590 514 ﬁdeles,
3620 458 3669 500 et
3708 457 3819 503 ter-

524 562 629 603 nos
658 554 810 603 tanta
840 545 911 602 de
937 545 1143 603 sanctis
1173 543 1466 614 Scripturis
1495 550 1682 597 contra
1717 555 1840 595 eum
1885 538 2110 609 ejusque

524 639 850 711 sequipedas
898 638 1099 695 frustra
1145 637 1480 706 congessisse
1533 636 1843 691 advertunt.
1900 633 2109 704 Quippe

525 745 688 800 quem
708 727 827 799 jam
842 729 1027 785 vident
1049 742 1219 783 sacra:
1242 725 1376 796 legis
1394 724 1663 796 praeconio
1684 724 2020 795 praedictum,
2042 738 2109 778 ac

523 821 644 877 veri
694 819 941 890 magistri
983 816 1227 875 docentis
1266 813 1486 871 oraculo
1526 815 1839 870 denotatum
1892 832 1905 867 :
1951 811 2109 871 Multi

528 910 988 984 madopmphew
1026 916 1261 976 surgent,
1298 915 1348 963 et
1376 906 1625 961 seducent
1669 902 1858 960 multos
1880 902 2103 975 (Matth.

525 1019 678 1069 xxiv,
724 1001 835 1072 11).
871 997 1013 1053 Nihil
1048 1006 1201 1053 certe
1235 998 1303 1053 de
1344 1005 1532 1057 nostra
1558 997 1614 1052 in
1645 1012 1769 1052 eum
1814 996 2108 1066 exprobra-

527 1094 676 1150 tione
695 1098 1002 1162 arguerent,
1031 1105 1197 1160 quem
1226 1098 1307 1162 tot
1325 1089 1549 1146 Patrum
1577 1088 1901 1145 auctoritate
1928 1087 2106 1159 impu-

527 1187 681 1260 gnari
701 1194 1007 1242 cernerent.

597 1302 684 1357 M.
726 1302 1070 1373 Quapropter
1096 1303 1216 1375 [hoc
1246 1302 1300 1357 in
1336 1303 1457 1358 loco
1493 1316 1602 1357 non
1640 1299 1773 1355 mihi
1814 1296 2106 1354 absurdum

522 1408 643 1450 esse
666 1393 886 1449 videtur
920 1394 966 1448 si
1001 1393 1426 1463 praecedentium
1457 1392 1523 1448 de
1555 1407 1621 1447 eo
1652 1392 1933 1446 doctorum
1963 1390 2111 1445 testi-

525 1483 767 1539 monium
810 1482 1084 1554 proferam
1112 1524 1127 1550 ,
1171 1491 1232 1537 ut
1279 1483 1551 1553 quomodo
1596 1497 1718 1537 eum
1769 1490 1895 1537 tunc
1933 1480 2110 1536 eccle-

523 1573 727 1630 siastici
756 1574 857 1629 viri
899 1574 1332 1644 dijudicaverint,
1363 1582 1422 1629 et
1459 1573 1691 1643 qualiter
1735 1572 1885 1627 illum
1915 1572 2018 1628 fide
2056 1579 2113 1628 et

520 1665 865 1738 professione
901 1667 1206 1733 coluerint,
1254 1653 1594 1737 quantusque
1635 1675 1690 1722 et
1743 1667 1918 1737 qualis
1969 1665 2111 1736 apud

522 1767 740 1816 nostros
772 1759 1063 1826 exstiterit,
1092 1757 1284 1815 melius
1306 1773 1373 1814 ex
1407 1774 1597 1814 eorum
1628 1759 1789 1814 dictis
1814 1764 2113 1830 agnoscant

2212 552 2324 590 ram
2347 538 2401 591 in
2422 536 2756 613 solitudinem
2792 536 3123 608 redigendum
3153 534 3318 608 [Ηαὸ.
3344 552 3386 601 t,
3408 536 3466 602 6,
3490 534 3584 609 8])
3610 553 3822 595 nocere

2209 641 2303 681 eos
2334 626 2597 696 permisit.
2632 626 2871 682 Primum
2908 642 3141 698 namque
3170 625 3397 683 fratrem
3426 629 3821 699 imperatoris,

2210 719 2299 789 qui
2350 718 2494 776 illius
2540 727 2700 774 terrae
2744 719 3003 777 ditionem
3060 720 3304 785 tenebat,
3351 720 3717 787 interimunt,
3761 729 3821 776 et

2209 816 2453 870 ovantes,
2484 809 2549 862 dc
2581 807 2851 879 triumpho
2888 809 3131 864 victoriae
3158 808 3378 881 gloriosi
3422 809 3630 875 ell‘ecti,
3664 810 3823 880 apud

2210 898 2533 955 Damascum
2563 898 2735 972 Syriae
2765 900 2955 956 urbem
2997 900 3149 972 regni
3182 901 3509 973 principium
3545 900 3825 957 fundave-

2210 1001 2357 1047 runt.
2387 992 2630 1047 Psalmos
2670 993 2903 1063 denique
2944 992 3085 1048 idem
3130 993 3604 1064 pseudopmpheta
3630 993 3685 1047 in
3718 1006 3827 1047 ore

2210 1083 2605 1139 insensibilium
2651 1083 2965 1139 animalium
3012 1086 3334 1155 composuit,
3372 1084 3556 1140 vitulze
3597 1085 3825 1141 scilicet

2209 1181 2388 1235 rubra:
2410 1180 2727 1237 memoriam
2754 1178 2977 1236 faciens.
3000 1180 3228 1237 Aranea:
3250 1198 3463 1252 quoque
3486 1181 3827 1251 muscipula:

2211 1270 2279 1325 ad
2305 1270 2594 1341 capiendas
2626 1286 2842 1326 muscas
2869 1272 3152 1329 historiam
3191 1274 3379 1327 texuit.
3409 1270 3647 1345 Upuppze
3672 1288 3829 1342 prte-

2213 1368 2360 1417 terea
2391 1370 2445 1417 et
2472 1378 2617 1418 ranae
2647 1372 2837 1418 cantus
2875 1364 3135 1435 quosdam
3182 1365 3509 1434 composuit,
3534 1372 3595 1417 ut
3641 1363 3831 1418 fretur

2212 1452 2373 1507 unius
2398 1468 2464 1507 ex
2500 1451 2616 1523 ejus
2649 1469 2743 1508 ore
2774 1463 3067 1519 eructaret,
3097 1454 3388 1526 garrulitas
3417 1470 3545 1511 vero
3577 1453 3828 1511 alterius

2213 1546 2267 1600 in
2298 1546 2416 1617 ejus
2443 1546 2601 1601 labiis
2630 1562 2737 1601 non
2764 1547 3058 1602 desineret.
3089 1546 3239 1602 Alios
3276 1563 3491 1619 quoque
3520 1548 3588 1601 ad
3621 1547 3832 1602 condi-

2212 1645 2454 1692 mentum
2490 1637 2576 1692 sui
2620 1637 2824 1693 erroris
2865 1638 2917 1692 in
2961 1638 3219 1692 honorem
3249 1636 3470 1707 Ioseph,
3499 1637 3826 1701 Zachariz,

2214 1728 2327 1782 sive
2354 1727 2516 1782 etiam
2553 1727 2832 1799 genitricis
2858 1727 3070 1782 Domini
3092 1727 3299 1794 Mariae,
3330 1728 3472 1799 ston
3496 1744 3598 1782 suo
3624 1731 3830 1798 diges-

524 1852 617 1922 qui
637 1865 781 1907 nunc
802 1865 926 1907 cum
948 1820 1059 1906 non
1078 1864 1212 1906 sano
1232 1865 1393 1905 sensu
1418 1851 1590 1918 legem
1619 1849 1770 1904 illum
1796 1820 2106 1914 adduxisse,
2135 1839 2191 1902 Β
2215 1820 2307 1876 Si"
2349 1820 2591 1922 Cumqf"?
2637 1821 2692 1922 _i"
2740 1829 2890 1922 tim“)
2933 1821 3190 1922 Fatitjnfi
3227 1838 3307 1877 5‘"
3346 1838 3529 1922 "r9"?
3558 1822 3826 1922 duram

525 1951 620 1999 aut
648 1943 814 1999 Deum
838 1943 893 1999 in
917 1944 1147 2000 veritate
1166 1942 1397 1999 coluisse
1425 1950 1759 1999 asseverant.

595 2054 683 2111 l5.
713 2054 847 2111 Cum
875 2070 1049 2113 essem
1075 2056 1203 2113 olim
1234 2056 1288 2111 in
1316 2055 1710 2127 Pampilonensi
1741 2056 1938 2128 oppido
1963 2055 2110 2127 posi-

525 2155 631 2214 tus,
682 2146 759 2220 (2)
789 2157 846 2205 et
883 2148 1023 2220 apud
1065 2147 1369 2221 Legerense
1422 2148 1728 2205 coenobium
1772 2148 2107 2215 demorarer,

525 2248 822 2310 cunctaque
871 2241 1142 2296 volumina
1166 2282 1181 2308 ,
1226 2257 1349 2313 quas
1386 2240 1458 2297 ibi
1496 2251 1672 2308 erant,
1706 2241 1878 2313 gratia
1923 2240 2112 2314 digno-

525 2330 731 2397 scendi,
782 2331 1113 2404 incomperta
1158 2333 1525 2401 revolverem;
1573 2333 1751 2389 subito
1787 2333 1843 2388 in
1876 2333 2113 2404 quadam

525 2428 680 2490 parte
699 2419 974 2491 cujusdam
1000 2423 1241 2494 opusculi
1273 2425 1413 2479 hanc
1438 2424 1506 2480 de
1531 2422 1762 2479 nefando
1787 2432 1910 2479 vate
1936 2423 2111 2479 histo-

528 2510 718 2567 riolam
750 2514 952 2586 absque
982 2510 1220 2571 auctoris
1248 2516 1466 2572 nomine
1490 2516 1668 2586 reperi
1703 2530 1720 2570 :

604 2624 693 2681 l6.
734 2643 754 2676 ι
792 2625 1028 2682 Exortus
1062 2636 1144 2682 est
1169 2642 1403 2699 namque
1424 2626 1697 2683 Mahomat
1723 2626 1801 2700 (5)
1832 2626 2116 2682 haeresiar-

531 2715 662 2773 ches
712 2714 955 2787 tempore
1000 2716 1237 2774 Heraclii
1281 2718 1643 2790 imperatoris,
1703 2734 1847 2773 anno
1899 2718 2111 2799 imperii

528 2804 644 2875 ejus
689 2807 939 2879 septimo,
992 2819 1246 2866 currente
1272 2826 1381 2866 aera
1410 2826 1587 2867 ncnvr.
1630 2810 1689 2866 In
1729 2811 1834 2868 hoc
1872 2818 2113 2880 tempore

525 2899 761 2957 Isidorus
798 2899 1131 2975 Hispalensis
1163 2903 1448 2974 episcopus
1480 2903 1535 2958 in
1557 2902 1824 2959 catholico
1864 2904 2114 2974 dogmate

527 2991 747 3060 claruit,
783 3002 839 3050 et
869 2992 1151 3051 Sisebutus
1176 2995 1365 3051 Toleto
1402 2994 1579 3070 regale
1610 2995 1820 3051 culmen
1856 2994 2109 3050 obtinuit.

532 3081 611 3156 (ιι)
641 3083 881 3140 Ecclesia
906 3086 1048 3143 beati
1086 3086 1372 3158 Euphrasii
1399 3090 1538 3161 apud
1567 3088 1774 3161 lliturgi
1800 3088 1989 3145 urbem
2022 3102 2113 3141 su-

2215 1928 2437 1969 uxorem
2488 1913 2659 1970 vicini
2686 1914 2769 1968 sui
2800 1913 3019 1969 nomine
3059 1913 3193 1969 Zeid
3241 1914 3567 1984 concupivit,
3598 1920 3653 1969 et
3698 1930 3830 1969 sua:

2212 2006 2421 2061 libidini
2465 2003 2787 2077 subjugavit.
2834 2004 2987 2074 Quod
3027 2007 3205 2062 scelus
3248 2006 3478 2061 maritus
3515 2004 3635 2075 ejus
3684 2022 3833 2061 sen-

2215 2098 2376 2163 tiens,
2400 2099 2705 2163 exhorruit,
2728 2111 2959 2167 eamque
2984 2097 3263 2167 propheta:
3305 2111 3425 2162 suo,
3457 2098 3540 2151 cui
3581 2107 3831 2151 contra-

2214 2191 2395 2245 dicere
2426 2206 2531 2245 non
2559 2189 2794 2256 valebat,
2814 2189 3082 2260 permisit.
3107 2189 3202 2244 llle
3234 2204 3364 2245 vero
3399 2189 3553 2258 quasi
3574 2203 3642 2243 ex
3672 2204 3830 2244 voce

2214 2278 2495 2336 Dominica
2526 2280 2581 2335 in
2618 2279 2735 2353 lege
2764 2296 2859 2335 sua
2892 2279 3021 2334 illud
3063 2278 3363 2343 annotavit,
3389 2279 3572 2335 dicens
3603 2295 3622 2334 :
3646 2277 3830 2334 Cum-

2215 2390 2322 2445 que
2346 2373 2540 2429 mulier
2568 2372 2659 2427 illa
2698 2371 3065 2443 displicuisset
3111 2370 3165 2426 in
3207 2369 3380 2426 oculis
3405 2370 3555 2434 Zeid,
3586 2378 3643 2424 et
3686 2385 3825 2425 eam

2215 2465 2586 2537 repudiasset,
2637 2463 2964 2520 sociavimus
3012 2477 3134 2517 eam
3189 2461 3465 2532 prephetae
3512 2469 3709 2517 nostro
3762 2462 3827 2516 in

2216 2557 2549 2629 conjugium,
2591 2555 2738 2627 quod
2777 2554 2987 2611 caeteris
3028 2554 3085 2609 in
3121 2552 3447 2623 exemplum,
3479 2560 3531 2606 et
3570 2553 3827 2622 posteris

2217 2649 2466 2704 fidelibus
2507 2648 2561 2703 id
2602 2661 2764 2719 agere
2803 2646 3163 2718 cupientibus,
3194 2659 3303 2700 non
3327 2644 3401 2699 sit
3420 2644 3473 2715 in
3497 2652 3821 2715 peccatum.

2214 2742 2346 2798 Post
2367 2743 2521 2813 cujus
2552 2740 2689 2795 tanti
2717 2738 2938 2796 sceleris
2974 2737 3176 2794 factum
3204 2751 3351 2792 mors
3389 2734 3583 2791 animae
3609 2745 3667 2791 et
3691 2751 3826 2790 cor-

2216 2835 2368 2906 poris
2410 2833 2553 2889 illius
2578 2831 2739 2891 simul
2770 2830 3238 2903 appropinquavit.
3282 2829 3351 2885 At
3391 2827 3481 2884 ille
3524 2828 3823 2884 interitum

2218 2928 2436 2984 sibimet
2464 2926 2750 2982 imminere
2776 2926 3142 2996 persentiens,
3171 2924 3294 2994 quia
3340 2923 3559 2995 propria
3605 2923 3825 2978 virtute

2218 3036 2277 3075 se
2308 3026 2740 3074 resurrecturum
2778 3015 2928 3072 nullo
2968 3018 3129 3072 modo
3165 3015 3393 3080 sciebat,
3421 3029 3523 3085 per
3554 3013 3823 3084 angelum

2219 3109 2547 3173 Gabrielem,
2582 3107 2677 3178 qui
2730 3108 2780 3162 ei
2824 3107 2879 3162 in
2929 3107 3107 3178 specie
3154 3106 3383 3161 vulturis
3428 3121 3720 3178 apparere,
3758 3114 3825 3159 ut

528 3195 627 3250 per
663 3182 926 3237 tumulum
975 3182 1091 3253 ejus
1141 3184 1462 3240 aedificatur.
1494 3183 1598 3257 ’(5)
1659 3183 1848 3249 Toleto
1896 3197 2111 3254 quoque

2220 3204 2336 3274 ipse
2371 3203 2575 3268 aiebat,
2605 3203 2796 3258 solitus
2842 3209 2994 3267 erat,
3044 3200 3494 3258 resuscitaturum
3542 3213 3605 3254 se
3652 3197 3824 3258 tertia

527 3271 701 3330 beata:
740 3273 1019 3331 Leocadiae
1045 3275 1168 3331 aula
1206 3276 1347 3331 miro
1372 3292 1558 3347 opere,
1592 3277 1816 3347 jubente
1852 3275 2113 3346 praedicto

529 3362 797 3439 principe,
825 3364 1058 3424 culmine
1091 3367 1199 3425 alto
1232 3368 1565 3425 extenditur.
1605 3365 1955 3438 Obtinuitque
1976 3381 2115 3437 prm-

531 3458 710 3515 dictus
747 3458 1017 3515 Mahomat
1044 3460 1307 3517 nefandus
1342 3462 1603 3531 propheta
1631 3459 1992 3531 principatum
2021 3475 2115 3513 an-

533 3548 618 3606 nis
644 3551 860 3618 decem,
896 3552 1093 3622 quibus
1116 3552 1364 3622 expletis,
1407 3561 1654 3608 mortuus
1673 3561 1775 3617 est,
1801 3560 1856 3606 et
1878 3551 2116 3623 sepultus

418 3700 433 3713 α
529 3640 584 3694 in
620 3639 853 3699 inferno.
913 3641 1146 3698 Exordia
1196 3658 1324 3698 vero
1367 3643 1483 3715 ejus
1521 3643 1739 3698 fuerunt
1784 3642 1930 3697 talia.
1980 3642 2115 3701 Cum

529 3740 678 3788 esset
708 3732 969 3805 pusillus,
995 3733 1168 3790 factus
1208 3742 1293 3790 est
1331 3732 1610 3804 cujusdam
1642 3733 1815 3790 viduae
1844 3732 2110 3788 subditus.

533 3823 775 3895 Cumque
836 3824 895 3880 in
940 3827 1171 3898 negotiis
1225 3820 1451 3900 cupidus
1507 3825 1780 3881 fenerator
1844 3826 2116 3881 discurre-

535 3923 641 3982 ret,
656 3914 1267 3987 cmpitChristianorum
1289 3916 1677 3975 conventiculis
1707 3917 1921 3974 assidue
1946 3916 2116 3971 inter-

532 4020 673 4073 esse,
705 4016 781 4075 et,
821 4016 883 4063 ut
903 4017 1021 4063 erat
1053 4010 1284 4065 astutior
1315 4011 1552 4066 tenebrae
1584 4010 1745 4075 filius,
1778 4010 1943 4081 cmpit
1981 4025 2117 4064 non-

531 4098 711 4154 nullas
736 4098 1053 4157 collationes
1081 4100 1511 4158 Christianorum
1538 4103 1813 4157 memoria:
1841 4115 2116 4157 commen-

539 4188 691 4256 dare,
716 4198 770 4245 et
804 4190 946 4247 inter
988 4208 1115 4249 suos
1141 4192 1329 4252 brutos
1353 4194 1561 4251 Arabes
1585 4192 1796 4250 cunctis
1822 4191 2118 4264 sapientior

534 4291 674 4335 esse.
700 4276 963 4337 Libidinis
992 4298 1120 4339 vero
1155 4299 1265 4341 suae
1304 4299 1596 4341 succensus
1636 4282 1839 4349 fomite,
1869 4298 1989 4339 cum
2020 4298 2115 4353 pa-

532 4380 689 4426 trona
740 4387 836 4431 sua
881 4371 1004 4443 jure
1062 4376 1344 4433 barbarico
1395 4377 1448 4431 in
1498 4376 1578 4429 ira
1630 4390 1951 4445 congressus
2006 4382 2110 4429 est.

532 4462 765 4534 Moxque
802 4466 1005 4523 erroris
1038 4468 1259 4539 spiritus
1299 4469 1354 4522 in
1403 4467 1638 4538 speciem
1673 4465 1903 4521 vulturis
1931 4466 1981 4521 ei
2020 4482 2115 4537 ap-

2218 3295 2306 3350 die
2340 3294 2609 3366 praedixit.
2651 3291 2896 3364 Cumque
2940 3292 3179 3347 animum
3222 3290 3412 3347 inferis
3460 3290 3818 3357 tradidisset,

2217 3385 2430 3443 solliciti
2460 3385 2526 3439 de
2559 3383 2820 3439 miraculo
2841 3383 2986 3454 quod
3010 3385 3088 3439 eis
3122 3382 3395 3455 pollicitus
3417 3382 3616 3447 fuerat,
3641 3383 3821 3436 ardia

2215 3478 2396 3549 vigilia
2432 3477 2663 3533 cadaver
2689 3474 2804 3544 ejus
2845 3475 3119 3532 custodire
3150 3474 3446 3544 jusserunt.
3481 3472 3657 3542 Quem
3685 3489 3821 3548 cum

2219 3569 2377 3623 tertia
2413 3569 2499 3623 die
2529 3570 2806 3624 fauentem
2834 3568 3117 3633 vidissent,
3149 3575 3204 3621 et
3248 3574 3626 3637 resurgentem
3666 3565 3821 3620 nullo

2217 3662 2378 3717 modo
2410 3670 2718 3726 cernerent,
2742 3659 2965 3733 angelos
3007 3658 3127 3714 ideo
3157 3674 3263 3713 non
3307 3658 3501 3713 adesse
3531 3657 3819 3723 dixerunt,

2216 3755 2343 3825 quia
2383 3755 2675 3824 przesentia
2720 3769 2942 3810 suorum
2985 3760 3340 3808 terrerentur.
3378 3750 3607 3806 lnvento
3646 3751 3823 3822 igitur

2218 3844 2422 3901 salubri
2471 3843 2552 3916 (ut
2592 3843 2875 3915 putabant)
2921 3841 3185 3908 consilio,
3239 3841 3513 3911 privatum
3559 3838 3818 3896 custodia

2218 3937 2452 3991 cadaver
2488 3935 2604 4006 ejus
2630 3934 2988 4006 reliquerunt,
3016 3934 3311 4003 statimque
3330 3933 3451 3987 vice
3473 3932 3719 4002 angelica
3746 3930 3821 3985 ad

2218 4026 2335 4097 ejus
2378 4026 2630 4082 faetorem
2662 4040 2825 4081 canes
2860 4025 3122 4094 ingressi,
3152 4024 3291 4079 latus
3324 4021 3442 4093 ejus
3476 4033 3503 4063 ι
3537 4020 3821 4077 deforave-

2218 4126 2365 4173 runt.
2396 4117 2551 4185 Quod
2593 4117 2925 4187 reperientes
2951 4114 3182 4175 factum.
3210 4114 3484 4169 residuum
3529 4112 3818 4168 cadaveris

2217 4212 2335 4283 ejus
2373 4211 2539 4266 humo
2578 4209 2863 4265 dederunt.
2904 4208 2968 4263 Et
2999 4208 3069 4263 ob
3101 4205 3219 4277 ejus
3246 4204 3631 4259 vindicandam
3668 4202 3821 4273 inju-

2217 4303 2377 4367 riam,
2408 4301 2566 4357 annis
2592 4299 2819 4372 singulis
2842 4313 3008 4355 canes
3033 4298 3284 4354 occidere
3309 4297 3678 4351 decreverunt
3704 4308 3721 4347 :
3754 4302 3821 4349 ut

2200 4396 2413 4451 merito
2442 4410 2565 4451 cum
2601 4409 2667 4449 eo
2693 4392 2929 4449 habeant
2962 4391 3071 4447 illic
3096 4389 3469 4461 participium,
3497 4387 3591 4458 qui
3620 4400 3719 4457 pro
3744 4400 3819 4440 eo

2217 4490 2438 4561 dignum
2472 4495 2788 4543 meruerunt
2821 4485 3004 4541 subire
3038 4482 3373 4554 martyrium.
3407 4480 3580 4552 Digne
3605 4480 3656 4533 ei
3683 4479 3813 4549 qui-

476 4544 513 4599 ‘V
528 4570 747 4626 Ρ³Γθ¹¹⁸²
780 4571 844 4613 ⁰⁸
873 4571 1096 4622 “meum
1131 4559 1234 4613 Sibi
1262 4558 1574 4625 os‘endenst
1603 4557 1849 4630 angelum
1881 4556 2109 4614 Gabrie'
2137 4575 2192 4639 Ι)
2218 4544 2341 4636 dem
2380 4579 2578 4634 accidit
2607 4586 2664 4633 ut
2694 4592 2889 4632 canum
2935 4544 3198 4630 ventrem'
3218 4581 3398 4628 tantus
3428 4586 3493 4627 ac
3522 4571 3649 4626 talis
3683 4584 3818 4640 pm-

528 4646 637 4703 lcm
676 4663 797 4705 esse
837 4665 895 4707 se
931 4648 1089 4717 dixit,
1120 4658 1174 4705 et
1216 4659 1275 4706 ut
1310 4649 1568 4723 propheta
1600 4657 1903 4721 appareret,
1940 4650 2109 4722 impe-

528 4744 713 4800 travit.
763 4744 1006 4827 Cumque
1062 4747 1297 4818 repletus
1359 4754 1504 4802 esset
1561 4755 1769 4803 tumore
1821 4746 2106 4821 superbiae,

527 4835 691 4906 coepit
720 4836 958 4892 inaudita
987 4835 1162 4893 brutis
1184 4836 1506 4892 animalibus
1531 4837 1846 4908 praedicare,
1877 4846 1932 4891 et
1953 4835 2110 4908 quasi

528 4928 738 4984 ratione
774 4928 1030 5000 quadam,
1074 4938 1134 4985 ut
1182 4930 1249 4983 ab
1284 4928 1548 4984 idolorum
1588 4928 1734 4984 cultu
1774 4928 2107 4997 recederent,

525 5030 581 5077 et
619 5018 788 5075 Deum
819 5019 1191 5092 incorporeum
1233 5021 1286 5076 in
1327 5020 1478 5077 caelis
1527 5019 1838 5087 adorarent,
1871 5019 2111 5075 insinua-

526 5110 620 5165 vit.
651 5112 815 5167 Arma
853 5113 957 5169 sibi
989 5112 1333 5170 credentibus
1360 5129 1635 5170 assumere
1660 5113 1834 5184 jubet,
1865 5122 1918 5168 et
1953 5112 2107 5183 quasi

525 5216 668 5258 novo
708 5202 831 5259 fidei
870 5204 1005 5271 zelo,
1038 5213 1099 5260 ut
1148 5206 1489 5279 adversarios
1524 5205 1704 5277 gladio
1748 5204 2106 5269 trucidarent,

528 5292 781 5350 instituit.
815 5292 1040 5353 Occulto
1064 5312 1280 5369 quoque
1309 5297 1451 5354 Deus
1474 5297 1677 5368 judicio
1699 5297 1812 5368 (qui
1843 5296 1970 5351 olim
2012 5312 2111 5367 per

527 5386 847 5456 prophetam
891 5387 1103 5445 dixerat
1145 5407 1157 5443 :
1201 5388 1335 5444 Ecce
1381 5406 1473 5460 ego
1515 5389 1776 5444 suscitabo
1825 5406 1982 5460 super
2020 5406 2106 5445 vos

529 5472 838 5546 Chaldwos,
876 5490 1075 5551 gentem
1123 5498 1361 5536 amaram
1400 5491 1445 5536 et
1468 5472 1720 5549 velocem,
1753 5481 2107 5537 ambulantem

530 5584 688 5637 super
716 5567 1046 5626 latitudinem
1067 5581 1241 5640 term,
1272 5583 1327 5627 ut
1354 5573 1613 5644 possideat
1642 5572 1981 5628 tabernacula
2005 5589 2110 5627 non

532 5671 651 5711 sua.
682 5656 845 5725 Cujus
873 5660 989 5730 equi
1016 5659 1292 5717 velociores
1331 5662 1467 5734 lupis
1511 5662 1834 5734 vespertinis,
1871 5672 1920 5718 et
1951 5662 2111 5732 {acies

610 5792 640 5822 ι
666 5780 912 5856 Schem,
936 5785 1332 5847 devoraverunt.

2218 4671 2381 4742 pheta
2412 4668 2667 4740 repleret,
2699 4668 2790 4739 qui
2818 4683 2923 4723 non
2962 4666 3135 4723 solum
3169 4680 3345 4731 suam,
3371 4663 3467 4719 sed
3513 4661 3815 4718 multorum

2220 4761 2430 4817 animas
2459 4758 2647 4814 inferis
2672 4756 3000 4815 tradidisset.
3030 4755 3194 4812 Multa
3224 4754 3443 4827 quidem
3471 4761 3528 4810 et
3560 4753 3665 4808 alia
3692 4767 3815 4808 see-

2218 4853 2330 4908 lera
2356 4860 2611 4923 operatus
2635 4861 2733 4915 est,
2765 4865 2885 4922 quae
2906 4863 3015 4904 non
3045 4855 3171 4904 sunt
3199 4846 3403 4917 scripta
3432 4846 3486 4900 in
3518 4845 3660 4900 libro
3681 4845 3808 4899 hoc.

2219 4942 2334 5000 Hoc
2378 4950 2586 5003 tantum
2630 4940 2892 5017 scriptum
2939 4947 3044 5006 est,
3077 4946 3139 4994 ut
3174 4936 3414 5010 legentes
3448 4944 3686 5007 quantus
3717 4935 3815 4993 his

2218 5032 2383 5089 fuerit
2411 5040 2725 5104 agnoscant.
2758 5050 2777 5083 ι
3224 5044 3238 5051 δ

2288 5127 2374 5182 17.
2416 5126 2555 5181 Ecce
2628 5122 2878 5196 qualibus
2940 5122 3230 5195 praestigiis
3292 5121 3535 5177 deditum
3590 5120 3805 5192 vulgus,

2213 5225 2536 5287 quantaeque
2562 5212 2860 5283 impietatis
2890 5212 3105 5280 ducem,
3132 5212 3377 5293 plerique
3406 5226 3513 5266 non
3558 5218 3808 5266 metuunt

2213 5307 2314 5363 sub
2341 5307 2559 5361 nomine
2594 5307 2695 5376 piae
2728 5304 3006 5377 religionis
3035 5304 3263 5360 censeri.
3294 5302 3615 5359 Asserentes
3658 5298 3807 5371 qunti

2214 5399 2282 5454 ab
2336 5398 2643 5453 hominibus
2673 5397 2840 5452 Deum
2885 5394 3190 5451 colentibus
3234 5403 3291 5450 et
3336 5394 3507 5465 legem
3556 5391 3807 5447 habenti-

2215 5492 2315 5547 bus
2344 5490 2431 5545 isti
2458 5490 2661 5545 tirones
2686 5497 2994 5544 nostrorum
3042 5497 3347 5558 temporum
3395 5485 3595 5540 milites
3632 5483 3802 5539 occisi

2218 5583 2371 5641 fuere
2407 5602 2420 5637 :
2459 5583 2607 5639 nulla
2652 5583 2871 5638 discreti
2924 5582 3230 5653 prudentia,
3260 5590 3319 5636 ut
3356 5578 3534 5636 saltim
3576 5576 3802 5648 provido

2221 5675 2548 5747 cogitamine
2571 5674 2878 5741 advertant,
2911 5673 3038 5745 quia
3065 5673 3112 5730 si
3149 5672 3335 5729 talium
3378 5669 3558 5727 cultus
3581 5677 3678 5724 aut
3715 5666 3803 5724 lex
