4094 6346
179 276 295 331 861

1210 277 1413 335 LlBER
1447 278 1972 341 APOLOGETJCUS
2008 283 2197 343 MART
2209 284 2296 341 ΥΒ
2307 283 2422 341 UM.

1892 138 1923 149 »ο

3342 296 3449 352 862

182 407 323 449 vera
363 390 590 451 dicenda
619 401 725 471 est,
754 406 854 465 pro
898 399 1047 449 certo
1088 392 1239 464 vigor
1280 393 1599 452 Christianae
1640 395 1769 450 reli-
1794 395 1853 467 Α
1875 396 2133 465 propheta
2175 397 2361 453 audire
2390 411 2495 451 non
2524 397 2743 467 patitur.
2775 398 2945 466 Quem
2972 399 3266 471 impietatis
3302 406 3449 460 rudi-

183 487 374 560 gionis
402 486 783 543 inﬁrmabitur.

1877 495 1987 540 tum
2016 485 2141 541 dum
2169 486 2302 541 divae
2340 487 2611 542 memoriae
2646 502 2778 543 avus
2818 502 2973 544 meus
3017 488 3272 560 Eulogius
3316 506 3448 549 aure

264 578 357 635 18.
400 577 535 644 Etsi,
566 576 707 647 quod
756 577 815 633 in
849 577 1076 637 veritate
1121 578 1397 634 fatendum
1445 586 1546 645 est,
1582 577 1775 639 notitia
1873 586 2133 647 captaret,
2177 578 2351 633 ferunt
2411 579 2665 634 continuo
2716 578 2911 635 vexillo
2974 580 3152 637 crucis
3214 582 3447 640 frontem

182 679 397 735 sanetae
418 670 541 725 ﬁdei
566 670 731 727 totius
753 669 939 725 mundi
959 670 1192 741 compita
1213 670 1530 741 penetravit,
1548 679 1771 725 cunctas

183 762 444 818 nationes
489 769 650 817 terrae
679 776 993 831 peragrans,
1026 761 1224 816 nullam
1245 760 1358 830 jam
1387 771 1592 832 partem
1627 761 1772 817 orbis

182 860 470 924 expertem
519 850 739 905 luminis
778 849 893 919 ejus
932 850 1048 905 fore
1093 850 1431 907 conﬁdimus.
1464 851 1770 906 Praesertim

184 946 318 1017 quia
345 945 400 1000 in
429 959 644 1000 omnem
676 953 877 1003 terram
909 930 1078 1000 exivit
1108 960 1272 1003 sonus
1298 946 1683 1015 apostolorum,
1716 954 1773 1000 et

186 1035 243 1089 in
297 1034 431 1089 lines
468 1034 618 1089 orbis
659 1043 819 1090 terra:
856 1036 1026 1090 verba
1078 1034 1314 1101 illorum,
1344 1046 1399 1090 et
1433 1052 1591 1091 omne
1629 1036 1771 1092 aliud

185 1127 565 1199 Evangelium,
591 1135 789 1198 praeter
814 1128 959 1199 quod
1001 1128 1227 1199 apostoli
1263 1129 1510 1200 gentibus
1541 1129 1770 1185 tradide-

188 1229 351 1287 runt,
404 1220 691 1277 anathema
734 1221 904 1290 magis
950 1236 1069 1276 esse
1105 1236 1266 1291 quam
1311 1222 1532 1277 verbum
1582 1222 1771 1277 salutis

188 1309 447 1375 fatemur,
477 1310 618 1364 sicut
652 1309 783 1364 dicit
826 1309 1150 1380 Apostolus:
1187 1310 1246 1367 Si
1276 1312 1392 1381 quis
1430 1312 1572 1366 vobis
1612 1329 1769 1366 evan-

185 1401 488 1471 gelisaverit
545 1394 736 1471 pr'reter
788 1401 926 1471 quod
990 1403 1294 1472 accepistis,
1363 1405 1641 1459 anathema
1702 1406 1769 1458 sit

189 1487 334 1562 (Gal.
362 1506 400 1554 1,
430 1490 506 1561 9).
531 1490 599 1545 Ει
620 1490 833 1546 Veritas
861 1507 957 1547 ore
981 1507 1078 1548 suo
1099 1493 1393 1563 discipulos
1414 1503 1766 1563 contestatur,

187 1580 374 1637 dicens
412 1595 428 1635 :
461 1580 619 1634 Multi
663 1582 1125 1654 pseudopropltette
1161 1597 1395 1656 surgent,
1442 1597 1488 1640 et
1526 1586 1769 1640 reducent

187 1671 414 1738 multos;
439 1682 487 1726 et
517 1672 714 1726 dabunt
746 1673 895 1744 signa
927 1690 1116 1744 magna
1149 1684 1197 1729 et
1223 1676 1484 1746 prodigia,
1512 1677 1584 1731 ita
1628 1686 1683 1731 ut
1713 1677 1768 1731 in

1871 673 2259 740 praemuniens,
2309 687 2431 727 cum
2484 672 2684 743 gemitu
2735 672 2878 729 hunc
2919 671 3191 729 Psalmum
3227 675 3447 731 solitum

1870 762 2037 821 fuisse
2086 776 2343 824 cantare:
2372 768 2542 833 Deus,
2579 770 2695 842 quis
2738 770 2924 825 similis
2972 772 3066 826 tibi
3079 773 3105 827 ε’
3136 772 3219 828 Ne
3272 784 3447 831 taceas

1871 872 2032 926 neque
2055 856 2233 924 sileas,
2257 857 2416 925 Deus,
2442 860 2688 929 quoniam
2714 876 2829 915 ecce
2852 862 3052 917 inimici
3074 864 3170 931 tui,
3200 864 3446 932 Domine,

1869 959 2185 1013 sonuerunt;
2236 958 2283 1002 et
2345 950 2434 1019 qui
2486 960 2534 1004 te
2591 950 2853 1018 oderunt,
2923 950 3221 1008 levaverunt
3289 965 3446 1025 caput

1871 1033 2041 1108 (Psal.
2091 1053 2294 1103 cxxxn,
2327 1039 2380 1106 2,
2414 1039 2490 1111 ὅ).
2546 1038 2654 1096 Nos
2707 1050 2886 1096 autem
2940 1058 3064 1099 mox
3110 1055 3169 1099 ut
3212 1044 3446 1102 fallentis

1869 1141 2053 1180 vocem
2088 1126 2352 1196 praeconis
2382 1128 2651 1195 audimus,
2682 1130 2964 1185 confestim
2991 1148 3210 1189 oramus
3244 1151 3256 1187 :
3288 1132 3446 1189 Salva

1870 1235 1983 1283 nos,
2015 1216 2263 1284 Domine,
2306 1219 2371 1273 ab
2423 1220 2610 1274 auditu
2652 1218 2831 1288 male,
2875 1232 2921 1275 et
2962 1239 3099 1277 nunc
3134 1232 3182 1278 et
3219 1225 3273 1278 in
3301 1234 3450 1279 mter-

1870 1323 2014 1360 nunt.
2056 1308 2123 1362 Et
2162 1308 2357 1364 iterum
2396 1308 2844 1380 :Confundantur
2885 1326 3060 1366 omnes
3093 1313 3183 1384 qui
3224 1312 3449 1368 adorant

1868 1397 2163 1468 sculptilia,
2228 1408 2278 1453 et
2343 1400 2433 1471 qui
2494 1400 2789 1471 gloriantur
2857 1402 2912 1457 in
2980 1403 3277 1459 simulacris
3337 1404 3449 1459 suis

1870 1486 2040 1561 (Psal.
2073 1504 2214 1555 xcvr,
2246 1489 2323 1561 7).

1935 1580 2027 1634 20.
2070 1579 2234 1648 Cujus
2258 1581 2473 1651 quidem
2496 1581 2701 1638 erroris
2724 1583 3015 1650 insaniam,
3048 1584 3447 1655 praedicationis

1869 1671 2248 1737 deliramenta,
2287 1681 2341 1727 et
2378 1672 2555 1742 impia:
2596 1674 2852 1730 novitatis
2896 1684 3162 1747 praecepta
3202 1676 3450 1747 quisquis

187 1779 416 1817 errorem
480 1763 821 1829 inducantur,
872 1764 918 1818 si
975 1764 1093 1835 ﬁeri
1143 1776 1339 1837 potest,
1403 1767 1558 1821 etiam
1617 1767 1766 1822 electi
1796 1751 1841 1815 Β
1869 1763 2260 1818 catholicorum
2302 1778 2630 1834 cognoscere
2672 1767 2842 1836 cupit,
2878 1766 3179 1823 evidentius
3207 1770 3275 1825 ab
3302 1768 3448 1841 ejus-

188 1852 402 1921 (Matth.
425 1870 575 1919 xxrv,
602 1855 709 1926 li).
732 1854 798 1909 Et
818 1857 1013 1911 iterum
1033 1875 1046 1910 :
1068 1855 1246 1911 Nolite
1268 1859 1408 1912 omni
1427 1856 1634 1928 spiritui
1656 1876 1768 1914 cre-

185 1945 327 2012 dere,
344 1946 435 2001 sed
455 1947 668 2017 probate
688 1946 920 2017 spiritus,
936 1948 981 2003 si
1000 1964 1065 2003 ex
1084 1946 1189 2003 Deo
1210 1958 1328 2003 sunt
1352 1948 1403 2020 (Ι
1417 1949 1580 2004 Joan.
1598 1966 1669 2016 tv,
1689 1950 1764 2023 l).

186 2038 300 2106 Qua
340 2040 725 2112 consequentia
778 2041 1106 2096 credendum
1151 2050 1234 2097 est
1279 2041 1665 2097 daemoniosum
1712 2051 1769 2098 et

185 2130 468 2185 mendacio
496 2129 713 2202 plenum
737 2132 1018 2187 veritatem
1038 2130 1323 2202 proferre?
1353 2131 1578 2188 fallaciis
1606 2132 1767 2188 obvo-

183 2222 355 2278 lutum
374 2223 546 2295 legem
569 2224 804 2279 donare?
826 2240 1015 2281 nemus
1034 2239 1351 2295 perversum
1373 2225 1576 2281 fructus
1596 2225 1766 2281 bonos

181 2315 478 2371 exhibere?
510 2314 604 2372 Ille
631 2316 847 2373 interim
884 2317 1148 2373 nefandus
1183 2320 1248 2372 de
1278 2302 1430 2373 inalo
1457 2317 1636 2373 cordis
1667 2333 1764 2374 suo

184 2407 446 2463 thesauro
471 2406 749 2478 proferens
781 2409 999 2475 malum,
1028 2418 1080 2465 et
1110 2408 1269 2480 vulgo
1301 2410 1573 2482 insipienti
1602 2409 1765 2466 duca-

183 2508 296 2553 tum
340 2497 631 2570 impietatis
670 2500 1005 2566 ministraus,
1047 2509 1272 2570 uterque
1315 2500 1667 2571 praecipitium
1708 2501 1764 2556 in

181 2590 356 2645 chaos
387 2599 649 2646 aeternum
685 2604 874 2661 poenas
902 2589 1134 2645 luiturus
1174 2590 1419 2645 incurrit.
1444 2592 1518 2647 De
1544 2606 1650 2662 quo
1679 2602 1764 2646 at-

179 2696 290 2751 que
320 2679 439 2750 ejus
470 2679 734 2736 similibus
763 2679 1021 2735 Dominus
1058 2695 1157 2750 per
1183 2680 1375 2736 Oscam
1416 2681 1653 2752 loquitur
1687 2683 1765 2737 di-

180 2786 351 2827 cens:
376 2769 488 2842 Ipsi
510 2782 873 2843 regnaverunt,
898 2781 946 2827 et
973 2789 1075 2827 non
1104 2790 1167 2828 ex
1189 2789 1304 2838 me;
1326 2773 1583 2844 principes
1608 2775 1767 2829 exsti-

130 2886 139 2891 ·
180 2873 378 2930 terunt,
401 2874 450 2920 et
473 2881 575 2919 non
603 2865 815 2937 cognovi
838 2863 983 2936 (03c.
1010 2880 1126 2931 vin,
1155 2865 1231 2938 4).

260 2958 347 3013 l9.
394 2957 632 3028 Denique
663 2958 802 3013 inter
837 2966 1060 3014 caeteros
1097 2966 1216 3029 post
1249 2957 1618 3012 ascensionem
1658 2956 1762 3013 Do—

184 3050 321 3133 mini
346 3050 609 3105 haeresum
639 3060 891 3106 auctores
918 3049 1063 3106 solus
1090 3050 1175 3106 hic
1201 3048 1466 3106 infaustus
1493 3065 1644 3106 novae
1672 3065 1761 3105 su-

1870 1856 1990 1911 dent
2037 1864 2197 1910 sectae
2244 1853 2541 1935 cultoribus
2575 1858 2965 1925 perserutando
3002 1858 3263 1913 advertet.
3296 1859 3444 1926 Quo-

1865 1950 2011 2005 niam
2052 1964 2265 2005 sacrum
2305 1964 2362 2004 se
2404 1948 2678 2019 quidpiam
2710 1957 2892 2004 tenere
2926 1958 2979 2003 et
3022 1949 3246 2005 credere
3287 1958 3443 2005 autu-

1867 2050 2099 2104 mantes,
2126 2055 2230 2094 non
2262 2040 2421 2095 modo
2447 2040 2693 2110 privatis,
2722 2039 2813 2095 sed
2841 2040 3042 2111 apertis
3066 2040 3288 2096 vocibus
3307 2042 3445 2097 vatis

1866 2130 1947 2187 sui
1988 2132 2235 2203 dogmata
2272 2133 2589 2202 przedicant.
2623 2132 2784 2187 Multa
2818 2132 2980 2187 etiam
3010 2133 3149 2202 apud
3179 2133 3445 2202 quosdam

1867 2234 2176 2279 nostrorum
2204 2226 2528 2295 scriptorum
2559 2224 2820 2289 inveniet,
2850 2224 2941 2293 qui
2972 2224 3088 2279 zelo
3118 2223 3212 2278 Dei
3250 2223 3445 2279 armati

1865 2319 2122 2374 adversus
2154 2319 2328 2388 ipsum
2357 2316 2533 2388 vatem
2568 2317 2893 2389 impudicum
2926 2317 3174 2388 prudenti
3222 2330 3441 2372 exarse-

1866 2418 1990 2463 runt
2019 2408 2174 2480 stylo.
2203 2408 2309 2464 Sed
2343 2418 2398 2464 et
2436 2423 2533 2463 nos
2570 2408 2623 2463 in
2662 2408 2753 2463 illo
2788 2407 3086 2462 Memoriali
3119 2406 3437 2463 Sanctorum

1864 2497 2121 2568 opusculo
2160 2497 2319 2568 hujus
2361 2507 2523 2553 sectae
2562 2512 2776 2554 errores
2813 2513 2879 2553 ex
2913 2505 3068 2568 parte
3096 2497 3465 2570 digessimus,-

1866 2590 2220 2645 refutavimus
2246 2598 2299 2645 et
2324 2588 2685 2645 confoditnus.

1937 2680 2024 2734 2i.
2060 2680 2247 2735 Restat
2268 2679 2381 2748 jam
2410 2694 2574 2745 nunc,
2599 2680 2865 2749 expeditis
2887 2679 3233 2751 apologeticis
3256 2679 3443 2735 Beato-

1868 2786 2009 2837 rum,
2042 2770 2328 2840 ut‘aliquid
2369 2770 2434 2826 de
2470 2771 2712 2826 victoriis
2735 2786 2923 2827 eorum
2951 2772 3019 2826 ad
3041 2770 3438 2826 aemulationem

1866 2862 2142 2918 catholica:
2186 2862 2358 2932 plebis
2400 2862 2701 2933 pandamus
2723 2862 2820 2934 (7).
2853 2860 3047 2916 Beatus
3078 2861 3240 2934 igitur
3265 2861 3443 2918 Rude-

1866 2956 2012 3010 ricus
2037 2955 2321 3025 presbyter
2346 2971 2415 3009 ex
2442 2954 2674 3025 quodam
2708 2954 2829 3009 vico
2859 2954 3155 3024 Egabrensi
3192 2954 3443 3025 progeni-

1869 3057 1973 3114 tus,
2009 3047 2061 3101 in
2088 3046 2279 3102 eadem
2310 3047 2441 3101 urbe
2463 3054 2661 3102 sancta:
2686 3045 2820 3117 legis
2848 3044 3169 3111 doctrinam,
3196 3042 3443 3116 gradum-

180 3126 523 3214 perstitionis
543 3149 744 3196 sectam
772 3140 1029 3197 instinctu
1055 3140 1251 3197 diaboli
1280 3140 1541 3207 condens,
1568 3139 1759 3210 procul
1788 3121 1831 3183 (ἶ
1862 3154 1966 3209 que
1994 3136 2379 3193 sacerdotalem
2423 3137 2738 3207 promeruit.
2782 3135 2919 3191 Huic
2960 3138 3066 3192 duo
3100 3136 3296 3193 fratres
3332 3135 3440 3192 fue-

178 3233 254 3289 ab
282 3232 534 3289 Ecclesiae
567 3242 765 3288 sanctae
792 3242 1057 3288 conventu
1095 3233 1435 3297 desciscitur,
1469 3230 1763 3285 auctorita-

178 3333 295 3379 tem
336 3323 531 3394 prisca:
576 3321 710 3393 legis
756 3322 1045 3390 infamans,
1075 3323 1458 3395 prophetarum
1506 3322 1763 3378 vaticinia

180 3430 464 3486 respuens,
494 3414 664 3471 sancti
699 3413 971 3485 Evangelii
1014 3415 1297 3469 veritatem
1329 3411 1671 3479 conculcans,
1709 3420 1765 3470 et

178 3508 548 3580 apostolorum
576 3508 878 3564 doctrinam
918 3508 1190 3563 detestans
1219 3506 1321 3579 (6),
1353 3508 1442 3578 qui
1473 3506 1762 3563 ridiculum

178 3601 363 3672 potius
388 3615 547 3670 quam
583 3614 766 3655 rerum
806 3599 1231 3655 necessariarum
1269 3612 1459 3654 causas
1483 3613 1582 3669 per
1609 3612 1759 3652 eam-

180 3691 309 3746 dem
338 3700 539 3747 sectam
576 3678 1056 3756 suam'insiuuans,
1088 3705 1182 3745 ore
1225 3690 1539 3760 blaspheme
1580 3690 1761 3746 docuit

179 3782 463 3840 Christum
492 3784 586 3840 Dei
611 3782 846 3840 Verbum
871 3799 1011 3852 esse,
1035 3793 1089 3840 et
1117 3783 1375 3855 Spiritum
1400 3780 1536 3851 ejus,
1560 3791 1613 3837 et
1638 3796 1761 3851 pro-

179 3875 404 3947 phetam
439 3874 655 3945 quidem
699 3890 974 3948 magnum,
999 3874 1143 3929 nulla
1170 3888 1296 3929 vero
1322 3873 1547 3928 Deitatis
1572 3878 1760 3942 poten-

179 3969 258 4025 tia
280 3969 584 4039 prteditum,
614 3968 742 4023 Adae
765 3968 1017 4033 similem,
1045 3982 1150 4023 non
1176 3968 1284 4022 Deo
1302 3967 1446 4021 Patri
1468 3966 1755 4036 :equalem;

176 4059 275 4131 qui
304 4058 375 4115 ob
403 4059 653 4114 meritum
700 4051 1000 4114 sanctitatis
1037 4064 1223 4112 sancto
1254 4056 1490 4126 repletus
1532 4054 1755 4126 Spiritu,

174 4166 281 4224 per
304 4150 558 4206 virtutem
588 4149 681 4205 Dei
709 4148 986 4205 miraculis
1012 4148 1222 4210 claruit,
1247 4148 1415 4218 signis
1447 4154 1608 4217 atque
1636 4161 1761 4217 por-

177 4244 347 4301 tentis
373 4232 585 4308 enituit,
617 4242 749 4297 nihil
778 4257 843 4298 ex
868 4241 1081 4313 propria
1110 4240 1392 4311 majestate
1422 4252 1515 4295 aut
1544 4239 1760 4294 Deitate

174 4336 497 4412 praevalens,
527 4337 619 4393 sed
656 4343 712 4391 ut
736 4337 821 4391 vir
842 4335 1019 4405 justus
1053 4340 1105 4388 et
1130 4333 1216 4404 pia
1248 4332 1508 4388 servitute
1533 4332 1644 4386 Deo
1668 4346 1760 4386 co-

175 4430 418 4495 haerens,
443 4427 582 4482 votis
612 4424 937 4498 supplicibus
964 4425 1031 4479 ab
1053 4422 1431 4494 Omnipotente
1465 4422 1631 4476 multa
1657 4422 1758 4475 ima

174 4504 397 4591 pelrare
438 4516 758 4589 promeruit.
807 4515 912 4571 Sed
952 4522 1007 4570 et
1061 4513 1163 4569 alia
1210 4513 1451 4569 inaudita
1502 4512 1759 4568 vanitatis

172 4609 387 4667 scelera
438 4608 756 4680 przedicans,
808 4606 1187 4662 adinventione
1230 4604 1549 4675 versipellis,
1581 4620 1610 4659 a
1650 4618 1759 4674 quo

173 4701 547 4766 obsidebatur,
580 4701 814 4767 inventa,
848 4699 940 4770 qui
981 4712 1040 4755 se
1066 4697 1239 4752 eidem
1268 4696 1671 4766 transﬁguravit
1700 4696 1759 4752 in

175 4791 431 4865 angelum
461 4792 616 4856 lucis,
645 4791 865 4847 delubra
908 4790 962 4844 in
1000 4788 1196 4859 quibus
1230 4788 1525 4859 pessimum
1563 4788 1759 4860 dogma

172 4900 337 4941 suum
365 4882 634 4940 coleretur
654 4881 943 4947 exstruxit,
977 4880 1313 4936 constituens
1338 4879 1390 4933 in
1422 4878 1610 4933 ultimo
1638 4878 1756 4933 ido-

174 4975 409 5031 lolatriae
443 4974 548 5031 situ
594 4982 819 5039 turrem,
847 4972 1024 5029 altiori
1054 4969 1341 5042 pinnaculo
1370 4970 1583 5025 caeteris
1621 4969 1757 5024 aedi-

172 5068 278 5123 bus
322 5066 715 5137 proeminente,
759 5080 826 5121 ex
871 5080 975 5136 qua
1024 5062 1232 5135 populis
1266 5076 1472 5116 veneno
1506 5060 1758 5130 nequitia

173 5177 291 5218 suae
333 5160 526 5218 illectis
569 5160 819 5231 sacrilegi
870 5160 1065 5216 furoris
1113 5159 1530 5216 concionaretur
1569 5157 1758 5213 decre—

177 5265 318 5319 tum,
349 5253 491 5324 quod
531 5253 689 5308 hodie
734 5268 847 5308 suae
895 5251 1189 5322 impietatis
1222 5251 1531 5306 sacerdotes
1564 5249 1633 5303 ab
1662 5248 1757 5305 illo

175 5345 361 5403 edocti
389 5346 699 5402 observant.
735 5344 811 5398 lta
842 5354 899 5399 ut
931 5359 1081 5399 more
1120 5342 1268 5398 aselli
1299 5342 1519 5397 dissutis
1545 5341 1757 5397 mandi-

174 5437 346 5502 bulis,
376 5436 707 5508 impurisque
738 5436 1047 5507 patentibus
1076 5434 1233 5489 labiis
1258 5434 1584 5489 horrendum
1620 5448 1757 5504 prat-

175 5529 400 5588 eonium
435 5544 543 5585 non
570 5529 723 5602 prius
750 5528 1018 5591 emittant,
1046 5541 1206 5596 quam
1236 5524 1504 5580 obseratis
1525 5532 1757 5596 utroque

176 5622 352 5693 digito
377 5621 616 5683 auribus,
650 5621 793 5691 quod
825 5619 946 5674 aliis
979 5619 1377 5687 exsequendum
1412 5621 1751 5685 annuntiant,

78 5696 85 5701 ’
175 5713 337 5789 quasi
368 5713 639 5788 quoddam
672 5713 907 5771 edictum
948 5711 1200 5778 sceleris,
1241 5709 1382 5767 idem
1417 5710 1534 5782 ipse
1567 5726 1755 5769 eorum

1865 3239 2019 3296 runt;
2066 3228 2161 3286 sed
2196 3246 2262 3284 ex
2304 3229 2388 3284 his
2422 3244 2562 3285 unus
2590 3229 2746 3286 ﬁdem
2774 3228 2977 3285 Christi
3004 3229 3201 3284 rectius
3230 3236 3438 3292 tenens,

1865 3322 2000 3376 alter
2032 3320 2285 3394 gentilico
2325 3320 2652 3392 depravatus
2686 3336 2892 3386 errore,
2921 3320 3242 3377 catholicam
3283 3335 3438 3390 spre-

1862 3416 1942 3469 vit
1967 3415 2299 3483 religionem.
2330 3412 2450 3481 Qui,
2470 3414 2607 3469 sicut
2632 3415 2839 3469 discors
2863 3429 2894 3467 a
2918 3412 3024 3469 ﬁde
3046 3422 3233 3469 sancta
3256 3427 3443 3467 mane-

1863 3509 1974 3573 bat,
2003 3508 2074 3563 ita
2102 3522 2317 3577 semper
2343 3508 2671 3563 discordanti
2693 3505 3092 3579 conflictatione
3117 3507 3186 3562 ob
3210 3506 3445 3560 diversa-

1864 3615 1982 3654 rum
2008 3613 2187 3653 rerum
2216 3599 2531 3654 occasiones
2555 3614 2674 3653 cum
2700 3596 2865 3653 fratre
2890 3595 3159 3651 catholico
3186 3594 3441 3649 moveba-

1864 3700 1970 3747 tur.
2004 3691 2140 3746 Nam
2166 3691 2398 3761 quadam
2442 3699 2621 3755 nocte,
2652 3690 2833 3744 nescio
2873 3704 2980 3759 qua
3021 3689 3329 3752 occasione,
3358 3696 3445 3741 tu-

1863 3782 2149 3837 multnaria
2173 3783 2228 3837 in
2253 3782 2572 3836 alterutrum
2595 3780 2891 3852 litigatione
2916 3796 2976 3836 se
3001 3778 3438 3842 conserentibus,

1860 3881 1915 3927 et
1975 3874 2026 3927 in
2080 3886 2196 3927 sese
2248 3872 2475 3926 invicem
2530 3871 2673 3926 foeda
2725 3869 2998 3925 simultate
3048 3867 3443 3925 bacchantibus

1861 3973 2079 4021 sanctus
2106 3963 2361 4019 sacerdos
2392 3963 2539 4017 litem
2576 3962 2783 4019 medius
2810 3963 3096 4018 sedaturus
3130 3962 3437 4017 intervenit.

1860 4057 1962 4126 Qui
1994 4071 2180 4112 omnes
2212 4056 2378 4111 nimio
2398 4056 2511 4127 jam
2546 4054 2729 4111 furore
2766 4055 2998 4121 accensi,
3028 4071 3170 4111 caeca
3196 4054 3441 4125 indigna.

1861 4149 2006 4206 tione
2051 4148 2737 4215 sacerdotem‘involvunt,
2788 4155 2874 4213 et,
2925 4148 3097 4219 magis
3139 4146 3441 4202 nescientes

1859 4260 2020 4316 quam
2046 4242 2306 4307 volentes,
2331 4256 2453 4297 eum
2484 4255 2655 4311 usque
2698 4240 2764 4296 ad
2810 4253 2995 4294 necem
3027 4239 3320 4294 lacessunt.
3356 4236 3439 4292 Ex

1859 4354 1963 4408 qua
1999 4336 2146 4393 caede
2174 4336 2328 4391 valde
2357 4335 2641 4399 contritus,
2673 4333 2796 4388 dum
2840 4332 2986 4388 omni
3036 4332 3324 4388 destitutus
3361 4329 3439 4385 vi-
3472 4356 3481 4405 ς

1861 4443 2009 4499 gore,
2035 4424 2308 4482 confracta
2346 4426 2588 4481 membra
2620 4424 2819 4479 lectulo
2850 4432 3153 4494 reponeret,
3180 4421 3443 4492 profanus

1860 4519 1951 4574 ille
1978 4517 2145 4573 frater
2175 4516 2376 4572 feretro
2413 4515 2560 4570 illum
2600 4516 2905 4586 imponens,
2933 4529 3031 4585 per
3049 4514 3198 4569 vicos
3222 4521 3277 4569 et
3308 4512 3433 4568 vici~

1861 4612 1947 4665 nia
1989 4624 2214 4681 quaeque
2254 4609 2563 4663 vehentium
2594 4606 2837 4665 humeris
2865 4606 2986 4660 duci
3035 4621 3098 4660 ac
3138 4605 3321 4660 reduci
3360 4603 3433 4659 fe-

1860 4701 1954 4767 cit,
1984 4710 2055 4764 et,
2087 4708 2146 4754 ut
2172 4713 2332 4754 verus
2360 4699 2602 4754 imitator
2621 4695 2839 4761 diaboli,
2868 4695 3206 4751 fraudulenta
3232 4694 3439 4749 machi-

1860 4795 2081 4848 natione
2121 4806 2281 4861 super
2331 4790 2634 4845 exanimem
2684 4788 3022 4844 sacerdotem
3069 4766 3438 4843 testini’t’iuium

1860 4883 2159 4954 iniquitatis
2205 4880 2533 4951 composuit,
2580 4880 2812 4937 dicens:
2860 4899 2879 4932 ι
2920 4879 3018 4936 Hic
3066 4878 3235 4934 frater
3285 4890 3438 4934 meus

1863 4976 2164 5047 presbyter,
2191 4973 2499 5029 visitatione
2542 4972 2639 5029 Dei
2679 4979 3054 5043 compunctus,
3084 4968 3209 5025 ﬁdei
3238 4976 3439 5023 nostra

1863 5067 2065 5122 cultum
2094 5065 2276 5137 elegit,
2297 5074 2354 5120 et
2375 5065 2517 5121 sicut
2531 5064 2779 5130 cernitis,
2797 5062 2911 5134 jam
2938 5063 2993 5118 in
3019 5060 3436 5131 ultimis‘agens,

1864 5157 2034 5213 noluit
2061 5157 2211 5228 prius
2234 5156 2435 5212 mundo
2463 5156 2766 5223 discedere,
2792 5170 2952 5225 quam
2982 5152 3135 5209 vobis
3167 5152 3222 5207 id
3251 5158 3437 5206 notum

1862 5252 2138 5307 existeret.
2176 5270 2194 5303 ι
2236 5250 2311 5305 lta
2342 5265 2463 5307 cum
2499 5264 2565 5306 eo
2598 5249 2716 5306 loca
2749 5249 2959 5305 diversa
2984 5257 3300 5316 peragrans,
3325 5243 3435 5298 haec

1861 5350 1918 5398 et
1956 5343 2040 5398 his
2068 5342 2265 5398 similia
2294 5342 2599 5398 criminosis
2632 5342 2700 5397 de
2739 5355 2805 5396 eo
2832 5338 3013 5394 verbis
3038 5335 3315 5401 narrabat,
3344 5348 3428 5391 ne-
3487 5368 3511 5378 -
3534 5403 3548 5415 α

1862 5435 2067 5491 sciente
2102 5434 2222 5503 ipso
2260 5449 2506 5505 prorsus,
2527 5434 2637 5488 imo
2662 5446 2761 5487 nec
2785 5431 3073 5495 sentiente,
3098 5429 3229 5500 quid
3250 5436 3436 5484 contra

1861 5542 1923 5583 se
1950 5527 2031 5582 vir
2058 5526 2149 5581 ille
2191 5526 2408 5596 iniquus
2444 5526 2681 5595 aptabat.
2710 5522 2807 5579 Dei
2834 5537 2965 5578 vero
3010 5522 3435 5594 dispensatione,

1861 5629 1985 5691 post
2025 5618 2310 5674 nonnullos
2342 5618 2457 5673 dies
2509 5615 2772 5671 molestiis
2810 5615 3144 5688 argritudinis
3186 5613 3436 5671 sacerdos

1861 5720 2072 5779 erutus,
2099 5725 2163 5766 ac
2198 5708 2401 5765 viribus
2434 5706 2783 5777 reformatus,
2815 5721 2938 5764 cum
2974 5703 3197 5765 subdola
3222 5702 3435 5761 nefandi
