4094 6346
625 344 733 407 865
1728 333 1788 393 8.
1827 328 2110 392 EULOGII
2145 329 2226 388 All

2328 329 2469 387 IIEP.
2511 324 2758 387 TOLET.
3800 323 3914 379 866

627 460 819 518 fratris
861 452 1136 513 molimina
1182 450 1543 525 cognovisset,
1572 447 1820 519 exemplo
1849 446 2083 512 Domini,
2118 444 2210 516 qui
2237 445 2289 507 Α
2314 441 2520 515 legibus
2548 442 2747 498 vestris
2772 438 2958 506 dediti,
2994 436 3301 509 ritibusque
3346 434 3597 508 profanis
3638 434 3913 503 itnnersi,

627 555 697 610 ad
757 550 1128 610 informandos
1191 563 1292 603 nos
1348 545 1572 600 insidias
1627 541 1921 598 declinavit
1978 538 2207 595 Herodis

629 643 847 720 (Matth.
882 660 995 706 xiv,
1029 643 1281 713 l5),sive
1325 639 1496 695 sancti
1540 638 1813 708 Evangelii
1862 652 1967 692 non
2014 634 2209 697 surdus

630 740 865 802 auditor,
894 752 1002 807 quo
1030 736 1097 792 de
1122 735 1338 791 civitate
1376 734 1427 788 in
1461 731 1758 793 civitatem,
1785 745 1949 786 causa
1979 727 2211 784 vitandae

628 831 1059 903 persecutionis,
1109 827 1428 883 delitescere
1468 824 1724 894 jubemur
1762 822 1960 895 (Ibid.,
1990 840 2045 888 ι,
2076 822 2207 893 l5),

632 924 824 980 relicto
857 922 1074 992 proprio
1120 936 1264 985 rure,
1289 918 1415 973 alibi
1457 934 1517 973 se
1555 916 1773 973 Christo
1798 915 1963 970 libere
1987 915 2214 971 contulit

635 1018 954 1072 serviturus.
984 1013 1147 1081 Quasi
1183 1019 1362 1081 posset
1402 1007 1697 1079 temporale
1735 1007 1964 1061 evadere
2006 1004 2211 1077 suppli-

634 1108 801 1172 cium,
829 1105 917 1162 cui
954 1103 1211 1160 divinitus
1242 1117 1271 1155 a
1301 1099 1686 1156 constitutione
1715 1097 1897 1152 mundi
1937 1097 2210 1168 praedesti-

634 1208 818 1256 natum
860 1198 1155 1268 parabatur
1191 1192 1542 1265 martyrium;
1578 1198 1671 1244 aut
1719 1189 1858 1243 sicut
1900 1188 1965 1242 ad
2004 1196 2214 1258 tempus

632 1305 753 1347 sese
800 1288 1097 1344 occuleudo
1146 1286 1510 1341 iusecutorem
1562 1281 1748 1338 fefellit
1793 1280 2099 1353 profanum,
2142 1282 2214 1335 ita

635 1397 850 1452 quoque
876 1381 1065 1436 abesse
1096 1386 1279 1448 posset
1304 1376 1475 1432 oculis
1507 1375 1580 1446 pii
1614 1374 2009 1444 Redemptoris,
2037 1381 2094 1427 et
2122 1387 2216 1428 vo-

634 1475 836 1530 catoris
865 1472 948 1527 sui
980 1471 1047 1526 ad
1076 1484 1320 1540 regnum.

704 1566 795 1621 22.
828 1565 932 1621 Per
966 1565 1107 1621 idem
1132 1576 1263 1635 ergo
1294 1570 1503 1631 tempus
1535 1559 1774 1631 graviter
1807 1557 1859 1613 in
1900 1571 1998 1612 nos
2031 1554 2218 1625 praesi-

636 1657 795 1713 dialis
811 1656 1160 1728 grassabatur
1182 1651 1414 1718 insania,
1439 1652 1513 1706 ita
1536 1660 1595 1705 ut
1617 1648 1901 1706 nonnullas
1925 1648 2065 1717 apud
2088 1645 2218 1702 Cor-

637 1747 854 1811 (lunam,
888 1744 1014 1800 olim
1034 1744 1321 1799 Patricium
1342 1783 1357 1807 ,
1385 1758 1529 1798 nunc
1562 1750 1742 1796 autem
1778 1738 2214 1795 ﬂorentissimam

2308 533 2503 604 potiori
2552 533 2750 587 intuitu
2783 531 3126 588 commodum
3173 528 3494 599 temporale,
3527 543 3703 599 quam
3751 538 3915 584 ater-

2310 640 2438 680 num
2467 622 2722 679 affectant
2747 625 3031 679 honorem.
3070 621 3180 677 Nos
3204 632 3226 660 ο
3262 629 3445 677 autem
3471 618 3694 693 (quibus
3746 619 3919 675 sinere

2311 716 2550 772 Christus
2579 728 2678 779 est,
2706 725 2754 770 et
2793 715 2926 769 mori
2954 714 3162 767 lucrum
3196 710 3422 789 (Philip.
3450 727 3493 777 ι,
3519 710 3641 782 2i),
3677 709 3767 764 cui
3791 725 3921 764 san-

2312 817 2432 864 ctus
2461 808 2546 863 ille
2579 806 2970 863 Clavicularius
3002 807 3151 877 regni
3179 806 3344 860 l'utnri
3378 806 3639 861 dicebat:
3670 802 3917 869 Domine,

2313 900 2382 953 ad
2409 916 2559 970 quem
2587 899 2818 952 ibimus?
2843 898 2995 952 verba
3022 900 3136 952 rita:
3164 908 3372 952 teterntt
3416 896 3579 951 habes
3627 894 3816 964 (Joan.
3840 910 3917 962 η,

2313 991 2436 1064 69),
2462 992 2572 1063 (10)
2604 992 2696 1062 qui
2735 991 3054 1061 discipulum
3081 992 3133 1045 in
3155 1006 3375 1047 Carcere
3394 989 3815 1054 commonebat,
3842 990 3917 1044 di-

2315 1100 2493 1141 cens:
2534 1084 2730 1139 Beatus
2784 1085 2873 1155 qui
2930 1102 3032 1139 non
3084 1085 3240 1154 fuerit
3286 1084 3690 1139 scandalizatus
3742 1083 3804 1139 in
3840 1101 3922 1141 Ile

2316 1174 2530 1248 [Mi.t.h.
2559 1192 2618 1240 ιι,
2645 1175 2753 1249 6]).
2775 1184 2832 1229 ut
2857 1176 2983 1245 quid
3010 1177 3261 1244 perennis
3286 1175 3449 1230 fontis
3470 1174 3736 1244 poculum
3764 1173 3921 1229 relin-

2316 1283 2562 1337 quemus,
2598 1266 2841 1321 bausturi
2875 1269 3141 1336 gurgitem
3165 1281 3323 1321 emno
3350 1266 3626 1320 mendacii
3654 1279 3727 1320 ac
3767 1266 3921 1319 vitio-

2317 1375 2437 1413 rum
2464 1360 2716 1413 sordibus
2745 1358 3148 1413 turbulentum?
3183 1358 3289 1412 Aut
3318 1374 3424 1428 qua
3473 1358 3687 1412 ultione
3738 1372 3923 1426 proca-

2317 1446 2451 1501 citas
2480 1445 2749 1516 punienda
2774 1456 2856 1500 est
2888 1446 3145 1506 filiorum.
3194 1448 3307 1515 qui,
3333 1448 3417 1516 pia
3456 1454 3763 1516 parentum
3802 1444 3923 1514 jura

2318 1545 2656 1606 spernentes,
2727 1534 2987 1604 injustam
3030 1536 3238 1591 victrici
3283 1537 3709 1592 contubernium
3765 1552 3925 1607 espe-

2319 1636 2472 1690 tunt?
2504 1655 2521 1687 ›
2564 1634 2658 1689 llis
2682 1634 2858 1689 verbis
2879 1633 3047 1704 judex
3076 1635 3384 1689 vehementi
3432 1632 3618 1688 furore
3676 1647 3927 1688 commo-

2320 1736 2420 1788 tus.
2454 1726 2711 1797 applicari
2747 1737 3041 1798 martyrem
3072 1726 3614 1800 ergastulisjubens:
3656 1743 3683 1778 α
3724 1725 3925 1791 Abeat,

635 1838 788 1910 res“;
824 1837 1041 1893 Arabio;
1084 1837 1273 1892 urbem
1318 1834 1662 1890 basilicarum
1705 1843 1882 1888 ωτι-εδ
1927 1840 2215 1894 evenere“
2250 1810 2294 1870 Β
2323 1818 2520 1889 inquit,
2557 1835 2679 1873 cum
2713 1820 3089 1873 damnatorum
3125 1820 3403 1886 custodia;
3466 1819 3691 1875 horrida
3752 1834 3931 1875 mace-

636 1932 959 2004 templorum
1002 1944 1158 1985 arces
1185 1928 1447 1991 dirueret,
1475 1936 1529 1982 et
1565 1925 1779 1983 excelsa
1807 1922 2216 1995 pinnaculorum

636 2029 1007 2094 prosterneret
1030 2019 1128 2093 (8),
1163 2033 1285 2090 quae
1319 2017 1594 2089 signorum
1625 2014 1923 2088 gestamina
1951 2020 2129 2075 erant,
2152 2010 2219 2065 ad

636 2123 962 2173 conventum
1003 2112 1322 2168 canonicum
1364 2109 1604 2180 quotidie
1631 2106 1968 2164 Christicolis
1996 2106 2222 2159 innuen-

638 2205 787 2262 dum.
838 2203 1080 2275 Denique
1133 2217 1258 2258 cum
1307 2210 1621 2271 exoptatum
1660 2199 1834 2270 patris
1879 2198 1961 2253 sui
2007 2196 2219 2250 libitum

637 2297 926 2370 progenies
972 2297 1157 2366 iniqua
1200 2306 1228 2335 ι
1275 2298 1662 2364 cognosceret,
1701 2299 1761 2345 ut
1815 2289 2225 2359 quibu~cunquc

638 2392 813 2448 modis
848 2406 911 2446 ac
942 2390 1149 2445 viribus
1200 2397 1400 2459 posset,
1443 2385 1537 2441 Dei
1568 2383 1862 2440 Ecclesiani
1904 2378 2221 2443 infestaret,

639 2498 854 2538 omnem
889 2481 1225 2537 crudelitatis
1265 2479 1513 2534 adnisum
1542 2492 1671 2548 erga
1716 2475 1855 2529 [ilios
1896 2473 2031 2528 lucis
2072 2482 2223 2527 tene-

638 2573 800 2630 brosa
842 2573 1023 2643 proles
1062 2571 1317 2627 alacriori
1365 2579 1490 2624 voto
1535 2578 1783 2632 exercet,
1832 2567 2117 2634 minusque
2170 2577 2227 2619 se

640 2675 795 2738 putat
820 2666 1044 2737 adipisci
1086 2665 1362 2731 meritum,
1388 2664 1495 2719 nisi
1534 2677 1747 2718 summo
1786 2659 1969 2716 lurore
2009 2673 2228 2714 exarse-

644 2763 717 2817 rit
758 2763 811 2817 in
859 2761 1194 2816 eversionem
1226 2757 1486 2813 tidelium.
1525 2754 1855 2811 Praedixerat
1893 2753 2089 2823 quippe
2127 2752 2229 2806 hoc

643 2851 856 2908 Veritas
877 2861 1068 2908 sancta
1093 2849 1432 2906 auditoribus
1457 2848 1591 2913 suis,
1615 2848 1833 2903 dicens:
1853 2845 2059 2916 Absque
2078 2860 2231 2914 syna-

643 2946 786 3018 gogis
835 2945 1028 3016 facient
1072 2958 1191 3009 vos;
1233 2951 1283 2997 et
1329 2942 1498 2997 omnis
1539 2941 1628 3011 qui
1668 2930 1912 3007 inter/icit
1949 2954 2034 2991 vos
2089 2935 2230 2990 arbi-

644 3037 871 3091 trabitur
898 3053 952 3090 se
977 3035 1279 3106 obsequium
1302 3042 1554 3103 prtrstare
1580 3030 1712 3085 Deo.
1742 3029 1810 3084 Et
1838 3029 2069 3084 iterum:
2100 3026 2230 3080 Ila'c

646 3127 848 3184 locutus
868 3144 984 3183 sum
1010 3126 1170 3192 vobis,
1194 3134 1249 3178 ut
1276 3126 1331 3179 in
1352 3140 1433 3178 me
1454 3139 1632 3195 pacem
1655 3121 1908 3177 habeatis.
1937 3119 2005 3174 In
2032 3118 2228 3174 mundo

647 3231 822 3275 autem
854 3235 1156 3291 pressuram
1182 3217 1434 3272 habebitis
1466 3215 1648 3288 (Joan.
1676 3231 1785 3279 xvi,
1816 3215 1873 3280 2,
1900 3214 2015 3284 55).

714 3311 807 3367 25.
856 3309 1045 3382 Igitur,
1073 3310 1201 3364 dum
1224 3308 1294 3364 ob
1321 3310 1398 3364 rei
1424 3306 1703 3362 familiaris
1750 3303 2125 3360 necessitatem
2162 3317 2227 3359 ex

648 3401 894 3457 interiori
923 3411 1178 3455 montana
1203 3397 1560 3460 Cordubensi,
1586 3410 1693 3465 quo
1718 3410 1776 3450 se
1803 3394 2009 3465 pridem
2043 3393 2232 3447 beatos

648 3492 906 3548 sacerdos
931 3491 1125 3546 intuitu
1158 3489 1358 3545 latendi
1389 3486 1720 3551 contulerat,
1755 3485 1808 3539 in
1838 3483 2106 3539 nundinas
2145 3484 2234 3539 deo

647 3587 968 3652 scendisset,
993 3585 1045 3641 in
1072 3585 1270 3656 quibus
1313 3597 1494 3638 rerum
1538 3578 1819 3636 distractio
1860 3579 2232 3643 exercebatur,

646 3680 716 3736 ab
747 3680 932 3752 iniquo
960 3681 1128 3737 fratre
1160 3678 1353 3734 obvius
1380 3675 1711 3748 agnoscitur.
1743 3673 1914 3743 Quem
1963 3680 2022 3727 ut
2061 3672 2233 3727 cernit

644 3775 901 3847 stigmata
931 3776 1032 3847 pia:
1058 3773 1339 3845 religionis
1365 3771 1652 3837 ferentem,
1697 3785 1804 3825 non
1848 3766 2076 3824 modicis
2100 3766 2129 3806 ιι
2154 3765 2235 3821 la-

645 3864 904 3927 cessitum
926 3862 1138 3934 injuriis
1163 3863 1239 3935 (9)
1262 3862 1330 3917 ad
1357 3862 1530 3917 vicem
1569 3858 1823 3930 exquisiti
1855 3856 2099 3913 muneris
2144 3856 2235 3927 ju-

2321 1910 2544 1965 randum
2575 1918 2728 1963 antra
2762 1925 3041 1965 carcerum
3074 1910 3379 1980 excipiant;
3426 1911 3843 1982 parricidarum
3876 1917 3929 1965 et

2321 2001 2498 2056 furum
2530 2001 2722 2056 solatio
2752 2002 2998 2063 fruatur;
3033 2011 3087 2056 et
3110 2003 3255 2056 omni
3283 2003 3499 2072 penitus
3521 2001 3733 2057 solatio
3765 2002 3927 2057 desti—

2323 2101 2458 2157 tuta,
2491 2093 2571 2147 vel
2592 2094 2670 2148 sic
2700 2094 2952 2164 pervicax
2976 2094 3207 2148 elidatur
3235 2094 3528 2149 temeritas.
3569 2112 3590 2146 ο

2391 2204 2483 2258 24.
2512 2205 2637 2258 Adit
2694 2203 2788 2259 Dei
2838 2203 3068 2259 famulus
3108 2204 3264 2259 hilari
3317 2201 3933 2269 vultu,exsultantibls

2323 2295 2541 2357 animis.
2572 2311 2789 2365 specum
2816 2295 2969 2349 illum
2992 2310 3228 2359 reorum,
3271 2296 3365 2364 qui
3396 2310 3520 2351 vere
3565 2293 3790 2349 sciebat
3836 2309 3929 2347 au-

2324 2397 2529 2442 ctorem
2569 2403 2679 2443 sua:
2712 2387 2901 2442 salutis
2954 2387 3152 2457 ubique
3199 2386 3504 2442 invocatum
3546 2388 3777 2449 adesse,
3833 2401 3929 2441 nec

2324 2483 2506 2553 aliquo
2533 2498 2689 2553 posse
2710 2484 2903 2537 abesse
2924 2483 3047 2544 situ,
3073 2481 3228 2552 cujus
3250 2481 3541 2536 dominatio
3569 2496 3806 2536 omnem
3836 2496 3923 2552 pe-

2326 2583 2506 2629 netrat
2536 2573 2748 2639 locum;
2781 2573 3062 2645 quietiam
3093 2573 3299 2643 potenti
3340 2572 3636 2627 divinitatis
3686 2572 3929 2643 imperio

2326 2667 2452 2723 olim
2481 2667 2839 2723 sectatoribus
2861 2668 2973 2721 suis
3001 2665 3156 2723 ﬁdele
3196 2666 3520 2737 promissum
3554 2665 3819 2731 dederat,
3846 2666 3929 2720 di-

2328 2777 2457 2818 cens
2489 2780 2500 2815 :
2530 2761 2664 2815 Ecce
2697 2778 2789 2832 ego
2819 2760 3087 2815 vobiscum
3112 2767 3227 2815 sum
3254 2762 3493 2838 omnibus
3532 2760 3725 2814 diebus
3758 2777 3927 2832 uqu

2329 2853 2397 2906 ad
2424 2856 2923 2907 romanum-tionem
2961 2853 3141 2907 srrculi
3191 2852 3404 2925 (Matth.
3444 2852 3785 2922 nvtn,20).
3821 2854 3933 2924 (ll)

2330 2941 2423 2996 lla:
2452 2951 2595 3004 sunt,
2643 2942 2878 3008 diaiole,
2934 2944 3173 2998 minaces
3214 2943 3433 2999 saivitiie
3488 2951 3594 2998 una
3642 2942 3827 3013 leges,
3880 2943 3933 2999 hi

2330 3045 2455 3090 sunt
2488 3034 2740 3104 exquisiti
2775 3046 3030 3090 terrores.
3061 3034 3167 3091 Sed
3203 3035 3409 3090 dictum
3450 3044 3535 3091 est
3579 3034 3747 3089 nobis
3777 3053 3793 3087 :
3823 3034 3935 3090 Νο-

2332 3124 2420 3179 lite
2447 3127 2624 3179 timere
2643 3142 2729 3179 eos
2759 3127 2849 3196 qui
2872 3128 3111 3182 occidunt
3138 3143 3358 3196 corpus,
3411 3127 3537 3198 quia
3580 3142 3685 3180 non
3736 3125 3933 3180 habent

2329 3218 2456 3288 quid
2478 3216 2703 3286 amplius
2731 3204 2965 3288 [acilium
3017 3218 3108 3273 sed
3137 3218 3313 3288 potius
3347 3233 3465 3272 eum
3491 3218 3666 3271 timete
3688 3218 3793 3288 qui
3852 3234 3934 3288 ps-

2330 3319 2424 3363 test
2451 3326 2638 3377 corpus
2664 3321 2711 3364 et
2734 3311 2965 3364 animant
3004 3312 3238 3380 perdere,
3291 3322 3340 3366 et
3391 3311 3592 3365 mittere
3642 3312 3699 3364 in
3750 3312 3935 3379 gehen-

2331 3417 2452 3456 nam
2482 3400 2672 3473 (lbid.,
2710 3417 2767 3468 ι,
2795 3401 2909 3473 28).
2937 3401 3003 3456 Et
3026 3404 3221 3457 iterum
3252 3417 3268 3456 :
3302 3401 3529 3456 Tradent
3565 3417 3654 3455 ros
3698 3403 3765 3455 in
3813 3418 3935 3455 eou-

2333 3496 2487 3556 ciliis.
2515 3507 2563 3550 et
2582 3498 2636 3550 in
2662 3499 2942 3568 synagogis
2975 3497 3087 3550 suis
3121 3494 3462 3566 ﬂagellabant
3486 3510 3614 3561 nos;
3642 3505 3689 3548 et
3710 3494 3791 3548 ad
3808 3510 3937 3562 pra-

2333 3586 2470 3640 sides
2491 3596 2538 3640 et
2564 3603 2704 3656 reges
2735 3587 3000 3641 ducentini
3023 3596 3234 3657 propter
3259 3602 3340 3640 me
3384 3586 3439 3640 iit
3469 3585 3839 3640 testimonium
3876 3585 3939 3639 ει.

2335 3677 2424 3743 lis,
2450 3690 2497 3734 et
2520 3679 2779 3750 gentibus.
2813 3677 2916 3745 Qui
2943 3690 3119 3733 autent
3144 3678 3549 3748 perseveraverit
3571 3694 3744 3748 usque
3790 3678 3851 3731 in
3877 3678 3937 3747 ῤ-

2336 3788 2476 3836 nem,
2498 3772 2584 3826 hic
2608 3771 2782 3827 salvus
2803 3773 2900 3826 erit
2933 3769 3099 3845 (Ibid.
3118 3810 3135 3837 ,
3160 3786 3297 3837 xvtt,
3328 3771 3433 3841 l8).
3484 3770 3543 3824 Si
3573 3785 3709 3841 ergo
3758 3782 3937 3841 potes,

2337 3863 2664 3935 congredere
2685 3864 2945 3920 adversus
2972 3863 3234 3928 animam,
3256 3871 3314 3917 et
3342 3861 3680 3932 pertinacem
3702 3861 3781 3937 in
3815 3878 3943 3918 con-

645 3955 951 4023 diciol'l'ert,
1001 3957 1276 4027 deponens
1311 3954 1571 4010 adversus
1622 3966 1743 4007 eum
1799 3965 1983 4006 coram
2033 3949 2238 4006 arbitro
2338 3955 2572 4012 fessione
2594 3972 2690 4013 sua
2719 3957 2968 4027 spiritum
2990 3969 3185 4025 supera
3206 3994 3221 4017 ,
3252 3953 3461 4009 videbis
3491 3968 3579 4008 me
3618 3955 3802 4023 magis
3846 3970 3941 4025 per

646 4058 895 4119 questum
927 4046 1385 4119 praevaricationis
1411 4056 1575 4102 secta:
1618 4043 2029 4106 Mahometanai,
2073 4058 2238 4114 quam
2340 4055 2607 4102 tormenta
2638 4046 3020 4118 prolicereiet
3042 4058 3164 4101 cum
3198 4053 3252 4099 tu
3296 4044 3417 4114 plus
3470 4045 3777 4109 exarseris,
3824 4046 3941 4115 plus

646 4153 707 4197 se
731 4140 931 4196 dudum
964 4141 1230 4196 veraciter
1253 4138 1542 4195 coliturum
1584 4135 1761 4192 fuerat
1787 4131 2089 4191 confessus.
2140 4131 2238 4188 Dei
2339 4155 2554 4213 semper
2581 4141 2820 4208 delicias,
2848 4148 2904 4195 et.
2925 4138 3226 4196 feliciorem
3250 4154 3337 4194 me
3357 4136 3527 4194 facies
3552 4140 3855 4209 pervenire
3876 4140 3939 4196 ιδ

645 4247 779 4289 vero
811 4234 986 4300 miles,
1017 4233 1220 4290 caelesti
1238 4232 1352 4305 jam
1379 4244 1603 4288 munere
1624 4230 1944 4295 illustratus,
1974 4241 2081 4283 non
2101 4225 2241 4282 sicut
2339 4231 2585 4306 gloriam.

647 4324 777 4380 olim
807 4326 1129 4381 adversariis
1149 4335 1359 4397 tergmn
1379 4322 1622 4394 exponit,
1661 4321 1755 4377 sed
1800 4335 1993 4392 magna
2038 4318 2237 4390 praedi-

649 4419 739 4468 tus
760 4413 1093 4478 fortitu'ine,
1136 4430 1410 4484 nunquam
1457 4427 1516 4469 se
1543 4427 1575 4466 a
1603 4409 1821 4467 Christo
1877 4408 2044 4466 fuisse
2094 4409 2237 4465 decio

2407 4325 2499 4383 25.
2550 4325 2774 4397 Beperit
2816 4340 2948 4382 vero
2996 4325 3052 4380 in
3094 4338 3316 4380 carcere
3362 4323 3671 4380 Rudericus
3712 4324 3939 4380 beatus-

2342 4417 2684 4474 Salomonem
2714 4433 2875 4488 quem
2896 4417 2967 4473 ob
3001 4414 3393 4473 confessionem
3441 4416 3685 4471 nominis
3728 4416 3937 4472 Christi

649 4517 794 4600 ιξιιιι.
823 4518 1099 4600 {augurali}
1126 4518 1381 4576 perverso
1405 4501 1642 4574 dogmati
1671 4499 1964 4600 aliquang
2005 4514 2241 4600 «ξοηεεης
2257 4539 2313 4600 D
2340 4507 2543 4600 dudum
2572 4509 2865 4565 crudelitas
2893 4507 3330 4578 persequentium
3353 4506 3553 4562 ibidem
3583 4505 3933 4576 religame

650 4594 989 4665 sissc,judici
1015 4594 1211 4661 refert;
1240 4609 1467 4665 seseque
1493 4608 1601 4650 non
1625 4591 1802 4649 solum
1837 4591 2230 4657 Christianum,

2336 4598 2513 4657 Simili
2539 4601 2736 4672 quippe
2757 4608 2812 4655 et
2835 4599 2949 4671 ipse
2971 4598 3201 4654 crimine
3220 4597 3582 4670 impctebator
3602 4595 3659 4663 ει.
3676 4610 3743 4653 eo
3766 4597 3935 4666 quod,

652 4703 837 4744 verum
865 4689 1027 4747 etiam
1043 4688 1241 4746 Christi
1267 4686 1609 4745 fateturesse
1660 4687 1990 4743 ministrum.
2062 4684 2232 4754 Quem
2336 4702 2540 4749 sanctis
2568 4692 2843 4764 religionis
2880 4689 3085 4746 cultum
3110 4704 3394 4761 spernens,
3452 4689 3636 4758 aliquo
3689 4698 3937 4760 tempore

548 4808 555 4825 ι
647 4782 827 4852 primo
846 4778 1008 4849 iudex
1040 4781 1250 4836 blandis
1273 4795 1529 4836 revocare
1553 4778 1807 4835 affatibus
1832 4788 2057 4850 putans:
2086 4796 2106 4830 ι
2134 4779 2233 4834 Po—
2335 4794 2499 4841 κείω
2524 4783 2914 4839 Maliometanze
2933 4782 3270 4838 adhaesisset.
3318 4781 3603 4851 Extemplo
3650 4780 3933 4835 individuo

652 4875 801 4940 teris,
833 4876 1025 4945 inquit,
1048 4890 1226 4931 rerum
1256 4872 1541 4930 allluentiis
1569 4884 1625 4930 et
1651 4873 1968 4944 dignitatum
1998 4871 2235 4928 fascibus

652 4965 931 5031 honorari,
969 4974 1042 5031 et,
1074 4982 1193 5037 quae
1238 4965 1332 5021 tibi
1365 4966 1632 5030 imminet,
1689 4964 2011 5021 sententiam
2046 4965 2236 5020 mortis

650 5060 899 5122 evadere,
923 5057 966 5113 si
996 5067 1048 5113 te
1076 5058 1318 5127 pristinis
1361 5057 1501 5113 votis
1537 5057 1775 5112 redivivo
1821 5057 2014 5112 ardore
2067 5058 2238 5112 refor-

652 5164 827 5214 mans,
850 5149 1073 5205 missum
1108 5150 1176 5204 ab
1197 5150 1575 5220 Omnipotente
1626 5148 1681 5203 in
1732 5147 1958 5203 veritate
2006 5149 2237 5219 prophe-

652 5247 761 5295 tam
814 5249 1057 5296 nostrum
1115 5241 1432 5306 credideris,
1498 5239 1881 5311 Christumque
1953 5243 2236 5298 testaveris

652 5327 819 5385 Deum
849 5345 951 5386 non
978 5345 1117 5386 esse.
1151 5349 1170 5383 ι
1208 5332 1304 5386 Cui
1360 5331 1550 5386 beatus
1601 5332 1855 5387 sacer.los
1905 5331 1982 5386 ait
2014 5350 2027 5386 :
2058 5350 2077 5383 ι
2105 5332 2233 5400 lllis,
2262 5362 2273 5372 ο

652 5419 897 5492 inquam,
926 5420 1106 5491 iudex,
1141 5423 1257 5479 llch
1279 5422 1614 5479 observanda
1641 5438 1902 5495 propone,
1950 5425 2043 5495 qui
2094 5424 2235 5482 forte

724 5588 750 5618 ι
790 5577 1197 5634 Λῦσιηιονηιιιηειη
1242 5590 1452 5649 patrem
1480 5589 1536 5637 et
1582 5579 1865 5636 Mahomad
1908 5580 2024 5650 ejus
2065 5579 2232 5636 lilium

724 5662 810 5704 Res
841 5649 1105 5704 intelligit.
1139 5651 1350 5704 Monac.

654 5662 810 5717 reges
841 5658 1105 5717 intelligit.
1140 5658 1350 5707 ΜοιιΑι..

731 5721 756 5755 δ
781 5716 1024 5794 Itarecte
1052 5719 1292 5794 Bollantl.
1325 5724 1392 5777 ad
1423 5723 1563 5776 diem
1602 5723 1664 5794 l5
1695 5722 1902 5791 Martii;
1949 5737 2235 5794 perperam

657 5795 838 5844 autem
865 5786 1048 5843 Moral.
1074 5798 1129 5846 et
1162 5789 1376 5858 Scbot.,
1403 5809 1506 5848 non
1532 5793 1738 5848 mediis.

2337 4888 2465 4933 voto
2513 4887 2818 4937 nectuntur.
2867 4892 2933 4933 ac
2984 4876 3203 4933 sibimet
3252 4875 3486 4930 invicem
3547 4874 3937 4930 consolationis

2338 4966 2593 5041 suffragia
2632 4969 3023 5033 ministrantes,
3048 4968 3118 5023 ab
3136 4967 3399 5021 alterutro
3431 4978 3494 5020 se
3542 4963 3612 5020 ad
3670 4979 3933 5035 peragen-

2341 5062 2467 5117 dum
2494 5077 2720 5131 agonem
2765 5072 3077 5125 armantur;
3112 5059 3166 5114 id
3202 5059 3256 5114 in
3286 5072 3577 5114 commune
3628 5066 3933 5112 statuentes

2340 5164 2420 5219 ut,
2454 5153 2679 5210 calcatis
2701 5153 2887 5208 mundi
2922 5151 3222 5216 all‘ectibus,
3260 5149 3347 5221 pia
3376 5148 3621 5219 quotidie
3671 5150 3933 5204 servitute

2342 5250 2453 5305 Deo
2485 5250 2806 5304 inhaereant.
2835 5247 2922 5303 Fit
2946 5261 3177 5304 concors
3203 5245 3257 5300 in
3287 5244 3380 5299 Dei
3408 5243 3607 5298 timore
3655 5252 3929 5297 utrorum-

2339 5355 2444 5410 que
2474 5355 2763 5406 assensus;
2785 5350 3130 5395 maccrantnr
3151 5336 3392 5392 membra
3407 5333 3654 5404 jejuniis,
3704 5334 3929 5406 fatigan-

2344 5440 2433 5488 tur
2461 5432 2677 5505 vigiliis,
2721 5432 2978 5487 limantur
3019 5429 3233 5494 ciliciis,
3292 5425 3739 5483 meditationibus
3782 5438 3927 5479 enu-

2419 5596 2440 5622 ί·
2473 5582 2608 5639 Male
2636 5582 2780 5639 nobis
2803 5583 2856 5638 in
2881 5583 3068 5638 Moral.
3096 5592 3151 5637 et
3180 5580 3404 5646 Schot.;
3450 5579 3589 5635 bene
3617 5593 3714 5633 nos
3738 5576 3795 5632 in
3814 5573 3927 5630 Bol-

2342 5655 2685 5795 l3[ad-Schol”
2709 5726 3104 5799 impediebatur.
