4094 6346
190 377 302 434 865

1221 371 1424 430 LIBER
1461 371 1990 432 APOLOGETICUS
2027 369 2448 432 MARTYRUM.

3357 379 3464 438 866

189 499 530 568 punguntur,
567 489 900 548 orationibus
951 489 1291 554 refoventur;
1347 489 1552 558 sicque,
1585 489 1778 542 ardore
1807 491 1852 550 Α
1883 503 2002 542 mus
2047 487 2190 558 apud
2237 485 2512 542 Christum
2557 491 2932 540 coronatorem
2983 493 3226 540 nostrum
3277 502 3464 546 rerum

193 589 434 658 quodam
460 585 698 642 ctelestis
727 583 914 654 patriae
937 581 1270 654 conflagrati,
1295 581 1513 636 dissolvi
1559 580 1782 650 cupiunt

189 691 246 737 et
278 693 400 736 esse
423 695 548 734 cum
587 677 826 740 Christo,
851 675 1168 731 festinantes
1189 675 1380 730 faciem
1409 671 1526 742 ejus
1571 673 1776 738 videre,

193 771 282 828 cui
323 769 630 824 servierunt
663 785 676 820 :
703 783 802 838 pro
827 767 982 836 cujus
1003 780 1188 820 amore
1221 765 1486 820 defectum
1527 763 1782 833 temporis

189 879 302 918 non
333 869 600 926 verentes,
653 859 818 912 vitam
871 859 1030 924 hanc,
1077 865 1138 912 ut
1179 857 1448 928 quoddam
1491 857 1780 912 discrimen

191 956 452 1016 immane,
487 950 774 1023 refugiunt.

265 1045 356 1100 26.
381 1044 550 1115 Igitur
577 1041 1018 1114 permanantibus
1040 1039 1242 1094 sanctis
1281 1039 1334 1094 in
1361 1037 1622 1094 exercitio
1661 1035 1778 1092 otii-

191 1139 404 1196 ciorutn
429 1137 750 1196 caelestium,
781 1145 838 1188 et
867 1133 1211 1190 reddentibus
1242 1133 1482 1203 quotidie
1533 1131 1620 1202 pio
1675 1131 1780 1188 Re-

189 1229 462 1300 demptori
487 1225 842 1284 caeremonias
869 1225 1108 1292 landum,
1145 1239 1244 1294 pro
1299 1225 1526 1278 summis
1573 1223 1780 1280 deliciis

191 1331 410 1376 antrum
439 1319 568 1374 illud
593 1317 882 1372 habebant.
921 1317 1265 1386 Quapropter
1287 1316 1404 1370 zelo
1445 1317 1636 1370 ductus
1677 1315 1782 1370 ini-

189 1412 670 1484 quissimojudex,
699 1409 850 1464 ferali
882 1409 1062 1462 edicto
1111 1411 1364 1464 custo;!es
1413 1409 1650 1464 carceris
1695 1423 1780 1462 ar-

191 1507 334 1578 guit,
363 1519 564 1573 eosque
597 1503 664 1556 ab
705 1501 932 1556 invicem
974 1501 1150 1556 divelli
1205 1503 1474 1570 pra-cepit,
1521 1511 1575 1556 et
1630 1517 1696 1557 ne
1747 1517 1780 1556 a

189 1611 464 1668 quoquam
487 1593 810 1648 visitationis
831 1594 1000 1664 gratia
1035 1591 1452 1654 illttslrarcnlttr,
1477 1595 1604 1646 totis
1625 1609 1778 1648 vesa-

189 1687 300 1742 nia:
329 1699 438 1741 suta
461 1683 732 1738 furoribus
763 1683 946 1752 jussit.
975 1681 1080 1738 Sed
1111 1681 1162 1734 in
1197 1681 1344 1734 nullo
1367 1690 1418 1736 te
1439 1673 1618 1751 juvas',
1665 1683 1778 1736 dia-

189 1779 334 1838 bole,
362 1779 578 1848 quando
609 1791 708 1848 per
738 1777 838 1830 hoc
891 1775 1178 1830 discidium
1225 1775 1582 1828 constantiam
1622 1785 1778 1844 putas

1883 577 2232 634 inefiabilium
2261 593 2392 648 opes
2417 593 2658 642 manere,
2681 591 2816 646 quas
2839 584 3028 632 oculus
3053 595 3158 634 non
3187 577 3340 643 vidit,
3365 597 3466 638 nec

1881 673 2030 726 auris
2059 671 2288 736 audivit,
2319 687 2418 726 nec
2447 673 2498 726 in
2531 689 2626 726 cor
2658 673 2892 727 hominis
2922 675 3253 738 ascendunt,
3285 689 3342 730 se
3381 675 3464 728 di-

1883 763 2174 834 ligentibus
2199 763 2588 834 repromissas?
2609 763 2838 834 Ideoque
2863 763 3112 818 celeriter
3131 765 3470 822 crudelitatis

1881 863 1986 910 tute
2018 857 2070 910 in
2103 871 2202 910 nos
2230 871 2419 910 exsere
2449 855 2740 922 ultionem,
2769 871 2906 926 quos
2945 857 3124 912 cernis
3160 851 3470 914 nullatenus

1881 961 1912 1000 a
1941 945 2280 1002 confessione
2323 943 2526 1000 Christi
2567 945 2828 1000 desistere
2863 961 3032 1016 usque
3079 947 3148 1002 ad
3193 955 3462 1014 mortem;

1881 1045 1940 1092 ut
1971 1045 2026 1092 et
2057 1051 2178 1106 quae
2208 1037 2474 1092 debentur
2501 1037 2746 1092 hostibus
2787 1037 2898 1099 Dei,
2936 1039 3028 1092 tibi
3067 1051 3384 1095 accrescunt
3411 1041 3466 1097 in

1881 1127 2178 1194 cumulum;
2217 1137 2272 1184 et
2311 1129 2404 1184 diu
2435 1129 2592 1186 nobis
2621 1129 2844 1184 dilatum
2871 1131 2982 1186 cito
3009 1131 3290 1202 proveniat
3325 1149 3466 1204 prae-

1887 1225 2075 1279 mium.
2115 1243 2134 1275 »
3449 1217 3456 1230 ·

1951 1319 2040 1374 29.
2077 1317 2216 1374 llinc
2247 1317 2548 1374 acrioribus
2579 1317 2834 1374 frendens
2855 1320 3154 1376 scelerosus
3173 1321 3338 1392 judex
3360 1321 3470 1378 cla-

1883 1411 2158 1472 moribus,
2189 1411 2432 1464 ultimam
2470 1427 2580 1466 suae
2617 1411 2951 1466 crudelitatis
2991 1415 3310 1468 sententiam
3339 1431 3468 1486 pro-

1883 1515 2070 1564 mens,
2127 1519 2144 1550 ι
2192 1499 2588 1566 Perduellium,
2623 1501 2796 1570 inquit
2842 1501 3150 1568 lictoribus,
3185 1515 3472 1576 pt-Operate

1881 1595 2200 1650 abscindere
2230 1595 2385 1660 colla,
2415 1604 2468 1650 et
2495 1595 2728 1650 debitam
2755 1597 2806 1650 in
2831 1595 3008 1666 capite
3035 1607 3468 1668 contemptorem

1883 1685 2114 1740 celerius
2141 1695 2450 1754 retorquete
2481 1687 2796 1742 vindictam.
2837 1705 2855 1738 ι
2894 1687 3007 1760 (ιῦ)
3037 1687 3128 1744 Sic
3157 1705 3320 1760 super
3347 1703 3468 1744 cre-

1883 1777 2121 1846 pidinem
2145 1777 2280 1830 alvei
2309 1777 2609 1842 constituti,
2644 1778 2824 1833 crucis
2845 1779 3124 1848 signaculo
3156 1795 3214 1836 se
3239 1795 3470 1850 praamu-

191 1870 410 1942 fatigari
439 1859 769 1928 sanctorum,
803 1867 1000 1936 quibus
1029 1883 1192 1920 unum
1223 1867 1472 1937 idecque
1499 1885 1594 1936 pro
1620 1868 1776 1924 Chri-
1807 1859 1855 1920 Β
1887 1869 2056 1930 ninnt,
2085 1876 2137 1922 et
2171 1867 2251 1922 sic
2279 1867 2456 1922 denuo
2481 1883 2608 1922 ense
2630 1877 2994 1938 prostrantur.
3033 1869 3074 1922 E
3105 1871 3300 1940 quibus
3325 1871 3472 1940 prior

191 1971 280 2016 sto
311 1961 574 2016 moriendi
617 1967 798 2014 manet
845 1958 1214 2014 indissolubile
1261 1969 1465 2012 votum.
1525 1959 1662 2014 Nam
1723 1961 1778 2017 hi

191 2053 536 2111 confessores
565 2053 730 2112 beati,
757 2051 871 2122 (l2)
892 2051 1080 2104 ordine
1111 2059 1162 2104 et
1199 2051 1416 2104 natione
1463 2051 1775 2118 dissimiles,

189 2149 462 2203 charitatc
487 2161 590 2200 non
623 2145 878 2216 impares,
905 2143 1118 2198 diverso
1141 2141 1268 2196 licet
1319 2153 1561 2211 tempore
1607 2151 1780 2198 certa-

189 2243 358 2298 minis
391 2255 640 2312 campum
671 2237 932 2310 aggressi,
966 2251 1072 2290 uno
1101 2245 1280 2290 tamen
1315 2237 1612 2304 eodemque
1655 2237 1776 2292 fidei

190 2337 390 2390 ardore
411 2331 694 2396 flammati,
725 2331 996 2400 specimen
1019 2327 1188 2382 beata:
1209 2327 1475 2398 passionis
1503 2329 1778 2400 egregium

189 2427 312 2482 orbi
351 2425 658 2480 instituunt.

269 2513 360 2568 27.
409 2511 640 2575 interea,
683 2523 792 2564 non
823 2515 944 2578 post
967 2505 1166 2561 multos
1191 2506 1327 2570 dies,
1359 2505 1638 2560 obtutibus
1667 2505 1782 2560 suis

183 2607 354 2678 jualex
379 2619 476 2658 eos
503 2601 746 2658 exhiberi
781 2615 902 2671 prae.
927 2599 1122 2669 ipiens,
1157 2597 1300 2652 illico
1330 2599 1396 2652 ad
1430 2599 1600 2650 ritnm-
1623 2613 1778 2652 suum

193 2697 408 2760 invitat,
447 2709 512 2750 ac
539 2694 606 2750 de
637 2709 814 2748 rerum
855 2691 1024 2760 copiis
1062 2701 1088 2728 ⁸
1115 2699 1172 2744 et
1211 2687 1472 2758 dignitate
1515 2689 1778 2740 bonorum

189 2789 504 2846 Suadendos
529 2795 786 2860 attentat.
809 2799 944 2852 quos
973 2791 1098 2836 ante
1129 2781 1312 2834 mundi
1343 2779 1780 2834 constitutionem

189 2879 402 2936 electos
442 2887 497 2931 et
531 2875 944 2948 prtedestinatos
987 2873 1038 2926 in
1079 2871 1364 2940 adoptione
1413 2868 1641 2922 filiorum
1685 2869 1780 2924 Dei

189 2971 452 3028 divinitas
483 2979 668 3024 sancta
713 2967 1120 3036 perscripserat.
1155 2964 1394 3030 Quorum
1427 2963 1779 3032 pertinaciam

189 3067 248 3120 in
281 3063 376 3120 Dei
411 3059 746 3132 professione
791 3059 1174 3118 tuttsiderans,
1227 3069 1348 3124 post
1391 3055 1682 3108 secundam
1727 3063 1783 3110 et

187 3157 408 3212 tertiam
431 3151 862 3208 exhortationem
889 3163 956 3202 ex
995 3149 1214 3202 decreto
1239 3149 1380 3218 regis
1405 3145 1516 3200 fore
1543 3147 1780 3216 plecten-

187 3249 292 3306 dos
316 3247 524 3303 statuit.
557 3243 716 3299 Prius
755 3253 934 3296 tamen
977 3257 1138 3310 quam
1175 3241 1564 3310 egrederentur
1589 3243 1656 3294 ad
1685 3257 1778 3310 pu-
1806 3225 1850 3286 C

185 3343 416 3406 blicum,
441 3339 850 3394 convinctorum
881 3351 938 3389 se
967 3335 1190 3404 pedibus
1219 3333 1568 3387 advolventes
1593 3341 1782 3402 rogant

185 3443 252 3488 ut
277 3431 551 3487 continuis
578 3425 1048 3484 obsecrationibus
1071 3423 1420 3494 juvarentur,
1459 3439 1554 3488 ne,
1604 3433 1778 3479 tenta-

189 3525 340 3580 tioue
387 3523 618 3576 humana
665 3519 934 3590 praerepti,
975 3527 1274 3572 retrorsum
1325 3519 1688 3588 respicerent,
1726 3525 1780 3572 et

187 3615 261 3670 ab
281 3613 478 3667 intuitu
505 3609 835 3681 percipiendi
861 3608 1112 3664 vexillum
1137 3609 1382 3664 victoriae
1409 3609 1610 3664 turbari
1633 3619 1774 3664 ntur.

183 3705 268 3762 Ita
309 3705 458 3775 pacis
497 3703 682 3758 osculo
729 3701 1092 3764 reconciliati,
1125 3701 1218 3770 qui
1257 3717 1534 3771 nunquam
1565 3701 1780 3756 fuerant

185 3797 364 3866 litigio
394 3797 656 3866 separati,
679 3811 868 3850 omnes
887 3811 998 3866 pra:
1019 3797 1216 3864 gaudio
1243 3795 1630 3866 lacrymantes,
1654 3813 1780 3850 san-

187 3897 406 3944 ctorum
423 3903 482 3942 se
499 3885 770 3942 favoribus
793 3887 926 3940 tueri
949 3897 1194 3940 exorant.
1221 3887 1441 3958 Sicque,
1465 3889 1780 3960 urgentibus

185 3979 480 4042 ministris,
503 3987 628 4032 voto
641 3977 888 4032 alacriori
913 3977 1218 4047 prosiliunt,
1237 3979 1468 4034 celerius
1489 3995 1781 4050 properan-

187 4077 276 4124 tes
305 4069 372 4122 ad
401 4067 578 4122 locum
609 4083 716 4138 quo
741 4069 1050 4137 passionem
1077 4079 1538 4126 consummarent.

261 4161 354 4216 28.
383 4161 592 4216 Etcum
613 4159 726 4230 jam
757 4163 886 4216 hora
919 4163 1209 4218 decisionis
1241 4163 1484 4226 instaret,
1521 4165 1716 4220 iterum
1747 4181 1780 4222 ιι

179 4251 372 4324 judice
398 4251 646 4306 blandius
673 4251 1030 4306 exhortantur
1065 4269 1186 4306 cmn
1223 4255 1402 4324 specie
1435 4255 1774 4324 divitiarum,

185 4343 568 4412 honorumque
595 4343 906 4397 sublimium
927 4383 942 4403 .
975 4345 1172 4414 quibus
1209 4347 1396 4416 utique
1439 4347 1774 4414 fruerentur,

185 4431 240 4486 si
271 4439 694 4486 reverterentur.
732 4433 986 4488 Abnuunt
1013 4439 1208 4500 sancti,
1233 4437 1394 4492 sicuti
1425 4455 1453 4492 a
1491 4441 1774 4510 principio,

177 4523 388 4594 judicis
415 4525 708 4594 optionem,
743 4525 816 4578 ita
847 4533 906 4578 ut
925 4527 1302 4582 sanctissimus
1327 4527 1626 4586 Rudericus
1645 4547 1776 4602 qua-

187 4617 318 4672 dam
347 4625 626 4686 vegetatus
646 4617 1008 4682 animositate,
1033 4621 1392 4692 supernojam
1419 4637 1640 4678 munere
1659 4641 1778 4694 pcr-

185 4707 474 4773 lustratus,
508 4709 766 4764 audacter
807 4709 856 4763 ei
901 4713 1278 4780 responderet,
1320 4713 1542 4770 dicens:
1575 4733 1593 4766 ε
1627 4715 1774 4784 Quo-

185 4803 356 4860 modo
381 4817 478 4857 nos
501 4803 650 4874 cogis
675 4803 858 4858 relicta
881 4803 1086 4874 pietate
1123 4805 1394 4862 declinare
1435 4808 1486 4862 in
1521 4809 1736 4866 devium
1757 4851 1772 4878 ,

185 4895 310 4968 qui,
339 4909 538 4949 sancta:
563 4893 684 4948 fidei
707 4895 1062 4950 sacramentis
1089 4896 1356 4962 instructi,
1381 4897 1594 4954 fortiter
1621 4902 1774 4970 igno-

183 4987 426 5043 rantiam
455 4993 692 5040 vestram
721 4985 1008 5052 deflemus,
1056 5003 1191 5058 quos
1234 5000 1382 5044 tanto
1419 4993 1664 5048 videmus
1689 5011 1774 5050 er-

185 5095 320 5135 rore
343 5080 610 5136 infectos?
645 5081 776 5136 Nam
805 5097 902 5137 nos
942 5083 1076 5138 adeo
1105 5085 1242 5138 hanc
1269 5095 1472 5140 sectam
1505 5089 1772 5144 detrecta-

157 5169 356 5226 -bilem
375 5169 703 5238 judicamns,
729 5181 790 5228 ut
817 5189 884 5229 ne
917 5175 1116 5229 nostris
1136 5175 1354 5244 quidem
1380 5192 1500 5232 eam
1532 5179 1774 5234 incolen-

187 5259 320 5316 dam
343 5263 567 5318 canibus
595 5273 932 5333 pateremur,
981 5275 1182 5336 quanto
1211 5269 1382 5339 magis
1413 5273 1772 5342 nosmetipsos

187 5349 556 5408 fa‘l'lacissimis
611 5353 728 5423 ejus
775 5355 1047 5426 figmentis
1091 5359 1402 5416 subdamus.
1452 5361 1560 5416 Aut
1603 5377 1772 5434 quare

183 5449 366 5520 copiis
393 5465 574 5506 rerum
599 5459 692 5506 aut
715 5451 978 5524 dignitate
1007 5455 1272 5512 honorum
1299 5455 1598 5514 labentium
1627 5459 1774 5516 oble-

187 5549 430 5606 ctemur,
457 5542 510 5596 in
539 5541 656 5613 ipso
681 5543 906 5600 forsitan
943 5545 1320 5602 oblectationis
1361 5559 1662 5616 momento,
1693 5553 1774 5607 in-

187 5630 494 5688 tercidente
522 5643 716 5698 morte,
743 5635 988 5705 protinus
1007 5639 1186 5692 omnia
1209 5639 1482 5708 amissuri,
1506 5643 1596 5711 qui
1625 5645 1776 5698 novi-

1883 1959 1980 2016 Dei
2013 1960 2270 2015 sacerdos
2299 1961 2657 2024 occumbens,
2685 1961 2918 2030 praevius
2957 1961 3316 2030 triumphator
3353 1975 3466 2018 coe-

1881 2051 1990 2106 lum
2019 2051 2262 2106 intravit.
2293 2051 2444 2119 Quod
2473 2053 2592 2106 ideo
2616 2051 2780 2122 jndex
2807 2051 2922 2108 fieri
2955 2053 3120 2108 voluit
3161 2063 3220 2109 ut
3245 2055 3288 2110 si
3325 2053 3468 2110 forte

1881 2143 2108 2196 horrore
2129 2141 2296 2198 decisi
2327 2143 2608 2198 cadaveris
2635 2143 2774 2198 beati
2803 2141 3110 2198 Salomonis
3137 2145 3349 2200 animus
3371 2145 3467 2200 fle-

1881 2242 2158 2300 cteretur;
2201 2247 2360 2302 quem
2403 2243 2524 2304 post
2555 2237 2734 2288 varias
2769 2235 3150 2304 deceptionum
3191 2235 3470 2294 illecebras

1883 2337 2222 2384 constantem
2251 2337 2308 2384 et
2334 2327 2690 2384 fortissimum
2729 2333 3110 2400 comprobans,
3141 2331 3328 2386 ultimo
3351 2331 3468 2400 gla-

1883 2421 1972 2475 dio
1997 2421 2211 2476 vindice
2239 2421 2496 2475 trucidari
2519 2423 2790 2492 prmcepit.
2821 2419 2988 2476 Hausit
3011 2433 3190 2478 tamen
3215 2437 3310 2477 suo
3331 2421 3470 2478 collo

1883 2531 1988 2570 non
2017 2515 2257 2572 funditus
2285 2529 2470 2572 vertex
2501 2517 2723 2584 incisus,
2753 2517 2876 2586 quia
2903 2517 3290 2588 expeditiorem
3311 2519 3470 2572 beato

1883 2609 2148 2664 Ruderico
2193 2625 2356 2678 quam
2395 2609 2522 2664 huic
2553 2608 2828 2664 Salomoni
2863 2611 3070 2664 framea
3107 2609 3288 2664 intulit
3343 2607 3466 2664 obi-

1885 2709 2016 2754 ιιιῐῐι.

1951 2791 2039 2846 30.
2075 2791 2180 2848 Sed
2209 2793 2336 2862 quia
2361 2793 2620 2850 ctelorum
2647 2809 2812 2866 regna
2839 2793 3160 2850 adeuntibus
3186 2793 3469 2850 animabus

1883 2885 2070 2954 nequit
2099 2883 2368 2940 obsistere
2393 2885 2620 2940 callidus
2647 2899 2888 2956 serpens,
2923 2885 3096 2940 adhuc
3127 2893 3314 2940 contra
3340 2899 3468 2940 exa-

1883 2977 2080 3031 nimata
2105 2991 2334 3048 corpora
2361 2975 2560 3032 bellmn
2588 2975 2922 3040 exsuscitat;
2959 2975 3112 3044 quasi
3139 2985 3352 3030 mortua
3379 2989 3470 3028 su-

1883 3085 2076 3138 perare
2102 3079 2288 3140 posset
2317 3069 2604 3138 cadavera,
2629 3083 2750 3123 cum
2779 3067 2890 3138 jam
2931 3067 3110 3122 nullus
3138 3077 3282 3122 esset
3307 3067 3468 3138 Spiri-

1885 3171 2002 3224 tus,
2031 3161 2121 3230 qui
2164 3161 2344 3231 p0tius
2381 3159 2634 3215 irrideret
2678 3175 2840 3230 quam
2891 3157 3116 3214 sentiret
3159 3167 3464 3224 tormenta;

1883 3265 1975 3306 aut
2007 3255 2158 3322 quasi
2189 3254 2385 3323 aliquis
2417 3253 2603 3306 titulus
2627 3265 2908 3322 putaretur
2935 3253 3196 3316 victoriae,
3228 3267 3352 3306 cum
3379 3251 3472 3308 de-

1883 3343 2078 3400 functis
2122 3343 2320 3398 bellum
2377 3345 2532 3398 inire.
2587 3343 2656 3398 Ut
2701 3359 2832 3414 ergo
2877 3343 3220 3414 passionihns
3267 3343 3468 3398 Christi

1882 3435 2346 3491 communio-arent
2375 3443 2664 3506 martyres,
2697 3433 2950 3488 instinctu
2975 3433 3276 3488 ferocitatis
3299 3449 3328 3486 a
3352 3433 3468 3486 dia-

1881 3527 2002 3582 bolo
2027 3543 2226 3598 prteses
2251 3536 2516 3594 armatus,
2535 3527 2634 3582 sub
2657 3527 2808 3596 cujus
2833 3527 2946 3580 dira
2969 3525 3284 3580 crudelitate
3305 3525 3470 3580 totius

1881 3619 2116 3691 dignitas
2141 3619 2506 3675 Cordubensis
2545 3629 2670 3674 tunc
2705 3619 2944 3688 graviter
2973 3617 3292 3680 vexabatur,
3313 3615 3469 3684 jubet

1882 3727 2105 3784 corpora
2139 3711 2438 3782 martyriali
2474 3725 2666 3764 cruore
2689 3707 2928 3778 perfusa,
2971 3707 3210 3778 vestigiis
3237 3706 3466 3760 inversis

1881 3805 2098 3874 conligi,
2122 3819 2184 3858 ac
2214 3803 2470 3870 deinceps
2511 3799 2710 3854 fluviali
2753 3799 2948 3870 abysso
2979 3796 3218 3854 recondi.
3265 3795 3464 3850 Eadem

1881 3905 2039 3950 nocte
2069 3894 2273 3966 ingenti
2305 3893 2540 3964 lapidum
2567 3907 2732 3946 onere
2759 3891 3006 3960 alligata,
3045 3887 3332 3958 separatim
3365 3901 3462 3940 va-

1881 3987 2120 4040 stissimo
2159 3985 2356 4056 gnrgiti
2397 3983 2812 4054 immerguntur.
2857 3979 3120 4050 Sperabat
3167 3981 3330 4032 miser
3357 3977 3466 4032 ele-

1881 4079 2079 4134 mentis
2105 4079 2370 4148 imperare
2411 4075 2704 4140 undarum,
2751 4089 2868 4143 qua:
2915 4070 3260 4142 praestantius
3288 4069 3460 4124 inten-

1881 4175 2010 4227 dere
2035 4181 2298 4226 noverant
2325 4171 2601 4226 Crcatoris
2633 4169 2916 4240 imperium
2939 4207 2952 4230 ,
2987 4174 3047 4220 ut
3082 4165 3320 4220 creditas
3356 4161 3459 4219 sibi

1880 4279 2010 4336 opes
2073 4263 2413 4334 mat-tyriales
2470 4277 2576 4316 non
2625 4261 2796 4316 solum
2849 4275 2880 4313 a
2933 4259 3124 4314 bellnis
3175 4271 3464 4312 conserva-

1881 4361 2035 4416 rent,
2059 4369 2244 4407 verum
2273 4353 2434 4406 etiam
2461 4361 2644 4421 erepta
2669 4365 2922 4404 saxorum
2953 4350 3190 4420 pondere
3219 4347 3460 4402 membra

1877 4447 2090 4518 placido
2121 4445 2345 4517 remigio
2371 4445 2630 4500 fluctuum
2657 4445 2722 4498 ad
2749 4443 2922 4498 locum
2955 4445 3152 4514 quietis
3181 4443 3458 4498 vellerent.

1947 4539 2035 4594 5|.
2061 4535 2172 4607 Ego
2203 4537 2416 4592 interim
2449 4545 2701 4607 peccator
2731 4533 3003 4606 Eulogius,
3033 4535 3124 4606 qui
3157 4545 3310 4606 geSta
3333 4534 3462 4590 bea-

1881 4641 2058 4686 torum
2103 4645 2222 4684 meo
2263 4629 2628 4684 elucubranda
2672 4627 2810 4699 ston
2851 4627 3048 4682 dudum
3079 4627 3456 4690 decreveram,

1883 4739 2004 4778 cum
2053 4737 2240 4776 rumor
2289 4729 2676 4776 consummata:
2719 4719 2988 4790 passionis
3029 4735 3216 4774 eorum
3261 4719 3462 4786 ubique

1881 4813 2244 4876 discurreret,
2289 4811 2518 4882 expletis
2543 4811 2829 4864 missarum
2876 4809 3182 4872 solemniis,
3221 4807 3458 4878 ipsorum

1881 4905 2158 4960 invisenda
2198 4919 2426 4974 corpora
2471 4903 2704 4974 quadam
2748 4913 3028 4974 vegetatns
3061 4901 3280 4956 audacia
3313 4897 3456 4966 adii,

1879 4997 1990 5068 (H)
2020 5011 2084 5050 ac
2107 4997 2332 5066 propius
2357 5009 2518 5064 quam
2555 5003 2752 5050 cetera
2787 4993 3144 5064 spectantium
3177 4988 3330 5045 turba
3363 5003 3456 5042 ac-

1879 5091 2070 5146 cedere
2113 5103 2218 5142 non
2259 5087 2462 5140 veritus
2507 5101 2646 5140 sum.
2697 5085 2764 5140 Et
2809 5085 2962 5140 testis
3005 5091 3088 5138 est
3133 5081 3460 5152 Redemptor

1879 5197 2052 5246 meus,
2083 5181 2174 5250 qui
2205 5181 2306 5236 hoc
2341 5179 2790 5234 commentarium
2819 5179 3158 5232 discussurus
3186 5179 3302 5238 est,
3331 5173 3456 5242 quia

1879 5291 1986 5330 non
2015 5274 2268 5340 mentior,
2286 5271 2426 5344 quod
2459 5281 2602 5326 tanta
2627 5271 2837 5328 decoris
2857 5265 3256 5340 pulchritudine
3278 5265 3456 5320 decisa

1879 5365 1966 5422 illa
1995 5365 2260 5420 cadavera
2293 5363 2599 5434 fulgebant,
2645 5371 2704 5416 ut
2741 5363 3012 5425 crederes,
3051 5359 3098 5414 si
3127 5375 3158 5413 a
3185 5373 3456 5428 quoquatn

1879 5457 2308 5522 sciscitarentur,
2333 5455 2578 5526 protinus
2605 5453 2866 5510 locutura.

1949 5549 2038 5604 '52.
2085 5547 2332 5604 Nonnulli
2377 5548 2540 5604 etiam
2583 5561 2614 5602 e
2651 5545 2802 5600 turba
2835 5543 3112 5616 gentilium
3145 5545 3454 5610 venientes,

1881 5643 2168 5700 sumebant
2213 5641 2428 5712 lapillos
2473 5639 2740 5706 fluminis,
2787 5639 2880 5710 qui
2923 5651 3118 5694 cruore
3157 5645 3456 5708 martyrum

263 5751 292 5780 ⁸
323 5743 484 5800 Deest
511 5753 560 5800 et
603 5745 658 5800 in
686 5745 870 5802 Schol.
911 5757 968 5803 et
1007 5747 1271 5814 Βοιιιιιιιι.1
1307 5751 1400 5806 sed
1447 5753 1608 5809 habet
1649 5763 1794 5812 recte
1829 5755 2056 5814 Morales
2079 5773 2094 5786 ’
2147 5753 2252 5810 alia
2285 5753 2428 5810 enim
2459 5761 2546 5810 est
2603 5752 2828 5810 tentatio
2863 5751 3198 5818 divitiarum,
3225 5747 3328 5812 alia
3365 5748 3460 5808 lto—

189 5827 414 5882 norum,
439 5831 576 5888 quas
601 5831 814 5888 semper
839 5818 930 5876 hic
953 5819 1210 5876 discernit
1233 5821 1486 5894 Eulogius
