4094 6346
270 396 378 454 8‘73

1404 383 1690 442 SCHOLIA
1731 377 2058 436 AMBROSII
2095 375 2192 434 ΜΟ
2202 375 2422 433 RALIS.

3417 374 3524 435 874

269 507 572 565 minitando
615 505 690 562 illi
737 504 940 559 inferre
973 501 1193 570 majora.
1229 522 1246 553 ›
1283 501 1358 554 De
1381 500 1486 554 hoc
1513 498 1720 570 Joanne
1747 499 1843 551 ite—
1870 501 1917 557 Α
1945 491 2279 570 opprobriis,
2307 487 2528 545 et‘mille
2555 486 3003 570 contumeliarum
3023 486 3269 570 fascibus
3306 490 3484 570 ειμι-ηιξ
3505 535 3522 560 ,

268 596 394 636 rum
421 580 585 652 etiam
629 577 692 652 li.
737 574 1010 652 Eulogius,
1034 573 1124 626 lib.
1160 589 1220 637 ιι,
1261 587 1380 652 cap.
1410 571 1495 624 lli.
1525 569 1600 652 _ln
1630 576 1843 652 vetusto

268 667 402 704 vero
452 647 726 703 Michaelis
774 641 943 699 ltuiiii
975 643 1199 714 Azagrm
1227 641 1410 714 codice
1455 641 1843 714 epigrammata

269 722 440 776 etiam
471 716 726 790 Cypriani
748 710 1126 790 _Cordubensis
1165 712 1424 790 Ecclesia:
1467 710 1846 790 archipresby-

271 792 376 846 teri
399 779 618 844 fuerunt
651 795 706 842 et
746 786 888 842 inter
931 795 1125 840 caztera
1165 785 1268 841 hoc
1313 796 1528 852 quoque
1574 779 1844 835 distichon

271 876 396 916 cum
428 863 533 916 hoc
557 857 748 913 titulo:

379 980 515 1035 Item
528 994 684 1048 super
705 976 962 1032 tumulum
976 977 1144 1031 sancti
1162 974 1388 1030 Joannis
1411 973 1740 1044 confessoris.

398 1096 656 1156 arceres,
678 1100 730 1144 et
749 1092 855 1156 dira
877 1091 1093 1156 Joannes
1113 1089 1278 1142 ferrea
1303 1091 1456 1156 vincla

398 1155 576 1209 Christi
598 1150 764 1206 amore
788 1153 919 1205 tulit.
943 1153 1046 1204 Hac
1069 1153 1262 1203 functus
1289 1156 1339 1204 in
1363 1151 1471 1201 aula
1493 1150 1720 1215 quiescit.

270 1266 316 1320 ll
325 1279 428 1320 unc
456 1263 701 1318 eumdem
714 1260 974 1317 Joannem
987 1275 1106 1314 esse
1145 1259 1326 1323 credo,
1341 1271 1501 1327 quem
1516 1256 1578 1310 D.
1600 1253 1851 1324 Eulogius

269 1342 684 1392 commemorat.
704 1333 1021 1400 Quanquam
1046 1331 1298 1400 pauciora
1318 1329 1670 1400 epitaphium,
1688 1338 1850 1394 quam

269 1406 484 1477 potuit,
512 1420 577 1460 ac
602 1404 787 1458 debuit
812 1441 828 1467 ,
863 1399 1066 1456 retulit.
1234 1399 1497 1477 ejusmodi
1532 1404 1688 1452 erant
1717 1404 1852 1450 tem-

269 1470 406 1549 pora
431 1515 447 1540 ,
470 1470 555 1549 '_ut_
579 1488 796 1528 versum
814 1487 1040 1549 quoquo
1078 1473 1238 1526 modo
1265 1470 1851 1549 clausisse,nmagnum

270 1537 442 1604 etiam
470 1545 778 1600 haberetur.
814 1537 967 1596 Vixit
999 1551 1180 1597 autem
1207 1550 1263 1596 et
1303 1539 1522 1610 scripsit
1550 1537 1853 1608 Cyprianus

269 1619 386 1682 hic,
411 1616 555 1686 quod
579 1630 646 1670 ex
676 1614 798 1686 aliis
825 1611 941 1680 ejus
968 1611 1372 1686 epigrammatis
1387 1621 1663 1686 _appa_r_et,
1714 1622 1851 1676 qua-

271 1679 525 1760 dragihta
559 1693 654 1740 aut
676 1684 839 1756 paulo
855 1679 1100 1754 amplius
1146 1690 1267 1753 post
1292 1682 1355 1736 D.
1385 1679 1594 1750 Eulogii
1621 1687 1852 1732 mortem

271 1774 562 1899 θ”ῗέιῗρηί
601 1834 660 1880 ut
680 1825 818 1899 idem
846 1824 1059 1899 docuit.
1096 1823 1281 1899 Longa
1320 1819 1738 1899 admodumest

349 1833 428 1899 (7)
459 1833 562 1894 Qui
601 1834 660 1880 ut
680 1833 818 1880 idem
852 1833 1050 1879 docuit.
1097 1833 1281 1890 Longa
1320 1833 1612 1875 aumouum
1656 1833 1738 1874 est
1761 1833 1854 1888 pa-

275 1899 547 1957 renthesis
567 1906 624 1952 et
647 1896 966 1964 trajcclione
989 1895 1154 1951 etiam
1178 1892 1346 1964 (quod
1376 1890 1576 1945 Fabius
1610 1889 1850 1964 damnat)
1881 1869 1929 1928 Β

271 1973 562 2043 plusquam
607 1961 782 2023 tarda.
812 1965 919 2021 Sed
968 1982 1066 2022 nos
1107 1961 1241 2020 nihil
1285 1963 1572 2018 immutare
1619 1961 1706 2016 hic
1734 1961 1853 2015 ausi

274 2056 485 2099 sumus.

348 2111 427 2185 (8)
465 2110 536 2190 Et
563 2125 894 2190 qugfcttnque
917 2106 1191 2190 confessio.
1213 2105 1592 2190 lambincest
1620 2101 1856 2190 animad-

273 2173 596 2239 vertendum
620 2173 955 2234 Christianos
982 2173 1079 2250 per
1099 2175 1622 2250 totaIu_Hispaniam_,
1648 2181 1705 2250 et
1724 2173 1856 2250 Cor-

274 2255 435 2311 dubae
455 2252 774 2323 praisertim,
803 2243 1033 2323 ealege,
1063 2243 1513 2323 quemadmodum
1542 2243 1698 2323 initio
1722 2244 1855 2323 seri:

273 2313 519 2396 psiinus,
569 2321 737 2378 fuisse
754 2313 767 2396 ς
789 2313 1118 2396 relictos_'ei_
1140 2317 1434 2396 toleratos,
1482 2324 1540 2396 ut
1568 2313 1856 2396 hiahpmcti

276 2384 439 2452 sectae
465 2384 572 2450 non
597 2393 963 2448 detraherent.
1003 2391 1078 2445 De
1105 2391 1210 2444 hoc
1238 2389 1354 2457 ipso
1398 2389 1451 2441 in
1500 2384 1852 2457 lndiculo_lu-

275 2468 491 2522 ruinoso
515 2465 742 2538 legimus
761 2463 992 2538 adhunc
1020 2454 1281 2515 modum}
1311 2477 1330 2508 ι
1365 2457 1502 2513 Ecce
1530 2456 1619 2512 lex
1642 2454 1857 2525 publica

276 2539 512 2608 pendet,
559 2531 615 2591 ἐι
640 2548 666 2576 ει
694 2532 887 2608 legalia
918 2531 1068 2608 jussa
1090 2545 1188 2600 per
1207 2544 1368 2608 omne
1407 2543 1631 2608 regnum
1667 2540 1856 2608 eorum

276 2595 612 2672 discurrunt,
639 2595 812 2674 utqui
837 2595 1293 2674 bla'sphemaverit
1315 2595 1634 2674 ﬂagelletur,
1662 2605 1719 2674 et
1764 2595 1858 2674 qui

275 2665 610 2749 percusserit
663 2665 1053 2749 occidaturfEt
1071 2686 1198 2749 ecce
1217 2665 1456 2749 quotidie
1481 2667 1628 2749 horis
1650 2665 1858 2749 diurnis

277 2735 338 2805 et
366 2748 643 2804 nocturnis
668 2747 722 2800 in
749 2745 989 2799 turribus
1022 2744 1134 2798 suis
1159 2750 1214 2795 et
1235 2735 1526 2794 montibus
1553 2739 1582 2778 ιι
1607 2735 1858 2807 caligosis

278 2821 561 2874 dominum
596 2816 969 2886 maledicunt,
994 2814 1119 2868 dum
1145 2820 1324 2866 vatem
1354 2809 1856 2886 impudicum,per-

271 2889 459 2959 jurum
478 2930 493 2954 ,
536 2888 799 2959 rabidum,
827 2895 881 2940 et
905 2878 1168 2959 iniquum,
1192 2896 1298 2959 una
1321 2878 1445 2935 eum
1467 2878 1686 2959 domino
1709 2878 1860 2959 testi-

278 2946 451 3016 inonii
479 2946 612 3015 'voce
639 2946 921 3012 extollunt.
953 2976 972 3008 ι
999 2946 1086 3008 ὐθ
1108 2952 1319 3008 caeteris
1343 2963 1472 3004 vero
1494 2963 1612 3018 qua:
1640 2947 1708 3001 ab
1731 2946 1860 3000 Sar-

276 3031 498 3106 racenis
523 3037 835 3106 paterentur
861 3024 1154 3106 (ξριτιξιὶξηὶ
1173 3063 1186 3088 ,
1217 3022 1307 3076 hic
1337 3022 1406 3106 ab
1447 3018 1670 3106 Eulogip
1711 3032 1862 3106 cum:

279 3087 618 3167 memoratis,
653 3108 844 3154 auctor
880 3097 970 3152 ille
995 3097 1050 3150 in
1077 3097 1221 3152 hunc
1249 3091 1467 3148 modum
1499 3109 1512 3145 :
1563 3087 1861 3156 (Quotidie

356 3242 382 3270 ι
412 3228 601 3284 Florez
637 3242 759 3298 pag.
783 3226 908 3298 228.
940 3225 1122 3298 legalis
1139 3225 1363 3298 jussa...
1413 3219 1662 3275 discurrit
1681 3236 1700 3298 ξ
1760 3234 1857 3298 no-

282 3310 471 3371 tatque
506 3290 688 3370 legalis
704 3290 861 3371 iussa
885 3290 1368 3371 feminini'generis
1395 3302 1449 3347 et
1487 3292 1700 3371 numeri
1743 3290 1857 3371 sin-

279 3359 490 3454 gularis
517 3359 657 3426 si'cut
697 3359 929 3424 claustra
987 3381 1107 3424 esse
1135 3359 1182 3430 ς’
1202 3365 1285 3421 vel
1338 3362 1622 3432 legendum
1675 3359 1857 3431 legalis

275 3459 698 3581 ,u‘:%aligosits
728 3509 870 3566 idem
907 3523 971 3564 ac
997 3507 1346 3580 caliginosus,
1381 3503 1571 3560 Florez
1605 3513 1750 3558 recte
1791 3516 1858 3558 ex

276 3580 575 3655 Cangpeano
603 3580 898 3655 Glossario.

359 3665 381 3692 ε
402 3646 546 3707 Haec
575 3663 622 3706 et
646 3651 777 3717 alia,
805 3649 979 3721 inquit
1017 3649 1315 3721 Florezius,
1351 3646 1535 3702 melius
1572 3646 1860 3714 interroga-

280 3724 442 3778 tionis
470 3723 620 3792 signo
649 3720 992 3778 clauduntur.
1027 3720 1165 3792 Quia
1195 3731 1370 3792 tamen
1405 3733 1672 3786 nunquam
1715 3725 1861 3792 nota-

279 3806 374 3848 tur
395 3798 448 3848 in
473 3786 682 3858 codice,
704 3802 751 3846 et
777 3801 990 3862 possunt
1012 3808 1075 3845 ea:
1087 3790 1507 3862 adversariorum
1519 3796 1698 3862 mente
1719 3786 1860 3838 dicta

280 3865 489 3934 accipi,
507 3863 637 3934 nihil
661 3856 807 3917 nobis
832 3862 1182 3934 permisimus.
1213 3861 1324 3930 Ego
1345 3874 1474 3914 vero
1495 3856 1626 3912 illud
1648 3857 1859 3926 signum

279 3931 412 3991 cum
441 3932 629 3988 Morali
653 3934 888 3988 retinere
911 3931 1078 3986 volui.

359 4004 386 4044 ά
418 4004 563 4059 Flor.
597 4004 755 4057 humo
780 4003 978 4056 dando.

365 4087 389 4115 ο
430 4075 504 4129 id.
552 4075 727 4144 genis;
756 4074 1113 4142 observatque
1155 4086 1260 4126 non
1290 4085 1411 4144 esse
1455 4067 1860 4138 improbabilem

281 4141 595 4209 lectionem,
625 4160 749 4200 cum
773 4153 958 4214 postea
987 4141 1341 4214 idemrauetor
1361 4141 1445 4196 bis
1472 4155 1597 4214 eam
1618 4148 1859 4214 usurpet.

369 4216 387 4255 ί
433 4215 577 4271 Flor.
610 4232 736 4296 casu
765 4209 866 4296 quo
903 4231 1056 4296 quem
1094 4213 1302 4296 obviam
1343 4211 1630 4296 perpiantes
1665 4209 1864 4296 lapides

279 4297 524 4352 testaque
565 4283 874 4340 auarissima
917 4283 1047 4338 ante
1103 4283 1352 4352 vestigia,
1402 4289 1509 4352 etc.
1537 4320 1553 4346 ,
1605 4287 1865 4352 nutatque

283 4350 635 4414 Moralesium
679 4357 745 4410 de
783 4370 883 4410 suo
931 4355 1166 4409 texuisse
1209 4350 1350 4422 quod
1400 4351 1558 4420 legit,
1611 4350 1862 4422 quamvis

281 4439 454 4484 testas
486 4426 813 4480 aridissimas
841 4425 1032 4480 melius
1057 4421 1303 4494 quam’in
1328 4423 1515 4477 codice
1539 4429 1675 4476 testa
1701 4421 1864 4474 arvis-

278 4502 452 4561 sima,
482 4497 798 4551 restituerit.

369 4571 395 4609 8
435 4569 744 4638 Perperam,
772 4568 846 4622 ait
875 4564 1065 4621 Florez
1102 4567 1415 4620 detruncant
1436 4577 1535 4635 pro
1561 4561 1862 4616 decolorant

281 4640 462 4696 edidit
490 4637 742 4693 Mbrales.

367 4711 394 4750 ιι
420 4710 540 4764 Jam
574 4709 826 4772 diximus,
875 4710 974 4764 sub
1017 4723 1166 4763 num.
1195 4706 1258 4760 21
1309 4705 1401 4760 lib.
1449 4721 1488 4770 ι,
1533 4705 1649 4759 haec
1702 4704 1865 4758 verba

284 4795 416 4839 esse
446 4780 644 4846 Tobize,
671 4777 870 4834 frustra
899 4777 1311 4849 requirendam
1346 4775 1591 4849 Vulgata,
1629 4783 1868 4849 attamen

285 4852 536 4909 exhibita
580 4844 638 4905 in
687 4844 1374 4904 Breviario'Mozarabico.
1423 4844 1575 4900 Nunc
1618 4844 1867 4899 addimus

287 4939 364 4978 ex
397 4922 598 4977 Alvaro
643 4921 697 4975 in
744 4921 886 4975 hunc
932 4919 1108 4975 locum
1153 4933 1314 4988 quem
1359 4915 1586 4988 higrales
1625 4914 1866 4980 adhibet,

286 4993 440 5064 quod
484 4993 619 5045 hanc
678 4990 1091 5064 maledictionem
1146 4985 1334 5064 annue
1405 4985 1643 5064 Ecclesia
1709 5001 1871 5064 super

287 5056 530 5120 6dientes
569 5078 626 5116 se
677 5077 782 5115 non
823 5060 1039 5125 occulte,
1063 5062 1154 5114 sed
1205 5065 1441 5129 patenter
1479 5073 1542 5110 ac
1592 5056 1870 5109 luminosi-

288 5145 378 5189 ter
417 5131 610 5186 clamat
658 5145 677 5183 :
727 5131 878 5200 cujus
925 5130 1147 5201 vestigia
1198 5128 1519 5201 disciplinaz,
1574 5140 1767 5201 nempe
1813 5134 1872 5180 ut

291 5202 526 5274 singulis
569 5201 726 5274 annis
776 5197 960 5257 hostes
1013 5197 1268 5256 Eéclesize
1331 5197 1629 5274 maledictis
1675 5197 1869 5274 obrue-

289 5265 511 5337 rentur,
542 5273 611 5327 ad
640 5274 755 5327 haec
785 5286 955 5342 usque
995 5280 1180 5342 nostra
1211 5277 1453 5342 tempora
1483 5266 1724 5342 Ecclesia
1763 5265 1871 5342 Βο-

291 5358 462 5400 mana
489 5335 725 5398 servavit
749 5342 804 5395 in
840 5335 1212 5408 anniversaria
1245 5335 1603 5408 publicationc
1650 5335 1872 5406 famige-

295 5413 592 5470 ratissimze
627 5412 805 5478 bullae,
853 5419 912 5466 ut
947 5412 1114 5478 aiunt,
1164 5407 1334 5464 Ctenae
1379 5407 1608 5462 Domini.
1655 5408 1712 5462 ln
1765 5419 1870 5475 qua

291 5483 465 5555 primi
514 5483 755 5555 ominum
786 5481 1417 5555 excommunicabantur
1456 5478 1714 5555 haeretici,
1741 5491 1868 5555 apo-

289 5548 478 5615 italae,
523 5552 854 5610 schismatici
901 5552 1190 5622 caeterique
1236 5551 1419 5604 hostes
1461 5549 1716 5622 Ecclesiae
1757 5548 1869 5622 j_am

299 5625 429 5679 inde
469 5637 500 5677 a
541 5623 711 5677 tribus
751 5632 808 5677 et
849 5624 1079 5692 amplius
1103 5617 1269 5677 'retro
1319 5619 1548 5692 Stecgulis.
1599 5618 1707 5692 Sed
1756 5617 1875 5673 Cle-

299 5708 459 5749 mens
507 5692 624 5749 ΧΠ
652 5692 914 5764 pontifex
937 5690 1215 5764 maximus,
1239 5705 1379 5745 anno
1414 5690 1549 5764 H79
1583 5691 1652 5746 ab
1685 5703 1750 5744 ea
1766 5705 1876 5764 put

305 5764 554 5818 blicanda
578 5757 786 5833 primus
814 5759 1652 5833 abstinuit;cujuscxemplum,
1687 5757 1790 5829 qui
1825 5757 1875 5813 ei

305 5831 697 5890 successit—SS.
727 5835 790 5888 Ι).
817 5831 882 5887 Ν.
917 5835 1040 5888 Pius
1071 5832 1135 5886 γι
1175 5831 1404 5889 feliciter
1439 5843 1687 5902 reguans,
1720 5846 1868 5884 secu-

711 5930 983 5991 ΡΑτιιοι..
1034 5926 1229 5988 CXV.

1891 4611 1943 4672 D

1945 557 2374 632 persecutionem
2411 575 2511 614 nos
2554 558 2807 632 dicimus
2825 574 2930 613 non
2959 567 2980 596 ο
3023 557 3259 613 habere?
3305 558 3440 616 Nam
3469 557 3527 618 ut

1947 628 2050 688 alia
2080 642 2287 688 taceam
2307 670 2321 696 ,
2363 638 2512 686 certe
2551 629 2677 684 dum
2713 628 3084 684 defunctorum
3115 644 3210 682 cor

1949 703 2258 760 cerdotibus
2283 702 2483 764 vident,
2515 709 2575 754 ut
2615 714 2733 754 mos
2761 709 2845 754 est
2890 699 3291 755 ecclesiasticus
3326 702 3375 768 ιι,
3418 703 3521 757 hu-

1947 774 2142 854 manda
2167 782 2406 854 portare,
2430 784 2615 854 nonne
2637 770 2838 854 apertis
2866 769 3112 851 vocibus,
3143 778 3198 824 et
3222 770 3527 854 impurissi-

1951 843 2054 898 mis
2075 855 2099 882 θ
2125 840 2418 913 gemitibus
2437 842 2623 913 dicunt
2639 855 2652 892 :
2670 840 2812 913 Deus
2837 854 2945 893 non
2973 840 3281 913 miserearis
3303 840 3449 913 illis?
3473 852 3531 898 et

1951 910 2216 984 lapidibus
2238 912 2545 984 sacerdotes
2565 911 2775 984 Domini
2802 911 3140 979 impotentes,
3155 910 3530 984 ignominiosis

1949 981 2130 1038 verbis
2180 981 2434 1052 populum
2482 981 2692 1037 Domini
2739 981 3109 1052 denotantes,
3144 982 3527 1052 spurcitiarum

1952 1053 2081 1107 fimo
2105 1049 2444 1123 christieolas
2477 1059 2814 1123 transeuntes
2844 1049 3056 1123 paedore
3082 1049 3318 1123 infando
3344 1069 3529 1123 asper-

1951 1133 2104 1196 gunt,
2128 1121 2339 1196 majora
2363 1122 2660 1176 minitando
2695 1121 3061 1196 ringentes‘ii_
3079 1121 3147 1175 Et
3175 1122 3334 1190 paulo
3365 1121 3524 1196 post:

1959 1191 1979 1246 ἱ
2013 1195 2104 1249 Sic
2126 1193 2329 1264 itidem,
2355 1203 2410 1264 et
2437 1209 2558 1247 cum
2588 1192 2896 1264 sacerdotes
2919 1191 3013 1264 Dei
3033 1191 3081 1264 Δί,
3102 1207 3232 1246 casu
3273 1191 3527 1264 quopiam

1952 1265 2204 1334 cuiquam
2246 1262 2586 1318 obviaverint
2615 1278 2712 1332 per
2731 1263 2909 1335 viam,
2942 1261 3143 1330 lapides
3169 1261 3530 1335 cora—miipsis

1952 1333 2321 1396 cumulantes,
2352 1342 2622 1402 testasque
2661 1333 2995 1404 aridissimas
3026 1333 3528 1404 ante‘vestigia‘eo-

1953 1422 2073 1461 rum
2102 1404 2470 1469 revolventes,
2501 1420 2566 1459 ac
2592 1403 2979 1473 improperioso
3007 1413 3062 1457 et
3098 1402 3284 1458 infami
3313 1402 3531 1462 nomine

1954 1477 2282 1542 derogantes
2301 1515 2317 1541 ,
2360 1475 2575 1546 vulgari
2594 1475 2879 1544 proverbio
2908 1482 2976 1546 et
3003 1474 3529 1546 cantieoiinhonesto

1954 1546 2236 1616 sugillant,
2285 1554 2339 1602 et
2374 1543 2498 1600 fidei
2539 1543 2748 1616 signum
2793 1543 3144 1616 opprobrioso
3191 1545 3366 1614 elogio
3392 1547 3530 1603 'de—

1955 1615 2228 1673 truncant.
2262 1616 2368 1671 Sed
2405 1632 2528 1670 cum
2589 1615 2822 1670 basilica:
2855 1615 3070 1685 signum
3093 1655 3109 1680 ,
3157 1616 3259 1670 hoc
3301 1624 3383 1670 est
3421 1619 3530 1672 tin-

1954 1687 2152 1744 nientis
2175 1686 2298 1740 aeris
2327 1687 2564 1741 sonitum
2587 1686 2678 1756 qui
2705 1701 2802 1756 pro
2829 1694 3096 1740 conventu
3122 1685 3379 1741 Ecclesiae
3405 1689 3532 1742 adu-

1955 1759 2134 1813 nando
2171 1757 2320 1811 horis
2353 1758 2602 1812 omnibus
2633 1757 2909 1812 canonicis
2934 1757 3253 1825 percutitur,
3277 1758 3529 1824 audiunt;

1954 1829 2223 1884 derisione
2244 1834 2298 1880 et
2327 1835 2634 1895 contemptu
2676 1825 2966 1889 inhiantes,
2997 1836 3274 1882 moventes
3308 1827 3486 1896 capita
3514 1869 3528 1893 ,

1958 1899 2177 1955 infanda
2222 1898 2466 1952 iterando
2497 1896 2913 1966 congeminant,
2945 1904 2999 1949 et
3037 1912 3252 1966 omnem
3301 1913 3530 1966 sexum,

1956 1983 2280 2038 omnemque
2305 1975 2539 2033 aetatem,
2567 1965 2834 2038 totiusque
2861 1965 3060 2038 Christi
3086 1965 3295 2021 Domini
3317 1983 3533 2038 gregem

1957 2057 2064 2097 non
2089 2035 2342 2094 uniformi
2374 2038 2689 2102 subsannio,
2721 2035 2814 2091 sed
2841 2035 3060 2091 milleno
3085 2035 3534 2092 contumeliarum

1955 2111 2178 2168 infamia
2201 2109 2481 2179 impetunt,
2505 2117 2561 2179 et
2582 2107 2846 2163 derident.
2869 2105 3120 2176 Nunquid
3143 2123 3250 2162 non
3274 2108 3360 2162 isti
3407 2119 3535 2162 sunt

1998 2183 2048 2237 ui
2080 2178 2415 2236 Hierusalem
2459 2178 2813 2242 maledicunt,
2854 2186 2908 2232 et
2948 2192 3132 2232 muros
3172 2188 3372 2232 sanctae
3403 2179 3532 2233 Sion

1998 2200 2048 2237 UI
2083 2199 2415 2236 merusalem
2459 2199 2783 2234 Ιιιᾎιθυιαιιιιι
2798 2217 2813 2242 ,
2854 2199 2908 2232 ει
2948 2199 3132 2232 ιιιυΓυδ
3172 2199 3372 2232 saneta:
3403 2199 3532 2233 διοιι

1957 2199 2265 2315 destruunt,
2286 2259 2342 2304 et
2363 2249 2735 2305 succendunt?
2756 2248 2833 2303 De
2856 2248 3051 2318 quibus
3065 2247 3265 2302 dicitur
3289 2248 3343 2301 τι)
3367 2249 3536 2303 Μαιε-

1958 2323 2083 2377 dicti
2135 2337 2312 2376 omnes
2347 2323 2436 2390 qui
2477 2329 2723 2386 spernunt
2772 2329 2843 2390 te,
2872 2328 2922 2372 et
2950 2334 3124 2372 omnes
3166 2319 3259 2386 qui
3299 2319 3538 2388 blasphe-

1957 2403 2102 2448 mant
2126 2402 2194 2446 te.
2232 2390 2500 2445 Maledicti
2527 2406 2701 2444 omnes
2729 2389 2818 2461 qui
2849 2390 3124 2443 destruunt
3149 2405 3324 2443 muros
3367 2399 3483 2444 tuos
3518 2431 3534 2456 ,

1957 2475 2006 2518 et
2037 2461 2328 2533 omnesqui
2360 2462 2664 2533 subvertant
2691 2470 2860 2533 turres
2887 2471 3026 2523 tuas,
3049 2461 3397 2533 etomliesqui
3418 2477 3535 2533 suc-

1959 2534 2183 2588 cendunt
2207 2529 2548 2585 habitationes
2571 2540 2689 2584 tuas
2713 2529 2864 2599 (Tob.
2892 2545 3014 2594 xm,
3045 2529 3154 2599 l6).
3185 2529 3252 2583 Et
3273 2531 3398 2584 licet
3417 2532 3536 2585 haec

1959 2604 2142 2659 omnia
2167 2603 2234 2656 ab
2263 2601 2370 2656 illis
2395 2616 2492 2670 per
2525 2609 2891 2669 contemptum
2943 2599 3023 2653 vel
3065 2599 3414 2664 derisionem,
3449 2602 3528 2654 vel

1959 2674 2162 2738 odium,
2193 2679 2250 2725 ut
2276 2671 2530 2735 diximus,
2561 2670 2907 2740 impleantur,
2943 2678 3123 2723 tamen
3154 2672 3317 2723 etiam
3347 2686 3538 2724 carna-

1959 2742 2084 2798 liter
2111 2743 2164 2796 in
2192 2741 2554 2796 habitationes
2601 2740 2834 2804 Domini,
2885 2749 2940 2794 et
2979 2741 3030 2793 in
3071 2741 3364 2794 sanctuarii
3393 2741 3536 2795 aedes

1959 2813 2202 2883 quotidie
2240 2819 2646 2883 perpetrantur,
2683 2811 2808 2866 dum
2840 2811 3092 2883 Ecclesia:
3122 2809 3216 2864 Dei
3245 2811 3530 2864 destruun-

1961 2880 2069 2948 tur,
2098 2891 2152 2939 et
2182 2880 2402 2952 antiqua
2434 2881 2704 2937 soliditate
2735 2881 2932 2950 templa
2987 2880 3200 2934 tlrmata
3234 2890 3537 2938 terratenus

1962 2963 2331 3023 coaequantur.
2365 2972 2382 3004 ι

2035 3019 2112 3097 (9)
2136 3023 2395 3097 Cornibus
2431 3025 2587 3097 etiam
2614 3019 2996 3097 spoliata_._ﬂic
3024 3021 3296 3092 paulisper
3324 3033 3539 3094 Oportet

1963 3092 2290 3154 immutuari.
2332 3103 2391 3147 ut
2424 3094 2614 3150 melius
2642 3092 2786 3164 quid
2831 3094 2919 3148 hic
2966 3092 3085 3164 lege
3135 3092 3539 3151 cautumdicat

1963 3240 2052 3287 tus
2063 3239 2166 3286 est.
2193 3229 2363 3299 Hujus
2377 3231 2641 3301 originem
2662 3231 2822 3285 bullae
2849 3239 3226 3301 perscrutatus
3250 3232 3541 3300 perdoctus

1961 3303 2043 3357 vir
2071 3301 2308 3355 Marchio
2336 3301 2420 3355 del
2447 3301 2599 3356 Risco
2637 3302 2690 3355 in
2732 3302 2972 3372 ejusdem
3005 3302 3163 3355 bulhe
3195 3301 3430 3358 Historia
3464 3305 3542 3357 le-

1961 3373 2083 3443 gali,
2115 3371 2334 3443 nullum_
2362 3373 2562 3442 reperit
2589 3372 2703 3443 ejus
2747 3371 3087 3443 antiquitatis
3125 3374 3392 3443 vetustius
3424 3390 3541 3428 mo-

1959 3440 2275 3498 numentum
2305 3440 2549 3498 Romano
2573 3440 2944 3496 Cieremoniali
2976 3443 3146 3497 sancti
3175 3441 3422 3509 Gregorii
3467 3446 3536 3509 Χ,

1959 3515 2106 3570 edito
2135 3527 2165 3566 a
2189 3512 2395 3570 Joanne
2417 3512 2747 3577 Mabillonio,
2774 3521 2903 3567 tom.
2930 3511 2970 3566 ll
3003 3512 3182 3566 Musaei
3217 3511 3404 3569 Italici.
3433 3514 3539 3569 Vc-

1960 3600 2080 3639 rum
2117 3597 2214 3638 nos
2243 3583 2583 3652 attendentes
2607 3583 2864 3636 Alvarum
2891 3593 3076 3652 aperte.
3098 3583 3242 3651 loqui
3282 3584 3349 3638 de
3389 3601 3540 3639 more

1960 3670 2121 3726 quem
2145 3653 2326 3726 saltim
2354 3651 2861 3726 HispanaiEcelesia
2886 3651 3157 3726 servabat,
3177 3653 3351 3722 palam
3377 3664 3535 3726 quot-

1963 3723 2118 3779 annis
2143 3723 2396 3779 inimicos
2434 3723 2811 3787 maledicendi,
2843 3725 3267 3788 necobscurum,
3302 3740 3400 3778 nec
3421 3724 3539 3778 leve

1962 3794 2106 3850 illius
2131 3793 2288 3848 bullze
2327 3793 2735 3848 fundamentum
2761 3792 3212 3861 deprehendimus
3258 3795 3310 3847 in
3353 3794 3538 3861 hujus-

1963 3866 2105 3921 modi
2135 3865 2239 3918 ritu
2267 3863 2381 3934 sive
2415 3873 2632 3934 nostrai,
2673 3863 2787 3918 sive
2826 3863 3048 3918 alterius
3087 3863 3340 3918 Ecclesia:
3368 3866 3539 3934 parti-

1963 3935 2182 3998 eularis,
2225 3933 2369 3989 unde
2400 3933 2656 4004 Romana
2705 3949 2822 3989 eam
2861 3934 3201 4004 disciplinam
3246 3933 3537 4004 acceperit.

1963 4005 2088 4060 llzcc
2116 4004 2258 4058 enim
2286 4003 2544 4067 Ecclesia,
2575 4004 2820 4074 quamvis
2855 4003 3094 4060 omnium
3141 4015 3315 4059 mater
3342 4003 3396 4060 et
3429 4022 3542 4060 ma-

1964 4078 2144 4147 gistra
2165 4074 2255 4147 sit,
2296 4074 2526 4147 aliarum
2560 4075 2977 4147 consuetudines
3017 4091 3137 4145 qua;
3165 4076 3266 4130 sibi
3295 4092 3402 4130 non
3433 4077 3538 4132 im-

1964 4144 2268 4217 probabiles
2297 4145 2566 4217 videntur,
2591 4144 2840 4217 amplecti
2867 4162 2970 4200 non
3020 4144 3347 4217 dedignatur.
3403 4147 3537 4201 Nam

1965 4214 2026 4287 ut
2054 4217 2309 4287 praeclare
2340 4214 2632 4287 Gregorius
2655 4214 2902 4287 Magnus,
2931 4217 2992 4269 in
3019 4214 3189 4284 Epist.
3218 4216 3285 4272 12
3310 4216 3402 4272 lib.
3437 4235 3492 4273 ix
3521 4232 3537 4270 :

1966 4286 2024 4342 Si
2051 4284 2175 4356 quid
2219 4287 2358 4339 boni.
2403 4325 2416 4338 .
2455 4284 2475 4339 ῖ
2521 4325 2536 4339 .
2575 4284 3011 4356 ιιιιει·αξΕσι-ιεεὶα
3039 4287 3211 4352 liabet,
3242 4303 3332 4356 ego
3363 4297 3409 4341 et
3436 4289 3538 4342 nti-

1967 4355 2116 4411 nores
2143 4373 2305 4428 meos.
2346 4396 2358 4409 .
2403 4395 2419 4411 .
2462 4397 2475 4410 .
2501 4357 2569 4428 in_
2584 4355 2934 4428 bonopimitari
2957 4365 3172 4428 paratus
3199 4355 3335 4411 sum.
3360 4356 3542 4427 Neque

1966 4428 2108 4498 quod
2140 4427 2402 4498 inimicos
2439 4428 2508 4482 ab
2531 4426 2772 4481 Ecclesia
2801 4425 3044 4498 maledici
3090 4427 3288 4498 bonum
3333 4425 3543 4484 assera-

1968 4497 2110 4561 luus,
2137 4497 2418 4566 imperitus
2449 4498 2734 4566 quisquam
2779 4497 2931 4551 nobis
2965 4497 3297 4566 exprobrare
3327 4501 3540 4554 audeat.

1967 4569 2132 4639 Aliter
2160 4569 2320 4633 enim,
2344 4569 2561 4639 egregie
2589 4569 2726 4622 idem
2751 4567 3064 4639 mitissimus
3089 4568 3349 4637 pontifex,
3369 4569 3464 4624 lib.
3493 4585 3546 4624 ιν

1970 4638 2129 4704 Μοικ,
2159 4653 2308 4708 num.
2333 4636 2752 4708 2,'matedictuin
2778 4636 3042 4707 profertur
3061 4636 3266 4708 judicio
3296 4639 3542 4708 justititc,

1971 4709 2124 4765 aliter
2160 4707 2320 4761 livore
2345 4709 2653 4762 vindictae...
2688 4706 2819 4762 Cum
2860 4725 2975 4760 vero
3025 4706 3194 4761 sancti
3238 4706 3337 4762 viri
3386 4708 3546 4761 male-

1969 4779 2210 4834 dictionis
2235 4779 2545 4832 sententiam
2583 4777 2871 4848 proferunt,
2915 4794 3017 4831 non
3057 4779 3126 4832 ad
3167 4779 3304 4831 hanc
3345 4793 3409 4832 ea:
3434 4787 3547 4832 voto

1971 4849 2210 4914 ultionis,
2240 4850 2330 4903 sed
2353 4863 2418 4902 ea:
2431 4848 2656 4918 justitiw
2682 4847 2916 4918 examine
2937 4857 3234 4916 erumpunt,
3267 4857 3396 4913 etc.,
3425 4863 3544 4916 quae

1971 4920 2133 4990 digna
2159 4928 2284 4990 sunt
2310 4928 2368 4972 ut
2394 4917 2662 4990 legantur.
2679 4917 2798 4973 Jam
2823 4932 2948 4990 vero
2968 4933 3082 4990 qua
3097 4918 3182 4972 die
3213 4918 3266 4970 in
3291 4918 3547 4990 Hispania

1973 4988 2057 5047 hat
2086 4988 2493 5044 maledictiones
2526 4988 2735 5053 fierent,
2771 5003 2869 5044 nec
2904 4989 3156 5058 Eulogius
3195 5002 3294 5044 nec
3320 4988 3550 5042 Alvarus

1977 5075 2081 5116 nec
2127 5060 2266 5114 ullus
2319 5059 2458 5114 alius
2503 5074 2602 5115 nos
2653 5059 2860 5115 edocet.
2906 5058 3102 5123 Graeci,
3159 5066 3218 5111 ut
3260 5073 3327 5112 ex
3374 5059 3551 5113 verbis

1979 5131 2176 5186 Leonis
2218 5130 2421 5195 Allatii,
2464 5130 2630 5185 refert
2676 5129 2901 5184 Marten.
2955 5143 3072 5198 cap.
3114 5127 3188 5198 l9
3239 5126 3334 5182 lib.
3378 5143 3432 5183 iV
3485 5127 3551 5183 de

1977 5203 2160 5272 Antiq.
2182 5201 2386 5272 Eccles.
2403 5201 2594 5266 Ritib.,
2609 5202 2782 5270 prima
2803 5196 3077 5272 Dominica
3094 5196 3548 5272 Quadragesimm,

1978 5268 2153 5343 legunt
2200 5270 2532 5342 Synodicon,
2579 5268 2634 5325 in
2681 5287 2782 5343 quo
2828 5270 3050 5343 [itereses
3085 5277 3134 5322 et
3173 5269 3400 5323 hteretici
3447 5268 3554 5338 fere

1978 5339 2152 5397 omnes
2185 5339 2702 5398 anatltematizantur
2716 5359 2734 5404 ;
2760 5339 2938 5394 Latini
2961 5347 3162 5402 autem,
3211 5348 3270 5391 ut
3319 5354 3385 5393 ex
3413 5354 3548 5408 pra:-

1977 5413 2124 5483 dicto
2172 5409 2546 5468 Cieremoniali
2588 5410 2836 5483 Gregorii
2876 5408 3213 5483 X_co_i_ista_t,
3241 5408 3334 5483 _in_
3365 5409 3552 5483 diebus

1975 5481 2175 5547 Ctenae,
2203 5483 2568 5547 Ascensionis,
2602 5490 2656 5535 et
2678 5478 2733 5534 in
2757 5479 2895 5534 festo
2925 5478 3286 5534 Dedicationis
3321 5479 3556 5534 basilica:

1981 5553 2261 5608 duodecim
2302 5553 2663 5622 apostolorum
2712 5565 2804 5605 eas
2828 5549 3414 5622 excommunicationes
3455 5565 3554 5622 pu-

1981 5623 2270 5678 blicabant.
2314 5617 2673 5692 Quamobrem
2718 5622 2761 5676 si
2793 5621 2914 5690 quis
2957 5617 3310 5692 conjectando
3359 5617 3556 5692 dixerit

1983 5693 2161 5764 aliqua
2192 5690 2377 5764 exibis
2400 5695 2605 5764 diebus,
2651 5700 3013 5764 praeterquam
3060 5692 3113 5764 in
3140 5690 3304 5764 festo
3341 5691 3548 5764 dedica-

1987 5760 2168 5828 tionis,
2201 5763 2502 5833 hujusmodi
2537 5760 2700 5818 ritum
2729 5763 2867 5833 apud
2900 5777 2998 5817 nos
3025 5760 3286 5817 celebrari
3315 5762 3555 5826 solitum,

1988 5851 2093 5888 non
2126 5834 2562 5902 repugnahimus.

2971 5887 2988 5898 ’
3053 5926 3131 5985 as

3213 645 3405 700 poraa
3436 649 3526 688 sa.
3603 655 3606 662 -
