4094 6346
545 381 650 440 905

1777 369 1843 424 IN
1879 364 2262 425 EPISTOLAS
2297 367 2573 425 EULOGII

3699 367 3805 423 θοι

547 493 719 550 sancti
761 487 922 560 hujus
948 497 1164 560 pectore
1185 488 1359 558 qualis
1370 486 1544 560 divini
1571 486 1774 560 amoris
1803 485 1943 560 ignis
1964 501 2124 540 exar—
2147 488 2202 548 Α
2224 486 2592 560 etiameidem
2613 492 2699 540 est
2726 484 2779 560 i_u
2804 483 3094 560 arbitraria
3135 484 3399 540 divisione
3441 492 3568 560 post
3604 484 3808 560 bellum

547 565 814 627 desceret,
834 556 991 616 satis
1026 556 1332 614 ostendunt.
1368 557 1582 629 Flagrat
1610 557 1854 629 profecto
1877 556 1964 611 his
1990 572 2116 626 per-

545 635 702 689 lectis
726 625 848 702 pius
867 633 1102 702 animus,
1139 629 1234 702 sed
1256 643 1374 683 cum
1407 625 1489 702 de'
1506 625 2004 702 martyrisjlamma
2033 641 2122 681 ac-

547 697 773 759 censum
803 718 860 758 se
889 701 1088 765 videat,
1116 700 1288 769 majus
1316 697 1559 768 profecto
1588 697 1893 756 incendium
1915 712 1983 769 ex
2004 713 2124 751 ver-

547 773 738 829 borum
788 769 1158 843 hujuscemodi
1206 768 1323 843 face
1370 769 1525 843 subdi
1570 769 1673 843 sibi
1710 768 1980 843 persentit
2014 785 2028 822 :
2065 775 2124 822 ut

549 853 742 899 auctor
782 839 988 898 de'suo
1014 855 1236 913 prorsus
1262 840 1602 913 igne_ignem
1630 839 1685 892 in
1710 839 1974 913 lectorum
2003 854 2124 913 cor-

551 914 708 970 dibus
744 913 992 969 videatur
1017 907 1337 966 accendere.
1357 907 1503 965 ‘Esto
1523 924 1758 978 namque
1787 908 1963 977 tepide
1986 909 2124 964 alius

550 986 754 1055 absque
775 986 877 1040 hoc
899 980 1199 1055 devotionis
1229 980 1440 1055 fervore
1468 981 1570 1036 hoc
1592 980 1767 1049 ipsum
1794 993 2123 1055 commemo-

552 1049 732 1121 raret;
778 1069 866 1109 res
892 1053 1092 1108 eaedem
1121 1066 1243 1106 cum
1271 1053 1463 1120 {essent
1493 1091 1508 1113 ,
1545 1060 1726 1104 tamen
1756 1049 1960 1105 nullam
1986 1064 2124 1119 pene

552 1125 608 1182 in
637 1125 896 1181 lectorum
926 1131 1142 1193 pectore
1169 1121 1453 1193 scintillam
1487 1121 1806 1193 excitarent.

623 1194 699 1266 (2)
729 1189 1053 1266 Matutiuumb
1076 1202 1123 1246 et
1153 1192 1377 1266 Αῃιὶδδαιε
1419 1191 1756 1266 sacriﬁcium.
1801 1189 1914 1245 Non
1962 1190 2125 1246 facile

550 1261 1016 1338 possit‘quispiam
1041 1261 1376 1338 intelligere._
1394 1277 1500 1338 quo
1527 1269 1685 1332 pacto
1711 1263 2012 1338 incarcere
2043 1277 2128 1338 re:

555 1332 688 1391 trusi
713 1333 1005 1389 Christiani
1043 1333 1261 1388 missam
1298 1332 1595 1397 celebrare,
1640 1342 1730 1386 aut
1773 1332 1874 1402 ipsi
1915 1332 2126 1386 decenti

553 1407 674 1460 loco
719 1413 775 1460 et
815 1412 1076 1474 apparatu
1117 1413 1356 1473 possent,
1401 1412 1492 1458 aut
1517 1403 1586 1457 ab
1609 1402 1790 1474 impiis
1816 1403 2128 1474 custodibus

553 1473 878 1530 sinerentur.
903 1473 1158 1529 Horarias
1179 1489 1369 1544 preces
1395 1473 1634 1544 solemni,
1663 1489 1811 1528 more
1857 1473 2126 1528 submissa

552 1561 684 1602 voce
729 1546 1055 1600 concinuere
1098 1543 1246 1600 certe
1298 1555 1538 1614 potuere.
1592 1543 1791 1598 Verum
1851 1544 2128 1614 enimvero

555 1618 694 1672 Deus
721 1615 958 1686 optimus
994 1616 1261 1669 maximus
1287 1613 1388 1685 pia:
1431 1630 1652 1670 suorum
1708 1613 1981 1680 devotioni
2023 1629 2126 1686 non

552 1684 772 1751 deerat;
787 1695 842 1740 et
862 1701 969 1755 quo
997 1693 1156 1754 pacto
1178 1684 1448 1741 conSolari.
1471 1686 1678 1755 seipsos
1707 1693 1764 1755 et
1791 1699 2004 1739 armare
2049 1684 2130 1737 di-

551 1757 660 1810 vini
691 1754 1012 1811 sacramenti
1059 1757 1402 1826 perceptione
1426 1764 1664 1826 possent,
1714 1754 1978 1826 benignus
2007 1769 2129 1823 pro-

2223 555 2366 610 inter
2393 556 2588 612 fratres
2621 555 2955 611 conﬁrmata.
2993 557 3261 611 Auctores
3295 570 3365 610 ex
3408 555 3652 625 antiquis
3687 567 3812 612 sunt

2223 627 2466 697 Rhegino
2488 627 2840 690 Prumiensis,
2867 637 2918 682 et
2947 626 3244 697 'Annonius
3270 625 3560 697 annalium
3581 626 3813 697 scripto-

2223 695 2528 754 res—Unde
2575 698 2778 752 Paulus
2816 697 3069 753 ZEmilius
3115 696 3485 768 etiltobertus
3531 695 3813 768 Gaguinus

2223 769 2592 850 desumpsere.
2605 768 2942 850 .Wolfangus
2956 783 3143 850 Apoer
3152 767 3366 850 .L'azius
3401 766 3510 850 lib;
3546 766 3642 822 de_

2227 839 2362 910 tium
2406 837 2815 910 migrationibus
2851 837 3083 910 septimo
3112 837 3404 910 diplomata
3440 839 3607 893 etiam
3653 838 3814 906 hujus

2225 909 2509 992 Ludovici:
2524 911 2667 992 regis
2711 909 2951 992 adducit,
2980 924 3102 992 qua:
3129 924 3225 990 per
3267 909 3432 964 hosce
3460 923 3637 964 annos
3677 924 3810 992 eon-

2225 995 2378 1051 cessa
2407 979 2516 1051 sint
2545 997 2557 1033 :
2593 978 2646 1034 in
2677 980 2880 1051 quibus
2899 994 2957 1034 se
2984 978 3248 1051 Bajoariaa
3271 994 3456 1051 regem
3495 978 3810 1049 compellat.

2226 1051 2349 1106 Ideo
2370 1048 2830 1122 Bajoariaeregem
2868 1049 3010 1106 hunc
3038 1048 3192 1105 divus
3212 1048 3475 1122 Eulogius
3502 1048 3689 1122 vocat.
3719 1051 3816 1122 Est

2228 1131 2408 1174 autem
2437 1120 2680 1191 Bajoaria
2703 1120 3014 1191 corruptum
3053 1135 3270 1185 nomen,
3306 1120 3414 1190 quo
3450 1121 3660 1191 Paulus
3703 1121 3815 1175 dia-

2228 1206 2396 1245 conus
2445 1189 2522 1261 et‘
2559 1190 2738 1245 cmteri
2786 1189 2912 1246 inde
2960 1191 3254 1261 scriptores
3301 1189 3550 1246 utuntur.
3609 1189 3812 1246 Verum

2229 1277 2424 1332 nomen
2451 1260 2672 1332 Bojaria
2693 1267 2786 1332 est
2819 1277 2848 1314 a
2885 1262 3028 1331 Boiis
3059 1260 3287 1332 populis,
3315 1263 3405 1331 qui
3447 1261 3514 1315 ad
3550 1261 3814 1316 Noricum

2230 1331 2284 1385 in
2309 1331 2949 1404 Germania_babitarunt,
2973 1331 3225 1404 queram,
3243 1333 3444 1404 Caesar
3463 1333 3608 1388 libro
3637 1334 3816 1404 primo

2229 1410 2284 1472 et
2309 1402 2556 1471 septimo,
2587 1401 2795 1458 Plinius
2827 1402 2919 1456 lib.
2947 1401 3029 1467 ni,
3060 1418 3181 1472 cap.
3204 1402 3275 1457 24
3295 1412 3352 1458 et
3378 1402 3505 1457 alibi
3538 1401 3815 1458 meminit.

2229 1471 2362 1542 Eam
2391 1473 2502 1527 suis
2544 1471 2741 1542 ﬁnibus
2775 1473 3013 1542 undique
3055 1471 3260 1528 cltisam
3311 1473 3570 1528 describit
3617 1472 3820 1527 Paulus

2231 1541 2499 1614 Diacon_us
2519 1541 2816 1598 lib.Rernm
2830 1541 3356 1614 Langobardicarum
3373 1544 3554 1614 tertio,
3579 1560 3710 1614 cap.
3726 1543 3814 1614 29.

2303 1613 2380 1684 (4)
2413 1611 2480 1667 Et
2511 1615 2757 1681 funeroso
2799 1611 3063 1684 quondam
3113 1613 3423 1668 Wililtelmi.
3465 1613 3615 1668 Nihil
3651 1611 3818 1684 prius

2232 1684 2285 1739 in
2338 1683 2448 1754 hac
2482 1683 2705 1753 epistola
2758 1683 2920 1754 quam
2970 1685 3139 1739 series
3193 1694 3512 1754 temporum,
3567 1694 3626 1739 et
3681 1685 3818 1738 ratio

2232 1753 2591 1825 chronologite
2654 1761 2737 1808 est
2782 1753 3128 1825 ’atteudcnda.
3191 1753 3328 1810 Hinc
3381 1755 3526 1810 enim
3578 1763 3636 1810 et
3685 1754 3818 1808 nihil

552 1826 771 1899 videbat
791 1839 840 1880 α.
866 1826 1000 1880 Nam
1040 1824 1486 1899 ih_Documentoi
1508 1827 1752 1899 martyrii
1800 1824 1958 1899 plane
1993 1825 2128 1899 dixit
2158 1839 2206 1899 Β
2233 1825 2438 1880 discors
2472 1824 2748 1899 apparebit
2777 1824 3134 1899 in_Call0rum
3162 1826 3414 1899 bistoria,
3435 1827 3586 1896 quod
3609 1825 3818 1899 alioqui

554 1896 805 1952 horarias
833 1911 1024 1967 preces
1069 1897 1407 1967 Christianos
1450 1897 1706 1952 Eoolesiae
1753 1898 2030 1952 ministros
2075 1897 2127 1950 in

553 1983 772 2024 carcere
803 1966 1006 2037 positos
1037 1968 1224 2024 solitos
1249 1966 1418 2022 fuisse
1446 1968 1754 2023 decantare.

685 2101 739 2139 IN
776 2097 1074 2139 ειδιϐτοωιι
1109 2099 1178 2137 AD
1215 2097 1505 2138 EPISCOPUI
1544 2095 2000 2138 PAIPILONENSEII.

624 2176 700 2246 (l)
734 2174 1154 2246 Pampilonensis
1183 2175 1321 2228 sedis
1363 2174 1639 2246 εξρὶιςλερρο.Δ
1676 2170 2128 2246 Veruni__no_men

553 2242 705 2302 urbis
735 2255 820 2300 est
847 2242 1122 2316 Pompelo,
1150 2255 1205 2316 ut
1228 2253 1310 2298 est
1337 2242 1477 2312 apud
1502 2242 1846 2306 Strabonem,
1872 2242 2128 2316 Plinium,

551 2325 609 2372 et
634 2312 1000 2372 Ptolomazum:
1047 2315 1308 2370 Paulatim
1336 2322 1515 2367 autem
1547 2323 1859 2381 corruptum
1893 2313 1945 2365 in
1974 2312 2131 2365 Pam-

551 2388 791 2458 pilonam
823 2386 956 2458 fuit;
981 2401 1080 2440 nos
1117 2385 1340 2456 Hispani
1367 2385 1672 2458 corruptius
1697 2384 1876 2458 adhuc
1898 2381 2129 2458 proferi-

467 2471 480 2482 '
554 2452 678 2538 inus
698 2455 1017 2538 Pamplqna.
1042 2458 1137 2512 Est
1156 2452 1337 2538 autem
1367 2455 1498 2509 urbs
1533 2452 1592 2508 in
1627 2452 1966 2538 vasconibus
2003 2453 2128 2534 llis-

554 2529 711 2598 panis
737 2524 1034 2598 notissima,
1068 2527 1220 2597 regni
1247 2526 1694 2598 Nava‘rraecaput
1728 2533 1784 2578 et
1826 2539 1933 2598 arx_
1958 2524 2134 2598 muni-

554 2593 785 2654 tissima.
837 2597 1052 2663 Strabo,
1093 2593 1339 2667 quamvis
1388 2595 1444 2649 id
1483 2593 1642 2667 plane
1686 2610 1808 2667 non_
1830 2593 2130 2667 scripserit,

553 2669 688 2724 satis
712 2677 897 2738 aperte
921 2678 1100 2723 tamen
1112 2663 1192 2723 'ab
1212 2666 1477 2738 Pompeio
1484 2663 1761 2738 conditam
1782 2663 1952 2738 fuisse
1980 2663 2130 2728 dicit,

553 2735 821 2810 siquidem
843 2739 1246 2810 Pompelonem,
1268 2735 1423 2810 quasi
1451 2735 1896 2810 Pompeiopolim,
1925 2735 2027 2810 hoc
2050 2743 2134 2790 est

554 2805 796 2880 Pompeii
839 2805 1112 2880 civitatem
1159 2805 1357 2880 dictam
1393 2805 1686 2880 docetht
1713 2821 1908 2862 nomen
1960 2805 2133 2876 ipsum

551 2878 707 2936 urbis
727 2895 883 2951 suum
907 2879 1147 2951 profecto
1171 2878 1336 2934 refert
1355 2878 1708 2951 conditorem.

625 2951 702 3021 (2)
735 2949 876 3006 Olim
908 2947 1216 3005 beatissime
1243 2949 1716 3021 ipapa._Quautum
1745 2947 1964 3021 e._v__h_is,
2015 2962 2136 3016 qua:

552 3017 713 3092 paulo
757 3028 880 3092 post
919 3029 1186 3092 memorat
1226 3017 1380 3092 divus
1419 3019 1692 3092 Eulogius,
1719 3017 2132 3092 co_lligi_po§est;

553 3087 778 3171 apparet
801 3091 942 3144 hanc
968 3091 1094 3171 ejus
1126 3087 1616 3171 peregrinationem
1661 3090 1729 3171 in
1759 3087 1937 3171 Caroli
1984 3087 2135 3143 Calvi

557 3159 702 3230 regis
724 3159 1055 3215 Francorum
1083 3159 1235 3230 initia
1267 3159 1535 3230 incidisse.
1562 3159 1744 3230 Coepit
1768 3168 1968 3230 autem,
1989 3174 2132 3230 mor-

556 3228 650 3284 tuo
675 3240 829 3301 patre
851 3230 1177 3301 imperatore
1197 3228 1488 3301 Ludovico,
1524 3228 1749 3299 regnare
1775 3229 1863 3301 hic
1908 3228 2133 3301 Carolus

559 3299 703 3354 anno
729 3299 943 3370 Domini
987 3299 1434 3370 octingentesimo
1486 3299 1924 3370 quadragesimo,
1977 3306 2035 3352 ut
2078 3299 2132 3352 in

556 3371 751 3439 priscis
771 3369 1005 3424 Annonii
1031 3368 1312 3439 annalibus
1334 3368 1576 3424 habetur.
1591 3368 1785 3439 Decem
1799 3368 1961 3437 igitur
1982 3377 2134 3436 post-

556 3438 621 3510 ea
669 3440 848 3504 annis,
879 3450 972 3495 aut
998 3438 1481 3510 paulomiuushaac
1517 3438 1744 3510 epistola
1775 3439 2046 3510 scribitur,
2078 3447 2137 3510 ut

557 3509 613 3563 in
640 3511 747 3566 ﬁne
770 3508 1010 3576 notatur,
1036 3520 1091 3566 et
1119 3509 1172 3564 in
1202 3508 1465 3563 Nunilone
1489 3519 1543 3563 et
1570 3508 1760 3563 Alodia
1789 3522 1890 3561 nos
1930 3508 2137 3575 disqui-

559 3581 802 3637 sivimus.
839 3582 988 3638 Unde
1025 3596 1130 3636 non
1153 3580 1424 3634 immerito
1453 3579 1577 3632 olim
1618 3578 1790 3648 potuit
1819 3577 1907 3631 hic
1926 3579 2135 3648 dicere,

558 3660 613 3705 et
641 3653 906 3722 quondam
946 3653 1109 3722 etiam
1141 3649 1300 3722 paulo
1326 3665 1452 3704 mox
1482 3647 1641 3704 dicet.
1683 3649 1759 3704 De
1791 3647 2009 3703 nomine
2045 3663 2138 3703 au-

559 3721 664 3777 tem
691 3739 841 3792 papae
855 3731 999 3778 retro
1021 3721 1135 3792 jam
1171 3721 1422 3792 diximus.

631 3790 707 3862 (ὅ)
736 3790 1059 3848 Ludovicum
1091 3807 1280 3862 regem.
1303 3790 1613 3862 Praapositai
1638 3791 1705 3845 ad
1741 3791 1884 3846 hunc
1919 3791 2136 3854 modum

558 3863 888 3933 aspiratione
917 3861 1176 3933 scriptum
1206 3861 1307 3916 fuit
1328 3863 1382 3916 in
1408 3861 1722 3932 exemplari.
1756 3863 2139 3933 Quamlectio-

556 3932 679 3987 nem
696 3949 764 3988 ex
788 3932 1406 4002 antiquis’monumentis
1421 3933 1620 4001 ubique
1642 3933 1886 4002 sequitur
1906 3932 1966 3986 F.
1997 3932 2140 3988 Onu-

559 4002 694 4058 frius
718 4003 1034 4058 Panvinius.
1066 4003 1299 4058 Necesse
1327 4010 1412 4056 est
1447 4011 1625 4056 autem
1673 4004 1761 4057 hic
1806 4003 2138 4058 Ludovicum

561 4071 816 4128 Ludovici
843 4073 928 4128 Pii
954 4073 1294 4143 imperatoris
1324 4072 1490 4127 ﬁlium
1521 4072 1695 4143 Caroli
1725 4073 1874 4127 Calvi
1900 4072 2138 4128 Franco-

559 4157 681 4214 rum
710 4144 852 4214 regis
873 4142 1096 4199 fratrem
1127 4143 1413 4198 nominari.
1438 4143 1517 4214 llli
1549 4142 1693 4214 enim
1722 4144 1958 4198 moriens
1989 4152 2143 4214 pater

561 4211 912 4268 Germaniam
954 4214 1299 4269 hereditario
1336 4213 1554 4268 nomine
1595 4213 1834 4282 reliquit,
1867 4223 1922 4268 et
1951 4211 2140 4284 postea

638 4357 664 4385 ει
701 4343 841 4410 Quia
861 4345 1053 4416 aetertti
1081 4346 1137 4400 in
1175 4345 1470 4416 carceribus
1508 4345 1826 4416 confessores
1857 4346 1954 4416 (ait
1992 4356 2142 4403 recte

564 4415 770 4486 Marten
813 4417 879 4470 de
893 4415 1076 4485 Antiq.
1101 4415 1354 4472 Ecclesia:
1370 4415 1646 4479 ritib.,lib.
1671 4431 1708 4478 ι,
1734 4431 1852 4486 cap.
1870 4415 1923 4486 5,
1942 4427 2046 4473 art.
2061 4419 2138 4486 5),

562 4485 755 4556 diuinis
783 4486 1102 4556 participare
1131 4485 1388 4556 mysteriis
1417 4501 1524 4538 una
1551 4501 1670 4538 cum
1709 4485 1827 4540 aliis
1856 4485 2051 4543 Christi
2077 4485 2141 4556 ﬁ-

2160 3200 2207 3263 C

2232 1903 2444 1964 poterat
2489 1895 2744 1950 le'ctorem
2800 1895 3108 1966 diligentem
3167 1894 3556 1966 interturbare.
3609 1894 3822 1950 Rursus

2231 1967 2394 2021 etiam
2419 1974 2567 2021 recte
2596 1967 2698 2022 sibi
2733 1965 2982 2021 constare
3021 1967 3202 2021 divum
3243 1965 3551 2036 Eulogium,
3583 1982 3694 2021 nec
3719 1967 3822 2021 dis-

2231 2052 2462 2104 crepans
2489 2037 2767 2106 quippiam
2823 2052 3076 2091 narrasse
3110 2037 3427 2106 apparebit:
3459 2053 3590 2092 cum
3633 2049 3818 2093 tamen

2232 2109 2336 2162 nisi
2363 2115 2602 2177 tempora
2642 2122 2765 2161 cum
2808 2109 2970 2162 rebus
2996 2107 3164 2177 gestis
3208 2107 3284 2160 ita
3315 2106 3712 2173 dilucidentur,
3747 2109 3819 2162 die

2231 2193 2449 2234 versum
2484 2177 2740 2249 quiddam
2782 2186 2838 2249 et
2874 2191 3177 2247 repugnans
3220 2185 3440 2232 sanctus
3479 2187 3698 2249 martyr
3741 2194 3822 2233 re-

2231 2263 2456 2304 censere
2496 2248 2762 2302 videatur.
2789 2247 3112 2318 Temporum
3135 2256 3314 2302 autem
3348 2257 3402 2303 et
3423 2265 3610 2304 rerum
3630 2247 3821 2316 gesta-

2231 2336 2354 2374 rum
2386 2318 2581 2373 seriem
2606 2333 2674 2373 ex
2719 2319 2804 2374 his
2842 2319 3178 2389 potissimum
3213 2319 3495 2389 annalibus
3535 2319 3818 2374 Gallorum

2232 2390 2595 2462 desumemus,
2644 2390 2736 2462 qui
2786 2388 3060 2445 suntcum
3085 2389 3214 2462 _v_ita
3249 2388 3427 2445 Caroli
3474 2389 3661 2462 Magni
3680 2389 3820 2457 jam—-

2231 2462 2441 2530 pridem
2504 2459 2742 2515 Coloniae
2798 2461 3035 2515 excussi.
3085 2459 3303 2515 illorum
3362 2459 3590 2516 auctor'
3620 2476 3820 2515 nomen

2233 2547 2390 2586 suum
2420 2545 2525 2584 non
2556 2530 2825 2600 prodidit:
2857 2531 2989 2586 satis
3019 2539 3196 2601 autem
3225 2539 3467 2601 apparet,
3491 2533 3577 2586 sui
3613 2542 3823 2601 tempo-

2235 2604 2310 2658 ris
2333 2603 2614 2657 historiam
2645 2601 2926 2672 texuisse:
2958 2617 3064 2670 quo
3091 2600 3261 2671 pluris
3299 2600 3384 2656 est
3430 2601 3550 2672 ejus
3593 2600 3744 2656 ﬁdes
3768 2610 3820 2656 et

2235 2673 2530 2726 auctoritas
2572 2671 2932 2743 facienda.dls
2957 2672 3142 2743 igitur
3184 2686 3324 2743 anno
3361 2672 3823 2743 octingentesimo

2235 2743 2492 2814 vigesimo
2520 2742 2748 2812 septimo
2769 2743 2833 2796 de
2855 2741 3146 2814 Ludovico.
3182 2759 3201 2791 ι
3234 2741 3542 2814 imperator
3588 2743 3819 2812 Helysa-

2235 2812 2454 2869 ch'arem
2481 2814 2856 2884 presbyterum
2892 2821 2947 2867 et
2972 2812 3218 2884 abbatem
3245 2813 3278 2852 1)
3301 2822 3508 2884 etcum
3537 2830 3610 2870 eo
3638 2814 3822 2868 Hilde-

2237 2885 2502 2940 brandum
2535 2883 2696 2952 atque
2739 2883 3005 2938 Donatum
3053 2883 3276 2939 comites
3306 2883 3386 2954 ad
3409 2893 3598 2940 motus
3637 2885 3824 2954 Hispa-

2236 2955 2372 3008 nicae
2400 2954 2595 3008 Marcae
2622 2954 3018 3024 componendus
3063 2954 3249 3008 mittit.
3288 2953 3428 3008 Ante
3461 2971 3706 3024 quorum
3733 2953 3824 3011 ad-

2237 3034 2458 3079 ventum
2501 3025 2635 3078 Aizo
2679 3023 3099 3079 Sarracenorum
3145 3024 3343 3078 auxilio
3389 3023 3600 3092 fretus,
3654 3027 3822 3080 multa

2237 3093 2476 3167 ejusdem
2505 3095 2697 3167 limitis
2747 3093 3324 3167 custodibusadversa
3359 3095 3544 3151 intulit
3570 3138 3587 3162 ,
3623 3113 3826 3167 eosque

2238 3165 2470 3221 assiduis
2502 3163 2896 3236 incursionibus
2939 3165 3080 3236 adeo'
3100 3163 3364 3236 fatigavit,
3410 3169 3471 3219 'ut
3511 3163 3757 3236 quidam
3772 3168 3831 3221 il-

2240 3236 2412 3290 lorum
2443 3235 2665 3300 relictis,
2691 3250 2812 3305 qua:
2832 3235 2970 3289 tueri
2998 3235 3284 3302 debebant,
3330 3235 3574 3293 castellis
3610 3238 3827 3293 recede-

2241 3316 2378 3361 rent.
2417 3306 2622 3362 Defecit
2661 3307 2729 3360 ad
2768 3320 2892 3360 eum
2923 3305 3063 3361 ﬁlius
3099 3305 3325 3362 Berouis
3371 3310 3596 3364 nomine
3634 3307 3826 3364 Wilie-

2240 3378 2490 3450 mundus,
2515 3385 2570 3432 et
2593 3375 2684 3450 alii
2717 3375 3022 3450 complures
3037 3391 3314 3450 novarum
3329 3392 3512 3450 rerum
3559 3379 3828 3450 gentilan

2241 3447 2460 3502 levitate
2487 3445 2662 3517 cupidi
2695 3445 3000 3514 :junctique
3031 3446 3370 3514 Sarracenis,
3408 3445 3752 3504 Ceritaniam
3780 3458 3832 3504 et

2240 3517 2544 3588 Yallensem
2583 3517 2784 3588 rapinis
2824 3527 2986 3586 atque
3013 3517 3280 3572 incendiis
3308 3520 3551 3588 quotidie
3601 3519 3831 3576 infesta-

2240 3587 2390 3642 bant.
2421 3587 2661 3656 Cumque
2691 3588 2757 3642 ad
2785 3588 3052 3650 sedandos
3073 3604 3136 3644 ac
3171 3587 3498 3656 mitigandos
3525 3589 3830 3646 Gothorum

2241 3665 2401 3728 atque
2423 3657 2784 3728 Hispanorum
2809 3659 2862 3713 in
2886 3657 2991 3712 illis
3015 3658 3212 3714 ﬁnibus
3233 3657 3596 3717 habitantium
3622 3663 3835 3718 animos

2241 3727 2558 3801 Helisaeha’r
2598 3728 2782 3801 abbas
2803 3744 2926 3801 cum
2973 3729 3094 3784 aliis
3137 3730 3205 3785 ab
3251 3731 3587 3801 imperatore
3628 3733 3834 3793 missis.

2241 3799 2410 3874 multa
2441 3799 2738 3874 etpropria
2769 3798 3034 3874 industria
3063 3808 3120 3855 et
3148 3798 3420 3874 sociorum
3445 3804 3684 3858 consilio
3710 3820 3836 3874 pru-

2241 3869 2432 3924 denter
2461 3870 2905 3942 administraret:
2929 3870 3237 3926 Bernardus
3261 3888 3480 3942 quoque
3512 3869 3838 3928 Barcinoua'.

2241 3954 2424 3994 comes
2448 3940 2684 4013 Ayaonis
2709 3940 2951 4013 insidiis,‘
2975 3950 3029 3996 et
3055 3957 3263 4013 eorum,
3283 3940 3405 4013 qui
3425 3946 3493 3999 ad
3525 3959 3656 4000 eum
3687 3945 3834 3999 defe-

2242 4019 2431 4064 cerant
2455 4010 2759 4076 calliditati,
2809 4026 2873 4065 ac
2922 4011 3279 4068 fraudulentis
3311 4010 3836 4070 machinationibus

2241 4080 2674 4150 pertinacissime
2721 4081 3018 4152 resisteret,
3059 4093 3221 4152 atque
3273 4099 3460 4140 eorum
3510 4085 3836 4141 temerarios

2242 4151 2688 4226 conatus__irri_tos
2727 4151 3002 4226 ediceret;
3042 4151 3312 4226 exercitus
3335 4171 3368 4210 a
3405 4170 3537 4226 rege
3569 4155 3836 4211 Sarrace-

2242 4235 2437 4276 norum
2461 4220 2944 4294 Habdarraghman
2988 4225 3055 4280 ad
3093 4225 3351 4280 auxilium
3390 4220 3608 4297 Ay'zoni
3649 4227 3834 4283 feten-

2241 4355 2464 4430 missam
2489 4355 2793 4430 agentibus,
2819 4371 3048 4430 quorum
3074 4358 3320 4428 exemplo
3355 4357 3621 4430 Eulogius
3651 4370 3834 4429 utpote

2243 4426 2422 4498 omnis
2443 4427 2826 4498 ecclesiastica:
2853 4429 3147 4498 disciplina:
3171 4426 3597 4485 callentissiuius
3617 4426 3833 4486 missale

2246 4495 2785 4568 sacriﬁcium,_sicuti
2833 4498 2931 4564 ait,
2973 4495 3039 4553 ad
3081 4500 3340 4554 honorem
3364 4509 3421 4554 et
3450 4499 3684 4568 gloriam
3713 4518 3832 4556 san-

566 4552 1072 4636 deli-bus'nequ'ib'aut
1095 4571 1112 4608 :
1144 4552 1206 4609 ne
1239 4563 1631 4636 tantunmunere.
1655 4573 1716 4609 ac
1739 4558 1930 4636 gaudio
1969 4552 2141 4628 priva-
2167 4554 2219 4614 Ι)
2246 4575 2456 4620 ctarttm
2493 4552 2759 4636 virginum
2774 4552 2947 4624 Flora:
2973 4552 3027 4624 et
3056 4552 3239 4624 Mariae

565 4625 770 4697 rentur,
790 4623 1249 4697 ponti/immersi
1290 4623 1658 4697 sollicitudinis
1701 4623 2134 4697 presbyteros..."

563 4696 639 4749 eis
668 4695 964 4759 immittere,
987 4695 1076 4764 qui
1105 4695 1160 4748 iu
1183 4695 1474 4748 carceribus
1500 4696 1624 4764 ipsis
1659 4695 1930 4752 immolata
1953 4697 2139 4753 salutis

565 4773 759 4835 uostrrr
803 4764 973 4835 hostia
1007 4803 1020 4828 ,
1069 4764 1284 4835 caelesti
1319 4765 1547 4818 convivio
1591 4783 1676 4820 eos
1743 4768 2136 4835 reﬁciebant....

567 4833 795 4907 Quando
839 4833 984 4907 υιέρόΔ
1013 4835 1118 4907 ipsi
1160 4834 1478 4907 confessores
1529 4847 1674 4907 erant
1719 4833 2002 4907 presbyteri
2047 4849 2140 4893 aut

565 4903 986 4976 pon_tiﬁces,_ipsi
1022 4903 1119 4976 sibi
1148 4903 1366 4976 aliisque
1407 4907 1461 4958 iu
1489 4905 1694 4959 vincula
1720 4903 1978 4976 conjectis
2011 4909 2142 4963 cele-

567 4973 806 5048 braba_nt_.
865 4973 996 5048 Post
1043 4975 1157 5030 haec
1199 4973 1504 5048 _Martenius
1534 5046 1541 5048 _
1570 4975 1785 5048 subjicit
1828 4973 2140 5048 exemplum

567 5045 738 5118 sancti
780 5044 1024 5118 Luciani,
1072 5045 1374 5118 presbyteri
1421 5046 1738 5101 Antioclteni
1767 5056 1820 5101 et
1867 5044 2142 5118 martyris,

566 5115 671 5188 qui
690 5115 826 5188 testo
843 5114 1167 5188 Epiphania;
1187 5114 1385 5170 dicitur
1411 5131 1574 5188 supra
1613 5125 1800 5185 pectus
1837 5114 2022 5183 suum,
2059 5120 2140 5172 al-

569 5184 675 5238 tari
701 5184 1003 5258 deﬁcieiité,
1027 5187 1471 5258 sacragmysteria
1509 5187 1562 5240 in
1591 5184 1810 5258 carcere
1849 5191 2141 5258 peregisse,

566 5269 691 5308 cum
723 5254 836 5324 ipse
855 5254 1062 5324 jaceret
1089 5254 1334 5326 supinus,
1377 5265 1434 5310 et
1467 5258 1540 5311 ita
1578 5254 1889 5312 vulneribus
1927 5254 2144 5314 atiritus

566 5333 744 5396 esset,
766 5334 824 5380 ut
845 5327 932 5380 vix
961 5337 1145 5396 posset
1163 5326 1384 5381 moveri.
1410 5326 1670 5392 Quoniam
1695 5341 1824 5381 vero
1845 5343 1943 5383 nec
1980 5329 2146 5384 Euse-

566 5393 689 5468 bius
713 5393 1214 5468 Caesariensistnec
1253 5397 1420 5451 sancti
1461 5397 1651 5450 Patres
1692 5395 2051 5468 Hieronymus
2092 5408 2146 5456 et

564 5462 984 5532 Chrysostomus
1024 5465 1182 5534 hujus
1223 5468 1299 5523 rei
1336 5468 1653 5532 meminere,
1684 5483 1806 5521 cum
1853 5462 1918 5524 de
1955 5481 2146 5526 sancto

565 5535 1211 5614 martyredoquerentur,
1255 5537 1558 5614 praesertim
1575 5538 2019 5614 Chrysostomus,
2053 5543 2146 5614 qui

566 5606 686 5682 ejus
715 5606 896 5682 laudes
922 5606 1410 5682 egregio__enc01nio
1429 5606 1749 5674 celebravit;
1778 5610 1920 5666 haud
1951 5606 2147 5682 injuria

569 5671 946 5730 'l‘illemontius
958 5671 1013 5730 Et
1038 5671 1318 5732 Ceillerius
1340 5692 1460 5732 eam
1490 5671 1814 5733 revocarunt
1834 5683 1886 5735 in
1903 5671 2143 5737 dubium.

571 5740 1113 5829 Dthutdsiucertum
1155 5756 1258 5828 est.
1288 5749 1440 5829 quod.
1478 5747 1771 5829 Martenius
1803 5753 2036 5829 astrusit
2079 5753 2147 5808 de

570 5813 902 5882 presbyteris
927 5823 983 5868 et
1027 5813 1368 5885 episcopisin
1391 5819 1606 5874 vincula
1643 5819 1924 5888 conjectis,
1967 5823 2146 5894 ibique

2244 4638 2340 4700 vit,
2372 4646 2494 4706 post
2535 4638 2900 4711 vespertinum
2939 4641 3368 4709 matutinumque
3411 4651 3702 4711 peractum
3732 4659 3748 4694 :
3781 4642 3830 4694 id

2242 4716 2346 4770 est,
2380 4715 2439 4758 ut
2475 4721 2573 4762 nos
2597 4707 2884 4772 credimus,
2924 4719 3210 4780 postquam
3235 4707 3617 4766 sanctissimus
3641 4713 3831 4766 doctor

2241 4791 2498 4846 vesperas
2555 4785 2611 4831 et
2661 4781 2984 4854 matutinum
3028 4781 3363 4854 persolvcrat
3416 4801 3430 4836 :
3491 4783 3830 4854 proindeque

2243 4861 2456 4923 summo
2479 4861 2640 4923 mane
2677 4864 2891 4904 sacrum
2943 4850 3072 4923 fecit
3117 4851 3172 4905 iu
3220 4850 3826 4923 honorem’virginum.

2243 4916 2643 5004 lianemi‘ssam
2668 4932 2787 5004 qua:
2813 4921 3075 5004 matutina
3114 4922 3427 5004 vocabatur,
3455 4916 3662 5004 puriter
3698 4922 3828 5004 alios

2243 4996 2511 5061 memorat
2553 4996 2774 5061 sanctus
2827 4989 3120 5061 Gregorius
3170 4989 3503 5048 Turonensis
3559 4993 3703 5050 libro
3763 4995 3824 5045 de

2241 5055 2442 5132 Gloria_
2474 5057 2864 5132 confessorum,
2907 5055 3027 5132 cap.
3077 5062 3167 5126 65,
3197 5063 3288 5118 ubi
3332 5062 3502 5118 refert
3541 5063 3823 5118 mulierem

2244 5128 2539 5204 quamdam
2558 5129 2736 5204 missas
2758 5128 3388 5204 matutiuzeinterfuisse,
3419 5134 3475 5188 in
3504 5149 3682 5204 eaque
3706 5149 3826 5204 per-

2246 5199 2456 5308 cepisse
2490 5197 2725 5281 divinam
2758 5199 3173 5281 Eucharistiam.

2380 5267 2678 5308 "nuneros-ss
2705 5279 2868 5308 nnnrh
2903 5271 3120 5308 "naui-n3
3143 5291 3173 5308 η

2371 5267 2680 5344 M_on_asterii
2702 5271 2870 5344 sa_n_cti
2895 5271 3120 5327 Maximi
3142 5290 3298 5344 prope
3329 5273 3590 5340 Treviros,
3627 5275 3716 5329 hic
3749 5275 3826 5328 in-

2248 5339 2464 5414 terserit
2482 5338 2684 5414 Pagius
2700 5341 2767 5414 ad
2786 5339 2984 5397 Barou.
3018 5338 3152 5398 anni
3171 5338 3294 5409 εἶτ,
3320 5360 3470 5399 num.
3497 5338 3582 5408 ﬂ,
3607 5345 3704 5414 qui
3729 5344 3827 5398 Pa-

2211 5463 2220 5468 ,
2247 5408 2367 5484 gius
2389 5409 2456 5484 ad
2486 5408 2629 5484 ann.
2661 5410 2786 5484 8M,
2831 5427 2978 5466 num.
3003 5413 3112 5484 _il,
3136 5408 3333 5470 iterum
3363 5415 3591 5484 loquitut
3626 5408 3701 5470 de
3729 5415 3828 5484 hac

2247 5479 2511 5534 Seditione
2566 5481 2861 5536 Aizoniana
2917 5498 2930 5535 :
2992 5481 3259 5537 Incertum
3299 5495 3399 5550 est,
3432 5479 3592 5540 idem
3645 5485 3724 5540 ait
3761 5483 3826 5537 ad

2248 5565 2377 5635 ann.
2409 5549 2533 5635 ξᾷϐ,
2563 5566 2715 5635 num:
2749 5550 2944 5635 7,.guis
2974 5551 3132 5635 fuerit
3159 5555 3243 5608 hic
3276 5549 3409 5635 Aizb
3429 5556 3736 5635 ,_nisinquod
3765 5570 3826 5607 es

2248 5620 2540 5708 annalibus
2564 5619 2918 5708 Fuldensibus
2952 5619 3212 5708 discimus
3238 5619 3543 5708 enumfiiisse
3565 5619 3822 5708 Gothum:

2248 5700 2296 5743 et
2330 5707 2393 5744 ea:
2423 5691 2573 5746 rebus
2620 5693 2748 5761 ipsis
2777 5702 2915 5764 patet
2945 5693 3094 5748 illum
3125 5691 3540 5764 familiaritatem
3585 5696 3825 5749 habuisse

2250 5776 2367 5841 cum
2393 5760 2596 5841 populis
2625 5761 3038 5841 Ausonensibus,
3070 5783 3104 5818 a
3124 5765 3329 5837 quibus,
3351 5768 3447 5823 etsi
3480 5775 3598 5822 astu
3631 5777 3825 5822 retera-

2251 5831 2384 5884 torio
2411 5831 2629 5897 delusis,
2659 5832 2816 5903 facile
2837 5845 3105 5903 susceptus
3128 5831 3224 5891 est.
