4094 6346
275 343 386 406 913
1257 345 1548 404 EDITIONI
1593 347 1804 402 ΑΜΒΚ.
1847 345 2146 406 MOBALIS
2182 345 2552 406 PRIEFIXA‘J.

273 467 538 586 Pmterea
570 459 636 542 de
663 463 1010 546 martyribus,
1035 461 1287 546 martyrii.
1305 463 1494 546 doctor
1517 461 1584 516 dc
1613 461 1850 532 discipu-
1877 465 1926 526 Α
1955 463 2102 519 nullo
2131 473 2308 518 tamen
2344 464 2524 520 minus
2557 457 3072 548 cogitabamrfl‘anti
3097 461 3258 546 igitur
3283 451 3524 548 thesauri

299 547 344 588 IS
373 533 700 588 martyribus
727 541 880 588 testis
907 533 1152 588 oculatus
1185 541 1418 588 scrtnsn.
1451 531 1576 588 Haec
1609 541 1667 586 ut
1689 547 1848 586 nemo
1952 551 2172 588 eomnos
2192 535 2406 588 tandem
2435 535 2628 588 factus.
2653 533 2762 588 Deo
2800 533 3012 588 Ontlmo
3064 533 3294 588 Μηκιωο
3323 551 3378 588 m
3413 551 3524 588 επι-

319 547 344 604 s
373 531 700 604 martyribus
727 531 880 588 testis
907 533 1152 604 oculatus
1181 531 1418 604 scripsit.
1451 531 1576 588 Haec
1609 541 1667 586 ut
1689 531 1848 604 nemo

273 601 436 672 digne
463 601 628 671 possit
653 605 942 668 aestimare,
971 603 1046 658 ita
1077 611 1146 667 te,
1175 601 1472 672 principem
1499 617 1624 656 vere
1659 603 1848 656 catho-

271 671 462 746 licum,
493 688 618 746 vere
647 675 1106 746 augustissimum,
1137 671 1192 729 et
1235 673 1288 728 in
1333 671 1434 730 lioc
1471 673 1644 746 ipsum
1669 673 1850 746 studio

267 753 330 798 et
355 742 606 814 religiosa
630 742 760 798 cura
792 743 1212 806 incumbentem,
1237 753 1390 814 grato
1417 743 1724 814 auin:o,uti
1753 743 1848 796 de-

271 823 386 884 get,
409 813 756 882 excepturum
789 823 844 870 et
863 813 1452 883 veneraturum’aperte
1479 813 1845 884 intelligimus.

271 883 346 966 βξ
372 884 596 966 reiiqua
640 885 858 954 quidem
883 885 1010 966 .divi
1051 884 1518 966 Eulogii,_pra:ter
1541 893 1846 966 martyrum

271 951 590 1024 historiam,
631 951 816 1024 opera,
849 953 1110 1024 ejusmodi
1145 951 1266 1010 esse
1307 951 1474 1024 lector
1505 955 1662 1024 plane
1692 951 1848 1024 intel-

271 1023 424 1096 liget,
451 1035 512 1080 ut
539 1023 896 1096 puniet-quani
915 1025 1056 1096 quod
1081 1025 1324 1096 historiae
1349 1023 1588 1096 ejusdem
1613 1023 1848 1080 maxima

269 1093 400 1166 sunt
445 1093 802 1166 adminicula,
847 1093 1320 1166 ﬂagrantissimum
1363 1095 1618 1166 martyris
1659 1103 1848 1166 pectus

267 1165 514 1236 undique
543 1165 768 1236 spirare,
797 1173 852 1222 et
883 1163 1060 1236 vivam
1092 1167 1488 1236 quodammodo
1506 1163 1632 1236 ejus
1661 1163 1848 1236 imagig

267 1251 398 1292 nem
423 1233 730 1304 exprimere
755 1237 948 1290 videat.
981 1235 1080 1292 Hic
1108 1233 1238 1292 vero
1265 1237 1548 1290 thesaurus
1571 1235 1692 1290 ideo
1715 1233 1844 1290 mihi

267 1306 463 1374 divina
489 1305 814 1374 benignitate
847 1305 1054 1362 videtur
1080 1315 1356 1372 ostensus,
1395 1315 1454 1362 ut
1483 1305 1847 1368 Cordubensis

267 1377 408 1432 civis
435 1373 840 1432 Cordubensem
869 1387 1160 1447 martyrem
1189 1377 1518 1440 invenirem,
1559 1374 1846 1447 Majestati-

265 1461 378 1516 que
405 1455 550 1500 tuum
585 1447 835 1516 oblatum"
859 1446 1240 1502 mem’civitati
1283 1455 1338 1502 et
1383 1447 1500 1501 orbi
1537 1446 1845 1516 Christiano

267 1515 372 1584 sub
421 1526 512 1570 tuo
549 1518 768 1572 nomine
813 1515 1022 1572 felicius
1065 1519 1538 1574 communicarem.
1592 1515 1844 1572 Codicem

267 1587 464 1658 horum
495 1603 716 1656 operum
749 1587 898 1642 mirae
923 1589 1224 1658 vetustatis,
1255 1597 1310 1642 et
1335 1588 1472 1658 .divo
1491 1587 1758 1658 ﬁniat-tyri,
1785 1595 1848 1642 ut

263 1657 418 1728 credi
463 1665 640 1728 potest
691 1667 1011 1728 coctaneum
1048 1657 1292 1714 Gothicis
1339 1657 1533 1712 litteris
1575 1657 1844 1728 inmem-

261 1725 436 1798 l_)rana
464 1725 808 1798 descriptum
855 1744 920 1783 ex
965 1727 1288 1784 bibliotheca
1335 1735 1535 1784 sancta:
1563 1725 1844 1798 Oveteusis

261 1795 522 1884 Ecclesia:
554 1795 838 1882 babiiimns
858 1839 874 1864 ,
903 1812 1010 1884 (προ
1035 1799 1292 1884 nimirum
1323 1807 1678 1884 cuni-sancto-
1699 1795 1844 1864 ejus—
1872 1823 1918 1884 Β

261 1868 390 1922 dem
415 1871 908 1939 martyriscnrpore
922 1867 1194 1936 Corduba,
1209 1885 1314 1924 non
1336 1867 1502 1939 multo
1523 1875 1645 1938 post
1665 1867 1840 1939 ipsum

261 1937 582 1993 coronatum
605 1981 620 2004 ,
651 1937 828 1994 fuerat
870 1939 1098 1994 delatus.
1131 1939 1248 2006 Quo
1283 1938 1502 1993 nomine
1530 1937 1740 1994 sanctae
1765 1937 1842 1992 ei-

261 2007 393 2080 dem,
433 2007 688 2064 Ecclesiae
717 2009 1005 2080 plurimum
1049 2009 1208 2066 debet
1251 2008 1530 2078 Hispania,
1560 2023 1682 2062 eum
1711 2023 1842 2080 opu-

261 2077 624 2134 lentissimum
657 2077 968 2134 thesaurum
1005 2095 1102 2150 per
1128 2077 1414 2135 sexcentos
1438 2087 1492 2132 et
1521 2093 1586 2134 eo
1611 2079 1870 2150 amplius-

259 2151 806 2222 annosiservaverit,
841 2159 898 2204 et
931 2149 1072 2222 nunc
1099 2159 1400 2222 opportuno
1429 2149 1840 2222 teinpore_beni-

257 2233 368 2290 gne
393 2221 543 2294 mihi,
557 2229 610 2276 et
629 2237 724 2294 per
726 2221 1104 2294 _me_omn'rbus
1125 2217 1622 2294 communicaverit.
1643 2217 1840 2294 Verum

259 2297 324 2344 ut
365 2291 466 2344 alia
494 2289 674 2346 omnia
715 2291 1088 2348 Cordubenses
1127 2291 1230 2346 civi
1277 2301 1464 2345 nostro
1498 2289 1842 2345 sanctissimo

257 2370 668 2432 priestaremus,
695 2373 994 2432 opportune
1021 2371 1216 2432 praesto
1245 2359 1344 2414 fuit
1372 2360 1698 2432 Ambrosius
1725 2359 1838 2432 Mu-

259 2429 406 2486 rales
437 2429 827 2504 cordubgnsis,
854 2429 1034 2504 tuus;
1053 2449 1148 2488 rex
1177 2431 1582 2504 potentissime,
1627 2429 1842 2484 histori-

257 2517 378 2564 cus.
404 2503 501 2574 qui
520 2501 633 2574 divi
659 2502 864 2574 Eulogii
893 2517 1056 2574 Opera
1085 2501 1229 2574 εειιὶιί
1251 2518 1318 2574 ex
1341 2509 1494 2572 parte
1513 2501 1838 2574 illustraret,

256 2581 314 2628 et
339 2571 557 2628 scholiis
585 2573 744 2644 plane
767 2571 1090 2644 necessariis
1112 2571 1482 2642 locupletarct.
1513 2571 1654 2644 idem
1676 2571 1840 2644 etiam

255 2645 504 2712 quaedam
555 2639 622 2698 de
665 2639 1264 2714 aliisCordubensibus
1310 2641 1638 2714 martyribus
1681 2639 1840 2712 paulo

255 2711 385 2783 post
409 2723 650 2784 tempore
689 2713 758 2768 ob
789 2713 992 2770 Christi
1025 2713 1182 2770 ﬁdem
1213 2711 1534 2784 interfectis,
1579 2711 1756 2784 nova,
1785 2717 1842 2784 et

255 2781 425 2856 iiunc_
444 2781 678 2856 primum
711 2785 1022 2850 adinventa,
1056 2783 1442 2856 superaddidia
1482 2783 1696 2856 _Accipe
1745 2781 1842 2852 igi-

257 2863 368 2918 tur,
395 2853 640 2926 Philippe
674 2871 860 2926 regum
887 2853 1152 2920 maxime,
1187 2855 1368 2910 divum
1401 2853 1682 2924 Eulogium
1715 2867 1841 2906 vere

255 2933 446 2996 tuum,
473 2926 526 2996 in
565 2925 824 2996 Hispania
855 2935 1162 2982 tuanatum
1181 2966 1196 2992 ,
1227 2925 1506 2988 edoctum,
1539 2931 1840 2994 martyrum

252 2991 456 3052 ibidem
472 2991 750 3052 doctorem
769 3004 824 3054 et
843 2991 1196 3063 incentorem,
1213 2995 1504 3066 aedemum
1521 2991 1698 3067 marty
1703 3008 1838 3050 rem.

1001 3109 1066 3166 Il.

325 3197 752 3266 Idemdominus
777 3199 992 3256 Penqu
1029 3199 1266 3256 Pennus
1303 3197 1562 3254 Ecclesia:
1601 3197 1837 3253 civitati-
1863 3179 1910 3246 C

251 3285 362 3340 que
387 3269 718 3326 Cordubensi
743 3271 880 3326 bene
909 3271 964 3326 in
1005 3269 1230 3326 Domino
1285 3269 1486 3336 valere,
1539 3277 1836 3340 martyrum

251 3357 476 3424 suorum
509 3341 734 3426 gloriam
763 3341 924 3426 digne
961 3341 1260 3426 suscipere,
1291 3349 1346 3396 et
1379 3341 1616 3412 ipsorum
1661 3347 1840 3410 patro,-

249 3411 400 3485 cinio
429 3411 760 3476 invocantes,
783 3411 942 3485 digne
967 3411 1190 3482 perfrui.
1281 3481 1292 3485 _
1398 3411 1415 3412 ί
1507 3481 1540 3485 __
1611 3479 1622 3485 ,
1665 3427 1670 3430 ’

331 3481 652 3554 Quanquam
704 3479 882 3554 studia
919 3479 1106 3554 nostra
1151 3481 1458 3554 omnia,iet
1491 3479 1748 3554 diutinos_
1779 3479 1834 3534 in"

252 3551 454 3608 litteris
489 3551 761 3624 impensus
779 3551 1012 3624 labores,
1045 3553 1344 3624 dignitatis,
1375 3553 1428 3606 in
1449 3567 1622 3624 quam
1635 3551 1838 3624 uicina

249 3619 683 3694 merentem'Dei
705 3623 1010 3694 benignitas
1031 3619 1230 3686 evexit,
1255 3633 1308 3676 et
1339 3619 1578 3678 muneris
1611 3619 1835 3694 injuncti

249 3693 520 3766 ratioisno
543 3695 664 3766 jure
695 3691 908 3750 assidite
935 3695 1246 3766 vendicent;
1275 3709 1384 3766 nos
1405 3703 1582 3766 tamen
1610 3691 1662 3746 in
1691 3693 1838 3766 divo-

249 3779 378 3836 rum
399 3763 758 3834 Hisp-jnornm
787 3767 983 3836 scripta
1011 3763 1422 3836 pervestiganda
1445 3773 1499 3818 et
1519 3763 1834 3836 illustranda

250 3833 608 3890 vehementer
655 3833 926 3906 propensi,
985 3833 1203 3906 partem
1254 3833 1488 3905 aliquam
1539 3833 1836 3889 studiorum

249 3915 590 3971 nostrorum,
639 3905 824 3962 auram
865 3905 1028 3962 etiam
1061 3917 1116 3962 et
1139 3905 1466 3963 diliuentiam
1511 3919 1578 3960 eo
1627 3917 1838 3972 semper

249 3975 489 4032 libenter
511 3977 853 4032 contulimus.
889 3977 1128 4046 Cumque
1157 3972 1264 4030 divi
1297 3975 1570 4030 Benedicti
1617 3989 1714 4043 per
1749 3973 1840 4028 Hi-

249 4047 502 4118 spaniam
532 4049 876 4118 monasteria
937 4057 1158 4118 propter
1207 4047 1474 4117 insignem
1516 4051 1836 4100 vetustatem

249 4115 565 4194 linjusmodi
597 4117 789 4194 opibns
820 4115 1102 4194 ditissima
1139 4131 1262 4194 esse
1315 4115 1656 4194 reputarem;
1723 4123 1838 4194 tum

247 4185 420 4243 etiam
450 4185 690 4242 sanctam
711 4187 1028 4244 Ovetensem
1061 4187 1354 4244 Ecclesiam
1380 4185 1578 4242 iisdem
1618 4185 1670 4240 in
1726 4185 1836 4254 pri-

249 4257 362 4312 mis
387 4257 710 4328 locupletem
743 4273 862 4314 esse
911 4275 1126 4328 semper
1173 4257 1494 4314 existimavi.
1552 4255 1608 4310 lu
1645 4255 1840 4328 misera

247 4329 398 4398 enim
429 4325 698 4398 Hispania:
717 4337 914 4386 nostrae
939 4325 1235 4385 Gothorum
1259 4339 1498 4398 tempore
1521 4325 1839 4398 vastatione,

247 4397 586 4470 fugientibus
629 4401 850 4470 nostris,
898 4409 956 4456 et
992 4401 1186 4455 tutiora
1237 4397 1734 4470 loca’petentibus,
1777 4409 1842 4452 eo

249 4465 548 4524 coiivectos
597 4469 804 4538 pariter
837 4465 974 4526 eum
1031 4479 1340 4526 sanctorum
1383 4465 1626 4538 reliquiis
1673 4465 1842 4538 libros

3423 349 3544 430 9n,

1952 551 2172 606 compos
2192 535 2406 590 tandem
2435 533 2762 606 factus,’Deo
2800 533 3012 606 Optimo
3064 533 3380 606 Maximoin
3413 535 3524 606 pri:-

1951 601 2288 687 mis:gratias
2329 605 2574 687 agebam,
2629 604 2720 674 qui
2769 601 2900 687 mibi
2949 601 3524 687 hominiCordnbénsi

1949 673 2308 746 Cordubensis
2337 673 2442 730 divi
2465 673 2662 746 scripta
2717 675 3080 746 sanctissima,
3133 675 3262 731 etin
3307 675 3392 732 his
3441 683 3524 734 tot

1949 745 2376 818 Cordubensinm
2409 745 2706 818 martyrum
2729 745 3028 818 triumphos
3077 761 3350 818 nunquam
3401 761 3428 818 s_

1949 816 2088 870 ranti
2118 825 2171 871 et
2209 815 2428 870 minime
2481 815 2746 886 reputanti
2793 827 3008 886 repente
3057 815 3359 872 obtulisset.
3415 815 3522 874 Sed

1949 885 2092 940 enim
2113 887 2356 958 quamvis
2383 885 2584 958 scripta
2615 887 2724 956 ipsa
2747 885 2986 958 perisese
3009 895 3162 942 erant
3185 887 3518 958 dignissima,

1949 971 2068 1026 qure
2097 955 2277 1010 multis
2297 957 2360 1010 de
2383 955 2562 1012 causis
2595 955 2810 1027 plurimi
2843 957 3062 1022 fierent;
3109 972 3196 1012 me
3223 965 3400 1013 tamen
3429 957 3522 1014 illa

1947 1027 2296 1098 vehementer
2323 1029 2636 1091 commovit,
2668 1028 2807 1096 quod
2830 1027 3330 1098 pmstantissimam
3388 1029 3524 1098 alio-

1948 1097 2040 1166 qui
2065 1096 2298 1168 civitatis
2327 1105 2526 1152 nostrre
2549 1097 2792 1168 gloriam,
2829 1096 2954 1154 hinc
2973 1097 3170 1152 mirum
3211 1097 3266 1154 in
3301 1097 3520 1168 modum

1949 1165 2400 1238 auget-ividebam
2429 1185 2440 1220 ε
2475 1165 2778 1238 donumque
2805 1169 2970 1223 etiam
2998 1167 3126 1224 hinc
3169 1167 3520 1238 mehabere,

1947 1237 2088 1308 quod
2115 1237 2398 1308 dignerego
2427 1237 2600 1292 eidem
2631 1239 2942 1303 tribuerem,
2967 1239 3214 1308 quodque
3241 1237 3328 1308 illa
3353 1237 3524 1292 liben-

1949 1307 2158 1362 tissime
2180 1307 2471 1380 acciperei,
2501 1324 2695 1380 magno
2717 1325 2880 1378 opere
2903 1307 3224 1380 gaudebam.
3241 1307 3374 1362 Nam
3389 1323 3522 1380 prte-

1945 1383 2194 1448 terquam
2222 1375 2661 1448 quodCordubte
2703 1375 2882 1444 natus,
2908 1375 3206 1444 'edncatus,
3253 1387 3306 1434 et
3331 1375 3520 1448 primis

1945 1447 2246 1520 iitterarum
2269 1447 2601 1520 rudimentis
2631 1447 2940 1520 Latiumque
2981 1447 3524 1520 linguzemengnitione

1945 1517 2247 1590 institutus,
2290 1526 2498 1590 tantum
2514 1519 2692 1590 eidem
2719 1535 2806 1574 me
2831 1517 3028 1574 debere
3057 1517 3324 1590 intelligo,
3343 1535 3518 1590 quan—

1948 1587 2284 1660 tumipatriac.
2317 1589 2630 1646 clarissima:
2673 1591 2955 1660 quisquam
3009 1587 3253 1658 uuquanf
3295 1587 3467 1659 potuit
3503 1609 3516 1643 :

1945 1657 2088 1730 quod
2143 1659 2304 1712 etiam
2351 1667 2572 1728 paterna
2623 1657 2985 1730 stirpe'totus
3023 1657 3314 1730 ex’primo
3369 1661 3520 1714 urbis

1947 1727 2256 1807 maerorum
2291 1727 2624 1807 temporibus
2649 1727 3012 1807 expugnatore
3039 1727 3372 1807 progredior2
3427 1745 3522 1784 ue-

1947 1799 2060 1870 scio
2086 1813 2192 1870 quo
2218 1797 2440 1870 majoris
2477 1797 2758 1856 cbaritatis
2781 1797 2836 1854 (Et
2865 1797 3268 1870 propeiisissimi
3295 1797 3520 1870 aﬂ‘ectus

1945 1869 2258 1940 incitatione
2305 1869 2358 1922 in
2401 1869 2570 1940 ipsam
2617 1885 2828 1940 semper
2868 1869 3042 1934 Ter-er,
3091 1877 3143 1924 et
3186 1869 3304 1938 ejus
3347 1869 3520 1940 gloria

1944 1938 2172 2010 miriﬁce
2201 1938 2436 2010 recreor;
2470 1939 2684 1996 Gratias
2715 1938 2906 1996 deinde
2931 1947 3130 1994 sanctre
3147 1953 3362 2010 quoque
3381 1939 3522 1996 Ove-

1945 2011 2091 2082 tensi
2115 2009 2391 2068 Ecclesia.
2416 2025 2552 2080 quas
2578 2011 2746 2082 potui,
2769 2010 3036 2082 persolvi,
3065 2025 3184 2078 quae
3227 2009 3326 2066 bas
3365 2011 3520 2066 nobis

1945 2079 2162 2134 divitias
2213 2095 2308 2148 per
2355 2079 2447 2134 tot
2483 2079 2676 2136 saecula
2726 2079 3174 2142 conservavisset,
3215 2089 3284 2136 et-
3309 2097 3520 2136 mecum

1945 2165 2088 2204 nunc
2117 2149 2332 2206 easdem
2369 2150 2596 2206 libenter
2625 2153 3094 2206 commnnieassct.
3125 2149 3324 2206 Verum
3343 2151 3520 2208 enim-

1943 2236 2074 2274 vero
2095 2221 2349 2292 qnoniam
2377 2235 2474 2292 nos
2495 2220 2758 2278 Corduba:
2774 2231 2982 2292 nostra;
3005 2221 3120 2292 laus
3139 2229 3194 2274 et
3217 2221 3386 2292 gloria
3417 2221 3522 2278 im-

1944 2293 2162 2362 pensius
2188 2291 2530 2354 sollicitabat,
2561 2307 2626 2346 ne
2649 2291 2850 2346 diutius
2881 2293 2984 2346 hoc
3013 2291 3173 2362 illam,
3201 2291 3318 2362 ejus
3347 2295 3520 2348 increo

1943 2361 2125 2434 mento
2153 2377 2338 2416 carere
2365 2363 2764 2434 permitterem;
2798 2362 2988 2434 edendi
3020 2361 3247 2432 cupidus
3295 2379 3518 2434 operam

1943 2433 2086 2502 dedi,
2119 2441 2176 2486 ut
2207 2431 2602 2500 quamprimum
2639 2433 2913 2502 exemplar
2961 2431 3155 2502 ipsum,
3201 2431 3346 2502 quod
3385 2435 3517 2490 mihi

1943 2499 2238 2572 Ovetenses
2277 2499 2506 2572 benigne
2557 2499 3048 2572 commodavcraut,
3101 2499 3516 2560 describeretur.

1943 2571 2002 2628 ld
2029 2587 2224 2638 magno
2253 2571 2492 2626 nobis’et
2519 2571 2828 2626 domesticis
2859 2573 3060 2628 nostris
3101 2572 3287 2628 labore
3317 2576 3518 2630 consti-

1943 2643 2026 2712 tit.
2064 2641 2306 2712 Gothicis
2334 2641 2483 2712 enim,
2517 2641 2712 2696 litteris
2739 2643 2996 2712 scriptum
3036 2658 3158 2698 cum
3203 2653 3364 2710 esset,
3413 2645 3518 2700 nisi

1943 2711 2101 2784 iunge
2121 2709 2351 2784 usulegi
2379 2711 2546 2766 multa
2582 2727 2688 2768 non
2719 2709 2984 2784 poterant.
3037 2713 3188 2784 Adde
3233 2709 3520 2770 incredibi-

1941 2781 2274 2854 lem'codicis
2304 2781 2651 2847 vetustatem,
2693 2781 2782 2854 qui
2833 2799 2956 2854 cum
3007 2781 3145 2848 aliis,
3206 2799 3342 2854 quos
3391 2793 3518 2838 ante

1943 2853 2228 2924 sexccnms
2249 2867 2388 2924 pene
2417 2867 2588 2908 annos
2613 2853 2847 2924 scriptos
2873 2853 3038 2908 fuisse
3067 2853 3374 2924 constabat,
3413 2855 3518 2910 eol-

1943 2923 2104 2988 latus,
2133 2923 2486 2994 paucisjetro
2529 2923 2688 2978 annis
2731 2923 2804 2977 illi
2847 2937 3070 2992 prorsus
3117 2925 3302 2994 scripti
3353 2923 3519 2980 fuisse

1939 2991 2278 3048 videbantur.
2315 2991 2484 3046 Tanta
2501 3003 2618 3048 erat
2658 2991 2918 3056 vetustas,
2961 2991 3336 3062 etpriscorum
3383 2995 3516 3050 cha-

1941 3072 2400 3136 racterummtque
2420 3065 2744 3136 membranae
2765 3069 2820 3136 et
2841 3063 3017 3136 ipsius
3039 3065 3201 3120 etiam
3243 3065 3520 3136 compagi-

1941 3135 2174 3190 natiouis
2197 3131 2478 3204 manifesta
2523 3131 2842 3198 differentia,
2862 3131 3044 3204 'quod,
3067 3131 3518 3204 quemadmodum

1941 3206 2008 3260 ad
2030 3205 2232 3260 codicis
2265 3203 2424 3259 fidem
2451 3213 2506 3258 et
2526 3203 2913 3260 auctoritatem
2939 3203 3162 3260 multum
3189 3205 3377 3260 habuit
3403 3223 3520 3262 mos

1941 3275 2130 3342 menti,
2157 3275 2229 3330 ita
2259 3275 2326 3330 ad
2347 3275 2756 3330 describendum
2785 3275 3064 3344 ingentem
3085 3275 3268 3332 attulit
3287 3274 3516 3338 diﬂicul.

1941 3355 2124 3402 .atem.
2147 3345 2333 3415 Itaque
2353 3345 2767 3416 desperantibus
2787 3345 3076 3415 aliquando
3090 3347 3402 3404 domesticis
3423 3363 3518 3402 nou

1935 3417 2084 3482 stris,
2107 3415 2302 3486 quibus
2337 3415 2460 3470 eam
2505 3429 2690 3472 curam
2732 3423 2789 3470 et
2829 3431 3050 3486 operam
3095 3417 3518 3476 demandavera-

1937 3503 2076 3552 mus,
2109 3485 2205 3542 nos
2229 3485 2328 3558 ipsi
2351 3486 2631 3558 suppetias
2649 3487 2706 3540 in
2729 3485 2988 3558 prreclaro
3008 3487 3192 3558 labore
3213 3489 3516 3558 attulimus,

1939 3567 1994 3614 et
2019 3565 2200 3613 nostra
2223 3573 2386 3612 manu
2413 3557 2692 3622 nonnulla,
2741 3557 2796 3611 in
2831 3557 3026 3626 quibus
3069 3557 3166 3626 ipsi
3213 3557 3516 3622 haerebant,

1939 3627 2929 3698 descripsilnuertquemadmodum
2981 3629 3140 3698 hunc;
3169 3627 3408 3682 laborem
3453 3629 3519 3682 li.-

1939 3695 2252 3768 benteruos
2279 3697 2374 3768 ipsi
2401 3695 2758 3768 suscepimus,
2787 3697 2860 3752 ita
2891 3697 3052 3768 etiam
3089 3695 3236 3768 illum
3283 3699 3518 3754 alterum

1937 3769 2108 3826 multo
2131 3767 2388 3836 majorem
2411 3767 2754 3832 emendandi,
2791 3777 2848 3822 et
2873 3767 3090 3824 scholiis
3109 3767 3410 3824 illustrandi
3439 3783 3520 3824 re-

1937 3855 2066 3896 vera
2089 3855 2196 3894 non
2219 3837 2750 3908 subterfugissemus,
2799 3839 2900 3894 nisi
2925 3855 3020 3894 nos
3045 3838 3328 3908 pastoralis
3362 3855 3516 3902 cura,

1939 3921 1996 3966 et
2013 3909 2264 3980 Ecclesiae
2283 3907 2485 3980 nostrae
2495 3907 2950 3980 Placentinte,cui
2979 3907 3096 3972 nos,
3119 3909 3222 3964 etsi
3236 3909 3518 3980 indignos,

1939 3995 2174 4052 praeesse
2221 3977 2480 4052 Dominus
2507 3977 2696 4052 voluit,
2740 3979 3150 4052 varianegotia
3195 3977 3518 4052 distinerent

1941 4048 2006 4106 ac
2047 4049 2408 4120 praepedirent
2433 4087 2448 4113 ,
2493 4049 2698 4120 et_nisi
2761 4048 3018 4120 vicariam
3062 4065 3295 4120 operam
3323 4051 3374 4104 in
3415 4053 3518 4106 hac

1941 4117 2096 4192 parte
2151 4117 2468 4192 Ambrosius
2525 4117 2926 4192 Mo_rales_ci_vis
2953 4117 3132 4192 noster
3169 4119 3516 4192 etCordnba

1943 4187 2451 4262 ilignustidcmque
2507 4189 2703 4262 regius
2739 4187 2977 4262 Philippi
3029 4191 3268 4252 secundi,
3313 4191 3518 4262 domini

1943 4259 2140 4326 nostri,
2179 4259 2470 4332 historicus
2527 4259 2886 4332 prrestitisset.
2947 4259 3012 4322 is,
3063 4273 3169 4328 quo
3211 4269 3296 4332 est
3337 4259 3392 4314 in
3435 4261 3518 4314 di-

1945 4347 2134 4386 vorum
2181 4327 2546 4400 Hispanorum
2597 4330 2736 4400 vitas
2789 4337 2844 4384 et
2877 4345 2968 4400 res
3017 4327 3194 4400 gestas
3241 4327 3516 4400 illustran-

1945 4403 2044 4458 das
2063 4401 2242 4472 smdio
2269 4399 2324 4456 et
2373 4399 2672 4472 diligentia,
2715 4401 2858 4472 inme
2905 4399 3142 4472 iaborem
3181 4415 3288 4454 non
3345 4399 3520 4472 impar

1946 4471 2211 4542 suscepit;
2243 4487 2350 4542 qua
2377 4469 2507 4526 vero
2531 4479 2616 4526 est
2641 4471 2694 4524 in
2721 4469 3024 4542 Cordubam
3057 4479 3298 4542 nostram
3334 4469 3518 4542 citari:

247 4539 420 4612 etiam
449 4537 874 4610 quamplurimas
913 4541 1284 4596 memineram.
1341 4537 1638 4608 Utrobique
1675 4537 1840 4608 igitur
1863 4538 1916 4600 D
1945 4551 2074 4608 tate,
2107 4537 2279 4597 avide
2295 4543 2578 4612 amplexus
2603 4549 2706 4596 est.
2740 4541 2828 4612 Ut
2870 4541 3210 4612 totumhoc,
3255 4539 3518 4612 quidquid

247 4611 466 4680 priscos
488 4619 800 4680 nostrorum
834 4619 1135 4678 auctorum,
1161 4621 1218 4666 et
1243 4619 1555 4666 sanctorum
1603 4623 1834 4680 praascr-

249 4677 352 4758 tim
379 4679 594 4758 codices
619 4695 714 4758 per
741 4697 914 4758 annos
939 4677 1144 4758 aliquot
1181 4681 1439 4758 indagare
1463 4693 1701 4758 mamma
1751 4677 1834 4758 in-

249 4749 466 4822 dustria
505 4759 560 4806 et
611 4747 886 4822 diligentia
921 4747 1244 4808 curavimus.
1288 4747 1399 4808 Nec
1448 4748 1618 4805 defuit
1659 4747 1838 4822 studio

247 4819 384 4876 huic
398 4829 600 4892 nostro
633 4819 978 4880 felicissimus
1003 4831 1254 4888 eventus;
1297 4826 1564 4892 piamque
1583 4819 1840 4874 sedulita-

251 4899 366 4946 tem
397 4890 972 4964 benigneDeusjuvit,
1015 4901 1176 4964 atque
1201 4889 1477 4964 provexit;
1521 4889 1656 4944 Nam
1701 4903 1840 4964 prae-

247 4959 648 5032 terquamq'nod
691 4959 858 5018 multa
907 4959 965 5018 in
1011 4959 1550 5020 sacris'nostratibtts
1595 4959 1840 5032 conciliis

247 5031 396 5104 scitu
419 5031 754 5104 dignissima,
785 5049 960 5104 neque
1003 5043 1182 5090 tamen
1233 5047 1468 5104 unquam
1498 5039 1664 5104 antea
1715 5031 1832 5084 visa

248 5101 998 5182 invenimus,__commen(aria
1021 5105 1180 5182 etiam
1207 5105 1262 5182 in
1269 5101 1468 5182 sacros
1497 5101 1666 5156 libros
1685 5115 1837 5182 egre-

291 5173 342 5226 ia
383 5173 638 5230 nonnulla
689 5189 876 5230 sumus
931 5176 1186 5231 assecuti.
1243 5175 1393 5230 linus
1443 5183 1622 5226 tamen
1681 5171 1836 5226 divus

291 5189 342 5226 Ia
383 5189 638 5230 nonnulla
689 5189 876 5230 sumus
931 5189 1186 5231 assecun.
1245 5189 1393 5230 Unus
1443 5189 1622 5226 tamen
1681 5189 1834 5226 mvus

247 5189 574 5318 Euloginsa
605 5245 760 5300 nobis
787 5247 888 5300 hac
911 5246 1160 5318 indagine
1183 5253 1448 5318 repertus,
1475 5257 1696 5318 omnem
1735 5257 1834 5296 uo-

247 5313 453 5386 strun'r
473 5313 730 5382 laborem,
761 5317 974 5372 tametsi
1013 5313 1182 5372 multo
1213 5313 1385 5386 major
1402 5313 1604 5386 fuisset
1626 5313 1838 5386 impen-

249 5399 370 5450 sus,
408 5385 619 5458 abunde
653 5387 894 5458 profecto
923 5383 1344 5458 compensasset.
1389 5383 1840 5458 Quisienimspe-A-

247 5471 382 5512 rare
403 5455 590 5510 saltem
617 5453 858 5524 auderet,
907 5453 1062 5512 tanto
1103 5474 1162 5512 se
1219 5459 1472 5512 thesauro
1529 5453 1836 5524 beandum?

247 5525 550 5582 Audieram
577 5543 676 5600 ego
701 5523 852 5594 sane,
885 5539 940 5584 et
969 5529 1164 5600 alicubi
1213 5527 1472 5600 legeram,
1527 5523 1685 5594 lntjns
1727 5523 1834 5600 divi

249 5611 494 5664 nomen;
539 5595 750 5668 et'quae
797 5595 1102 5669 scripsisset
1127 5595 1291 5652 tenui'
1309 5595 1834 5669 quadamniemoria

251 5675 470 5722 tantum
506 5665 672 5724 veluti
697 5665 984 5726 oll'eceram
1015 5689 1028 5725 :
1063 5669 1156 5724 sed
1179 5685 1279 5724 nec
1303 5665 1444 5723 votis
1477 5665 1690 5734 quidem
1713 5681 1837 5720 con-

251 5739 732 5812 cipere_poteram,
761 5757 846 5812 me
871 5741 988 5812 ejus
1035 5739 1322 5812 aliquando
1342 5737 1836 5812 _sc_ripta__adeptu-

253 5805 402 5870 ι-ιίω.
441 5805 658 5868 Etcum
687 5805 1092 5868 nullum'alium
1125 5805 1268 5866 'mibi
1322 5807 1440 5863 dari
1484 5805 1716 5872 mallem,
1769 5807 1834 5862 de

1945 4613 2033 4668 hic
2055 4621 2162 4678 est,
2187 4621 2270 4668 est
2295 4609 2474 4682 autem
2511 4611 2900 4682 permaximum
2927 4609 3204 4682 dignitatis
3247 4609 3304 4666 et
3335 4609 3518 4682 gloria:

1945 4683 2308 4740 Cordubensis
2333 4679 2744 4746 incrementum,
2775 4697 2878 4736 non
2903 4679 3006 4736 alii
3017 4681 3190 4736 eidem
3211 4679 3372 4751 quam
3392 4679 3522 4736 Cor-

1945 4753 2212 4808 dubenses
2226 4753 2540 4808 tribuerent.
2557 4751 2722 4806 Divus
2747 4751 3002 4822 Eulogius
3021 4751 3254 4822 primum
3279 4752 3518 4820 seipsum

1947 4823 2112 4886 dedit,
2139 4823 2442 4888 nobilitate,
2465 4823 2732 4886 doctrina,
2783 4821 2968 4878 labore
3013 4835 3142 4877 vere
3181 4821 3516 4886 Christiano,

1947 4894 2164 4963 scriptis
2185 4893 2358 4960 libris,
2387 4892 2644 4948 memoria
2672 4893 2992 4948 nostratium
3043 4901 3342 4964 martyrum
3385 4907 3517 4944 con-

1947 4961 2180 5034 servata,
2203 4971 2258 5018 et
2283 4964 2498 5034 demum
2545 4979 2642 5016 suo
2681 4964 2942 5034 martyrio
2972 4961 3514 5034 iprzestantissimum.

1941 5033 2050 5090 Nos
2107 5035 2226 5105 ejus
2245 5033 2442 5104 scripta
2481 5047 2566 5105 ex
2608 5031 2878 5104 perpetua:
2933 5031 3218 5105 oblivionis
3259 5031 3518 5105 _tenebris

1942 5101 2202 5169 eruimus,
2233 5113 2284 5159 et
2317 5101 2458 5158 nunc
2477 5103 2530 5158 in
2557 5101 2726 5158 lucem
2749 5105 2941 5158 damus
2965 5117 2980 5156 :
3001 5103 3142 5173 quod
3179 5101 3272 5156 Dei
3295 5115 3518 5173 munere

1942 5173 2098 5230 nobis
2135 5175 2425 5244 contigisse
2443 5181 2500 5230 et
2519 5175 2604 5244 pie
2631 5175 2926 5240 credimus,
2945 5183 3002 5228 et
3021 5171 3216 5244 magno
3241 5187 3406 5244 opere
3427 5171 3516 5226 lae-

1943 5253 2143 5300 tamur.
2171 5241 2362 5300 Noster
2380 5241 2720 5308 Ambrosius,
2756 5246 2898 5314 quod
2949 5241 3291 5314 totus'liber‘
3318 5241 3518 5314 ubique

1944 5315 2264 5380 declarabit,
2313 5325 2370 5370 ut
2423 5312 2812 5380 emendatiora,
2861 5313 3232 5384 locupletiora,
3255 5321 3310 5368 et
3347 5312 3520 5384 magis

1981 5387 2228 5456 erspicua
2253 5387 2424 5442 sancti
2457 5385 2710 5456 martyris
2747 5399 2908 5456 opera
2959 5381 3266 5456 ederentur,
3311 5381 3516 5456 nullum

1965 5451 2184 5512 aboi'em
2209 5459 2498 5513 recusavit.
2529 5451 2928 5522 Vestrnm'erit,
2969 5453 3276 5524 sacerdotes
3313 5451 3518 5524 gravis-

1943 5527 2086 5592 simi,
2113 5527 2300 5583 Patres
2347 5525 2654 5596 reipublij
2679 5533 2901 5596 nostrae,
2923 5523 3298 5596 amantissimi,
3323 5523 3516 5596 munus

1941 5597 2044 5654 hoc
2085 5607 2330 5653 nostrum
2379 5592 2446 5651 ad
2487 5609 2670 5650 veram
2709 5593 2972 5650 Corduba:
3011 5595 3312 5648 eomnnmis
3331 5592 3518 5663 patria

1943 5667 2168 5738 gloriam
2193 5673 2584 5736 comparatum,
2609 5665 2866 5720 benevolo
2889 5675 2942 5720 et
2965 5665 3086 5738 laeto
3117 5663 3298 5738 animo
3341 5665 3514 5718 susei-

1941 5733 2071 5808 pere
2097 5755 2112 5792 :
2139 5733 2772 5808 sanctornmﬁmartyrum
2793 5735 3108 5808 vestratium
3135 5733 3356 5808 gloriam
3381 5747 3518 5804 pene

1941 5805 2232 5864 redivivam
2253 5807 2642 5878 jucundissime
2683 5805 2942 5875 recolere,
2967 5805 3151 5878 etjugi
3177 5819 3389 5878 semper
3423 5817 3516 5860 ve-
