2032 3173
126 178 176 208 925

128 234 209 261 dorus
233 231 358 259 monachi

128 252 298 301 statim:
315 252 389 303 Té'uit
398 252 700 303 ἓιῖἱφίὶέἸίὲἔῧὶιῖἶέεὲἷὲἶῖ

161 302 314 337 Argimirus
329 302 489 337 Egabrensis
511 304 658 331 monachus
679 304 705 331 in
733 303 831 331 Christi
849 311 913 331 con-

127 338 244 379 fessione
258 338 391 379 ‘vigesimo
405 342 500 365 octavo
513 337 585 366 Junii
603 340 646 367 die
661 339 802 367 occiditur.
812 338 913 374 (Capite

128 373 348 445 “mima-uirgo
366 407 534 445 Dcordicata,
550 409 665 445 Adulphi
680 413 706 437 et
720 409 831 437 Joannis
843 416 914 435 mar-

128 447 221 481 tyrum_
234 451 321 481 soror,
330 444 377 481 _die
390 443 451 481 Julii
466 444 569 481 decimo
582 443 652 473 nono
663 444 783 481 martyrii
797 445 913 480 palmam

128 477 245 514 iccepit.
259 477 362 514 (Capite
375 478 491 514 ultimo.)

350 532 399 559 ANN
405 531 435 552 US
449 532 540 552 DOMINI
561 532 691 553 DCCCLVII.

163 568 491 608 Rudecigusﬁgabrensis
510 576 537 598 et
546 607 550 608 γ
558 571 684 608 Salomon
691 571 856 608 imartyrinm
869 579 917 607 pa-

128 604 233 632 tiuntur
247 605 335 643 Martii
356 604 401 633 die
431 606 509 634 tertio
536 607 651 634 decimo.
674 606 728 642 (Ea:
751 604 912 643 Apologia-iu

127 639 301 676 sanctorum.)

342 693 426 714 unus
445 682 543 714 bonum
563 695 703 715 DCCCLVIII.

145 731 272 771 _Nullum
293 734 558 771 m_ar_tyrem_h_abuit
580 734 624 761 hic
644 741 739 771 annus,
755 742 842 771 neque
864 735 918 762 ulla

127 767 187 801 ejus
200 772 242 795 est
253 767 323 803 apud
334 767 425 795 divum
438 768 581 804 Eulogium
595 770 705 797 mentio.

350 833 435 853 ANNUS
455 833 546 854 DOIINI
573 833 693 853 DCCCLIX.

164 868 247 897 Divus
259 868 387 906 Eulogius
400 870 594 903 Cordubensis,
606 872 749 907 presbyter
762 876 790 899 et
813 876 916 905 coctor,

138 945 949 957 —————

672 176 852 204 EXGERPTA
871 175 916 204 EX
936 174 1042 204 ΑΜΒΚ.
1064 173 1204 203 MORALI.

1697 170 1749 200 926

399 231 616 269 Aprilis‘decimo
638 233 752 269 septimo
773 233 816 261 die
839 233 910 268 passi
925 234 949 264 Α
963 236 990 259 et
1006 231 1106 258 electus
1122 231 1339 269 archiepiscopus
1361 230 1526 269 Toletanus,»
1543 231 1571 269 lit
1593 231 1748 269 etiam_hoc

963 274 1033 294 anno
1045 271 1156 301 martyr,
1178 266 1265 293 Martii
1287 266 1387 293 mensis
1408 266 1451 293 die
1473 266 1629 301 undecimo,
1643 266 1689 301 qui
1716 274 1749 294 eo

963 309 1032 329 anno
1044 300 1183 328 sabbatum
1197 302 1346 337 occupavit.
1364 301 1487 337 (Alvarus
1499 302 1525 328 in
1540 301 1596 335 ejus
1615 300 1694 337 Vita.)

998 337 1132 364 Leocritia
1145 337 1221 372 virgo
1235 335 1426 367 Cdrdubensis,
1447 336 1523 370 cujus
1535 344 1628 372 causa,
1643 341 1670 363 et
1685 335 1749 363 lldei

963 371 1126 399 Christianre
1139 372 1287 407 praesertim
1306 379 1380 407 ergo,
1393 372 1469 399 divus
1494 371 1619 407 Eulogius
1634 375 1750 407 mortem

963 407 1050 433 fuerat
1060 405 1212 442 perpessus.
1224 412 1320 442 quarto
1335 405 1426 441 postea
1442 407 1494 438 die,
1512 405 1630 439 lioc‘est,
1660 405 1751 434 Martii

964 442 1058 476 quinto
1073 442 1185 475 decimo,
1200 442 1286 476 ipsum
1299 442 1436 469 doctorem
1452 450 1529 469 suum
1544 442 1667 477 sequitur
1682 448 1751 469 mar-

965 477 1034 513 tyrio
1047 482 1184 505 coronata.
1203 477 1256 513 (Ex
1270 477 1359 504 eodem
1374 477 1492 513 ibidem.)

1194 541 1279 561 ANNUS
1295 541 1388 561 DOIINI
1409 541 1519 562 DCCCLX.

1001 578 1058 606 Hoc
1072 586 1153 611 anno,
1167 579 1211 616 die
1223 579 1294 616 Junii
1308 579 1395 615 primo
1412 580 1497 616 sancti
1522 579 1649 616 martyris
1672 579 1752 608 Eulo-

966 613 1001 649 gii
1023 622 1120 649 corpus
1139 622 1172 641 ex
1193 613 1315 642 basilica'
1329 616 1414 642 sancti
1434 614 1541 642 Geuesii
1562 613 1752 643 in'Basilicam

966 651 1053 677 sancti
1076 649 1151 685 Zoyli
1174 651 1300 685 martyris
1329 650 1487 677 translatum
1512 655 1562 677 est.
1593 650 1648 685 (Es:
1672 650 1754 677 altera

966 685 1118 720 exemplari,
1131 685 1158 711 in
1169 693 1219 720 quo
1234 685 1294 712 Vita
1321 687 1404 712 sancti
1421 685 1524 720 Eulogii
1540 686 1622 712 solum
1646 686 1718 720 fuit.)

1004 720 1060 747 Hoc
1076 720 1261 748 tantummodo
1276 721 1435 748 decennium
1449 721 1533 748 sancti
1548 720 1652 756 Eulogii
1665 720 1754 755 Opera

968 760 1136 782 enumerant.

1006 790 1068 818 Harc
1082 790 1210 827 Morales._
1220 791 1285 824 Quae
1300 795 1390 827 postea
1405 791 1488 823 addit,
1502 799 1575 827 cum
1589 791 1654 818 nihil
1670 791 1701 827 ad
1722 790 1756 818 il-

969 825 1135 889 Lﬁtﬁgdd?
1147 825 1288 855 conferant
1300 825 1460 870 Eulogium,
1483 826 1607 854 consulto
1630 826 1757 853 duximus

1016 870 1022 888 ι
1065 870 1081 888 n
1119 881 1125 887 .

1016 870 1125 888 tttenua.

955 948 1755 962 ———————_

929 1019 1001 1056 IV.

468 1104 513 1132 DE
531 1103 707 1133 CORDUBIE
727 1103 829 1133 URBIS
849 1104 1000 1138 ORIGINE,
1020 1105 1098 1134 SlTU
1119 1105 1163 1133 ET
1182 1105 1426 1139 ANTIQUITATE.

167 1216 235 1244 Tam
248 1215 332 1253 multa
347 1218 419 1253 sunt,
432 1222 491 1253 qua:
512 1215 590 1253 divus
604 1215 731 1251 Eulogius
742 1216 774 1253 de
795 1215 919 1253 Corduba
934 1218 957 1248 B
971 1217 1113 1252 quisquam
1126 1216 1196 1253 satis,
1206 1217 1285 1253 digne
1296 1216 1389 1253 possit
1402 1216 1546 1252 explicare.
1561 1216 1627 1252 Ipsa:
1640 1218 1760 1253 prtecisaa

129 1257 225 1279 nostra
238 1251 295 1278 suis
305 1251 431 1285 operibus
446 1250 601 1278 iuterseruit
613 1250 708 1285 :atque
716 1251 783 1278 adeo
795 1250 920 1285 frequen-

129 1291 176 1314 ter
188 1287 333 1314 multarum
360 1286 386 1313 in
417 1293 448 1313 ea
477 1286 543 1312 urbe
574 1287 722 1321 regionum,
748 1286 918 1321 oppidorum,

129 1330 271 1359 agrorum,
286 1321 434 1359 liuininum,
455 1320 749 1359 similiumquererum
769 1320 918 1359 meminit;

130 1356 164 1385 υἷ
177 1357 259 1385 fuerit
281 1356 473 1387 necessarium,
499 1357 531 1383 de
554 1356 614 1391 ejus
627 1357 679 1383 situ
707 1360 734 1383 et
762 1356 921 1391 antiquitate

130 1392 218 1420 multa
235 1392 278 1419 hic
290 1399 434 1427 apponere.
449 1391 481 1418 Et
491 1391 622 1418 Cordubm
643 1392 750 1426 quidem
772 1391 846 1418 urbis
865 1391 923 1418 ori-

130 1429 239 1464 ginem,
254 1427 336 1464 situm
349 1447 356 1459 ,
380 1427 496 1464 ejusque
524 1427 702 1464 mutationes,
722 1435 786 1464 cum
812 1426 923 1461 reliquis

130 1462 195 1498 Quae
208 1463 241 1490 ad
253 1462 310 1498 ejus
332 1462 519 1497 antiquitatem
541 1462 773 1498 pervestigandam
799 1466 924 1498 poterant

130 1497 280 1534 pertinere,
295 1497 325 1534 in
337 1505 370 1524 eo
380 1505 471 1532 opere,
485 1498 554 1534 quod
565 1497 603 1534 de
615 1497 751 1534 Hispaniae
764 1497 923 1534 _antiquita-

131 1532 208 1561 tibus
232 1532 351 1560 historiae
372 1537 471 1560 nostra:
496 1532 678 1567 adjunximus,
701 1532 806 1567 plenius
830 1540 924 1559 sumus

130 1568 282 1605 prosecuti.
297 1567 426 1605 Indebuc
440 1567 572 1605 nonnulla
585 1567 787 1605 transieremus.

174 1604 232 1631 Sita
244 1607 286 1630 est
303 1602 427 1630 Corduba
443 1603 468 1629 in
488 1604 544 1637 ipso
560 1602 644 1630 ferme
658 1603 762 1630 Bmtica:
781 1602 926 1637 provinciae

132 1638 296 1670 meditullio,
310 1642 390 1672 atque
410 1638 436 1664 in
453 1638 495 1666 his
509 1639 567 1672 ejus
583 1638 697 1673 populis,
712 1638 756 1672 qui
769 1637 879 1665 Turduli
892 1637 926 1665 ab

133 1675 293 1705 Ptolema-o,
308 1673 394 1700 Plinio
413 1677 440 1699 et
452 1673 584 1700 Strabone
602 1673 783 1700 nominantur.
806 1673 847 1700 Ab
866 1677 926 1700 ortu

132 1719 170 1738 ea
185 1710 258 1744 regio
277 1708 310 1736 ad
332 1708 456 1744 Bastulos
477 1716 522 1735 seu
547 1707 705 1735 Bastetanos
725 1716 809 1744 usqqe
822 1713 927 1743 proton-

137 1743 235 1774 ditur':
251 1744 283 1771 ab
296 1751 392 1770 occasu
410 1743 577 1779 Turdetanos
591 1743 761 1779 contingens,
776 1743 927 1778 Hispalensi

136 1784 229 1809 tractu
246 1779 412 1814 terminatur.
428 1778 515 1806 Habet
527 1778 558 1805 ad
574 1778 712 1806 meridiem
729 1778 781 1805 late
803 1783 929 1814 patentes

136 1822 262 1849 campos,
278 1814 322 1848 qui
337 1813 369 1840 ad
383 1813 606 1841 Mediterraneum
622 1821 695 1841 mare
716 1818 741 1849 et
768 1814 928 1841 Herculeum

135 1848 238 1878 fretum
251 1849 446 1884 expanduntnr.
463 1849 519 1882 Qua
533 1857 597 1877 vero
611 1854 687 1883 parte
712 1848 929 1884 Septentrionem

135 1886 263 1914 Corduba
279 1888 392 1920 spectat,
417 1885 503 1919 posita
526 1890 566 1912 est
592 1884 625 1920 ad
648 1885 720 1919 ipsas
748 1884 927 1912 Marianorum

138 1921 272 1949 montium
285 1919 398 1951 radices,
415 1927 482 1954 quos
493 1928 563 1947 nunc
584 1919 706 1954 Hispani,
724 1920 811 1954 prisco
823 1920 931 1947 nomine

137 1960 280 1990 corrupto,
294 1954 383 1982 Sierra
399 1954 522 1990 ﬂorum,
544 1955 593 1982 hoc
607 1959 658 1987 est,
684 1954 805 1982 Morenos
826 1959 932 1990 montes

138 1989 266 2019 dicimus.
278 1990 314 2017 Ea
325 1997 388 2017 vero
398 1989 492 2016 borum
504 1991 634 2017 montium
645 1997 718 2024 pars,
727 1998 787 2024 quae
802 1989 933 2017 Corduba:

139 2027 275 2058 immittet,
291 2031 337 2052 aut
362 2025 446 2052 saltus
469 2024 670 2053 Castulonensis
695 2029 737 2052 est
761 2025 859 2060 portio,
887 2028 934 2052 aut

139 2070 204 2090 cum
218 2070 250 2089 eo
261 2060 293 2088 ad
309 2064 397 2087 ortum
414 2059 594 2095 conjungilur.
609 2060 637 2086 lu
649 2060 691 2087 his
716 2059 861 2092 montibus,
883 2066 932 2087 au-

142 2103 221 2126 ctore
233 2097 333 2128 Plinio,
352 2095 468 2122 Baeturia
487 2096 560 2130 regio
574 2104 588 2122 a
613 2095 678 2122 Batti
703 2095 813 2122 ﬂumine
835 2102 934 2122 nomen

141 2133 291 2168 accipiens,
305 2132 331 2159 in
348 2131 424 2168 duas»
435 2131 560 2168 regiones
568 2131 663 2168 divisa,
679 2131 713 2168 ad
735 2130 823 2168 _Auam
849 2137 935 2168 usque

143 2165 255 2195 ﬂuvium
269 2167 400 2195 excurrit.
414 2165 475 2201 Ipse
496 2166 589 2198 Baetis,
607 2166 652 2200 qui
674 2165 826 2201 Cordubam
847 2165 933 2197 alluit,

105 2234 115 2239 Δ
142 2203 243 2231 Cirtius
260 2200 520 2239 olimetTartessus
543 2202 625 2239 etiam
644 2202 684 2234 (ut
710 2200 779 2235 apud
807 2201 935 2239 Plinium,

143 2238 250 2266 Livium
261 2242 287 2265 et
302 2237 461 2265 Strabonem
473 2237 524 2272 est)
536 2237 633 2267 dictus.
649 2240 720 2263 tanta
737 2243 843 2272 semper
863 2235 932 2263 cele-

148 2275 249 2301 britate
263 2273 322 2304 fuit,
336 2276 365 2299 nt
378 2272 425 2299 toti
440 2271 584 2306 provincia:
597 2279 693 2306 nomen
710 2271 812 2299 dederit
832 2280 838 2297 :
863 2274 937 2298 tanta

146 2317 229 2344 ρους)
239 2312 281 2344 est
291 2305 483 2343 magnitudine,
493 2311 521 2334 ut
529 2307 646 2344 iungentia
658 2305 769 2344 ﬂumina
777 2306 936 2344 exsorbens,

146 2340 298 2371 alf’Mauris
312 2340 374 2370 inde
395 2350 491 2369 nomen
507 2340 651 2377 acceperit.
664 2340 940 2376 Guadalquivirnam-

146 2386 212 2414 que,
228 2379 300 2414 quod
314 2378 375 2406 ltnic
395 2376 687 2414 lluviontttnc’nouten
712 2381 753 2414 cst
778 2376 812 2403 ab
843 2377 939 2414 iisdem

147 2410 316 2449 impositum,
334 2420 464 2449 magnum
475 2412 573 2439 ﬂumen
589 2413 706 2449 ipsorum
722 2412 821 2449 lingua
836 2410 940 2447 signiﬁ-

147 2447 202 2477 cat.
216 2449 257 2477 Ab
272 2454 332 2477 ortu
347 2447 412 2476 vero
434 2448 466 2475 ad
486 2456 612 2475 occasum
635 2447 703 2474 latus
725 2447 856 2474 Cordan
878 2454 941 2474 aus-

149 2485 218 2513 trale
238 2484 370 2515 lambens,
388 2484 424 2511 ita
448 2489 554 2510 montes
577 2491 590 2510 a
619 2483 730 2518 planitie
759 2483 939 2518 disterminat,

150 2526 179 2547 ut
193 2519 218 2547 id
232 2520 282 2547 sibi
296 2520 384 2546 studio
406 2518 532 2546 habuisse
547 2517 641 2545 natura
664 2519 786 2544 videatur
799 2526 805 2543 ε
825 2525 879 2552 quo
902 2517 941 2544 di—

150 2555 305 2584 versissima
317 2554 366 2583 soli
382 2554 535 2589 discrimina
557 2553 721 2589 sejungeret,
733 2557 760 2589 et
772 2560 806 2579 eo
813 2557 941 2589 tanquam

152 2591 236 2618 limite
251 2593 399 2630 separaret.
417 2588 484 2630 Hine
500 2587 624 2630 montana
639 2587 709 2630 :qnze
732 2588 789 2630 ipsa
813 2587 943 2630 suburlbia'

151 2633 220 2660 pene
234 2622 403 2661 con—tingunt,
412 2625 497 2661 celsis
505 2625 617 2661 collibus
629 2622 710 2655 elata,
723 2623 798 2661 duris
816 2622 943 2661 cautibus

153 2658 297 2696 praerupta,
313 2658 409 2692 hortis,
429 2660 524 2696 vineis,
552 2660 621 2696 olea,
643 2664 671 2686 et
693 2658 822 2696 omnium
836 2658 944 2692 generis

155 2693 297 2723 arboribus
312 2700 375 2723 sunt
388 2696 502 2722 consita.
515 2695 578 2722 Inde
592 2694 753 2728 campestris
768 2693 842 2728 regio
869 2697 945 2719 trans

156 2731 253 2758 lltnnen
267 2731 446 2766 complanata,
463 2730 545 2761 nuda,
568 2730 668 2765 glareis
689 2734 717 2756 et
741 2729 797 2755 luto
821 2728 944 2766 friabilis,

157 2766 277 2801 frugibus
290 2763 475 2793 tantummodo
494 2763 613 2792 ferendis
624 2770 666 2791 est
684 2764 865 2801 accommoda.
891 2763 947 2801 Hu-

153 2798 279 2835 jus'vero
295 2805 397 2828 tractus
408 2809 469 2836 qua;
481 2801 516 2827 sit
529 2801 664 2831 l'cracitas,
683 2800 779 2836 inclyta
796 2803 895 2836 nostra)
908 2798 946 2825 ci-

158 2834 247 2864 vitatis
261 2837 369 2869 horrea,
383 2834 436 2863 tota
449 2835 575 2870 Hispania
583 2835 758 2862 celeberrima
773 2834 839 2861 satis
858 2839 946 2862 osten-

160 2872 234 2899 dunt.
250 2872 367 2899 Alterius
384 2879 447 2898 vero
471 2871 520 2897 soli
542 2871 677 2897 montibus
700 2871 825 2905 pnnteuti
845 2873 945 2904 quanta

160 2908 194 2945 sit
207 2908 350 2936 ammnitas
362 2915 423 2935 cum
444 2906 540 2940 insigni
561 2905 699 2934 fertilitate
722 2905 877 2941 conjuncta,
901 2906 945 2933 vix

972 1257 1061 1288 rupes,
1075 1251 1176 1288 scopuli
1190 1252 1251 1288 ipsi,
1276 1251 1453 1288 ubiwplanum
1479 1251 1615 1288 quidpiam
1631 1251 1683 1280 non
1711 1254 1760 1281 soli

973 1286 1072 1322 (neque
1086 1287 1157 1323 enim
1172 1286 1257 1323 solum
1270 1292 1312 1315 est
1324 1286 1398 1323 illud,
1411 1288 1458 1323 sed
1472 1286 1588 1322 lapidum
1602 1290 1702 1323 strues)
1717 1296 1762 1317 ve-

973 1321 1032 1349 rum
1047 1322 1176 1356 quidquid
1202 1322 1228 1349 id
1250 1327 1293 1350 est
1310 1321 1391 1357 plani,
1417 1321 1505 1349 Lotou
1526 1321 1713 1351 suavissimam
1734 1328 1762 1351 et

973 1357 1097 1392 siliquam
1111 1361 1206 1391 sponte
1227 1364 1377 1387 nascentes.
1398 1358 1497 1384 satiras
1510 1365 1575 1385 vero
1595 1358 1693 1392 oleam,
1721 1358 1761 1387 vi-

974 1397 1039 1424 tem,
1059 1392 1149 1429 ticum,
1163 1392 1490 1429 cerasum,mala‘Punica
1503 1393 1761 1429 etPcrsica,pruna,

974 1427 1084 1464 etquod
1100 1428 1185 1461 magis
1199 1426 1349 1464 mirandum
1364 1427 1413 1464 sit,
1428 1428 1505 1455 citria
1519 1428 1595 1464 malai
1611 1426 1699 1456 omnis
1715 1436 1761 1464 ge-

975 1463 1048 1490 neris
1062 1463 1166 1489 abunde
1184 1462 1343 1497 producunt.
1364 1462 1496 1490 Prteslant
1517 1463 1569 1490 hoc
1590 1463 1676 1498 ipsum
1702 1462 1762 1492 uia-

974 1506 1024 1533 gnu
1040 1505 1073 1525 ex
1085 1503 1160 1532 parte
1177 1499 1263 1525 l‘ontes
1286 1498 1409 1532 copiosae,
1439 1498 1600 1532 purissimae,
1625 1499 1716 1527 suavis
1736 1507 1764 1527 et

975 1533 1008 1560 ad
1024 1538 1115 1567 p'illlln
1136 1533 1252 1569 salubris
1270 1541 1354 1569 aqum,
1363 1533 1467 1567 quibus
1482 1534 1582 1568 passim
1594 1541 1665 1569 pene
1676 1542 1764 1562 erum-

976 1569 1119 1604 pentibus,
1142 1568 1241 1602 irrigua
1265 1568 1355 1595 omnia
1379 1569 1554 1604 circumcirca
1589 1570 1666 1597 liunt.
1695 1569 1763 1597 Hin:

976 1604 1060 1631 valles
1082 1603 1140 1630 urbi
1157 1603 1296 1638 propiores
1316 1611 1368 1630 non
1392 1603 1442 1630 nisi
1458 1604 1491 1630 ab
1504 1604 1708 1638 pulchritudine,
1731 1603 1765 1631 ab

976 1639 1158 1674 parudisiacis,
1174 1638 1208 1665 ab
1220 1638 1295 1673 regiis
1304 1639 1398 1671 hortis,
1413 1638 1448 1665 ab
1458 1647 1576 1665 rosarum
1588 1639 1763 1674 multitudine,

977 1671 1023 1701 aut
1037 1674 1070 1700 ab
1085 1674 1180 1708 ﬂorum
1193 1671 1299 1708 aspectu
1313 1682 1410 1701 nomen
1425 1674 1561 1701 invenere.
1578 1674 1646 1703 Hinc
1662 1671 1718 1702 vini
1738 1678 1766 1701 et

977 1709 1028 1736 olei
1042 1708 1175 1737 Corduba:
1190 1713 1263 1736 tanta
1278 1714 1319 1737 est
1329 1710 1418 1744 copia.
1432 1713 1512 1743 atque
1530 1710 1598 1737 adeo
1611 1710 1766 1737 exuberan-

978 1745 1026 1776 tia,
1038 1745 1174 1771 fructuum
1189 1745 1280 1772 omnis
1299 1745 1406 1780 generis
1425 1749 1497 1771 tanta
1523 1744 1642 1777 ubertas,
1662 1750 1691 1772 ut
1716 1744 1768 1771 hoc

979 1788 1062 1807 unum
1078 1780 1158 1807 aliam
1174 1780 1347 1815 quantumvis
1362 1780 1495 1807 celebrem
1517 1780 1653 1807 civitatem
1669 1786 1768 1815 magno

980 1823 1061 1850 opere
1085 1819 1176 1849 posset
1199 1815 1349 1848 nobilitare.
1372 1815 1440 1842 Mala
1460 1820 1549 1842 autem
1576 1815 1653 1842 citria
1681 1814 1769 1850 omnis

980 1851 1087 1886 generis
1106 1853 1180 1877 tanto
1190 1857 1272 1886 opere
1289 1851 1315 1878 in
1329 1858 1359 1886 ea
1374 1851 1439 1886 urbe
1458 1850 1617 1881 exuberant,
1632 1854 1662 1875 ut
1689 1849 1770 1886 adve-

982 1884 1023 1913 nis
1035 1890 1062 1912 et
1075 1885 1225 1925 peregrinis
1239 1885 1392 1925 hominibus
1409 1884 1565 1925 frequenter
1579 1886 1632 1925 sint
1651 1884 1765 1925 stupori,

982 1929 1035 1948 non
1053 1919 1151 1948 cumuli
1166 1920 1261 1951 solum,
1274 1920 1318 1954 qui
1333 1928 1381 1954 per
1392 1920 1495 1954 plateas
1511 1920 1617 1947 venales
1641 1920 1685 1946 vili
1707 1927 1769 1954 pre-

984 1956 1021 1982 tio
1044 1960 1203 1987 cernuntur,
1230 1956 1278 1983 sed
1301 1956 1381 1983 etiam
1403 1956 1448 1989 qui
1475 1963 1604 1985 novorum
1635 1955 1771 1981 fructuum

983 1991 1110 2021 adventu,
1127 1998 1175 2024 per
1190 1998 1271 2024 agros
1282 1994 1309 2016 ct
1320 1990 1487 2024 sterquiliuia
1502 1991 1681 2024 projit-iuntnr
1697 1998 1703 2015 :
1726 1989 1773 2016 de-

984 2026 1070 2053 cussis
1084 2033 1136 2052 non
1151 2026 1255 2052 modico
1268 2025 1402 2060 impendio
1417 2033 1449 2052 ex
1464 2025 1606 2052 arboribus
1622 2025 1710 2055 malis,
1738 2032 1772 2051 ne

986 2060 1184 2096 superfetantes
1199 2060 1280 2096 liores
1295 2061 1451 2095 impediant.
1470 2060 1579 2087 Florum
1594 2065 1684 2087 autem
1700 2060 1772 2094 ipso-

986 2104 1045 2122 rum
1062 2095 1087 2122 in
1105 2096 1147 2123 his
1167 2095 1308 2123 arboribus
1331 2100 1404 2122 tanta
1427 2096 1603 2130 undequaqu
1635 2096 1714 2122 intra.
1729 2103 1774 2121 ur-

985 2132 1046 2158 bem
1057 2135 1084 2158 et
1098 2139 1147 2165 per
1169 2131 1257 2157 vicina
1274 2131 1427 2158 suburbana
1442 2136 1483 2158 est
1493 2131 1579 2165 copia.
1605 2135 1678 2158 tanta
1691 2137 1774 2157 verno

987 2171 1107 2200 tempore
1131 2165 1296 2201 fragrantia;
1316 2170 1345 2193 ut
1365 2174 1417 2193 non
1434 2166 1500 2201 jam,
1527 2166 1598 2200 quod
1622 2166 1655 2193 de
1680 2165 1774 2193 iisdem

987 2201 1098 2229 ﬂoribus
1112 2200 1240 2229 Virgilius
1260 2201 1336 2229 dixit.

1005 2209 1030 2228 Ol
1038 2209 1098 2229 IDUS
1116 2209 1240 2237 Vll‘ngUS
1260 2209 1336 2234 (.Ilel,

1269 2258 1370 2282 Animas
1382 2259 1409 2282 et
1420 2257 1512 2282 olentia
1524 2258 1591 2282 cives

1064 2288 1111 2314 Ora
1126 2289 1172 2314 illis
1184 2289 1291 2320 foveant,
1302 2290 1403 2314 senibus
1415 2289 1568 2314 medicentur
1586 2288 1698 2319 anhelis;
1742 2285 1746 2289 ¹

989 2341 1035 2368 sed
1056 2340 1215 2367 suavissimo
1235 2340 1318 2368 odore
1332 2340 1396 2369 urbs
1415 2344 1479 2372 tota,
1498 2340 1633 2374 vicinique
1648 2339 1704 2373 agri
1717 2346 1778 2374 per-

989 2375 1154 2406 funduntur,
1179 2380 1206 2402 et
1226 2376 1260 2402 ad
1290 2384 1348 2403 eam
1381 2375 1591 2403 suaveolentiam
1617 2375 1777 2410 captandam

990 2415 1070 2438 noctu
1090 2411 1212 2437 homines
1228 2411 1368 2445 pervigiles
1386 2411 1548 2438 discurrant.
1572 2410 1663 2444 Neque
1686 2414 1777 2445 tamen

991 2447 1092 2474 diutius
1116 2446 1142 2472 in
1165 2443 1480 2474 Cordubw'atumnitate
1509 2450 1535 2474 et
1563 2443 1686 2472 ubertate
1708 2443 1780 2471 cele-

991 2481 1095 2509 branda
1124 2481 1158 2507 sit
1189 2481 1396 2508 immorandum.
1430 2481 1518 2509 Unum
1547 2480 1614 2514 satis
1642 2480 1678 2506 sit
1701 2479 1780 2507 testis

991 2516 1206 2552 prmstatttissimi
1244 2516 1437 2552 testiinonium.
1469 2516 1527 2550 Ipse
1562 2516 1598 2552 sit
1622 2513 1699 2541 Muza
1725 2514 1779 2541 dux

993 2550 1122 2583 Arabum,
1142 2551 1278 2586 Hispaniae
1299 2552 1389 2580 totius
1402 2552 1504 2583 victor,
1529 2550 1629 2585 quique
1643 2557 1703 2586 eam
1718 2557 1779 2586 om-

995 2595 1054 2614 nem
1080 2584 1310 2621 perlustraverat,
1337 2591 1364 2613 et
1383 2587 1502 2621 undique
1525 2584 1708 2621 percognilam
1732 2584 1781 2621 ha—

995 2620 1100 2653 buerat,
1127 2622 1164 2649 De
1186 2629 1218 2648 eo
1243 2621 1322 2649 Rasis
1345 2620 1502 2648 Maurns’in
1526 2620 1645 2647 Arabum
1666 2620 1780 2647 historia

995 2658 1042 2697 bis
1053 2657 1126 2697 ipsis
1148 2657 1240 2697 verbis
1254 2657 1363 2697 Alatine_
1380 2657 1501 2697 fideliter.
1511 2656 1639 2697 redditis,
1665 2655 1759 2696 scribit
1773 2662 1780 2680 :

999 2691 1236 2730 (“Abibusﬁluydi
1250 2692 1330 2730 filius,
1348 2692 1436 2730 homo
1457 2691 1502 2726 qui
1526 2691 1678 2730 nullatenus
1693 2691 1728 2730 _in
1753 2696 1784 2717 re

996 2728 1048 2754 ulla
1062 2725 1230 2758 mentiretur.
1251 2728 1287 2754 ita
1302 2727 1410 2761 scripsit
1425 2735 1430 2752 :
1447 2725 1509 2753 cum
1533 2726 1608 2753 Mula
1629 2725 1783 2761 Gordubam

997 2771 1132 2798 egressus,
1146 2763 1172 2789 in
1186 2762 1303 2789 Africam
1317 2760 1502 2798 navigaturus,
1514 2761 1634 2798 summis
1649 2760 1784 2798 Hispania:

1017 2794 1156 2825 roceribns
1169 2794 1448 2829 deducentibusfiter
1462 2797 1608 2831 occiperet,
1628 2801 1655 2823 et
1674 2794 1704 2822 in
1726 2794 1783 2822 col-

1017 2806 1156 2825 l‘OCCl‘IlIuS
1169 2806 1374 2829 aeuuccntmus,
1397 2806 1448 2823 ΗΕΓ
1462 2806 1608 2831 ορειρει·θι,
1628 2806 1655 2823 ει
1675 2806 1700 2822 lll
1726 2806 1783 2822 COI-

998 2806 1062 2864 rcin.
1077 2834 1147 2860 unde
1161 2833 1235 2860 urbis
1251 2833 1332 2859 totius
1344 2837 1503 2867 prospectus
1515 2831 1632 2867 patebat,
1648 2831 1784 2867 venisset;

1000 2870 1082 2901 mula,
1104 2869 1145 2895 cui
1162 2868 1305 2899 insidebat,
1329 2866 1402 2895 retro
1427 2866 1567 2899 conversa,
1590 2866 1785 2901 aliquantulum

1000 2905 1160 2938 consistens,
1174 2902 1268 2931 urbem
1292 2903 1389 2932 tacitus
1412 2903 1653 2940 contemplabatur,
1676 2905 1704 2930 et
1726 2906 1785 2930 tan-
