4064 6346
1625 297 1998 364 EXCERPTA
2027 303 2126 364 EX
2161 301 2373 360 ΑΜΒΚ.
2410 302 2688 364 MORALI.

555 427 785 490 tionem,
805 437 895 480 res
917 422 1032 493 ipsa
1057 428 1308 489 testatur,
1333 430 1390 478 et
1409 422 1570 492 paulo
1593 431 1716 492 post
1741 435 1927 493 sumus
1941 428 2121 493 osten-
2153 419 2204 479 A
2229 417 2458 486 magnis,
2476 432 2714 493 quarum
2742 425 2828 474 est
2851 416 2906 493 i_n
2934 416 3147 474 sublimi
3173 418 3364 490 ingens
3383 419 3566 491 copia,
3599 429 3808 480 tantum

555 496 691 554 suri.
719 492 1010 565 Sexaginta
1044 495 1207 566 igitur
1233 505 1326 550 aut
1349 510 1413 549 eo
1441 493 1670 563 amplius
1697 500 1816 564 post
1830 492 2130 566 Caligulam

553 582 727 621 annos
752 581 874 622 eam
907 565 1097 620 urbem
1125 566 1361 629 stetisse,
1399 579 1687 635 possumus
1716 565 1960 628 credere,
1985 574 2039 618 et
2065 566 2132 620 ad

555 635 851 705 Traianum
875 650 1047 704 usque
1084 635 1422 705 perdurasse.

624 703 854 761 Ducenti
883 703 1288 760 dei’nde’ferme
1325 705 1452 758 anni
1497 703 1563 758 ad
1596 703 1914 766 Diocletiani
1960 719 2131 772 usque

555 777 842 848 imperium
890 775 1232 848 praeteriere,
1301 776 1354 829 in
1386 774 1583 848 quibus
1619 774 1880 848 Corduba).
1929 775 2128 848 nullam

555 844 881 902 mentionem
913 846 1054 914 apud
1093 853 1346 901 auctores
1392 844 1714 900 invenimus.
1757 845 1989 899 Tantum
2039 845 2126 900 illa

558 917 707 973 basis
733 930 1036 987 marmorea
1066 915 1132 987 de
1151 931 1256 984 qua
1275 915 1386 986 jam
1419 915 1680 987 diximus:
1702 931 1824 987 cum
1860 915 2129 987 fragmen-

556 988 626 1042 tis
647 987 810 1040 etiam
839 979 1118 1040 muliebris
1147 979 1418 1044 statuimin
1453 986 1612 1040 domo
1641 985 1847 1040 Garsize
1867 979 2126 1042 Mendesii

553 1057 622 1137 de
642 1055 971 1137 Scito-Maer
985 1055 1084 1110 fuit
1103 1064 1257 1137 eruta
1281 1072 1402 1137 cum
1415 1054 1676 1137 Corneliae
1698 1056 1966 1137 Salonium
1990 1072 2094 1137 uiro
2108 1088 2124 1098 -

550 1129 628 1184 ris
664 1125 890 1183 Gallieni
928 1126 1270 1194 imperatoris
1294 1125 1667 1196 inscriptione.
1701 1126 1805 1183 Sed
1831 1128 1975 1182 enim
2003 1127 2126 1182 Dio-

550 1197 765 1254 cletiani
796 1195 1688 1268 temporibusduhium,esseonon
1736 1206 1947 1268 potest,
1996 1198 2124 1266 quin

551 1269 679 1324 urbs
710 1266 988 1336 vetusjam
1019 1266 1288 1336 periisset,
1319 1275 1374 1321 et
1398 1283 1535 1321 nova
1558 1282 1676 1336 quae
1702 1266 1844 1322 nunc
1872 1277 1976 1332 est,
2004 1283 2124 1336 per-

549 1338 776 1394 celebris
800 1337 1109 1393 haberetur.
1135 1337 1468 1392 Testimonio
1494 1346 1619 1392 sunt
1645 1347 1952 1393 sanctorum
1981 1354 2124 1392 mar-

549 1416 748 1480 tyrum,
778 1408 869 1478 qui
896 1422 963 1462 eo
995 1415 1238 1478 tempore
1263 1406 1526 1480 Cordubae
1563 1409 1804 1463 coronati
1828 1418 1974 1474 sunt,
1992 1425 2120 1480 mo-

549 1477 840 1548 numenta,
871 1494 990 1547 qua:
1033 1477 1341 1548 supersunt.
1374 1477 1450 1533 lbi
1489 1488 1800 1548 sanctorum
1826 1479 2022 1534 A‘ciseli
2066 1488 2122 1534 et

554 1547 808 1604 Victoria:
846 1549 1038 1620 domus
1066 1547 1119 1603 in
1143 1564 1258 1620 qua,
1276 1548 1491 1620 educati
1511 1547 1733 1620 fuerint
1769 1567 1781 1602 :
1828 1549 1898 1605 ibi
1944 1550 2122 1620 sepul-

552 1634 726 1692 crum.
750 1619 981 1692 quodad
1002 1617 1212 1692 portam
1240 1619 1477 1692 fluminis
1501 1617 1684 1685 fuisse,
1711 1620 1764 1674 in
1785 1617 2121 1692 eorumpas-

549 1690 720 1770 sione.
745 1688 1039 1770 scribitur;
1076 1689 1146 1770 ibi
1176 1699 1392 1770 pilleus,
1421 1690 1666 1770 iu_qnem
1695 1706 1820 1760 pars
1848 1688 2116 1747 viscerum

2236 488 2520 560 commotis
2539 489 2692 560 obrui
2717 489 2917 560 ingenia
2946 498 3167 558 possent
3195 488 3356 559 atque
3382 488 3675 560 prosterni.
3708 493 3812 549 Sed

2235 556 2361 633 loci.
2386 557 2732 612 insalubritas
2777 558 2828 612 in
2864 556 3053 633 primis
3083 569 3166 633 es_t
3184 556 3443 633 insignis.
3475 562 3645 616 Iidem
3677 579 3810 633 pra:-

2233 627 2362 682 eelsi
2382 627 3051 704 m_ontes__septentriouale
3074 630 3227 704 urbis
3249 627 3390 704 iatus
3419 634 3493 687 ita
3517 627 3811 704 protegunt

2232 707 2293 752 ut
2320 699 2724 768 aquilonaribns
2759 701 2954 763 ventis,
2995 700 3089 768 qui
3131 701 3464 758 salubriores
3491 699 3808 759 existiman-

2233 776 2343 833 tur,
2373 769 2523 843 nullo
2569 769 2726 843 modo
2772 771 2944 843 possit
2969 769 3159 843 afllari.
3189 770 3432 843 Cumque
3471 775 3541 828 ab
3593 784 3714 828 ortu
3743 779 3808 830 ad

2230 854 2482 916 occasum
2512 840 2565 894 in
2597 839 2813 916 longum
2844 841 2913 916 sit
2936 841 3236 916 totus_situs
3263 839 3572 916 porrectus,
3603 845 3674 898 ab
3695 860 3806 916 sep-

2231 911 2499 985 tentrione
2528 925 2656 965 vero
2679 911 2732 965 in
2780 911 3073 985 meridiem
3089 911 3372 968 latitudine
3397 929 3494 985 per
3518 914 3718 970 clivum
3750 911 3799 969 in

2228 979 2445 1048 planum
2481 989 2804 1036 excurrente
2848 983 3230 1050 protendatur;
3280 985 3346 1038 ad
3381 979 3511 1040 solis
3555 985 3797 1049 ardores,

2226 1051 2317 1119 qui
2363 1059 2490 1106 sunt
2538 1052 2594 1106 in
2649 1066 2712 1106 ea
2759 1053 2980 1122 regione
3029 1052 3433 1117 ferventissimi,
3501 1056 3634 1110 urbs
3693 1065 3798 1109 tnta

2226 1131 2426 1194 quanta
2463 1130 2600 1194 erat,
2634 1121 2804 1194 jacuit
2829 1121 3094 1194 exposita.
3125 1123 3308 1194 Neque
3347 1125 3606 1180 inferiora
3635 1126 3798 1180 aedili-

2226 1190 2311 1245 cia
2341 1201 2520 1263 tegere
2551 1193 2615 1265 in
2639 1190 2798 1265 ‘clivo
2849 1190 3127 1265 superiora
3163 1190 3430 1265 poterant.
3489 1207 3586 1252 aut
3635 1207 3798 1252 aestus

2225 1261 2414 1334 mutua
2445 1261 2823 1331 cenjnnctione
2853 1261 3115 1334 impedire
3139 1261 3306 1319 {cum
3356 1266 3575 1320 interim
3617 1267 3666 1320 si
3693 1282 3798 1334 quo

2224 1331 2406 1408 algore
2439 1334 2734 1408 Aquilones
2758 1331 3311 1408 possentsnbveuire,
3339 1346 3610 1408 prmrupta
3643 1331 3790 1391 mon-

2225 1403 2355 1456 tium
2382 1403 2614 1458 culmina
2659 1414 2928 1459 arcerent.
2975 1405 3104 1459 lude
3149 1415 3231 1460 est
3261 1403 3400 1474 quod
3454 1403 3599 1460 nu'nc
3633 1408 3793 1461 etiam

2221 1475 2564 1542 scorpionum
2603 1475 2945 1530 multitudine
2991 1483 3132 1530 totus
3171 1475 3217 1530 is
3246 1477 3446 1530 veteris
3484 1478 3640 1531 urbis
3664 1479 3795 1532 situs

2220 1545 2459 1615 abundat
2501 1546 2659 1615 :ipsa
2703 1553 3092 1600 venenatorum
3140 1546 3493 1601 animantium
3545 1548 3793 1602 fecundi-

2221 1614 2473 1696 tateoloci
2502 1614 2812 1698 pestilentis
2850 1616 3040 1698 vitium
3088 1617 3367 1698 prodente.
3427 1617 3791 1698 Quodipsnm

2218 1685 2453 1757 maxime
2499 1685 2628 1757 facit
2664 1695 2722 1757 ut
2758 1686 2996 1751 credam,
3019 1685 3252 1757 priscam
3277 1686 3430 1741 illam
3461 1685 3789 1749 Cordubam,

547 1760 723 1815 sancti
751 1759 898 1841 Zoyii
926 1755 1367 1850 martyris-inerit
1390 1755 1663 1850 projécia,
1693 1755 2110 1850 monstrantur}
2143 1789 2192 1850 Β
2217 1755 2457 1850 ante
2483 1755 3150 1850 Marceilum‘fueratjhoc
3195 1757 3321 1838 situ,
3360 1773 3468 1850 quo
3509 1773 3656 1838 nunc
3689 1766 3787 1850 es}.

545 1839 707 1904 atque
731 1831 910 1904 omnia
937 1839 992 1884 et
1037 1831 1246 1904 singula
1290 1847 1482 1904 magna
1516 1831 1778 1904 religione
1806 1832 1872 1904 ab
1900 1842 2008 1889 tota
2033 1833 2115 1887 ci-

543 1900 717 1974 vitate
743 1901 1010 1974 coluntur.
1043 1900 1211 1974 lta:fit
1238 1909 1296 1955 ut
1327 1900 1486 1974 nemo
1512 1901 1632 1974 pius
1669 1901 1813 1957 ferre
1851 1901 1964 1972 jam
1994 1918 2118 1974 pos—

544 1981 647 2038 set,
677 1971 720 2027 si
751 1971 873 2046 quis
900 1985 1088 2046 pa_sso_s
1122 1972 1174 2026 in
1205 1973 1372 2046 veteri
1393 1973 1525 2046 urbe
1549 1973 1648 2026 bos
1673 1971 2116 2046 sanctosima'rty-

543 2056 633 2115 res
655 2041 1009 2115 crederet._l_3t
1028 2042 1095 2115 de
1116 2043 1325 2115 sanctis
1349 2043 1520 2098 tribus
1544 2044 1871 2115 martyribus
1893 2041 2112 2111 Fausto,

542 2109 822 2184 Januario)
846 2120 901 2184 et
922 2111 1166 2168 Martiale
1191 2112 1332 2167 idem
1355 2129 1578 2184 prorsus
1611 2109 1703 2168 est
1728 2116 2070 2170 statuendum
2095 2109 2111 2170 ἑ

541 2191 599 2236 et
622 2197 745 2236 cum
782 2183 988 2238 Gothos
1013 2184 1154 2238 hane
1177 2183 1369 2238 novam
1395 2184 1580 2239 urbem
1609 2185 1844 2239 tenuisse
1870 2194 2107 2251 constet;

539 2251 874 2325 etASisebuti.
914 2253 1058 2325 regis
1106 2253 1438 2325 temporibus
1484 2253 1724 2325 Agapius
1742 2253 2111 2312 Cordubensis

537 2323 822 2397 episcopus
873 2323 1116 2379 sanétum
1158 2323 1808 2397 Zoylicorpus'ibidem,
1853 2325 1971 2397 ipso
2014 2342 2113 2397 per

537 2393 804 2476 somnium
829 2393 1303 2476 comitionstrante,
1335 2393 1617 2476 repererit,
1649 2395 1790 2476 quod
1815 2393 1889 2476 ab
1907 2393 2111 2476 marty-

539 2463 605 2518 rii
637 2464 720 2535 sui
753 2472 995 2535 tempore
1023 2465 1341 2528 delituerat,
1370 2463 1568 2520 ibidem
1599 2463 1784 2534 utique
1819 2465 1993 2521 fuerat
2017 2463 2110 2522 ei-

537 2534 913 2608 carnificatus,
958 2546 1013 2590 et
1049 2535 1282 2608 occisus.
1302 2535 1453 2608 _Nam
1487 2536 1554 2608 ab
1581 2535 1817 2608 ethnicis
1846 2537 1988 2608 inter
2017 2551 2109 2608 pe-

537 2605 898 2678 regrinorum_
923 2605 1170 2678 sepulcra
1213 2606 1446 2678 cadaver
1471 2605 1944 2678 ejns'occultatum
1977 2605 2108 2678 legi-

537 2621 876 2671 regrmorum
923 2621 1170 2730 sepulcra
1213 2621 1446 2660 cadaver
1471 2621 1587 2676 eius
1615 2621 1944 2662 occultatum
1977 2621 2106 2678 tegi-

533 2689 692 2749 mus,
744 2675 919 2749 neab
945 2675 1272 2749 Ciristianis
1315 2677 1853 2749 dignoscereturzet
1901 2677 2106 2749 Agapio

530 2745 783 2819 episcopo
822 2745 963 2819 idem
1008 2757 1217 2819 martyr
1255 2745 1742 2819 (quemadmodum
1781 2745 2106 2819 inventionis

532 2814 694 2870 habet
721 2814 966 2888 historia)
992 2826 1049 2871 et
1081 2814 1363 2873 locum'ubi
1388 2832 1580 2888 passus
1603 2817 1725 2878 fuit,
1751 2825 1808 2874 et
1830 2818 1921 2872 ubi
1947 2834 2104 2874 suum

531 2899 728 2955 corpus
753 2886 1082 2943 occultatum
1109 2887 1343 2956 iaceret,
1373 2886 1650 2942 indicavit.
1680 2888 1810 2955 Qua:
1833 2888 2012 2943 omnia
2042 2889 2105 2944 li-

513 2957 694 3028 quid,"
729 2967 954 3027 possunt
996 2955 1253 3028 probare,
1279 2959 1419 3013 hanc
1446 2973 1638 3013 novam
1675 2955 1864 3014 urbem
1892 2959 2104 3014 Diocle-

535 3025 665 3099 tiani
705 3025 760 3081 e't
805 3025 1076 3099 sociorum
1120 3029 1503 3099 imperatorum
1537 3038 1811 3098 tempore,
1841 3029 1943 3085 hoc
1980 3036 2098 3096 est,

531 3097 676 3150 circa
698 3112 868 3152 annos
891 3097 1505 3155 Dominicze—nativitatis
1535 3097 1804 3155 trecentos
1829 3099 2099 3155 conditam

525 3163 638 3239 iam
664 3205 678 3229 ,
725 3168 896 3239 veteri
923 3169 1122 3239 _diruta
1145 3209 1160 3232 ,
1201 3168 1386 3224 fuisse.
1415 3169 1507 3224 llle
1536 3169 1718 3239 itaque
1764 3185 2101 3226 marmoreus

532 3235 668 3309 lapis
693 3238 761 3290 ad
784 3237 889 3309 divi
922 3235 1148 3301 Nicolai,
1176 3239 1318 3309 quod
1349 3247 1542 3295 vocant
1568 3235 1806 3302 in'urbe,
1841 3240 2098 3309 templum

530 3307 1155 3390 effossus,"ibi‘dentque
1194 3307 1412 3390 :parieti
1469 3309 1723 3390 insertus,
1775 3309 1868 3390 qui
1928 3307 2098 3390 basim

528 3374 829 3450 Constantii
899 3374 1129 3450 Caesaris
1192 3374 1290 3450 (:ut
1322 3377 1460 3450 ejus
1524 3374 1726 3434 indicat
1789 3374 2098 3450 inscriptio)

530 3453 724 3502 statuae
761 3447 890 3501 olim
920 3449 1176 3519 praebuit;
1223 3447 1276 3501 in
1320 3448 1424 3519 hae
1449 3464 1585 3502 nova
1616 3451 1751 3519 urbe
1787 3447 2098 3516 dedicatus,

530 3531 636 3570 non
688 3534 754 3572 ex
807 3518 976 3574 veteri
1035 3519 1296 3574 adductus
1343 3518 1574 3573 videtur.
1618 3518 1772 3586 Quod
1815 3521 1977 3574 etiam
2031 3522 2098 3577 de

531 3586 799 3660 Salonium
865 3597 1042 3644 statua
1093 3597 1149 3644 et
1199 3588 1312 3644 basi
1383 3588 1649 3660 quispiam
1701 3599 1886 3660 posset
1932 3590 2100 3647 etiam

529 3658 861 3714 existimare.

601 3729 776 3784 Causa
810 3737 990 3786 autem
1046 3730 1206 3800 hujus
1248 3729 1583 3796 mutationis,
1626 3739 1680 3785 et
1707 3729 1970 3786 Cordubae
1997 3731 2096 3787 ite-

527 3815 648 3855 rum
695 3803 1027 3858 renascentis
1071 3802 1284 3858 occasio
1323 3801 1481 3872 vulgo
1510 3802 1652 3872 inter
1687 3801 1834 3872 cives
1874 3800 2099 3857 affertur

526 3884 680 3944 aqua;
721 3873 976 3944 penuria,
1021 3887 1128 3942 qua
1177 3882 1329 3927 vetus
1357 3871 1750 3944 Marcelli__urbs
1778 3871 2094 3938 laborabat,

527 3939 737 4012 Longius
763 3939 1293 4012 a‘llumine'quatuor
1313 3957 1463 4012 pene,
1493 3942 1811 3998 milliaribus
1856 3951 2092 3998 remota.

526 4010 638 4080 Ego
659 4025 790 4066 vero
809 4011 942 4067 nihil
971 4010 1148 4069 minus
1173 4013 1225 4066 in
1251 4010 1415 4068 causa
1444 4011 1607 4074 fuisse
1647 4012 1826 4068 video.
1869 4013 2004 4067 Nam
2033 4022 2093 4069 et

526 4080 668 4134 intra
694 4081 845 4137 urbis
862 4083 979 4154 ejus
1002 4084 1163 4154 situm
1185 4083 1362 4138 fontes
1376 4097 1482 4154 non
1504 4099 1611 4140 uno
1624 4082 1742 4139 loco
1756 4091 2046 4154 erumpunt
2076 4098 2090 4136 :

526 4165 693 4220 prope
719 4153 901 4208 muros
928 4168 1056 4208 vero
1081 4153 1149 4208 ad
1173 4163 1352 4209 ortum
1382 4153 1503 4209 fons
1523 4162 1608 4210 est
1635 4153 1797 4208 etiam
1820 4153 1956 4208 bene
1978 4167 2095 4207 ma-

526 4235 688 4342 Puns,
715 4221 800 4275 cui
824 4221 892 4276 ab
917 4222 1155 4278 laverum
1197 4224 1350 4294 copia
1392 4239 1588 4277 nomen
1631 4232 1717 4279 est
1748 4221 1973 4294 (Fuente
2027 4223 2094 4277 de

547 4307 604 4342 os
625 4288 835 4342 Berroal
869 4309 882 4342 :
911 4302 966 4342 et
1007 4293 1168 4342 vicini
1214 4294 1338 4342 huic
1371 4293 1505 4342 fonti
1549 4295 1774 4342 fratrum
1819 4293 1924 4342 divi
1962 4293 2090 4342 Ilie-

547 4288 604 4344 os
625 4288 835 4362 Berroa)
869 4309 882 4346 :
911 4302 966 4349 et
1007 4293 1170 4348 vicini
1214 4288 1338 4348 huic
1371 4293 1505 4348 fonti
1549 4288 1774 4348 fratrum
1819 4293 1924 4346 divi
1962 4293 2090 4348 l‘lie-

529 4361 742 4434 ronymi
773 4361 916 4417 herti
939 4365 1006 4418 ab
1029 4363 1253 4434 fontium
1284 4365 1436 4434 copia
1464 4378 1657 4434 nomen
1691 4363 1943 4434 invenere
1964 4362 2091 4434 (Las

527 4428 880 4502 Honl‘qnares)
904 4450 918 4485 :
942 4441 998 4487 et
1019 4433 1250 4501 amplior
1269 4428 1600 4497 ille—canalis,
1621 4447 1727 4502 quo
1748 4433 1919 4501 ipsmn
1949 4428 2090 4488 idem

2219 1826 2512 1899 exstitisse,
2544 1827 2984 1899 salubritatisque
3025 1830 3284 1882 memoria
3331 1826 3390 1884 et
3415 1829 3790 1899 experimento

2218 1911 2340 1968 eum
2379 1897 2554 1966 ipsum
2577 1898 2768 1952 iterum
2796 1897 2939 1952 nunc
2959 1899 3239 1968 repetisse.

2288 1967 2604 2039 lnstaurata_
2630 1968 2808 2039 igitur,
2866 1982 2961 2023 seu
3010 1967 3184 2024 denuo
3214 1969 3434 2024 condita
3461 1984 3603 2024 nova
3636 1969 3787 2034 urbe,

2217 2039 2534 2110 quadratam
2582 2037 2831 2098 formam.
2895 2047 3155 2110 quantum
3219 2054 3439 2110 possum
3495 2039 3786 2107 conjicere,

2217 2107 2460 2164 retinuit.
2482 2108 2606 2182 Duo
2632 2110 2787 2182 enim
2805 2107 2944 2164 muri
2974 2107 3500 2182 lateraradamussim
3529 2113 3788 2182 producta

2212 2192 2340 2251 cum,
2381 2180 2588 2250 antiqui
2640 2178 2841 2250 operis,
2891 2189 3052 2251 atque
3098 2181 3234 2236 adeo
3275 2178 3788 2251 Romaui'vestigiis

2211 2250 2527 2373 perdurant.
2559 2249 2808 2333 Abiarce
2839 2251 2905 2304 ad
2934 2249 3281 2333 Solishquam
3313 2251 3519 2314 dicunt,
3554 2249 3784 2321 portam,

2233 2321 2481 2373 ambente
2522 2320 2738 2373 ﬂumine
2785 2321 3060 2373 australe:
3095 2322 3218 2373 inde
3262 2322 3329 2373 ad
3381 2337 3502 2373 eam
3551 2331 3783 2373 portam.

2233 2321 2481 2377 ambente
2522 2320 2738 2375 flumine
2785 2321 3060 2376 australe:
3095 2320 3218 2377 inde
3262 2322 3329 2375 ad
3381 2337 3502 2376 eam
3551 2320 3783 2390 portam,

2209 2406 2330 2462 quae
2356 2391 2547 2464 Anguli
2567 2400 2812 2464 vocatur,
2828 2391 3112 2464 orientale.
3139 2392 3254 2448 Duo
3277 2391 3382 2446 alia
3407 2392 3608 2464 latera,
3637 2390 3785 2446 Mau-

2209 2460 2392 2517 rorum
2447 2460 2616 2532 credo
2657 2460 3080 2532 detrahentium
3107 2504 3122 2528 ,
3187 2462 3666 2532 superaddentium
3708 2472 3788 2532 get

2208 2532 2390 2586 multis
2442 2531 2612 2586 modis
2653 2531 3072 2596 immntantium,
3116 2531 3551 2588 substructiones
3589 2531 3782 2586 confu-

2208 2603 2356 2658 dere.
2385 2601 2452 2656 Et
2469 2610 2829 2673 praeterquam
2857 2603 2999 2672 quod
3034 2605 3294 2673 quadrata
3342 2605 3444 2658 ista
3477 2603 3680 2665 forma,
3707 2602 3782 2656 la-

2206 2671 2481 2754 pidesque’
2499 2672 2746 2754 quadrati
2793 2671 3090 2754 Romanam
3128 2675 3368 2754 indicant
3411 2682 3780 2754 structuram;

2205 2743 2321 2814 ipsa
2345 2758 2557 2814 quoque
2580 2743 2938 2814 portarumin
2961 2743 3052 2798 illo
3079 2745 3146 2798 ad
3176 2745 3441 2800 orientem
3467 2744 3637 2798 latere
3659 2760 3780 2798 cum

2203 2813 2626 2886 aaquedistante
2653 2813 2936 2886 intervallo
2961 2815 3224 2870 dimensio
3253 2823 3364 2869 tota
3394 2830 3622 2886 prorsus
3670 2815 3776 2868 Bo.

2205 2899 2362 2955 mana
2395 2893 2496 2939 est.
2530 2884 2778 2954 Quinque
2812 2885 2956 2939 enim
2997 2895 3185 2955 portas
3239 2901 3362 2940 cum
3397 2884 3775 2955 'adaperirent,

2203 2953 2257 3008 in
2303 2955 2482 3009 medio
2514 2970 2674 3008 unam
2696 2953 2847 3024 (quae
2877 2953 3073 3010 Ferr‘u
3103 2955 3402 3018 dicebatur,
3431 2953 3658 3025 ipsaque
3701 2957 3779 3010 di-

2203 3032 2345 3089 ruta,
2382 3025 2500 3080 loco
2545 3039 2740 3078 nomen
2769 3027 2969 3148 manet:
3015 3026 3434 3090 constituerunt,
3481 3027 3610 3080 hinc
3655 3027 3780 3080 inde

2205 3092 2361 3148 binas
2400 3094 2697 3148 aequalibus
2740 3097 2946 3148 interva
2971 3094 3036 3148 lis
3089 3097 3533 3148 snneraddentes.
3575 3096 3777 3148 Perdu-

2205 3092 2372 3167 binas
2400 3094 2697 3166 aequalibus
2740 3092 3056 3167 intervallis
3089 3097 3533 3167 superaddentes.
3575 3096 3777 3151 Perdu-

2127 3156 2175 3222 C
2206 3173 2327 3248 rant
2364 3156 2734 3248 hat'quatuor,
2771 3165 2912 3221 Solis
2952 3156 3249 3248 et_Anguli,
3284 3166 3496 3248 in_ip_sis
3521 3167 3774 3248 angulis:

2204 3235 2426 3305 reliqua:
2464 3236 2673 3306 mediae,
2709 3252 2828 3306 quae
2853 3239 3100 3306 portulae,
3124 3235 3258 3292 'voce
3303 3235 3772 3301 diminuta,'nun-

2201 3314 2488 3378 cupaniur,
2520 3305 2689 3362 altera
2718 3305 2786 3362 ad
2828 3305 3067 3378 Einporii
3104 3308 3302 3373 vicum,
3336 3307 3510 3362 altera
3541 3309 3606 3362 ad
3635 3306 3775 3361 Fon-

2204 3375 2310 3431 tem
2361 3375 2578 3432 Siccum
2628 3375 2974 3448 estdposita:
3016 3385 3072 3431 et
3095 3387 3324 3448 utraque
3373 3379 3442 3432 ab
3491 3378 3604 3433 suis
3646 3378 3777 3432 locis

2200 3461 2396 3502 nomen
2437 3445 2820 3518 accepitLNec
2847 3446 3094 3502 dubitant
3145 3445 3315 3503 nostri
3364 3448 3773 3516 Cordubenses,

2199 3518 2328 3586 quin
2351 3533 2418 3572 ex
2447 3517 2614 3572 veteri
2647 3517 2882 3572 Marcelli
2906 3518 3038 3572 urbe
3064 3519 3320 3573 translata
3345 3519 3397 3586 in
3423 3534 3615 3572 novam
3636 3520 3776 3574 hanc

2200 3587 2401 3642 fuerint
2417 3587 2753 3658 publicorum
2779 3597 2833 3642 et
2855 3589 3189 3658 privatorum
3215 3589 3566 3643 aedificiorum
3589 3591 3774 3644 omnia

2197 3657 2535 3713 ornamenta.
2569 3657 2707 3729 Hine
2721 3658 2790 3729 in
2818 3657 2951 3712 urbe
2981 3667 3172 3713 statua:
3196 3659 3426 3714 Romani
3457 3662 3639 3729 operis
3669 3675 3774 3714 non

2197 3743 2402 3798 paucae,
2436 3728 2679 3798 inscripti
2719 3727 2924 3798 lapides
2968 3729 3163 3783 multi:
3190 3730 3316 3784 hinc
3343 3737 3423 3784 tot
3454 3727 3776 3784 marmorea:

2197 3797 2480 3864 Columnae,
2510 3797 2806 3870 multaque
2857 3799 2960 3854 alia
3011 3799 3345 3869 huiusmodi,
3398 3816 3520 3870 quae
3571 3802 3773 3870 passim

2195 3870 2458 3942 visuntur.
2491 3868 2808 3942 Quanquam
2863 3868 3118 3942 nonnulla
3140 3870 3299 3942 hujus
3319 3868 3471 3926 nova:
3494 3868 3776 3942 urbispro-

2195 3939 2522 4021 pri_a.l'uiss.e,
2549 3939 2798 4021 superius
2823 3939 3206 4021 probabamus.

2267 4009 2406 4083 Hinc
2441 4009 2566 4083 jam
2590 4009 2777 4083 liquet,
2795 4009 3006 4083 quanto
3031 4025 3196 4083 opere
3219 4011 3408 4083 vulgus
3447 4019 3653 4083 nostra
3677 4010 3773 4083 Aci-

2193 4078 2378 4135 vitatis
2406 4078 2758 4150 aberret,‘qui
2790 4078 3010 4136 Seneca:
3035 4078 3254 4137 domum
3285 4078 3406 4137 eam
3435 4081 3608 4136 fuisse
3629 4080 3772 4134 allir-

2198 4160 2332 4214 mat,
2366 4166 2486 4220 qua:
2514 4165 2657 4206 nunc
2695 4150 2897 4220 publici
2925 4165 3144 4207 senatus
3171 4153 3379 4208 tedibus
3427 4152 3494 4205 ad
3524 4161 3772 4205 austrum

2194 4221 2502 4293 conjuncta,
2548 4236 2626 4293 ex
2681 4221 2909 4293 adverso
2947 4237 3086 4293 pene
3130 4223 3238 4277 divi
3295 4223 3576 4278 Benedicti
3628 4233 3768 4293 tem-

2192 4289 2337 4414 Blum
2366 4291 2604 4361 respicit.
2684 4291 2827 4346 Emit
2897 4289 3023 4375 eam
3084 4293 3210 4375 oiim
3285 4294 3370 4375 vi'r
3435 4291 3770 4373 clarissimus

2243 4401 2254 4413 .
2278 4360 2468 4414 Petrus
2497 4377 2527 4414 a
2557 4360 2804 4414 Corduba
2829 4376 3035 4414 nnmus
3052 4363 3382 4414 Phesmensns
3411 4365 3682 4414 marchio.
3709 4377 3770 4414 ea

2243 4401 2254 4413 .
2278 4360 2468 4416 Petrus
2497 4377 2527 4415 a
2557 4360 2804 4434 Corduba
2828 4362 3035 4432 primus
3052 4363 3382 4434 Plieguensis
3411 4364 3682 4426 marchio,
3709 4377 3770 4418 ea

2193 4431 2333 4485 fama
2361 4441 2664 4487 commotus
2683 4440 2738 4486 et
2762 4431 2966 4487 doctori
2990 4431 3225 4488 Antonio
3255 4432 3438 4487 Morali
3471 4435 3613 4502 patri
3651 4448 3766 4488 meo

523 4501 632 4582 divi
661 4499 970 4588 Hieronymi
1007 4499 1309 4583 coenobium
1357 4518 1499 4583 nunc
1542 4499 1862 4588 fruitur-per
1895 4503 2088 4584 vallem
2119 4511 2166 4572 ι)
2193 4503 2406 4588 medico
2434 4502 3048 4588 ppesiantissimodono
3087 4506 3254 4569 dedit,
3281 4499 3490 4585 dicens,
3531 4503 3769 4588 Sapien—

525 4571 696 4643 ipsam
721 4571 1048 4643 dprsumque
1087 4573 1398 4643 prominens
1431 4571 1830 4628 circumductus
1856 4613 1872 4637 ,
1913 4573 1965 4628 in
2000 4589 2090 4628 ur-

522 4639 647 4714 bem
685 4639 1156 4714 influebatJDur'at
1195 4644 1375 4714 adhuc
1399 4643 1468 4697 ad
1489 4643 1664 4714 ipsum
1717 4643 1882 4699 fontis
1928 4652 2090 4714 caput

523 4712 640 4781 ejus
679 4711 1030 4784 aqumductus
1080 4713 1276 4783 portio,
1317 4711 1580 4784 quadrato
1623 4713 1797 4784 lapide
1843 4711 2091 4769 constru-

520 4792 628 4854 cta.
679 4781 964 4854 Reliquum
987 4781 1100 4854 ipsa
1150 4781 1382 4840 ccenob‘ii
1409 4781 1714 4849 structura,
1738 4784 1974 4854 lapidum
2020 4785 2093 4840 si-

521 4853 726 4936 milium
777 4852 953 4936 indiga
1007 4852 1363 4936 consumpsit.
1401 4855 1716 4936 Quicunque
1769 4852 1934 4936 etiam
1982 4871 2087 4925 pu-

522 4923 591 4978 tei
640 4921 986 4997 inferioribus
1013 4921 1314 4995 pnesertim
1342 4921 1491 4980 urbis
1518 4921 1762 4997 partibus
1790 4921 2088 4980 effoderen-

521 5002 810 5066 tur,_aqu:e
846 4993 899 5066 in
931 4993 1146 5050 omnem
1189 5011 1343 5050 usum
1388 4993 1835 5051 emutnodissimaa
1871 4997 2085 5066 copiam

516 5063 758 5134 profecto
786 5063 1277 5121 subministrarem.
1321 5067 1451 5134 Quae
1481 5082 1602 5122 cum
1659 5068 1732 5123 ita
1781 5063 1955 5130 sint,—
1981 5065 2085 5128 loci

517 5134 973 5200 insalubritatem,
999 5137 1136 5193 adde
1155 5137 1318 5191 etiam
1345 5137 1411 5192 ad
1447 5137 1850 5192 inhabitandum
1881 5138 2088 5192 incom-

516 5205 827 5278 moditatem
853 5244 895 5278 ,_
921 5222 1111 5262 causas
1150 5207 1460 5278 potissimas
1498 5207 1646 5262 urbis
1699 5206 2087 5278 transferenda:

513 5273 718 5339 fuisse,
770 5276 1102 5332 credendum
1150 5273 1268 5334 'est.
1329 5278 1465 5333 Eum
1527 5279 1672 5333 enim
1718 5279 1879 5332 situm
1943 5277 2086 5331 Mar-

514 5345 683 5418 celius
727 5345 1022 5418 delegerat,
1074 5347 1165 5418 qui
1222 5347 1482 5418 ponenda:
1534 5347 1653 5404 urbi
1704 5356 1847 5403 esset
1895 5347 2080 5418 multis

513 5416 1175 5490 modis_importtinus_.'A
1216 5416 1434 5474 flumine
1474 5418 1705 5490 primum
1765 5426 1873 5490 tam
1920 5417 2080 5490 longe

515 5486 766 5551 removit,
797 5485 920 5540 cum
945 5485 1183 5559 ﬂuminis
1212 5503 1277 5559 eo
1317 5485 1558 5559 tempore
1587 5489 1903 5558 navigabilis
1930 5485 2081 5545 com-

516 5560 673 5610 moda
711 5557 1339 5630 esseut_qnamplurima.
1377 5557 1580 5630 bluuita
1618 5557 1791 5630 neque
1831 5559 1936 5615 situ
1987 5573 2084 5615 ne-

511 5639 805 5698 que_opere
838 5625 976 5698 urbs,
1001 5625 1124 5683 esse
1150 5629 1344 5698 potuit.
1385 5629 1488 5685 Per
1533 5644 1657 5684 eum
1707 5625 1850 5685 enim
1882 5630 2083 5686 clivum

513 5704 600 5773 est
627 5695 681 5773 in
710 5694 927 5773 planum
949 5694 1207 5773 detulisse,
1237 5700 1323 5753 cui
1352 5700 1613 5773 montium
1634 5701 1762 5771 juga
1792 5701 1865 5773 ita
1897 5716 2086 5771 super-

517 5764 868 5828 immineant,
903 5775 961 5819 ut
990 5767 1256 5836 lapidibus
1289 5764 1756 5841 rupibusque'non
1795 5764 2086 5828 admodum

2195 4574 2386 4628 tissimi
2440 4574 2541 4627 viri
2577 4574 2940 4628 Cordubensis
2983 4575 3228 4639 domum,
3284 4591 3388 4630 non
3440 4575 3545 4628 nisi
3577 4575 3647 4628 ab
3685 4589 3770 4628 sa-

2191 4643 2531 4716 pientissimo
2578 4643 2910 4698 Cordubensi
2971 4645 3168 4716 debere
3226 4645 3508 4716 possideri.
3565 4644 3623 4698 In
3688 4645 3768 4698 his

2192 4714 2398 4784 aedibus
2425 4728 2525 4782 ego
2574 4723 2732 4768 natus
2760 4729 2879 4768 sum
2912 4732 2925 4768 :
2958 4715 3050 4770 sed
3080 4714 3300 4770 Seneca:
3344 4730 3438 4769 eas
3486 4727 3765 4784 nunquam

2191 4783 2380 4850 fuisse,
2409 4786 2531 4854 quis
2553 4784 2814 4854 jamﬁnon
2841 4785 3024 4840 videt?
3051 4785 3166 4853 Qua
3193 4787 3259 4839 de
3287 4801 3345 4839 re
3373 4785 3540 4840 latius
3593 4783 3650 4838 in
3690 4784 3764 4838 hi-

2189 4855 2358 4927 storia
2387 4853 2569 4927 nostra
2585 4864 2640 4910 et
2660 4853 2927 4925 Hispania:
2954 4855 3363 4927 antiquitatibus
3382 4855 3762 4927 disseruimus.

2189 4925 2483 4998 Comvero
2529 4926 2790 4998 Senecam
2822 4928 3062 4998 nomino,
3088 4925 3298 4998 patrem
3330 4925 3561 4998 Senecae
3587 4925 3763 4996 philo-

2190 4995 2344 5068 sophi
2371 4995 2866 5068 semperiintelligo.
2895 4997 2993 5052 Hie
3019 4995 3161 5053 enim
3187 4997 3415 5054 Nemnis
3436 4995 3761 5068 praeceptor,

2185 5065 2470 5139 Corduba},
2491 5065 2604 5139 nisi
2638 5081 2769 5135 puer
2786 5065 3104 5139 admodum,
3125 5083 3401 5139 nunquam
3423 5065 3526 5122 fuit
3551 5085 3565 5122 :
3589 5065 3764 5123 infans

2186 5151 2322 5208 pene
2348 5137 2475 5208 inde
2499 5135 2723 5208 Romam
2748 5138 2816 5190 ab
2841 5147 2993 5208 patre
3015 5135 3297 5193 abductus.

2258 5206 2364 5261 Sed
2395 5207 2537 5278 enim
2589 5206 2804 5278 silentio
2826 5206 2928 5278 hic
2963 5209 3238 5278 prmterire
3265 5223 3479 5278 aequum
3509 5223 3619 5263 non
3658 5217 3759 5273 est,

2188 5278 2438 5349 quamvis
2471 5277 2697 5349 Seneca:
2738 5277 2906 5348 ipsius
2961 5277 3106 5333 nulla
3145 5277 3348 5349 mentio
3395 5281 3658 5349 perduret
3709 5281 3761 5334 in

2189 5348 2428 5418 antiquis
2454 5348 2719 5404 Cordubae
2747 5351 3137 5418 monumentis,
3166 5348 3282 5418 ejus
3323 5348 3504 5405 tamen
3545 5349 3758 5404 familiae

2186 5433 2482 5492 eognomen
2537 5419 2620 5492 in_
2643 5417 2760 5492 basi
2803 5429 3114 5492 pervetusta
3144 5417 3388 5492 reperiri.
3418 5421 3562 5492 Eam
3591 5434 3760 5492 nuper

2189 5487 2546 5562 Hieronymus
2573 5487 2818 5562 Morales’
2843 5488 2984 5545 filius
3016 5505 3183 5562 meus
3203 5487 3504 5562 'pafruelis,
3547 5487 3759 5562 juvenis

2189 5559 2412 5633 ingenio
2477 5567 2533 5633 et
2601 5559 2799 5633 litteris
2847 5559 3248 5633 ornatissimus,
3313 5559 3759 5633 antiquitatisque

2189 5629 2621 5701 studiosissimus
2665 5631 2721 5686 in
2751 5631 2922 5701 patris
2955 5633 3056 5693 sui.
3111 5631 3296 5698 fratris
3343 5629 3469 5698 mei,
3527 5629 3758 5690 doctoris

2190 5700 2474 5771 Augustini
2525 5700 2712 5773 _Oliv:e,
2755 5700 3174 5773 'medicinetiam
3205 5706 3640 5773 praestantissimi
3667 5704 3756 5758 do-

2194 5786 2339 5826 mum
2369 5771 2665 5827 transferre
2691 5771 2925 5827 curavit.
2960 5771 3131 5829 liabet
3163 5771 3342 5832 autem
3375 5776 3710 5846 inscriptum.
