4064 6346
249 279 356 337 973

1175 283 1390 340 EPIST.
1431 283 1522 338 AD
1563 279 1976 336 HthlMMil'M
2019 281 2104 334 ΕΤ
2145 283 2552 342 PABDULUM.

3373 323 3376 326 -
3405 293 3508 350 974

253 401 460 456 Vestra:
509 405 720 452 amator
770 397 1050 468 cultorque
1101 397 1414 462 ﬁdissimus,
1467 403 1722 450 aeternam
1773 395 1826 448 in
1859 397 1904 456 Α
1935 391 2178 448 Zosimus
2227 397 2414 450 eodem
2459 397 2672 452 tramite
2717 399 3064 454 cucurt-isset.
3115 401 3298 474 Neque
3349 403 3512 462 Boni-

247 491 480 548 Dominu
525 489 776 546 salutem.

325 581 650 652 Optaveram
691 579 930 650 quidem,
979 579 1052 634 mi
1095 577 1288 634 Patres
1333 577 1620 634 admodum
1667 593 1830 634 vene-

249 675 430 738 randi,
473 673 776 742 fratresque
829 673 880 726 in
937 673 1046 727 Deo
1089 679 1144 728 et
1189 673 1418 728 Domino
1471 681 1656 728 nostro
1703 673 1830 728 Jestt

249 765 470 824 Christo
497 765 786 838 plurimum
817 765 1092 836 diligendi,
1117 765 1182 820 de
1205 767 1494 836 propositis
1521 767 1834 838 quaestioni-

249 857 356 914 bus
401 867 612 914 secreto
643 857 1022 930 amicabilique
1069 859 1344 914 vobiscum
1395 867 1630 915 tractare
1669 859 1834 914 collo-

251 949 420 1022 quio.;
475 959 534 1004 et
583 949 842 1018 quidquid
907 965 1152 1020 superna:
1209 951 1398 1022 gratiae
1445 951 1584 1006 dono
1651 953 1834 1008 sanius

251 1039 632 1110 salubriusque
659 1039 826 1094 videri
853 1047 1058 1110 posset,
1091 1049 1294 1096 remota
1333 1041 1548 1110 penitus
1583 1043 1833 1098 vincendi

247 1131 576 1202 pervicacia,
625 1131 986 1202 propulsaque
1031 1147 1128 1188 sua
1177 1133 1372 1204 cuique
1429 1135 1604 1190 studia
1649 1133 1832 1190 tuendi

249 1221 498 1284 libidine,
532 1221 814 1292 diligenter
843 1223 1148 1292 exquirere.
1195 1223 1394 1278 Verum
1447 1225 1738 1300 obliquatis
1778 1227 1832 1280 in

250 1311 464 1368 diversa
491 1315 676 1376 rebus,
703 1314 837 1369 adeo
865 1329 1087 1370 aversus
1115 1315 1298 1382 resilii,
1329 1325 1386 1370 ut
1411 1331 1480 1370 ne
1503 1317 1832 1372 voluntatem

249 1419 430 1460 meam
481 1405 668 1460 saltem
693 1407 992 1478 exponendi
1039 1407 1270 1464 facultas
1303 1419 1628 1479 suppeteret.
1683 1411 1836 1480 Unde

247 1497 508 1568 quoniam
571 1499 908 1568 colloquendi
953 1499 1176 1556 libertas
1233 1509 1514 1572 tantopere
1561 1503 1826 1576 denegata

249 1597 356 1654 est,
403 1597 622 1644 coactus
649 1605 766 1645 sum
793 1607 858 1646 eo
893 1591 1276 1648 sincerissima:
1309 1595 1590 1650 char‘itatis
1615 1595 1833 1664 affectu,

248 1695 410 1750 quem
447 1689 642 1736 vestra:
673 1683 1016 1739 unanimitati
1063 1685 1410 1754 peculiariter
1456 1687 1646 1752 debeo,
1693 1687 1836 1742 litte-

1933 483 2126 550 facins,
2165 484 2404 554 ejusdem
2451 489 2756 556 apostolicae
2799 491 2944 546 sedis
2989 493 3226 562 praesul,
3257 495 3512 566 epistolas

1936 575 2348 650 Pelagianorum
2405 581 2504 636 sibi
2579 581 2784 636 delatas
2837 583 2886 638 ei
2939 583 3006 636 ad
3077 587 3510 656 respondendum

1937 673 2208 738 misisset;
2235 681 2330 728 aut
2353 673 2754 744 responsionem
2779 675 2920 744 ejus,
2949 684 3180 746 quatuor
3205 677 3356 736 libris
3399 681 3514 738 edi-

1939 771 2066 826 tam,
2117 765 2472 836 probabiliter
2517 777 2680 836 atque
2733 767 3124 824 honorabiliter
3165 771 3510 842 suscepisset.

1937 857 2262 914 leestinus
2323 875 2564 930 quoque,
2623 871 2932 918 memorata:
2995 863 3146 918 urbis
3205 865 3514 938 episcOpus,

1937 947 2064 1020 quid
2109 959 2294 1004 contra
2339 949 2612 1006 Gallorum
2657 953 2944 1018 insaniam,
2989 969 3152 1024 super
3189 971 3254 1012 eo
3295 957 3518 1032 ejusque

1937 1037 2182 1094 doctrina
2227 1043 2476 1108 senserit,
2507 1057 2578 1096 ex
2619 1043 2942 1098 auctoritate
2970 1045 3280 1116 apostolica,
3309 1047 3510 1104 Decres-

1937 1139 2114 1188 torum
2151 1131 2284 1186 scita
2341 1135 2638 1200 declarant,
2685 1151 2804 1206 qua:
2851 1137 2926 1192 ita
2957 1153 3016 1192 se
3063 1140 3268 1194 habent
3293 1141 3364 1192 δε
3405 1141 3516 1196 Nec

1939 1231 2110 1276 tamen
2149 1225 2334 1278 mirari
2359 1241 2636 1294 possumus
2681 1227 2724 1280 si
2751 1227 2860 1282 haec
2888 1245 3012 1298 erga
3047 1229 3268 1284 viventes
3295 1231 3350 1284 hi
3379 1249 3514 1304 nunc

1937 1321 2136 1370 tentare
2163 1315 2376 1378 audent,
2409 1319 2496 1388 qui
2525 1319 2762 1372 nituntur
2815 1321 2970 1372 etiam
2999 1325 3372 1392 quiescentium
3399 1325 3516 1392 [ra-

1939 1413 2078 1459 trum
2105 1407 2412 1462 memoriam
2441 1409 2716 1481 dissipare.
2745 1411 3096 1482 Augustinum
3127 1425 3322 1470 sanctae
3347 1433 3518 1472 recor-

1939 1493 2168 1548 dationis
2201 1497 2392 1563 virum,
2429 1515 2522 1566 pro
2553 1499 2656 1552 vita
2681 1515 2800 1562 sua,
2823 1510 2976 1572 atque
3005 1505 3200 1558 meritis
3257 1505 3312 1560 in
3337 1517 3518 1562 nostra

1940 1587 2302 1640 communione
2357 1605 2558 1660 semper
2609 1591 2906 1656 habuimus,
2967 1609 3060 1648 nec
3125 1611 3358 1666 unquam
3419 1599 3516 1654 hoc

1939 1677 2166 1730 sinistris
2211 1679 2522 1748 suspicionis
2569 1679 2754 1734 saltem
2807 1699 2988 1736 rumor
3049 1687 3290 1756 aspersit.
3351 1687 3518 1754 Quem

247 1771 476 1836 rat-iam,
525 1773 996 1844 quantulacunque
1040 1783 1146 1838 est,
1199 1789 1418 1844 operam
1461 1777 1718 1832 exhibere
1773 1785 1830 1832 οι
1859 1783 1906 1844 Β
1938 1775 2098 1821 tanta:
2145 1769 2376 1822 scientite
2411 1771 2536 1824 olim
2567 1772 2728 1840 fuisse
2753 1775 3102 1840 meminimus,
3137 1787 3192 1830 ut
3223 1779 3360 1834 inter
3403 1797 3518 1836 ma-

245 1865 376 1934 quid
407 1865 546 1920 votis
583 1867 946 1938 conceperim,
969 1867 1186 1938 scriptis
1231 1869 1468 1924 edicere.

747 2019 976 2078 CAPUT
1025 2019 1316 2078 PRIMUM.

243 2128 560 2184 Encomium
591 2129 658 2206 S.
701 2133 1004 2206 Augustini,
1037 2143 1084 2206 et
1138 2133 1254 2206 ejus
1301 2135 1594 2190 doctrinam
1643 2139 1828 2206 quanti

629 2201 842 2270 fecerint
885 2201 1171 2274 pontiﬁces
1203 2203 1444 2260 Romani.

317 2313 432 2368 Hoc
479 2315 712 2384 primum
775 2317 1154 2386 praecipueque
1187 2326 1424 2372 vestram
1455 2317 1824 2374 sinceritatem

239 2415 470 2458 monens
493 2413 550 2458 et
577 2403 872 2474 postulans,
905 2413 964 2458 ut
991 2405 1298 2460 doctrinam
1325 2407 1618 2462 beatissimi
1649 2407 1826 2466 Patris

237 2493 550 2564 Augustini,
587 2495 830 2548 omnium
859 2497 1064 2564 absque
1105 2495 1210 2550 ulla
1239 2497 1522 2552 dubietate
1555 2497 1826 2552 undecun-

239 2597 350 2654 que
399 2583 720 2646 doctissimi.
769 2593 1080 2658 sanctarum
1129 2583 1528 2656 Scripturarnm
1587 2599 1822 2642 auctori-

235 2673 338 2730 tati
381 2675 434 2730 in
461 2673 714 2730 omnibus
741 2675 1220 2732 concordissimam
1249 2675 1470 2746 (quippe
1499 2675 1676 2732 nullus
1699 2677 1824 2732 doc-

237 2773 420 2820 torum
449 2767 702 2822 abstrusa
757 2781 944 2822 earum
997 2765 1366 2836 scrupulosius
1409 2767 1652 2830 rimatus,
1703 2767 1822 2822 dili-

235 2857 452 2932 gentius
505 2859 842 2929 exquisierit,
875 2859 1056 2916 verius
1103 2861 1388 2926 invenerit,
1421 2861 1668 2918 veracius
1697 2875 1822 2932 pro-

231 2949 440 3014 tulerit,
497 2949 820 3006 luculentius
881 2951 1216 3014 enodaverit,
1281 2949 1490 3006 ﬁdelius
1561 2951 1816 3018 tenuerit,

231 3043 510 3100 robustius
549 3041 872 3120 defenderit,
909 3041 1136 3100 effusius
1179 3041 1658 3114 disseminaverit),
1701 3059 1820 3100 ves-

1931 1859 2124 1928 gistros
2169 1861 2390 1930 Optimos
2417 1861 2572 1916 etiam
2601 1879 2636 1916 a
2671 1865 2800 1918 meis
2835 1863 3192 1922 decessoribus
3215 1869 3514 1926 haberetur.

1929 1945 2072 2002 Bene
2093 1965 2214 2020 ergo
2243 1951 2308 2004 de
2331 1969 2390 2004 eo
2415 1969 2590 2008 omnes
2625 1955 2680 2006 in
2705 1971 2978 2012 commune
3015 1971 3308 2026 senserunt,
3342 1973 3516 2032 utpote

1927 2039 2016 2110 qui
2061 2039 2250 2110 ubique
2295 2043 2495 2096 cunctis
2543 2055 2588 2098 et
2637 2046 2811 2098 amori
2855 2045 3012 2114 fuerit
3061 2059 3108 2100 et
3153 2050 3362 2104 honori.
3407 2049 3518 2108 Nec

1929 2129 2108 2184 minus
2145 2129 2254 2186 Leo
2277 2147 2412 2200 papa
2437 2131 2782 2190 beatissimus
2810 2151 2972 2206 super
3013 2137 3130 2206 ejus
3157 2141 3516 2200 aestimatione

1927 2219 2162 2276 sensisse
2207 2223 2510 2278 credendus
2577 2233 2682 2290 est,
2739 2225 2830 2296 qui
2885 2227 3198 2300 Eutychetis
3253 2231 3518 2290 damnans

1925 2312 2202 2366 vesaniam
2239 2351 2252 2378 ,
2281 2329 2404 2372 cum
2449 2313 2608 2372 ﬁdem
2637 2301 2992 2374 orthodoxam
3017 2321 3260 2378 collectis
3285 2324 3513 2378 catholi-

1927 2417 2116 2460 corum
2155 2407 2436 2462 doctorum
2467 2411 2750 2466 sententiis
2789 2420 3076 2480 astrueret,
3107 2411 3168 2466 B.
3219 2415 3506 2486 Augustini

1925 2497 2220 2554 sententias
2271 2499 2614 2570 interponere
2641 2517 2746 2558 non
2787 2505 3037 2574 atnbegit.
3075 2505 3320 2574 Quantus
3343 2508 3510 2562 etiam

1923 2585 2236 2644 beatissimo
2257 2605 2408 2660 papae
2427 2589 2688 2662 Gregorio
2715 2593 2900 2660 fuerit,
2923 2595 3124 2650 indicat
3145 2597 3260 2666 ejus
3279 2597 3510 2666 epistola

1923 2695 2088 2750 quam
2117 2681 2184 2734 ad
2217 2681 2588 2740 Innocentium
2627 2687 2938 2756 episcopum
2969 2688 3132 2752 misit,
3171 2689 3224 2742 in
3255 2705 3360 2758 qua
3391 2690 3506 2746 haec

1923 2769 2042 2840 ejus
2075 2773 2240 2828 verba
2271 2785 2396 2828 sunt
2423 2785 2484 2828 οε
2533 2773 2686 2840 Quod
2719 2793 2834 2830 vero
2863 2777 2918 2830 in
2955 2775 3296 2848 Expositione
3339 2781 3508 2834 sancti

1921 2861 2024 2916 Job
2053 2865 2338 2920 transmitti
2363 2867 2590 2920 codicem
2621 2867 2872 2934 uoluistis,
2905 2879 3068 2924 vestro
3099 2873 3309 2928 omnino
3331 2873 3506 2928 studio

1923 2957 2330 3026 congaudemus,
2359 2960 2572 3028 quando
2623 2959 2700 3014 illi
2733 2961 2808 3014 rei
2849 2959 3204 3016 Eminentiam
3265 2961 3504 3018 Vestram

1923 3049 2132 3104 studere
2183 3051 2550 3122 conspicimus,
2595 3068 2714 3122 quae
2761 3069 2854 3106 nec
2883 3061 3016 3106 totos
3055 3053 3186 3122 foris
3237 3071 3326 3110 vos
3361 3057 3504 3112 exire

233 3133 308 3189 tri
355 3133 700 3204 pontiﬁcatus
751 3143 1012 3206 tempore,
1075 3145 1382 3192 commento
1431 3135 1672 3206 quolibet
1719 3136 1892 3202 im-C
1919 3139 2206 3210 permittat,
2247 3151 2296 3196 et
2325 3143 2396 3196 ad
2445 3159 2536 3196 cor
2577 3143 2766 3196 iterum
2815 3142 3156 3198 sa'cularibus
3203 3147 3344 3200 curis
3395 3147 3496 3202 dis-

231 3229 466 3300 pugnari
525 3243 632 3283 non
685 3229 1060 3298 permittatis;
1117 3229 1334 3300 quando
1381 3237 1534 3284 tanto
1579 3229 1818 3286 cmlestis

229 3319 422 3392 gratia:
467 3335 690 3376 munere
719 3321 916 3376 donata
953 3319 1184 3387 exsistit,
1215 3329 1276 3376 ut
1303 3321 1450 3376 nullo
1499 3319 1816 3392 cujusquam

231 3401 520 3468 conamine
557 3413 824 3470 ullatenus
851 3413 1004 3470 evelli
1031 3413 1202 3482 possit
1231 3431 1242 3468 :
1277 3429 1399 3470 cum
1427 3429 1546 3468 eam
1575 3422 1630 3470 et
1673 3413 1818 3484 Apo-

229 3501 436 3558 stolica:
462 3503 606 3560 sedis
635 3505 958 3570 sublimitas,
983 3513 1038 3560 et
1063 3505 1226 3560 totius
1259 3505 1514 3560 Ecclesiae
1539 3505 1818 3562 catholica

229 3593 416 3650 unitas
469 3597 792 3652 auctoritate
845 3595 1266 3652 concordissima
1333 3597 1686 3666 approbarint
1751 3612 1818 3654 ac

231 3683 592 3752 roborat-int;
641 3687 778 3742 adeo
817 3693 874 3740 ut
915 3685 1096 3742 nullus
1119 3687 1170 3742 ei
1217 3687 1582 3756 singulariter,
1627 3703 1818 3746 verum

231 3775 576 3830 universitati
623 3775 876 3834 Ecclesiae
927 3777 1206 3832 catholicae
1255 3793 1380 3834 cum
1427 3793 1492 3834 ea
1543 3787 1598 3834 et
1640 3779 1694 3834 in
1747 3795 1814 3836 ea

233 3877 400 3938 queat
431 3869 615 3924 obniti.

311 3959 368 4016 Si
407 3961 548 4016 enim
601 3963 882 4016 adversam
937 3961 1058 4016 ﬁdei
1097 3961 1412 4018 orthodoxae
1451 3961 1508 4016 in
1545 3977 1816 4032 quoquam

233 4053 592 4124 conspiceret,
661 4069 1002 4126 nequaquam
1059 4069 1182 4108 eam
1245 4051 1502 4108 Romanae
1563 4053 1820 4110 Ecclesiae

231 4147 464 4204 antistes
507 4148 830 4204 venerabilis
888 4145 1230 4202 Innocentius
1283 4161 1404 4202 cum
1457 4145 1624 4201 totius
1670 4147 1818 4202 orbis

229 4237 506 4308 episcopis
571 4239 938 4308 suscepisset;
1005 4253 1178 4308 neque
1231 4237 1550 4308 praedictum
1601 4237 1818 4294 Patrem

229 4329 640 4388 memorabilem
685 4345 904 4384 suarum
931 4329 1278 4400 epistularum
1305 4329 1668 4384 communiter
1711 4329 1820 4400 pri-

231 4421 512 4492 vetitaque
547 4421 738 4478 otliciis
765 4419 1034 4476 alfecisset
1059 4433 1084 4462 ι
1111 4459 1126 4474 .
1169 4419 1350 4492 Neque
1379 4435 1664 4478 successor
1703 4419 1820 4490 ejus

1919 3249 2096 3304 persas
2127 3235 2414 3307 recolliget.
2455 3235 2558 3292 Sed
2589 3237 2634 3292 si
2681 3237 2928 3292 delicioso
2963 3239 3150 3308 cupitis
3177 3239 3368 3308 pabulo
3411 3259 3502 3296 sa-

1919 3325 2116 3396 ginari,
2151 3327 2286 3380 beati
2321 3327 2604 3398 Augustini
2647 3329 2890 3400 patr-iota:
2939 3331 3091 3384 uestri
3130 3333 3382 3402 opuscula
3431 3332 3504 3388 le-

1919 3417 2044 3488 gite,
2103 3427 2150 3472 ct
2201 3417 2270 3472 ad
2311 3419 2752 3490 comparationem
2803 3419 3028 3492 siliginis
3077 3421 3222 3478 illius
3265 3433 3502 3478 nostrum

1919 3507 2182 3578 furfurem
2217 3525 2324 3564 non
2363 3511 2638 3582 quieratis.

2545 3645 2774 3704 CAPUT
2817 3643 2880 3702 ll.

1959 3755 2145 3814 Sancti
2177 3757 2454 3828 Augustini
2483 3757 2776 3830 doctrinam
2817 3755 3130 3830 Fulgentius
3163 3769 3212 3814 et
3241 3759 3472 3830 Prosper

2535 3827 2898 3898 defenderunt.

1995 3937 2138 3994 Sane
2167 3937 2225 3996 S.
2255 3939 2594 4010 Fulgentius,
2624 3939 2884 3996 mirabilis
2906 3941 3164 3998 doctrinae
3199 3943 3504 4014 episcopus,

1922 4027 2160 4086 Monimo
2191 4045 2354 4102 super
2393 4031 2726 4100 perditorum
2777 4031 2998 4086 interitu
3049 4033 3114 4088 de
3153 4033 3510 4090 Praedestina-

1923 4121 2074 4180 tione
2105 4139 2172 4180 ex
2193 4123 2256 4178 B.
2283 4121 2568 4194 Augustini
2599 4123 2772 4178 verbis
2807 4123 3128 4192 sciscitanti,
3165 4141 3506 4196 nequaquam

1923 4221 2124 4278 librum
2171 4217 2534 4292 responsionis
2579 4217 2630 4272 in
2665 4217 3034 4274 defensionem
3062 4219 3344 4276 sententia:
3373 4223 3508 4276 tanti

1923 4314 2102 4372 Patris
2131 4313 2338 4378 ederet,
2369 4311 2414 4364 si
2435 4325 2560 4364 eum
2588 4309 2866 4366 catholicae
2905 4309 3026 4366 ﬁdei
3067 4313 3344 4368 contraria
3379 4329 3506 4370 sen-

1925 4411 2064 4466 sisse
2091 4405 2174 4462 vel
2197 4413 2346 4462 certe
2373 4403 2657 4476 scripsisse
2683 4411 3054 4476 cognosceret.
3083 4403 3344 4472 Quamvis
3367 4421 3506 4462 non-

231 4539 294 4594 id
323 4547 422 4602 est,
453 4539 820 4604 prteordinavit
849 4555 950 4592 non
981 4547 1036 4590 ut
1087 4545 1376 4608 peccarent,
1407 4537 1500 4590 sed
1525 4545 1580 4608 ut
1607 4545 1820 4608 propter
1845 4501 1898 4564 Β
1921 4539 2094 4596 Porro
2127 4553 2232 4608 non
2261 4535 2420 4608 debet
2443 4549 2784 4608 commovere
2823 4534 3104 4590 Lectorem
3137 4537 3330 4608 capitis
3359 4537 3506 4593 tertii

231 4617 506 4680 peccatum
557 4611 718 4680 pinnis
765 4609 1020 4679 perpetuis
1058 4607 1364 4680 interirent;
1411 4607 1814 4680 prtedestinavit.

233 4677 292 4734 id
335 4689 432 4748 est,
471 4677 840 4748 prteordiuavit
869 4697 970 4734 non
997 4679 1065 4732 ad
1101 4677 1328 4746 culpam,
1355 4677 1444 4748 sed
1468 4677 1544 4748 ad
1571 4694 1776 4748 poenam
1803 4695 1820 4734 :

235 4751 314 4806 ita
341 4747 746 4822 ltitelligendtun
775 4759 880 4814 est,
917 4759 975 4804 ut
1001 4765 1108 4822 non
1149 4747 1718 4822 viprzedestinationis
1753 4747 1818 4822 ad

233 4835 456 4890 pinnam
505 4817 796 4892 puniantur
843 4819 1098 4892 reprobi,-
1123 4819 1218 4874 sed
1261 4817 1481 4892 ratione
1515 4817 1720 4892 peccati
1753 4819 1820 4892 ab

233 4887 444 4948 interno
485 4887 718 4962 praevisi,
747 4899 802 4946 et
829 4887 1014 4962 postea
1055 4891 1108 4962 ip
1151 4899 1394 4962 tempore
1426 4887 1596 4962 libere
1638 4891 1719 4962 ab;
1741 4889 1820 4944 eis

243 4959 544 5018 commissi.
579 4961 732 5016 Unde
757 4959 858 5016 nec
883 4959 1026 5032 favet
1061 4959 1388 5032 Prudentius
1414 4959 1814 5032 Gotteschalco,

237 5047 344 5088 nec
399 5033 642 5096 Calvino,
685 5047 784 5088 nec
831 5031 1090 5086 doctrin-aa
1139 5027 1535 5084 Jansenianaea
1587 5027 1816 5085 summis

235 5103 586 5175 pontificibus
623 5101 936 5175 Innocentio
963 5101 1010 5155 Χ
1033 5111 1098 5175 et
1115 5101 1424 5175 Alexandro
1455 5099 1542 5175 Vll
1583 5101 1822 5175 proscri-

237 5169 368 5244 ptus.
407 5173 700 5230 Commode
749 5173 910 5244 etiam
959 5171 1218 5242 explicari
1265 5177 1444 5244 potest
1481 5169 1608 5244 dum
1663 5171 1814 5244 dicit,

241 5241 512 5302 Christum
549 5261 646 5314 pro
693 5243 820 5298 solis
847 5241 1346 5314 electis’mortuum.
1383 5241 1644 5314 Loquitur
1671 5241 1816 5298 enim

239 5329 352 5372 non
385 5315 450 5370 de
487 5311 802 5370 sufﬁcientia
835 5313 1024 5370 mortis
1059 5311 1258 5368 ChriSti
1285 5327 1384 5382 pro
1425 5311 1696 5378 omnibus,
1723 5314 1818 5368 sed

243 5385 316 5440 de
363 5383 598 5441 efﬁcacia
638 5385 756 5450 ejus
795 5399 894 5454 pro
927 5385 1054 5441 solis
1087 5381 1303 5440 electisI
1325 5381 1480 5448 Item,
1526 5384 1658 5454 dum
1691 5383 1822 5440 dicit

243 5455 416 5510 Deum
455 5471 558 5510 non
609 5455 746 5510 velle
773 5453 964 5510 omnes
1013 5455 1256 5510 homines
1301 5455 1480 5510 salvos
1513 5453 1660 5520 ﬁeri;
1695 5469 1820 5510 nam

241 5525 532 5584 manifeste
559 5527 798 5596 loquitur
825 5527 892 5580 de
931 5525 1208 5582 voluntate
1255 5525 1500 5580 absoluta
1531 5533 1586 5580 et
1627 5541 1822 5596 conse-

287 5607 464 5660 uente,
501 5613 606 5652 nou
630 5595 702 5650 de
739 5597 1100 5652 conditionata
1137 5605 1190 5650 ct
1221 5597 1592 5660 antecedente,
1640 5605 1698 5652 ut
1735 5595 1818 5650 vi-

247 5665 376 5738 dere
405 5677 486 5722 est
521 5683 584 5722 ex
613 5667 744 5722 locis
769 5665 870 5722 SS.
919 5665 1140 5738 Patrum
1193 5665 1496 5738 Augustini,
1543 5665 1816 5738 Prosperi,

247 5737 542 5806 Gregorii,
593 5747 720 5805 etc.,
767 5751 998 5808 quorum
1061 5737 1148 5810 hic
1205 5736 1466 5806 plurimos
1527 5736 1812 5806 congessit.

1923 4609 2138 4672 titulus,
2169 4607 2236 4662 ad
2271 4607 2574 4662 doctrinam
2621 4607 2932 4674 damnatam
2971 4607 3312 4676 specietenus
3342 4625 3506 4664 acce-

1923 4683 2084 4744 dens;
2131 4677 2354 4734 forsitan
2379 4679 2522 4732 enim
2547 4677 2838 4748 hisrverhis
2863 4693 2994 4732 usus
3018 4687 3102 4732 est
3127 4679 3250 4748 quia
3281 4677 3506 4733 timebat

1923 4749 2268 4814 Prudentius,
2301 4747 2442 4816 quod
2471 4757 2526 4802 et
2551 4747 2743 4804 eodem
2791 4749 3362 4818 temporetimuerunt
3407 4761 3506 4804 ec-

1923 4821 2088 4876 clesia
2143 4819 2520 4886 Lugdunensis
2561 4827 2614 4872 et
2657 4817 2944 4886 concilium
3009 4817 3372 4882 Valentinum,
3433 4833 3504 4873 ne

1923 4885 2248 4946 Hincmarus
2275 4887 2482 4944 faveret
2511 4889 2704 4960 haeresi
2743 4885 3190 4960 Origenistarum,
3219 4889 3310 4958 qui
3345 4887 3506 4960 Misce

1921 4963 2164 5018 ricordes
2215 4959 2344 5014 dicti
2400 4969 2544 5023 sunt,
2593 4957 2974 5014 arbitrantium
3027 4957 3356 5014 voluntatem
3407 4957 3502 5013 Dei

1919 5047 2020 5104 pro
2075 5029 2350 5086 salvandis
2393 5031 2644 5104 omnibus
2703 5031 2931 5104 (ιιιῃιίηοΔ
2979 5029 3290 5086 hominibus
3341 5027 3506 5104 fuisse

1919 5099 2194 5160 efficacem
2265 5107 2320 5154 et
2389 5101 2662 5156 Christum
2733 5099 3022 5156 eﬁicaciter
3077 5115 3178 5168 pro
3253 5099 3508 5154 omnibus

1921 5175 2142 5230 omnino
2175 5171 2483 5228 hominibus
2511 5179 2782 5228 mortuum
2817 5185 2958 5236 esse,
2991 5171 3064 5226 ita
3093 5177 3150 5224 ut
3174 5169 3508 5226 descendens

1923 5247 1990 5302 ad
2031 5243 2234 5300 inferos
2269 5259 2460 5298 omnes
2505 5253 2652 5298 retro
2705 5243 2990 5298 damnatos
3029 5241 3156 5296 inde
3197 5239 3504 5306 liberasset,

1923 5325 2148 5372 crateres
2178 5313 2232 5370 in
2269 5313 2376 5368 ﬁne
2403 5315 2582 5370 saeculi
2611 5313 2974 5368 liberaturus:
3005 5311 3132 5366 hinc
3165 5325 3272 5366 non
3303 5311 3502 5368 mirum

1925 5387 1972 5442 si
2013 5385 2080 5440 ad
2108 5386 2418 5458 appositam
2471 5393 2678 5458 partem
2729 5381 2948 5458 inclinet
2989 5381 3332 5458 Prudentius,
3363 5381 3504 5438 sicut

1923 5451 2557 5514 ecclesia’Luadunensis
2599 5463 2652 5508 et
2689 5451 2972 5508 concilium
3021 5451 3382 5508 Valentinum.

1996 5541 2022 5570 α
2055 5529 2224 5598 Epist.
2269 5523 2500 5598 Pontif.,
2533 5533 2661 5598 tum.
2709 5523 2750 5576 l.

1997 5601 2025 5640 δ
2056 5595 2300 5662 Cinlest.,
2349 5595 2504 5666 epist.
2535 5597 2588 5666 8.

1999 5683 2020 5710 ε
2057 5671 2226 5740 Epist.
2255 5669 2348 5724 lib.
2381 5663 2446 5732 'x,
2493 5665 2680 5722 indict.
2725 5681 2808 5732 tn,
2848 5665 3004 5736 epist.
3043 5663 3132 5718 ⁸5⁵7.
