4064 6346
657 340 765 400 915

1651 338 1710 394 S.
1747 337 2118 395 PRUDENTII
2155 335 2540 396 TRECENSIS
2580 336 2882 396 tPlSCOPl
3744 352 3818 412 ωε

651 460 785 519 nulli
814 459 1092 517 Gallorum
1128 459 1290 531 (sicut
1325 458 1542 530 quidam
1577 458 1644 514 de
1675 459 1756 513 eis
1785 459 1860 514 ait
1881 473 1929 524 ι,
1953 457 2094 528 quod
2132 474 2229 514 eo-
2257 462 2307 521 Α
2335 464 2550 526 temque
2570 464 2833 522 senserat,
2856 469 2982 511 mox
3002 453 3307 526 aequitatem
3329 457 3822 528 justissimam,rectis.

653 568 776 608 rum
829 551 940 608 sint
987 565 1202 620 semper
1254 549 1534 620 repentina
1585 547 1834 617 consilia)
1891 563 2232 619 nequaquam

651 643 1187 704 Pmdestinationem
1257 641 1588 712 perditorum
1627 639 2093 710 reprehenderint,
2136 637 2231 694 sed

653 742 962 790 sanctorum
993 730 1455 804 praedestinationi
1483 745 1623 785 novo
1660 729 1942 786 concludio
1971 730 2231 800 derogare

583 895 590 900 ν
649 825 960 881 maluerint.
985 823 1225 892 Quorum
1253 822 1456 876 insana:
1479 819 1883 892 praesumptioni
1905 818 2230 873 memorabi-

649 916 720 972 lis
747 916 890 973 idem
914 914 1245 986 Augustinus
1269 913 1460 970 doctor
1484 913 1736 978 eximius,
1764 911 2068 982 petentibus
2091 909 2227 965 Pro-

648 1023 810 1079 spero
851 1014 906 1063 et
949 1005 1176 1071 Hilario,
1227 1005 1528 1061 orthodoxe
1574 1003 1905 1075 respondens
1929 1043 1944 1067 ,
1991 1002 2125 1057 duos
2165 1001 2229 1054 li-

645 1100 795 1165 bros,
827 1093 1057 1152 alterum
1102 1097 1172 1154 de
1213 1095 1692 1152 Praedestinatione
1721 1103 2051 1159 sanctorum,
2095 1093 2227 1147 alte-

642 1205 763 1243 rum
791 1188 858 1243 de
889 1186 1038 1242 Bono
1067 1186 1503 1260 perseverantiae,
1548 1185 1857 1258 plenissime
1889 1183 2224 1241 ﬁdelissime-

641 1296 746 1352 que
778 1278 1046 1346 confecit;
1092 1279 1147 1336 in
1181 1279 1378 1350 quibus
1407 1293 1676 1350 perpauca
1707 1278 1789 1333 de
1824 1276 2224 1349 prmdestinatis

640 1370 708 1424 ad
749 1369 1048 1435 interitum,
1093 1367 1414 1440 quamplura
1453 1383 1582 1424 vero
1610 1369 1676 1424 de
1717 1368 2110 1439 praedestinatis
2153 1367 2220 1423 ad

640 1459 869 1530 gloriam
911 1461 1200 1516 verissime
1243 1460 1519 1516 disseruit.
1568 1459 1733 1530 Cujus
1767 1460 2036 1517 dictorum
2085 1459 2217 1515 scri-

635 1560 962 1622 ptorumque
1014 1551 1310 1607 salubrium
1365 1551 1617 1622 Prosper,
1665 1550 1884 1607 Gallicae
1928 1550 2220 1622 provinciae

637 1644 828 1700 doctor
853 1643 1177 1715 prascipuus,
1205 1658 1406 1714 sequax
1428 1657 1528 1713 per
1551 1643 1733 1698 omnia
1759 1651 1922 1714 atque
1943 1640 2214 1708 defensor,

633 1732 975 1790 memorabili
1004 1731 1165 1789 Patre
1201 1732 1269 1788 ad
1295 1731 1537 1788 caelestia
1568 1730 1996 1786 indubitabiliter
2034 1740 2212 1785 trans-

2339 548 2474 604 sime
2517 547 2725 619 plexus,
2756 557 3013 619 expertus
3061 557 3144 604 est
3168 565 3182 613 ;
3208 549 3550 621 damnataque
3581 554 3639 608 ob
3663 556 3819 628 culpam

2337 638 2717 698 inobedientite
2740 641 2792 696 in
2824 640 3015 711 primis
3038 640 3479 712 propagatorihus
3497 643 3642 700 totius
3657 647 3820 706 humani

2331 733 2546 803 generis
2575 750 2772 800 massa,
2800 742 2856 791 et
2880 734 3171 807 praescivit,
3204 741 3259 788 et
3282 734 3672 805 pmdestinavit,
3698 739 3823 798 idest

2331 823 2715 892 praeordiuavit
2744 824 2860 895 ejus
2889 825 3277 894 omnipotentia
3311 839 3444 894 quos
3465 841 3558 895 per
3583 829 3764 897 gratiam
3783 842 3821 886 et

2331 915 2647 985 sanguinem
2671 915 2876 986 proprii
2899 914 3022 970 Filii
3047 915 3153 982 sui,
3174 914 3268 970 Dei
3285 923 3340 969 et
3362 915 3561 971 Domini
3576 920 3714 974 nostri
3731 918 3820 978 Jesn

2329 1001 2552 1071 Christi,
2583 1007 2651 1061 ab
2678 1007 2866 1062 eadem
2917 1006 3238 1078 perditionis
3264 1022 3438 1061 massa
3479 1008 3820 1067 misericorditer

2329 1103 2570 1151 secretos
2623 1097 2690 1152 ad
2719 1097 2920 1162 vitam,
2973 1096 3200 1168 gloriam
3247 1111 3569 1168 regnumque
3608 1099 3820 1157 reduceret

2327 1187 2716 1260 sempiternum
2744 1205 2758 1254 ;
2793 1197 2848 1243 et
2887 1188 3180 1260 praescivit,
3209 1196 3268 1243 et
3291 1189 3680 1259 prtedestinavit,
3704 1191 3743 1246 id
3761 1204 3820 1248 est

2324 1249 2723 1346 prmordinavit,
2740 1287 2796 1332 ut
2810 1249 3163 1350 quoscunque
3175 1249 3348 1350 gratia
3365 1288 3420 1334 et
3434 1280 3632 1350 sanguis
3641 1249 3819 1349 ejusdem

2324 1368 2526 1438 preprii
2558 1369 2676 1424 Filii
2719 1369 2856 1440 ejus,
2889 1369 3307 1426 Dei'et-Domini
3332 1371 3496 1426 nostri
3520 1369 3632 1426 Jesu
3654 1372 3817 1439 Christi,

2323 1472 2391 1514 ex
2411 1471 2709 1516 memorata
2729 1461 3024 1517 miserabili
3048 1477 3224 1517 massa
3250 1476 3358 1516 non
3381 1462 3818 1533 secerneret,justis-

2322 1555 2459 1612 sitne
2491 1556 2668 1628 pinnis
2708 1555 2948 1613 alliceret
2973 1557 3336 1629 sempiternis.
3359 1555 3737 1622 Prmdestinavit,
3762 1558 3818 1611 in-

2320 1662 2504 1718 quam,
2537 1649 2589 1704 id
2619 1658 2704 1706 est
2731 1651 3137 1720 prmordinavit,
3170 1665 3276 1705 non
3305 1658 3364 1705 ut
3388 1657 3664 1720 peccarent,
3687 1649 3756 1703 sed
3776 1657 3818 1704 ut

2318 1749 2538 1812 propter
2558 1751 2838 1814 peccatum
2863 1743 3039 1814 poenis
3076 1743 3356 1814 perpetuis
3376 1742 3657 1806 interirent;
3674 1741 3817 1811 prede-

634 1829 889 1901 migrato,
919 1828 994 1884 ita
1016 1827 1152 1894 suis,
1182 1827 1238 1883 id
1270 1835 1355 1882 est
1380 1824 1571 1891 Gallis,
1610 1824 1914 1881 furentibus
1949 1823 2213 1880 catholica
2240 1842 2290 1904 Β
2323 1832 2570 1900 stinavit,
2599 1833 2653 1889 id
2687 1841 2771 1889 est
2796 1833 3201 1904 pmordinavit,
3224 1847 3335 1890 non
3373 1833 3436 1888 ad
3465 1831 3666 1902 culpam,
3686 1830 3814 1886 sedsd

633 1919 988 1990 responsione
1019 1918 1278 1984 obviavit,
1307 1924 1368 1970 ut
1406 1924 1461 1970 et
1497 1915 1800 1972 doctrinam
1848 1914 1993 1970 illius
2022 1915 2211 1970 ortho-

631 2011 826 2066 doxam
863 2009 1046 2082 procul
1077 2009 1241 2066 dubio
1283 2015 1573 2071 assereret,
1604 2015 1661 2062 et
1693 2021 1817 2062 eum
1865 2005 1999 2061 nihil
2025 2013 2215 2061 contra

630 2102 877 2157 veritatis
922 2101 1165 2171 regulam
1204 2099 1474 2155 ullatenus
1518 2097 1606 2153 vel
1655 2098 1892 2154 sensisse
1942 2097 2021 2152 vel
2079 2097 2215 2154 scri-

628 2194 802 2264 psisse
834 2200 1122 2249 astrueret.
1149 2192 1322 2260 Quam
1345 2190 1600 2246 videlicet
1627 2188 1685 2246 S.
1718 2189 1966 2260 Prosperi
1994 2204 2214 2262 respon-

626 2289 834 2344 sionem
863 2286 1156 2360 propositis
1192 2285 1584 2356 quazstionibus
1629 2281 1876 2339 sullieere
1904 2283 2209 2350 crederem,

623 2381 728 2437 nisi
781 2378 1137 2452 quorumdam
1194 2377 1354 2433 aliter
1399 2377 1737 2448 opinantium
1787 2375 2092 2456 pervicacia
2140 2376 2211 2430 ad

623 2472 729 2530 alia
770 2473 1078 2529 devocaret.
1113 2469 1246 2526 Nam
1277 2479 1404 2526 tunc
1447 2470 1625 2525 omnis
1647 2468 1876 2539 quatstio
1919 2469 2206 2523 adversum

619 2575 935 2625 sanctorum
999 2564 1532 2636 pra-destinationem
1584 2561 1904 2633 quibusdam
1962 2558 2207 2616 confictis

618 2655 1398 2728 adinventionibus.agehatur,
1428 2653 1624 2725 quibus
1653 2667 1685 2707 a
1730 2650 2050 2708 veneranda:
2093 2665 2206 2705 meo

617 2750 804 2806 moriae
853 2749 1106 2805 Patribus
1157 2747 1292 2804 satis
1346 2745 1668 2816 abundeque
1716 2757 2032 2815 responsum
2084 2751 2203 2808 est,

618 2857 764 2897 nunc
802 2841 856 2895 in
890 2839 1164 2895 diversum
1203 2839 1506 2894 nitentibus
1553 2835 1769 2900 studiis,
1801 2834 2202 2906 praedestinatio

523 2929 528 2935 ’
614 2935 948 3006 perditorum
973 2948 1003 2987 a
1047 2931 1371 3002 quibusdam
1402 2929 1644 2984 funditus
1685 2930 1997 2998 abrogatur.
2035 2925 2201 2994 Quasi

612 3040 745 3080 vero
773 3033 868 3080 aut
897 3021 1458 3094 incomprehensibilis
1493 3019 1825 3090 perindeque
1852 3019 2198 3089 irrepreben~

615 3117 790 3171 sibilis
811 3116 1022 3187 justitia
1069 3113 1456 3186 omnipotentis
1481 3111 1678 3184 judicis
1721 3112 1971 3168 evacuari
2011 3120 2194 3182 queat,

2319 1935 2568 1992 pcenatn;
2620 1937 2727 1978 non
2774 1931 2834 1977 ut
2861 1921 3063 1977 malum
3090 1921 3360 1992 quoddam
3389 1921 3537 1979 vellet
3559 1923 3656 1977 sive
3677 1921 3815 1976 admit-

2319 2019 2477 2077 teret,
2524 2011 2618 2067 setl
2662 2021 2723 2068 ut
2763 2022 2985 2085 propter
3022 2014 3245 2080 malum,
3275 2014 3417 2085 quod
3455 2013 3620 2070 volens
3650 2012 3814 2079 laceret,

2315 2119 2439 2162 eum
2453 2120 2621 2177 poena
2648 2112 2980 2178 sempiterna
2996 2107 3143 2180 juste
3163 2109 3464 2166 damnaret.

2385 2217 2530 2286 Quos
2551 2228 2731 2275 autem
2756 2221 2976 2290 sanguis
2998 2220 3204 2292 proprii
3239 2220 3367 2276 Filii
3411 2221 3540 2293 ejus,
3581 2219 3658 2275 Dei
3681 2229 3723 2275 et
3741 2217 3815 2274 Do-

2313 2307 2444 2362 mini
2502 2309 2671 2364 nostri
2720 2309 2851 2365 Jesu
2882 2309 3108 2375 Christi,
3153 2310 3574 2366 misericorditer
3616 2309 3807 2372 liberant,

2310 2408 2564 2456 utrumne
2593 2416 2692 2471 pro
2716 2402 2970 2458 omnibus
3014 2402 3425 2473 quibuscunque
3461 2401 3736 2461 hominibus,
3765 2414 3810 2452 an

2307 2505 2407 2561 pro
2435 2491 2777 2561 quibusdam,
2810 2493 2860 2548 id
2886 2503 2970 2550 est
3007 2493 3480 2565 praedestinatione
3517 2492 3690 2555 electis,
3732 2490 3809 2546 ele-

2307 2581 2485 2637 ctione
2509 2581 2748 2638 indebita
2773 2584 3195 2654 przedestinatis,
3227 2584 3384 2640 lusus
3407 2584 3592 2641 fuerit?
3615 2583 3709 2655 Ipsa
3729 2597 3810 2636 om-

2305 2676 2736 2746 nipotentissima
2763 2676 2997 2744 Veritas,
3051 2693 3175 2750 quae
3222 2693 3349 2734 eum
3397 2679 3449 2735 in
3477 2679 3697 2733 unitatem
3733 2689 3810 2729 sua

2303 2783 2548 2840 persona:
2588 2769 3010 2826 misericorditer
3053 2772 3313 2844 suscepit,
3357 2780 3413 2828 et
3448 2771 3592 2836 ludit,
3625 2768 3808 2825 consulta

2303 2873 2401 2914 nos
2427 2859 2616 2915 doceat
2635 2859 2686 2912 ι).
2711 2859 2844 2914 Cum
2870 2860 3014 2915 enim
3037 2860 3509 2933 (quemadmodum
3533 2859 3677 2918 sancti
3697 2873 3808 2913 eran-

2301 2951 2527 3023 gelistae,
2575 2951 2909 3008 veracissimi
2940 2953 3192 3009 videlicet
3220 2953 3490 3010 dictorum
3515 2952 3658 3024 ipsius
3681 2950 3804 3003 laeto-

2299 3057 2526 3112 rumque
2553 3043 2898 3112 stipulatores
2921 3053 3083 3116 atque
3104 3045 3424 3115 scriptores,
3443 3041 3690 3112 testantur)
3708 3043 3806 3100 inter

2299 3133 2623 3189 emnandum
2680 3136 2936 3206 mysteria
2992 3150 3126 3202 suae,
3174 3151 3343 3207 quam
3386 3136 3638 3192 voluntate
3673 3129 3800 3189 subiit.

613 3216 708 3262 aut
735 3207 786 3261 id
822 3215 1129 3262 sanctarum
1163 3206 1567 3274 Seripturarum
1596 3204 1921 3260 auctoritate
1948 3203 2196 3274 stipulari
2222 3221 2268 3286 (ς
2298 3225 2490 3280 monis
2539 3203 2763 3298 prorsus
2812 3227 3084 3294 indemne,
3137 3203 3448 3301 “68,”:un
3502 3221 3802 3296 redemptionis

611 3309 879 3372 nequeat;
909 3316 1033 3357 cum
1059 3301 1146 3371 pie
1177 3301 1569 3371 diligenterque
1595 3299 1919 3372 legentibus,
1949 3301 2051 3356 etsi
2085 3316 2192 3356 non

2297 3319 2533 3376 ediceret
2569 3337 2668 3392 pro
2713 3321 2908 3392 quibus
2938 3330 3216 3394 pateretur
3243 3299 3526 3379 intiinavit.
3558 3319 3673 3376 Dicit
3700 3317 3798 3371 enim

609 3395 778 3489 νθτιξ)
800 3396 1012 3489 e°_d_e_mi
1037 3394 1157 3489 aliis
1186 3401 1367 3489 "fine"
1397 3401 1506 3489 9m
1537 3393 1832 3489 "°°al_)“}i3:
1864 3409 2026 3464 quam
2077 3408 2193 3449 κη’
2295 3409 2582 3468 Matthteus
2611 3430 2623 3467 :
2657 3413 2727 3467 Et
2757 3393 3018 3486 accipiens
3045 3415 3290 3484 calicem,
3321 3417 3516 3489 gratias
3546 3415 3632 3486 egit
3649 3422 3686 3467 et
3702 3407 3799 3464 dedit

569 3484 797 3542 tentiis
855 3485 1038 3541 itidem
1091 3483 1560 3556 signilieantibus,
1625 3484 1848 3540 minime
1904 3492 2174 3540 taceatur.

2291 3501 2399 3557 illis
2425 3503 2604 3558 dicens
2629 3523 2641 3558 :
2672 3503 2841 3561 Bibite
2861 3483 2926 3560 ex
2949 3507 3046 3561 hoc
3068 3523 3245 3563 omnes
3311 3483 3396 3563 hic
3415 3518 3486 3562 cst
3507 3483 3626 3561 enim
3647 3499 3797 3571 sanguis

608 3574 1086 3648 quemadmodum,
1129 3576 1348 3632 Christo
1389 3575 1642 3647 propitio,
1691 3575 1974 3645 sequentia
2004 3582 2192 3646 paten-

2191 3608 2192 3613 ‘
2293 3611 2438 3650 meus
2462 3595 2600 3651 Novi
2633 3596 2974 3665 Testamenti,
3001 3601 3089 3670 qui
3120 3618 3214 3669 pro
3263 3603 3447 3657 multis
3485 3598 3733 3672 claudatur
3761 3594 3796 3646 is

605 3666 817 3724 tissime
847 3666 1313 3723 demonstrabunt.
1346 3665 1566 3722 Adeone
1600 3666 1917 3736 desipimus,
1950 3674 2008 3720 ut
2037 3674 2192 3736 pute-

606 3779 730 3820 nius
755 3763 816 3818 Β.
855 3763 1266 3834 Hieronymum,
1295 3761 1580 3831 utriusque
1617 3759 1948 3815 Testamenti
1993 3758 2192 3816 ﬁdelis-

604 3856 800 3912 simum
829 3854 1309 3924 doetissimumque
1333 3853 1708 3922 interpretem,
1742 3851 1916 3907 eidem
1947 3851 2116 3917 Patri,
2140 3851 2188 3907 si

603 3963 709 4019 qua
740 3947 956 4003 deviare
984 3955 1357 4017 cognosceret,
1387 3959 1614 4016 parcere
1652 3943 1924 4016 potuisse;
1967 3960 2190 4016 praiser-

603 4040 702 4095 tim
729 4055 852 4095 Clllll
882 4053 1008 4096 eum
1041 4039 1092 4093 in
1119 4037 1352 4108 quadam
1385 4036 1734 4107 epistolarum
1761 4051 1981 4091 suarum
2003 4037 2190 4091 redar-

603 4130 799 4201 guerit,
827 4145 858 4185 e
881 4129 1213 4200 vestigioque
1252 4136 1554 4184 correctum
1583 4127 1904 4197 susceperit,
1943 4141 2006 4182 ac
2037 4126 2186 4182 dein-

601 4235 730 4292 ceps
747 4223 929 4277 multis
942 4223 1192 4278 laudibus
1209 4236 1449 4292 persrpe
1463 4219 1735 4283 extulerit,
1754 4218 2034 4288 amorique
2047 4234 2187 4274 selu-

599 4326 698 4382 per
726 4322 781 4369 et
814 4313 1008 4369 honori
1037 4313 1322 4370 habuerit?
1364 4312 1570 4380 Quibus
1597 4310 1928 4374 constitutis,
1966 4310 2183 4365 tandem

600 4403 744 4474 quod
792 4402 1466 4476 empimus,'propitiante
1508 4402 1769 4468 Domino,
1797 4415 2178 4471 exsequamur.

1217 4514 1443 4573 CAPUT
1479 4513 1564 4569 Ill.

2295 3687 2651 3743 remissionem
2698 3700 3031 3759 peccatorum
3080 3690 3301 3763 (Matth.
3341 3693 3504 3761 xxvi).
3535 3691 3708 3746 Marcus
3733 3700 3798 3738 all-

2297 3786 2403 3834 tem
2432 3798 2445 3834 :
2479 3779 2548 3834 Et
2573 3791 2785 3852 accepto
2815 3781 2980 3838 calice
3025 3785 3224 3855 gratias
3251 3803 3413 3857 agens
3438 3785 3569 3840 dedit
3593 3783 3669 3846 eis,
3689 3786 3725 3834 et
3744 3776 3796 3830 ii-

2294 3872 2478 3927 berunt
2499 3890 2564 3928 ea:
2586 3873 2676 3928 illo
2700 3890 2898 3942 omnes,
2920 3885 2970 3930 et
2998 3877 3074 3930 ait
3103 3877 3210 3933 illis
3233 3894 3252 3932 :
3287 3877 3392 3934 Hic
3413 3889 3486 3934 est
3505 3876 3794 3946 ungulam“

2295 3963 2432 4020 Novi
2449 3965 2786 4034 Testamenti,
2806 3970 2896 4039 qui
2911 3986 3005 4040 pro
3023 3969 3206 4026 multis
3219 3972 3517 4041 eﬂ'undetur
3531 3967 3688 4038 (Marc.
3701 3961 3790 4028 sn")-

2291 4057 2464 4113 Lucas
2487 4075 2616 4114 vero
2641 4077 2653 4113 :
2684 4059 2751 4113 Et
2788 4071 2999 4132 accepto
3025 4078 3162 4132 pane
3195 4063 3526 4134 gratiasegit,
3547 4071 3589 4115 et
3608 4056 3741 4126 fregit.
3760 4060 3792 4104 ει

2289 4147 2432 4202 dedit
2457 4151 2531 4204 eis
2553 4151 2730 4206 dicens
2753 4165 2772 4203 .'
2801 4151 2915 4206 Hoc
2947 4161 3021 4206 est
3051 4169 3238 4224 corpus
3269 4171 3460 4216 meum,
3495 4151 3618 4223 quod
3640 4163 3712 4218 pro
3730 4158 3789 4196 t0-

2291 4241 2368 4296 bis
2397 4245 2656 4310 tradetur,
2690 4245 2786 4299 hoc
2815 4245 2976 4315 facile
3017 4247 3073 4300 in
3114 4263 3284 4301 nteant
3312 4241 3789 4302 commemorationem

2290 4332 2548 4390 Similiter
2577 4347 2623 4391 ct
2654 4338 2870 4392 calicem
2895 4348 3168 4411 postquam
3200 4341 3416 4394 cenavit
3446 4339 3623 4400 dicens,
3647 4329 3788 4385 ilicet!

2287 4425 2428 4479 calix
2454 4425 2507 4480 Ν
2512 4444 2663 4481 ovum
2697 4427 3084 4484 Testamentum
3113 4430 3168 4484 in
3200 4432 3456 4503 tanguine
3479 4446 3607 4492 meo,
3632 4425 3702 4494 συί
3723 4433 3786 4491 tt"

2286 4515 2429 4570 vobis
2452 4517 2750 4586 eﬁ'undetur
2775 4519 2921 4592 (Luc.
2943 4524 3102 4594 χιιι).
3119 4521 3214 4578 llis
3229 4521 3630 4594 ineorruptibilis
3641 4514 3788 4570 Verita-

502 4603 514 4618 '
593 4587 627 4644 ι
630 4605 846 4685 πιξςεξεξ
855 4588 959 4685 331-
973 4584 1796 4685 ‘lfi'i‘fffi‘f’“fi’f.-£’ff..?1f’l’°’3ff
1823 4584 2107 4685 testis":

2203 4580 2258 4642 Ῑ)
2284 4605 2356 4661 tis
2393 4607 2751 4674 sermonibus,
2773 4580 3034 4680 quantum
3061 4580 3181 4668 inea
3217 4611 3326 4668 l'ert
3357 4580 3627 4685 pusillitas,
3650 4614 3784 4662 amnti

717 4677 745 4731 e
783 4655 1242 4731 prwdestinatione
1295 4657 1670 4731 reproborunt;
1729 4656 1794 4709 de
1825 4655 2032 4710 Christo
2083 4672 2177 4724 pro

663 4725 793 4786 solis
815 4731 988 4785 electis
1021 4738 1260 4793 mortuo;
1311 4725 1374 4782 de
1412 4726 1507 4780 Dei
1539 4725 1801 4781 voluntate
1849 4742 1955 4780 non
1999 4742 2178 4782 omnes

594 4859 596 4862 ,
662 4803 896 4856 homines
926 4800 1145 4854 vocandi
1172 4807 1219 4852 et
1250 4797 1512 4852 salvandi.

663 4891 966 4963 Sequentes
993 4889 1156 4960 igitur
1175 4888 1589 4944 saluberrimam
1620 4888 1754 4942 tanti
1778 4887 1954 4943 Patris
1974 4887 2177 4944 doctri-

592 4999 737 5044 nam,
784 4981 1032 5042 dicimus,
1076 4987 1136 5034 ut
1167 4988 1361 5035 caetera
1393 4979 1738 5043 omittamus,
1766 4978 1936 5033 Deum
1965 4993 2175 5034 summe

587 5086 752 5146 atque
778 5072 1292 5131 incontmutabiliter
1315 5072 1516 5127 bonum
1553 5080 1606 5125 et
1643 5071 1848 5141 justum
1875 5069 2171 5137 hominem,

585 5167 698 5224 sola
718 5167 975 5223 bonitatis
990 5181 1102 5221 sua:
1121 5164 1448 5221 abundantia
1463 5162 1531 5219 de
1547 5170 1707 5218 terrae
1721 5163 1849 5217 limo
1870 5161 2169 5228 conditum,

587 5264 768 5316 anima
799 5259 1052 5316 rationali
1083 5260 1361 5324 donatum,
1411 5257 1660 5314 libertate
1706 5257 2171 5329 quoquearbitrii

587 5345 963 5410 decentissime
990 5353 1298 5416 decorasse,
1318 5359 1381 5405 ut
1398 5364 1465 5406 eo
1489 5349 1630 5405 bene
1650 5357 1705 5404 et
1729 5347 2027 5405 liberaliter
2045 5363 2168 5404 cum

585 5443 846 5514 adjutrice
872 5443 1180 5502 Conditoris
1223 5443 1395 5515 gratia
1424 5449 1602 5507 utens,
1630 5456 1734 5497 non
1785 5441 1920 5496 mori
1953 5448 2166 5511 posset;

583 5535 978 5606 contumaciter
1018 5549 1150 5589 vero
1175 5548 1567 5605 perperamque
1599 5533 1848 5598 abutens,
1867 5531 2170 5603 iustissime

557 5610 832 5677 addictus
876 5625 1011 5678 mori
1055 5632 1235 5693 posset
1266 5624 1512 5679 arbitrio.
1547 5625 1665 5692 Quo
1695 5623 1998 5680 miserrime
2026 5624 2169 5678 intu-

586 5725 853 5777 mescens,
881 5715 971 5783 qui
1026 5715 1176 5784 prius
1205 5716 1497 5783 gratuitam
1547 5717 1839 5774 bonitatem
1871 5715 2169 5773 liberalita-

656 5830 682 5858 ι
708 5818 904 5885 Cit-sar,
933 5821 966 5876 l.
991 5838 1050 5878 ιιι
1073 5824 1138 5878 de
1159 5823 1292 5881 Bell.
1321 5825 1459 5882 Call.

2169 5934 2222 5951 θ’

2283 4698 2540 4768 ambages
2559 4709 2613 4753 et
2634 4702 3020 4757 controversia:
3045 4701 3425 4770 delectiseunt,
3454 4702 3540 4774 qui
3568 4707 3687 4754 tanta
3710 4693 3784 4746 cla-

2283 4789 2441 4844 ritate
2466 4788 2658 4858 prolati
2688 4790 3052 4859 resplendent,
3080 4801 3141 4848 ut
3166 4795 3210 4848 si
3233 4795 3356 4864 quis
3385 4808 3535 4850 secus
3559 4785 3782 4854 intelligere

2280 4888 2577 4950 contraque
2598 4895 2843 4936 asserere
2864 4882 3136 4948 moliatur,
3163 4885 3331 4954 ipsius
3349 4880 3652 4954 iueﬂ‘ugibili,
3672 4883 3715 4929 ιιι
3731 4873 3778 4924 iu

2280 4971 2532 5037 dixerim,
2560 4971 2944 5042 perspicuitate
2966 4972 3274 5031 frustretur.
3304 4975 3440 5031 Ecce
3459 4974 3586 5030 enim
3606 4966 3776 5025 Veritas.

2278 5076 2388 5117 non
2417 5076 2516 5131 pro
2539 5063 2791 5118 omnibus
2810 5103 2826 5130 ,
2850 5064 2942 5120 sed
2971 5081 3066 5136 pro
3093 5065 3302 5133 multis;
3331 5081 3435 5120 non
3465 5078 3554 5135 pro
3576 5061 3691 5122 aliis.
3713 5049 3776 5109 Sed

2276 5167 2376 5222 pro
2399 5152 2542 5206 vobis
2568 5153 2717 5208 dicit.

2347 5250 2417 5306 Et
2434 5252 2720 5324 quisquam
2745 5263 2908 5311 tanta:
2929 5255 3195 5326 majestati
3208 5259 3528 5332 ogganniens
3541 5255 3673 5311 aliter
3686 5260 3774 5320 quo-

2276 5359 2493 5415 cunque
2541 5346 2702 5402 modo
2739 5347 2938 5404 mutire
2997 5353 3294 5420 przesumit,
3335 5367 3490 5424 quam
3524 5345 3773 5420 praedicator

2280 5437 2533 5508 egregius
2558 5438 2746 5495 doctor
2773 5441 3031 5513 gentium,
3089 5444 3142 5500 in
3171 5445 3276 5503 lide
3299 5454 3353 5502 et
3396 5444 3603 5502 veritate
3630 5440 3770 5495 immit-

2277 5529 2517 5586 tabiliter
2544 5546 2806 5603 sequens;
2862 5535 2931 5592 de
2980 5536 3098 5608 ipso
3126 5538 3358 5595 clamat:
3391 5537 3490 5604 Qui
3528 5532 3621 5590 ruit
3642 5537 3768 5584 cum

2277 5621 2513 5676 homines
2569 5623 2740 5680 salvos
2776 5626 2914 5694 ﬁeri,
2969 5638 3016 5682 et
3051 5632 3362 5701 agnitionem
3405 5627 3608 5684 veritatis
3645 5616 3766 5674 mi"

2277 5711 2332 5784 (Ι
2368 5711 2502 5767 Tim.
2533 5713 2633 5786 tt);
2666 5732 2803 5786 quos
2823 5719 2967 5775 enim
3005 5719 3216 5778 Veritas
3244 5721 3444 5790 multos,
3467 5719 3558 5777 hos
3577 5707 3765 5787 [πεδία-

2354 5829 2380 5868 δ
2421 5828 2630 5888 lliucm.
2659 5833 2689 5886 1.
2721 5836 2784 5890 de
2805 5834 3059 5892 Pra'dest.
3089 5855 3136 5895 ο.
3171 5840 3258 5895 54.
