4064 6346
319 373 429 437 977

1258 379 1480 440 EPIST.
1518 381 1611 439 AD
1645 371 2067 437 HINCMARUM
2106 375 2194 434 ET
2231 374 2638 438 PARDULUM.

3387 325 3404 340 θ
3481 379 3584 444 978

325 504 412 551 tor
433 491 694 551 Veritatis
713 509 891 550 omnes
913 501 1220 568 nuncupat;
1242 510 1377 567 quos
1397 496 1562 552 etiam
1587 495 1776 550 eadem
1800 493 1900 548 γε·
1927 492 1978 551 Α
2003 489 2070 542 Et
2110 489 2163 544 in
2187 487 2288 544 Job
2318 507 2330 542 :
2359 489 2490 543 Cum
2527 505 2582 544 se
2620 488 2828 544 moverit
2877 487 2946 543 ad
2992 491 3329 560 quwrendum
3372 509 3583 566 panem,

321 590 457 644 ritas
491 604 686 660 paucos
722 595 776 644 et
813 587 1000 644 electos
1049 587 1298 659 appellat.
1353 587 1629 659 Siquidem
1667 601 1900 658 quonam

318 681 484 738 modo
518 683 750 737 omnium
789 682 1051 739 vocabulo
1075 683 1227 738 multi
1265 681 1348 739 vel
1375 683 1531 754 pauci
1568 679 1900 753 intelligendi

316 774 452 841 sint,
505 774 814 831 nullatenus
887 775 1158 832 ariditatis
1213 791 1348 831 mea;
1405 774 1576 831 rivulo
1624 773 1902 830 imbuendi

313 867 472 933 estis,
487 868 685 938 quippe
709 867 801 939 qui
822 868 1004 926 omnia
1026 866 1318 926 efﬁcaciter
1341 868 1682 940 percepistis.
1699 867 1900 924 Verum
1968 929 1971 932 _

315 961 690 1017 memorabilis
725 961 1079 1034 Augustinus,
1107 970 1170 1016 ut
1193 961 1396 1034 optime
1419 961 1690 1028 recolitis,
1723 977 1900 1016 omnes

315 1053 487 1110 Deum
517 1054 644 1111 uelle
665 1055 783 1125 ﬁeri
809 1055 987 1111 salvos
1006 1055 1168 1122 dicit;
1195 1055 1288 1111 sed
1318 1069 1671 1126 quoscunque
1693 1053 1894 1117 salvat;

312 1145 399 1201 vel
427 1162 604 1200 omnes
632 1161 701 1202 ex
726 1145 874 1202 omni
897 1161 1092 1217 genere
1115 1147 1413 1211 hominum,
1448 1144 1530 1200 vel
1559 1161 1734 1199 omnes
1763 1141 1900 1198 velle

311 1235 432 1292 ﬁeri
463 1235 665 1302 salvos,
698 1236 824 1308 quia
851 1251 950 1294 nos
971 1235 1103 1293 facit
1127 1236 1263 1293 velle
1284 1237 1400 1292 fieri
1431 1251 1620 1291 omnes
1650 1234 1898 1290 homines

311 1325 534 1382 salvos:
566 1326 824 1398 alioquin,
875 1327 920 1382 si
978 1327 1302 1400 generaliter
1338 1335 1394 1382 et
1438 1343 1544 1382 non
1592 1326 1898 1397 specialiter

309 1435 490 1474 omnes
539 1418 871 1490 intelligendi
917 1428 1074 1486 sunt,
1126 1419 1217 1474 ubi
1263 1428 1349 1474 est
1381 1417 1468 1473 illa
1507 1416 1895 1488 omnipotentia

307 1523 416 1579 qua
471 1509 648 1562 omnia
696 1525 1017 1581 quaecunque
1059 1508 1222 1564 uoluit
1273 1509 1326 1562 in
1357 1507 1483 1564 coelo
1534 1518 1580 1562 et
1627 1509 1681 1562 in
1731 1517 1891 1571 terra,

303 1613 535 1668 prorsus
585 1615 692 1655 non
728 1602 976 1672 quaedam
1013 1600 1111 1656 sed
1157 1601 1334 1655 omnia
1366 1601 1692 1671 generaliter
1733 1599 1896 1669 fecit?

305 1693 439 1767 (Ps.
460 1695 705 1767 cxxxrv.)
728 1696 804 1750 De
824 1711 931 1766 quo
951 1695 1232 1751 verissime
1255 1695 1470 1750 canitur
1491 1713 1503 1748 :
1533 1694 1724 1750 Omnia
1751 1709 1895 1764 qua!-

303 1800 508 1856 csmque
522 1786 680 1840 voluit
702 1785 972 1853 Dominus,
987 1787 1107 1856 fecit
1126 1788 1179 1842 in
1201 1785 1326 1841 coelo
1346 1796 1393 1840 et
1417 1787 1470 1840 in
1484 1795 1647 1850 terra,
1660 1785 1713 1839 in
1734 1784 1889 1848 mari,

2004 584 2140 639 novit
2163 582 2302 655 quod
2344 592 2561 653 paratus
2601 583 2665 637 sit
2696 583 2751 636 in
2782 597 2941 637 manu
2967 581 3079 652 ejus
3119 584 3447 640 tenebrarum
3473 585 3586 644 dies

2003 671 2143 745 (Job.
2175 673 2289 745 xv).
2311 673 2378 729 Et
2398 661 2564 730 Isaias
2587 670 2829 728 :‘Parata
2849 684 2922 728 est
2945 674 3081 729 enim
3109 674 3172 729 ab
3195 674 3306 730 heri
3331 675 3580 748 Tapheth,

2000 776 2188 836 parata
2232 776 2283 821 et
2318 766 2543 821 dilatata
2574 764 2708 838 (ιω.
2736 764 2887 836 xxx).
2924 764 2980 820 ln
3011 767 3242 823 eodem:
3276 765 3375 823 Ubi
3395 773 3581 825 vermis

2000 871 2177 910 eorum
2210 873 2312 911 non
2342 856 2608 922 morietur,
2642 865 2688 910 et
2719 855 2853 927 ignis
2885 847 3004 911 (non
3043 859 3402 930 exstinguetur
3431 861 3582 932 (Isa.

2000 945 2147 1018 var)
2165 961 2180 1001 :
2200 947 2429 1003 Domino
2455 947 2635 1004 verbis
2660 946 2866 1002 eisdem
2893 947 2946 1002 in
2971 948 3262 1018 Evangelio
3285 952 3582 1012 secundum

2001 1033 2239 1091 Marcum
2265 1037 2407 1092 idem
2435 1036 2769 1106 approbante
2801 1035 2994 1108 (Marc.
3032 1037 3130 1110 rx).

2073 1127 2416 1200 Perpendite,
2441 1130 2690 1194 obsecro,
2723 1143 2891 1198 quare
2915 1132 3007 1184 uni
3038 1131 3128 1186 det
3155 1129 3298 1187 Deus
3323 1133 3578 1204 gratiam,

1998 1219 2153 1276 alteri
2185 1235 2290 1275 non
2331 1221 2436 1275 det.
2469 1220 2648 1288 Quare
2689 1229 2813 1290 post
2853 1229 2930 1276 tot
2969 1221 3135 1278 millia
3179 1238 3442 1280 annorum
3480 1241 3580 1297 pro

1997 1311 2367 1381 redemptione
2413 1311 2635 1366 humani
2679 1313 2895 1383 generis
2938 1313 3188 1370 Salvator
3232 1318 3470 1383 venerit;
3523 1325 3580 1374 et

1996 1412 2221 1474 excepta
2253 1413 2410 1475 gente
2434 1402 2740 1461 Judzeorum
2772 1420 2869 1476 per
2906 1415 3049 1461 tanta
3078 1409 3250 1478 spatia
3276 1418 3578 1480 temporum

1996 1505 2142 1552 totus
2183 1497 2416 1554 mundus
2458 1499 2575 1555 sine
2605 1501 2777 1572 gratia
2801 1500 2893 1556 Dei
2929 1501 2984 1556 in
3012 1517 3199 1559 errore
3230 1507 3573 1562 remanserit.

1995 1590 2175 1656 Quare
2221 1591 2394 1646 solum
2431 1591 2727 1658 Abraham,
2759 1602 2814 1648 et
2842 1609 2946 1650 non
2979 1601 3152 1650 totum
3199 1599 3481 1664 mundum,
3508 1599 3576 1653 ad

1993 1683 2382 1739 misericordia:
2428 1701 2539 1741 sua:
2585 1687 2829 1741 notitiam
2871 1689 3167 1745 vocaverit.
3219 1690 3330 1746 Cur
3369 1691 3422 1746 in
3460 1691 3576 1747 solo

1995 1773 2194 1828 vellere
2219 1774 2399 1846 populi
2443 1773 2753 1831 Judmorum
2805 1785 2886 1832 tot
2917 1793 3182 1834 annorum
3222 1780 3457 1837 millibus
3486 1797 3576 1838 ros

301 1849 352 1932 et
378 1849 433 1931 in
460 1878 698 1932 omnibus
723 1849 1023 1949 abyssis,et
1049 1877 1133 1933 cui
1159 1877 1355 1932 dicitur
1373 1896 1384 1930 :
1404 1875 1468 1930 In
1499 1849 1777 1940 voluntate,
1802 1872 1889 1928 vel
1916 1849 1966 1910 Β
1995 1865 2187 1920 diVimB
2227 1867 2414 1937 gratia?
2441 1869 2724 1934 manserit.
2750 1876 2805 1924 et
2831 1883 2957 1925 area
2987 1871 3151 1926 totius
3180 1871 3329 1928 orbis
3356 1872 3574 1945 irrigari

302 1968 502 2032 ditione
527 1951 642 2035 tua,
684 1967 928 2034 Domine,
957 1978 1144 2023 cuncta
1187 1977 1306 2022 sunt
1349 1967 1552 2039 posita;
1582 1975 1628 2021 et
1668 1982 1770 2020 non
1813 1972 1890 2020 est

297 2058 394 2130 qui
441 2067 546 2112 tua
597 2059 757 2130 possit
789 2060 1025 2114 resistere
1059 2057 1312 2115 uoluntati
1353 2055 1566 2129 (Esther
1620 2053 1764 2127 xm).
1821 2053 1889 2110 Et

298 2147 396 2202 ubi
426 2148 530 2202 erit
557 2146 700 2217 quod
744 2145 946 2218 iugiter
974 2149 1184 2204 diurnis
1241 2148 1626 2217 nocturnisque
1669 2147 1883 2202 confes-

299 2237 549 2294 sionibus
583 2254 682 2294 nos
701 2239 926 2296 credere
952 2240 1006 2294 in
1029 2240 1197 2295 Deum
1223 2240 1440 2296 Patrem
1462 2240 1884 2310 omnipotentem

297 2328 612 2385 ﬁdelissime
639 2331 904 2386 dicimus?
933 2330 990 2386 Si
1044 2333 1222 2404 aliqua
1273 2334 1414 2398 vult,
1469 2342 1523 2389 et
1569 2349 1676 2390 non
1735 2332 1882 2400 facit,

263 2405 278 2411 ”
297 2419 444 2488 quod
498 2421 641 2474 absit
703 2422 772 2477 ab
839 2421 1081 2477 omnium
1141 2424 1524 2478 salvandorum
1589 2423 1881 2492 cordibus,

298 2509 633 2580 impotentiae
693 2512 938 2584 arguitur
991 2514 1083 2583 qui
1129 2516 1470 2586 omnipotens
1516 2516 1880 2586 praedicatur:

293 2603 441 2673 quod
455 2611 671 2674 quantae
686 2605 757 2661 sit
777 2605 1153 2677 imprudentiae
1169 2617 1347 2664 vestra
1368 2608 1649 2680 prudentia
1665 2608 1881 2664 viderit.

911 2698 1138 2756 CAPUT
1173 2700 1262 2756 ιν.
1809 2719 1818 2728 ·

295 2785 474 2843 Tertia
501 2790 728 2845 maxime
749 2791 1034 2863 propositio
1062 2789 1346 2863 Scriptura:
1369 2801 1566 2848 sancta:
1595 2794 1884 2849 auctorita-

860 2861 997 2917 tibus
1031 2861 1302 2934 probatur.

369 2985 393 3014 ει
415 2971 702 3044 Perpensis
729 2974 890 3045 igitur
911 2975 1222 3046 diligentius
1251 2985 1560 3034 sanctarum
1578 2975 1881 3048 Scriptura-

293 3079 417 3120 rum
441 3065 670 3137 paginis,
707 3067 1046 3123 considerate
1074 3070 1202 3138 quid
1232 3068 1292 3122 Β.
1323 3067 1425 3124 Joh
1453 3068 1633 3124 dicat:
1666 3068 1732 3123 Et
1763 3069 1880 3125 ani-

291 3173 382 3211 ma
417 3159 531 3228 ejus
561 3159 906 3232 quodcunque
941 3159 1098 3216 uoluit
1151 3161 1247 3215 hoc
1272 3160 1415 3231 fecit.
1449 3159 1587 3229 Quid
1617 3171 1700 3216 est
1732 3160 1876 3231 quod

1991 1973 2090 2028 per
2107 1959 2203 2015 Dei
2228 1959 2650 2016 misericordiam
2676 1976 2782 2017 non
2812 1966 3090 2020 meruerit.
3135 1964 3233 2022 Vel
3257 1983 3356 2022 cur
3381 1979 3570 2036 postea

1991 2050 2168 2106 solum
2192 2051 2384 2118 vellus,
2411 2051 2667 2109 Judaicus
2696 2054 2944 2110 videlicet
2974 2054 3222 2126 populus,
3247 2071 3277 2111 a
3320 2057 3415 2114 Dei
3445 2073 3572 2128 gra-

1993 2143 2064 2197 tia
2112 2145 2348 2209 aruerit,
2390 2154 2444 2200 et
2474 2147 2712 2217 gentium
2759 2148 3000 2203 omnium
3031 2163 3214 2204 aream
3255 2165 3346 2205 ros
3376 2151 3572 2207 divinae

1990 2236 2376 2294 misericordiae
2401 2239 2696 2311 perfuderit
2771 2240 2838 2295 Et
2866 2257 2988 2297 cum
3021 2242 3280 2299 Dominus
3324 2241 3575 2299 Salvator

1989 2337 2177 2385 noster
2217 2330 2268 2385 in
2296 2331 2584 2403 Evangelia
2613 2334 2808 2388 dixerit
2839 2352 2852 2388 :
2894 2335 3033 2400 Quia
3073 2336 3118 2390 si
3160 2337 3214 2390 in
3247 2335 3382 2407 Tyro
3407 2347 3454 2391 et
3486 2336 3574 2392 Si-

1987 2424 2154 2490 done,
2194 2441 2256 2478 ac
2296 2425 2540 2481 Sodomis
2579 2427 2732 2496 facta,
2765 2428 2981 2497 fuissent
3018 2429 3228 2484 virtutes
3266 2447 3384 2494 quae
3413 2430 3569 2500 facta

1986 2525 2108 2571 sunt
2141 2517 2197 2570 in
2224 2516 2538 2582 Chorozain,
2585 2517 2889 2585 Bethsaida,
2927 2529 2974 2574 et
3003 2519 3395 2589 Capharnaum,
3442 2521 3568 2576 olim

1968 2607 2040 2666 in
2069 2605 2239 2660 cilicio
2286 2615 2334 2661 et
2383 2607 2554 2662 cinere
2580 2609 2932 2678 paenitentiam
2981 2611 3200 2679 egissent
3238 2609 3453 2680 (Matth.
3488 2625 3567 2674 x1,

1985 2695 2116 2750 Luc.
2147 2695 2227 2768 χ).
2255 2696 2434 2765 Quare
2471 2697 2542 2752 ibi
2589 2697 2780 2754 fecerit
2815 2700 3070 2764 virtutes,
3108 2702 3196 2755 ubi
3243 2716 3349 2756 non
3390 2701 3564 2758 solum

1984 2786 2036 2841 ei
2060 2801 2188 2841 non
2240 2787 2581 2853 crederetur,
2625 2801 2813 2842 verum
2843 2789 3003 2843 ctiam
3035 2795 3346 2858 pateretur;
3385 2798 3440 2845 et
3489 2789 3566 2846 ibi

1984 2893 2093 2935 non
2120 2878 2327 2945 fecerit,
2361 2881 2451 2936 ubi
2479 2891 2634 2936 erant
2671 2883 3045 2952 pteniteutiam
3090 2883 3260 2938 acturi
3306 2892 3361 2940 et
3388 2883 3568 2940 credi-

1986 2973 2128 3028 turi?
2151 2972 2217 3027 Et
2240 2973 2384 3043 quod
2411 2973 2526 3044 ipse
2555 2974 2750 3030 iterum
2779 2973 2946 3030 dicit:
2985 2974 3105 3028 Non
3133 2991 3309 3030 omnes
3352 2976 3566 3046 capiunt

1981 3065 2212 3129 verbum,
2239 3065 2329 3118 sed
2354 3066 2540 3136 quibus
2563 3065 2745 3120 datum
2767 3077 2841 3121 est
2871 3065 3086 3138 (Matth.
3109 3066 3255 3137 vix);
3290 3065 3394 3133 Qui
3413 3069 3567 3122 habet

1983 3157 2137 3210 aut'es
2166 3157 2439 3222 audiendi,
2467 3157 2650 3212 audiat
2682 3157 2892 3229 (Matth.
2927 3158 3068 3228 xm).
3100 3158 3164 3213 Et
3194 3160 3390 3215 iterum
3417 3178 3430 3214 :
3463 3159 3566 3215 Vo-

294 3246 507 3320 Moyses
553 3249 606 3302 in
657 3250 868 3306 cantico
910 3249 1315 3306 Denteronomii
1366 3251 1514 3306 canit
1548 3269 1560 3304 :
1593 3249 1876 3306 Constituit
1903 3233 1949 3299 C
1983 3244 2060 3299 bis
2081 3245 2263 3300 datum
2289 3257 2364 3301 est
2406 3263 2554 3302 nosse
2580 3248 2880 3319 mysterium
2921 3249 3066 3319 regni
3087 3248 3208 3316 Dei,
3243 3267 3306 3304 ea
3321 3250 3445 3305 teris
3471 3268 3564 3304 au-

260 3325 539 3394 ‘terminos
579 3340 891 3412 populorum
910 3341 1070 3413 juxta
1109 3357 1382 3397 numerum
1425 3341 1657 3412 ﬁliorum
1686 3340 1874 3406 Israel,

291 3430 376 3484 vel
403 3431 711 3502 angelorum
738 3433 869 3500 Dei;
894 3451 1016 3504 pars
1041 3445 1216 3490 autem
1238 3433 1451 3490 Domini
1477 3434 1700 3506 papulas
1728 3435 1878 3505 ejus;
1909 3439 1912 3442 ’

259 3511 458 3578 Ἰαεοὸ
495 3525 762 3595 funiculus
789 3527 1112 3583 hcereditatis
1145 3529 1260 3599 ejus
1287 3527 1466 3599 (Deut.
1496 3531 1690 3599 χχιιι).
1727 3528 1794 3583 Et
1822 3529 1878 3584 in

267 3601 430 3670 'lihro
460 3616 676 3685 Esther,
709 3619 800 3689 qui
831 3619 965 3676 duas
1016 3629 1192 3677 sortes
1237 3635 1358 3676 esse
1400 3621 1675 3692 praecepit,
1709 3637 1875 3677 unam

290 3706 474 3778 populi
500 3707 617 3776 Dei,
641 3709 867 3766 alteram
892 3721 1208 3768 cunctarum
1235 3713 1477 3784 gentium
1521 3712 1736 3786 (Esther
1761 3713 1868 3786 ιιι).

289 3797 360 3854 Et
385 3797 638 3857 Salomon
669 3820 681 3858 :
711 3801 998 3859 Considera
1025 3806 1200 3860 omnia
1222 3822 1378 3876 opera
1396 3799 1530 3872 Dei,
1556 3805 1695 3876 quod
1723 3822 1873 3862 nemo

286 3891 451 3962 possit
483 3891 686 3948 salvare
713 3911 863 3965 quem
913 3894 1000 3950 ille
1043 3897 1344 3966 perdiderit,
1392 3897 1539 3964 sive,
1582 3893 1871 3968 despexerit

290 3975 482 4052 (Eccli.
535 3985 654 4056 vn).
702 3987 769 4041 Et
807 3987 861 4042 in
910 3987 1124 4045 Psalmo
1154 4008 1166 4043 :
1198 3989 1302 4055 Qui
1353 3992 1635 4044 annuntiat
1662 3993 1872 4046 verbum

285 4089 442 4153 suum
468 4073 650 4140 Iacob,
676 4075 916 4146 justitias
939 4087 987 4132 et
1013 4078 1221 4148 judicia
1255 4096 1352 4134 sua
1379 4078 1550 4135 Israel
1577 4097 1595 4135 :
1625 4097 1726 4134 non
1751 4081 1870 4151 fecit

285 4165 464 4219 taliter
493 4166 636 4221 omni
667 4169 891 4236 nationi,
915 4180 962 4224 et
988 4169 1198 4240 judicia
1239 4188 1336 4226 sua
1375 4188 1476 4226 non
1515 4172 1869 4242 manifestavit

281 4255 360 4308 eis
390 4251 506 4327 (Ps.
530 4259 735 4328 cxux).
768 4257 835 4312 Et
866 4259 1058 4314 iterum
1086 4278 1098 4315 :
1135 4259 1258 4315 Non
1300 4261 1597 4317 miserearis
1631 4262 1869 4317 omnibus

279 4348 374 4418 qui
397 4359 682 4418 aperantur
725 4352 1051 4423 iniquitatem
1095 4351 1212 4424 (Ps.
1241 4352 1414 4424 Lvm).
1440 4353 1506 4409 Et
1526 4355 1580 4408 in
1604 4353 1742 4410 libro
1769 4354 1868 4410 Ec-

283 4438 592 4496 clesiastico
619 4458 634 4495 :
673 4439 740 4496 In
771 4442 976 4498 duobus
996 4445 1356 4497 contristatum
1379 4454 1454 4498 est
1481 4461 1570 4498 cor
1598 4461 1790 4507 meum,
1819 4455 1866 4499 et

281 4530 339 4584 in
363 4531 516 4585 tertio
539 4532 818 4588 iracundia
843 4534 973 4589 mihi
999 4535 1225 4590 advenit.
1262 4534 1357 4588 Vir
1378 4535 1598 4590 bellator
1619 4537 1867 4606 deﬁciens

278 4635 377 4689 per
402 4619 634 4691 inopiam
660 4631 706 4676 et
731 4623 809 4676 vir
834 4633 1095 4690 sensatur,
1123 4634 1485 4696 contemptus;
1515 4638 1560 4682 et
1583 4629 1672 4698 qui
1695 4637 1867 4682 trans-

278 4711 518 4780 greditur
543 4731 574 4766 a
592 4713 808 4784 justitia
839 4715 908 4770 ad
935 4726 1228 4787 peccatum,
1251 4716 1392 4772 Deus
1417 4719 1618 4789 paravit
1653 4736 1770 4774 eum
1797 4720 1866 4774 ad

282 4802 639 4874 rhompha'am
673 4804 863 4878 (Eccli.
901 4809 1072 4882 xxvr).
1103 4810 1160 4864 ln
1189 4809 1377 4865 eodem
1407 4830 1420 4866 :
1456 4810 1522 4865 Et
1553 4829 1730 4867 omnes
1768 4818 1868 4866 ho-

278 4897 448 4952 mines
477 4897 542 4952 de
571 4899 702 4966 solo,
730 4910 778 4955 et
803 4917 868 4956 ex
901 4911 1041 4956 terra
1075 4903 1213 4956 unde
1238 4913 1442 4958 creatus
1473 4913 1548 4957 est
1571 4905 1739 4959 Adam
1763 4922 1781 4960 :
1811 4905 1865 4960 in

262 4985 618 5045 multitudine
639 4991 930 5063 disciplima
954 4991 1168 5048 Domini
1189 4996 1446 5064 separavit
1470 5012 1578 5062 eos,
1605 5006 1652 5051 et
1680 4998 1865 5051 immu-

279 5084 410 5137 tavit
439 5085 548 5138 uias
575 5100 796 5148 eorum;
849 5101 913 5139 ea:
938 5085 1065 5156 ipsis
1109 5086 1369 5142 benedixit
1406 5098 1453 5142 et
1489 5088 1771 5156 exultauit;
1801 5106 1866 5145 ea:

278 5175 362 5230 his
407 5175 772 5245 sanctiﬁcauit,
815 5185 863 5231 et
894 5177 963 5231 ad
1005 5195 1059 5232 se
1087 5178 1366 5250 applicavit
1387 5197 1407 5246 ;
1459 5197 1525 5235 ea:
1552 5181 1676 5252 ipsis
1702 5181 1865 5238 male-

275 5267 414 5322 dixit
441 5277 490 5322 et
516 5267 832 5335 humiliavit,
863 5278 910 5323 et
943 5257 1190 5325 conuertit
1228 5271 1346 5326 illos
1384 5272 1453 5326 ad
1481 5274 1862 5343 separationem

275 5360 547 5429 ipsorum;
571 5359 725 5430 quasi
755 5359 922 5414 lutum
956 5359 1106 5432 ﬁguli
1133 5362 1188 5417 in
1224 5380 1385 5418 manu
1411 5365 1575 5431 ipsius
1597 5363 1862 5434 plasmare

275 5449 413 5505 illud
440 5459 486 5505 et
513 5451 808 5522 disponere,
847 5467 1022 5507 omnes
1049 5453 1145 5508 uia:
1170 5453 1284 5524 ejus
1308 5456 1594 5511 secundum
1631 5456 1858 5528 disposi-

278 5542 472 5596 tionem
513 5543 648 5614 ejus.
691 5540 780 5598 Sic
825 5543 979 5598 homo
1025 5545 1080 5598 in
1123 5561 1280 5599 manu
1322 5545 1465 5601 illius
1493 5548 1582 5618 qui
1625 5564 1680 5602 se
1713 5548 1858 5618 fecit,

277 5635 460 5691 reddet
488 5634 566 5690 illi
606 5638 892 5692 secundum
928 5638 1191 5708 judicium
1232 5655 1384 5694 suum
1417 5639 1605 5709 (Eccli.
1638 5642 1856 5714 xxxm).

351 5807 376 5835 ι
411 5794 763 5860 Ratramnus,
790 5796 883 5852 lib.
911 5814 929 5852 ι
953 5797 1016 5853 de
1055 5793 1543 5853 Prtedestinatione.

1981 3345 2084 3390 tem
2106 3337 2161 3390 in
2183 3338 2468 3405 parabolis,
2495 3349 2550 3392 ut
2581 3357 2682 3394 non
2706 3341 2932 3394 ridentes
2958 3342 3184 3408 rideant,
3206 3353 3254 3397 et
3273 3344 3362 3413 qui
3392 3343 3565 3399 uident

1981 3429 2106 3482 circi
2127 3427 2260 3496 ﬁant
2286 3428 2437 3501 (Luc.
2465 3433 2606 3503 vm).
2631 3431 2734 3486 Et:
2762 3430 2885 3487 Non
2913 3443 3148 3504 poterant
3178 3436 3402 3502 credere,
3435 3438 3560 3509 quia

1979 3520 2112 3574 dixit
2135 3519 2348 3576 Isaias:
2383 3521 2607 3578 Eaca’ca
2632 3540 2723 3578 cor
2750 3524 2929 3596 populi
2968 3525 3150 3596 hujus,
3181 3537 3228 3580 et
3255 3543 3408 3582 aures
3447 3529 3561 3599 ejus

1978 3628 2228 3683 aggrava,
2256 3630 2319 3668 ne
2343 3614 2478 3685 forte
2500 3615 2707 3669 uideant
2746 3615 2931 3682 oculis,
2971 3626 3017 3670 et
3056 3617 3211 3670 corde
3246 3617 3558 3689 intelligant,

1980 3713 2027 3760 et
2054 3715 2442 3774 convertantur,
2469 3716 2517 3762 et
2543 3723 2722 3760 sanem
2747 3723 2834 3762 eos
2857 3706 2991 3777 (lsa.
3017 3708 3115 3777 Vl).
3145 3707 3208 3761 Et
3235 3707 3362 3762 item
3390 3723 3404 3763 :
3433 3709 3560 3764 Non

1975 3818 2071 3872 pro
2098 3803 2292 3856 mundo
2319 3819 2467 3874 rogo,
2494 3805 2584 3858 sed
2609 3821 2704 3876 pro
2735 3805 2816 3859 his
2849 3822 2977 3875 quos
3003 3805 3191 3859 dedisti
3219 3807 3346 3860 mihi
3371 3805 3553 3876 (Joan.

1979 3892 2136 3960 xvn).
2170 3891 2273 3945 Et:
2308 3891 2478 3946 Nemo
2506 3903 2671 3964 potest
2700 3895 2872 3948 uenire
2913 3894 2982 3948 ad
3015 3911 3092 3948 me
3131 3895 3230 3948 nisi
3261 3891 3438 3960 Pater,
3466 3895 3558 3964 qui

1976 3982 2117 4035 misit
2163 3999 2266 4048 me,
2313 3985 2533 4038 traxerit
2560 4001 2678 4038 eum
2701 3984 2883 4056 (Joan.
2917 3985 3011 4056 vi).
3042 3985 3106 4040 Et
3135 4006 3149 4040 ;
3186 3985 3354 4040 Nemo
3393 3996 3556 4054 potest

1975 4073 2146 4126 uenire
2172 4073 2240 4126 ad
2265 4090 2365 4140 me,
2391 4075 2490 4128 nisi
2520 4075 2702 4129 datum
2727 4076 2884 4145 fuerit
2907 4078 2953 4130 ei
2979 4094 3010 4130 a
3033 4074 3188 4131 Patre
3211 4094 3319 4130 meo
3344 4075 3554 4149 (lbid.).

1975 4161 2042 4217 Et
2068 4181 2080 4217 :
2115 4163 2282 4218 Nemo
2314 4168 2446 4220 venit
2478 4167 2546 4220 ad
2572 4165 2810 4232 Patrem,
2843 4168 2943 4221 nisi
2965 4171 3066 4239 per
3094 4186 3174 4222 me
3206 4167 3385 4241 (Joan.
3420 4171 3550 4239 xtv).

1974 4251 2042 4308 Et
2072 4273 2084 4310 :
2114 4254 2283 4309 Nemo
2315 4260 2454 4310 novit
2488 4255 2720 4322 Patrem,
2763 4259 2861 4312 nisi
2894 4257 3087 4324 Filius,
3136 4269 3184 4314 et
3222 4260 3308 4314 cui
3339 4260 3556 4314 voluerit

1975 4346 2024 4400 F
2027 4347 2150 4401 ilius
2181 4347 2410 4402 revelare
2429 4347 2644 4420 (Matth.
2676 4349 2776 4421 ιι).
2802 4349 2901 4404 Et:
2933 4347 3198 4419 Confiteor
3221 4351 3332 4416 tibi,
3369 4350 3551 4416 Pater,

1976 4437 2198 4492 Domine
2241 4438 2354 4492 caeli
2382 4447 2427 4492 et
2467 4449 2641 4506 terra',
2668 4442 2791 4512 quia
2817 4442 3136 4496 abscondisti
3154 4443 3265 4496 ha'c
3290 4461 3321 4498 a
3349 4444 3557 4514 sapien-

1975 4529 2112 4583 tibus
2137 4538 2184 4583 et
2215 4529 2578 4599 prudentibus,
2607 4541 2654 4584 et
2683 4530 2920 4586 revelasti
2946 4549 3005 4586 ea
3031 4533 3262 4602 parvulis
3288 4531 3438 4603 (Luc.
3472 4538 3548 4603 ιι).

1974 4619 2040 4674 Et
2081 4619 2311 4674 duorum
2353 4636 2411 4675 se
2439 4622 2591 4691 sequi
2633 4621 2950 4689 volentium,
2996 4624 3225 4679 alterum
3254 4625 3550 4689 admiserit,

1970 4709 2198 4766 alterum
2246 4695 2530 4780 respuerit.
2561 4711 2664 4765 Et:
2698 4711 2844 4766 Sicut
2869 4710 3032 4768 Pater
3074 4715 3290 4769 suscitat
3320 4724 3550 4767 mortuos

1970 4816 2016 4856 et
2044 4801 2285 4871 ririﬁcat,
2308 4787 2382 4855 sic
2403 4812 2448 4855 et
2473 4799 2646 4856 Filius
2666 4819 2796 4874 quos
2821 4802 2924 4857 vult
2945 4804 3168 4874 uiuiﬁcat
3191 4803 3371 4875 (Joan.
3391 4801 3467 4876 v).
3493 4802 3550 4857 Si

1970 4894 2135 4966 igitur
2157 4909 2347 4949 omnes
2382 4894 2630 4949 homines
2655 4894 2768 4949 vult
2795 4893 2969 4950 salvos
2998 4895 3136 4958 fieri,
3163 4909 3260 4949 cur
3298 4908 3404 4948 non
3433 4908 3551 4948 om-

1970 5000 2068 5040 nes
2099 4983 2356 5052 vivilicat,
2387 4985 2477 5056 qui
2507 5000 2644 5055 quos
2672 4986 2784 5040 vult
2803 4985 3070 5042 viviﬁcat?
3110 4984 3289 5052 Quare
3313 4984 3549 5054 Spiritus

1969 5084 2188 5131 sanctus
2241 5077 2330 5130 ubi
2380 5075 2486 5132 rult
2534 5078 2698 5147 spirat
2745 5076 2954 5150 (lbid.),
2993 5093 3099 5132 non
3155 5077 3208 5131 in
3267 5077 3549 5132 omnibus?

1966 5178 2023 5226 et
2049 5183 2217 5238 quare
2275 5182 2382 5223 non
2430 5167 2724 5228 omnibus.
2771 5169 2866 5224 sed
2904 5167 3120 5238 singulis
3170 5166 3355 5222 dividit
3394 5176 3547 5238 prout

1967 5261 2074 5317 uult
2099 5259 2151 5334 (Ι
2174 5258 2297 5314 Cor.
2316 5259 2454 5335 xu)?
3467 5337 3470 5340 ἢ

2037 5354 2102 5410 Et
2139 5356 2279 5424 quod
2323 5354 2376 5409 in
2416 5353 2641 5410 Actibus
2683 5351 3049 5426 apostolorum
3090 5351 3285 5424 legitur
3319 5350 3444 5421 quia
3489 5352 3546 5406 in
3639 5408 3654 5424 ,

1963 5447 2242 5519 praeteritis
2285 5446 2704 5518 generationibus
2745 5443 3002 5499 dimiserit
3043 5451 3217 5515 gentes
3238 5458 3415 5498 omnes
3465 5443 3547 5497 in-

1962 5539 2108 5611 gredi
2137 5539 2246 5594 uias
2275 5556 2418 5605 suas,
2454 5552 2723 5608 unamque
2763 5546 2969 5599 tantum
2993 5527 3305 5594 'Judaaorum
3333 5544 3544 5610 gentem

1961 5632 2188 5704 elegerit
2213 5633 2352 5704 (Act.
2383 5635 2516 5705 xxv).
2548 5631 2616 5687 Et
2643 5633 2784 5702 quod
2815 5633 3230 5704 praedicantibus
3273 5630 3544 5706 Apostolis
