4064 6346
630 418 735 476 979

1657 408 1713 466 s.
1756 407 2129 466 PRUDENTII
2167 404 2547 464 raeceusrs
2582 370 2892 462 Erlscom
3722 417 3793 475 ευ,

600 510 708 587 ⁴ιιιι
739 514 1105 585 tantummodo
1139 523 1500 587 crediderunt,
1540 519 1634 593 qui
1676 517 2025 593 praeordinati
2054 527 2203 574 erant
2231 523 2283 582 Α
2310 517 2491 591 (Joan.
2525 518 2622 589 ιν),
2659 524 2890 573 tractata
2929 515 3079 590 lege,
3134 517 3340 576 invenit
3382 493 3513 593 quia.
3546 536 3634 578 non
3661 539 3794 585 omnes

628 619 700 675 ad
724 620 882 674 vitam
908 627 1159 674 (sternam
1187 609 1326 689 (Act.
1352 610 1493 682 xm).
1530 611 1595 666 Et
1620 610 1763 681 quod
1804 608 2046 667 volentes
2066 606 2210 664 Pau-

628 709 743 765 lum
781 717 839 764 et
880 708 1182 763 Barnabam
1211 704 1506 777 praedicare
1536 704 1589 781 in
1626 702 1781 769 Asia,
1812 700 2091 773 prohibuit
2120 713 2214 756 eos

628 802 865 872 Spiritus
889 801 1016 859 Jesu
1041 800 1178 873 (Act.
1212 799 1346 869 xvi).
1369 798 1435 853 Et
1464 796 1606 868 quod
1634 797 1860 854 docente
1880 794 2068 863 Paulo,
2100 794 2210 867 Ly—

628 893 731 949 dia:
760 892 1113 981 purpurarize,
1144 905 1248 945 non
1292 890 1503 945 caeteris
1551 888 1914 949 audientibus.
1945 888 2089 944 Deus
2116 876 2214 981 cor

628 974 862 1054 aperuit,
916 991 976 1037 ut
1019 981 1265 1037 crederet
1314 981 1399 1036 his
1435 996 1555 1049 quae
1605 980 1924 1036 dicebantur
1970 994 2002 1034 a
2042 974 2212 1035 Paulo

627 1071 839 1147 (Ibid).
873 1072 939 1127 Et
963 1071 1105 1142 quod
1141 1070 1417 1142 apostolus
1448 1070 1648 1126 Paulus
1673 1070 1935 1141 reliquias
1981 1085 2077 1141 per
2102 1068 2214 1125 ele-

625 1164 857 1219 ctionem
880 1163 1071 1235 gratia:
1100 1161 1278 1218 salvas
1305 1161 1478 1219 factas
1499 1161 1774 1232 praedicat.
1799 1160 1886 1224 Et,
1914 1160 2039 1231 quia
2069 1159 2214 1215 Deus

623 1255 774 1323 cuius
796 1253 903 1310 vult
942 1255 1238 1321 miseretur,
1264 1263 1311 1309 et
1341 1271 1493 1326 quem
1528 1253 1633 1309 uult
1662 1253 1876 1307 indurat
1903 1251 2079 1324 (Rom.
2106 1244 2208 1324 Ix).

624 1346 691 1403 Et
713 1347 857 1418 quod
888 1346 1004 1417 ipse
1046 1347 1211 1403 tantis
1238 1346 1695 1418 profunditatibus
1720 1344 2073 1401 tremefactus
2112 1361 2210 1401 ex-

623 1441 843 1503 clamat,
874 1438 1038 1495 etiam
1066 1448 1124 1495 ut
1148 1455 1271 1495 cum
1300 1438 1416 1508 ipso
1444 1438 1680 1494 clamare
1704 1452 1806 1492 non
1835 1435 2205 1492 erubescatis:

622 1532 669 1593 Ο
695 1536 874 1601 homo,
905 1520 962 1590 tu
985 1534 1101 1606 quis
1135 1550 1189 1589 es
1213 1549 1300 1604 qui
1327 1530 1638 1602 respondeas
1665 1530 1812 1585 Deo?
1839 1528 2096 1597 Nunquid
2121 1528 2207 1585 di-

618 1629 689 1684 cit
714 1628 1018 1699 ﬁgmentum
1038 1629 1088 1683 ei
1122 1626 1295 1697 quise
1334 1625 1490 1696 ﬁnxit
1538 1638 1557 1676 :
1582 1623 1759 1691 Quare
1794 1641 1873 1678 me
1902 1623 1978 1678 sic
2003 1620 2212 1692 fecisti?

620 1717 829 1773 An'non
860 1719 1013 1773 habet
1038 1716 1236 1789 ﬁgulus
1263 1715 1362 1770 luti
1396 1723 1705 1786 potestatem
1732 1730 1796 1769 ex
1816 1713 1999 1768 eadem
2031 1728 2209 1767 massa

2315 609 2408 681 qui
2447 609 2501 664 in
2546 608 2715 666 Israel
2754 619 2902 676 sunt,
2946 610 3202 666 credituri
3237 620 3397 678 sunt;
3424 628 3582 683 neque
3608 617 3707 685 quia
3739 616 3825 675 ὧν

2316 710 2513 758 cuntur
2543 701 2639 757 lilii
2664 702 2919 769 Abrahae,
2958 716 3151 759 omnes
3173 701 3401 760 Abrahae
3440 704 3567 762 [Ilios
3589 707 3797 779 dicendos,

2314 796 2456 852 sicut
2496 810 2655 867 supra
2685 795 3001 851 memoravi.
3048 792 3242 851 Min‘uit
3276 811 3406 867 ergo
3442 797 3650 854 dolorem
3672 816 3796 869 suum,

2314 887 2597 945 inveniens
2631 886 2761 942 olim
2788 888 3107 959 praedictum
3154 890 3297 959 quod
3344 903 3446 944 non
3490 902 3800 948 omnesessest

2313 978 2595 1045 credituri,
2627 989 2689 1034 ut
2712 978 2803 1035 his
2823 978 2954 1035 solis
2976 977 3153 1035 doleat
3180 979 3272 1050 qui
3308 996 3404 1051 per
3436 980 3718 1038 invidiamin
3744 985 3800 1039 ia-

2315 1066 2634 1124 credulitate
2677 1066 2946 1123 laborant.
2996 1066 3231 1125 Possunt
3260 1076 3437 1125 tamen
3478 1071 3683 1137 credere,
3702 1074 3800 1145 quod

2314 1174 2383 1214 ex
2413 1157 2670 1229 subjectis
2715 1160 2906 1230 aperit.
2939 1158 3239 1217 lncredulis
3269 1168 3444 1218 tamen
3478 1163 3706 1232 ρεπιιὶεώ
3728 1180 3801 1220 non

2312 1250 2787 1310 valde‘dolendum
2815 1261 2922 1320 est,
2949 1255 3075 1324 quia
3105 1269 3215 1310 non
3268 1262 3393 1310 sunt
3420 1255 3727 1326 pnedestinati
3756 1256 3803 1314 si

2313 1343 2516 1412 vitam;
2540 1344 2883 1415 prtescientia
2902 1344 3048 1400 enim
3075 1343 3173 1401 Dei
3202 1344 3335 1400 olim
3355 1345 3452 1402 hos
3471 1361 3567 1401 non
3593 1345 3802 1403 saltandis

2312 1435 2575 1492 decrevit.

2380 1529 2513 1585 item
2539 1527 2595 1584 in
2626 1528 2820 1584 eodem
2849 1526 3041 1600 (Ibid.)
3067 1544 3081 1582 :
3124 1526 3469 1584 Praescientia
3508 1542 3621 1583 vero
3641 1538 3707 1584 est
3732 1545 3804 1600 qua

2311 1618 2595 1676 definitum
2624 1617 2789 1674 habet
2813 1609 2991 1689 qualis
3035 1618 3457 1691 uniuscujusque
3480 1618 3636 1674 futura
3668 1620 3802 1675 volas-

2311 1721 2397 1767 tas
2425 1711 2548 1774 erit,
2575 1710 2628 1765 in
2661 1727 2768 1782 qua
2801 1727 3089 1767 mansurus
3116 1720 3223 1778 est,
3252 1727 3350 1783 per
3375 1728 3526 1782 quam
3546 1722 3626 1767 aut
3641 1712 3804 1768 damas.

617 1811 768 1867 aliud
800 1829 888 1867 vas
910 1813 1084 1884 facere
1122 1814 1177 1868 in
1217 1813 1488 1877 honorem,
1536 1810 1685 1864 aliud
1707 1811 1760 1864 in
1796 1805 2209 1863 contumeliam?
2314 1812 2401 1858 tur
2429 1811 2525 1857 aut
2550 1810 2861 1858 coronetur.
2891 1801 3136 1874 Denique
3183 1818 3322 1873 quos
3352 1803 3452 1859 scit
3478 1804 3526 1858 in
3561 1804 3677 1858 bono
3700 1818 3805 1857 mss-

618 1899 808 1971 (Ibid.)
842 1902 908 1957 Et
952 1902 1082 1957 illud
1107 1920 1120 1956 :
1148 1901 1193 1957 0
1232 1901 1460 1956 altitudo
1508 1901 1809 1954 diritiarum
1849 1898 2123 1969 sapientia!
2160 1906 2207 1950 et
2236 1884 2284 1946 Β
2313 1910 2488 1957 suros,
2518 1893 2834 1965 frequenter
2863 1903 2991 1949 ante
3017 1904 3144 1951 sunt
3173 1895 3337 1961 mali;
3372 1905 3425 1951 et
3443 1912 3567 1968 quos
3586 1895 3720 1952 malos
3735 1896 3806 1951 scit

613 1995 845 2050 scientia:
890 1995 1022 2059 Dei,
1052 2014 1209 2068 quam
1258 1993 1799 2065 incomprehensibilia
1844 2000 1965 2046 sunt
1994 1990 2203 2062 judicia
2310 1999 2718 2054 permansuros,
2743 1985 3032 2056 aliquoties
3061 1986 3215 2057 prius
3247 1993 3376 2042 sunt
3418 1987 3552 2042 boui.
3577 1985 3698 2042 Unde
3726 1999 3806 2040 ces-

614 2085 750 2154 ejus,
793 2095 841 2140 et
880 2086 1262 2158 investigabiles
1299 2088 1393 2142 via:
1435 2085 1582 2157 ejus!
1611 2094 1715 2140 etc.
1744 2082 1918 2157 (Rom.
1962 2081 2064 2153 χι.)
2093 2080 2203 2135 Ad-
2306 2086 2389 2132 set
2416 2077 2661 2147 querela,
2692 2077 2819 2148 quia
2849 2078 2992 2133 Deus
3021 2086 3280 2149 acceptor
3301 2092 3629 2148 personarum
3653 2082 3805 2131 nonut

615 2181 783 2235 verte,
808 2188 1011 2243 quaeso,
1053 2173 1176 2244 quis
1207 2172 1276 2228 sit
1313 2171 1564 2242 populus,
1594 2170 1660 2227 de
1701 2185 1810 2240 quo
1839 2170 1892 2225 in
1914 2167 2205 2240 Evangelio
2309 2168 2451 2243 (Act.
2482 2169 2562 2241 ι).
2594 2168 2730 2225 Nam
2758 2166 2889 2225 Saul
2918 2178 2975 2226 et
2999 2167 3166 2226 Judas
3191 2168 3475 2226 lscariotes
3496 2175 3633 2223 antea
3650 2165 3805 2221 luerunt

614 2261 815 2318 dicitur
840 2262 1000 2334 :Ipse
1038 2264 1176 2318 enim
1212 2263 1412 2318 salvum
1468 2263 1624 2332 faciet
1679 2260 1929 2333 populum
1975 2277 2129 2315 suum
2170 2276 2206 2315 a
2306 2262 2454 2327 boni,
2494 2263 2706 2319 dicente
2746 2262 3029 2335 Scriptura
3060 2262 3128 2319 de
3158 2261 3290 2319 Saul
3317 2282 3329 2317 :
3356 2262 3482 2318 Erat
3527 2261 3595 2316 uir
3631 2259 3804 2315 bonust

611 2354 840 2426 peccatis
866 2371 1048 2408 eorum
1078 2354 1297 2419 (Matth.
1328 2354 1389 2427 ι).
1424 2354 1491 2408 Et
1528 2353 1578 2409 in
1612 2353 1850 2424 psalmo:
1876 2350 2205 2421 Redemptio-

612 2457 729 2497 nem
758 2443 894 2497 misit
924 2442 1116 2514 populo
1143 2461 1239 2497 suo
1262 2441 1436 2511 (Psal.
1471 2443 1582 2515 cx).
1628 2442 1695 2497 Et
1718 2457 1972 2496 rursum:
2009 2441 2201 2495 Dicant

610 2534 701 2607 qui
737 2535 987 2607 redempti
1032 2543 1152 2590 sunt
1178 2554 1210 2589 a
1243 2535 1486 2601 Domino,
1535 2534 1652 2606 quis
1696 2533 1910 2589 retemit
1951 2532 2015 2587 de
2044 2547 2207 2586 manu

612 2627 834 2693 inimici,
866 2628 931 2682 de
952 2627 1248 2699 regionibus
1279 2627 1605 2699 congregavit
1631 2642 1715 2680 eos
1742 2623 1913 2696 (Psal.
1940 2624 2072 2695 CVI).
2098 2623 2203 2678 Et:

611 2716 798 2775 Salvos
817 2736 909 2774 nos
923 2720 1031 2791 fac,
1060 2716 1279 2775 Homine
1304 2718 1446 2775 Deus
1472 2728 1666 2785 noster,
1694 2729 1741 2773 et
1763 2735 2019 2790 congrega
2039 2735 2130 2772 nos
2143 2721 2208 2772 de

612 2810 912 2867 nationibus
929 2809 1174 2883 (Ps.cv).
1200 2811 1258 2868 Si
1282 2813 1448 2885 igitur
1475 2813 1658 2867 omnia
1687 2827 2024 2882 quaecunque
2041 2810 2207 2866 voluit

610 2898 758 2967 fecit,
791 2907 846 2956 et
870 2917 1060 2957 omnes
1094 2901 1344 2958 homines
1369 2902 1482 2957 vult
1511 2901 1691 2956 salvos
1734 2900 1873 2966 ﬁeri,
1903 2916 2032 2971 ergo
2060 2900 2206 2972 quod

611 3007 719 3051 non
742 2991 870 3047 fecit
893 2993 1084 3059 noluit,
1110 3001 1164 3049 et
1191 3009 1327 3064 quos
1350 3010 1457 3049 non
1487 2992 1679 3059 salvat,
1714 2991 1924 3047 salvarc
1938 3007 2043 3046 non
2057 2990 2198 3057 vult;

609 3084 975 3142 occultissimo
1023 3086 1260 3157 quidem,
1315 3086 1599 3152 altissimo,
1674 3084 2201 3157 incomprehensibili

612 3173 1117 3246 invituperabilique
1156 3174 1382 3246 judicio,
1415 3179 1509 3234 sed
1558 3193 1781 3249 prorsus
1814 3175 2135 3247 justissima.

1238 3287 1467 3345 CAPUT
1508 3286 1572 3344 V.

609 3376 804 3451 Incipit
833 3378 1064 3456 collectio
1093 3399 1158 3438 ea:
1190 3380 1478 3456 Patribus,
1495 3400 1600 3456 qua
1625 3384 1795 3456 prima
1823 3383 2111 3455 propositio
2131 3383 2198 3440 de

889 3452 1095 3522 gemina
1122 3452 1578 3524 pra’dcstinmio'ne
1615 3452 1887 3525 probatur.

680 3540 887 3612 Quibus
935 3544 1179 3599 studiose
1207 3560 1273 3599 ac
1300 3544 1584 3617 diligenter
1612 3545 2026 3612 animadversis,
2070 3555 2196 3603 tan-

598 3634 731 3690 dem
754 3635 1149 3691 catholicorum
1172 3635 1453 3692 doctorum
1481 3636 1713 3706 qualiter
1727 3638 1807 3692 eis
1830 3638 2190 3704 consentiant,

605 3726 904 3783 sententias
925 3726 1315 3800 subjuugamus
1340 3745 1353 3781 :
1380 3743 1486 3782 non
1508 3728 1748 3784 omnium
1772 3744 1893 3800 quze
1913 3729 2195 3801 praemissa

609 3828 737 3872 sunt
765 3818 1153 3888 expositiones,
1201 3819 1295 3874 sed
1333 3819 1787 3890 quemadmodum
1814 3837 2001 3878 eorum
2032 3838 2193 3899 sensa

606 3910 693 3966 his
715 3910 798 3966 vel
828 3911 1006 3968 verbis
1031 3910 1115 3967 vel
1138 3913 1388 3969 sensibus
1417 3922 1737 3986 congruant,
1765 3915 2123 3970 continentes.

666 3998 973 4062 'lnuocehti'i
994 4020 1169 4076 papae,
1200 4006 1253 4062 in
1280 4005 1506 4077 epistola
1529 4006 1735 4063 directa
1760 4007 1827 4062 ad
1841 4006 2193 4062 Laurentinum

609 4097 943 4170 episcopum,
972 4116 1093 4172 cap.
1124 4099 1194 4157 49
1218 4100 1414 4173 (Epist.
1442 4101 1541 4173 xu)
1573 4120 1583 4156 :
1613 4098 1721 4157 Sed
1748 4117 1816 4158 ne
1844 4100 2073 4157 ulterius
2098 4101 2193 4158 de-

606 4188 907 4246 bacchandi
957 4190 1192 4246 habeant
1239 4190 1573 4259 facultatem,
1629 4200 1684 4249 et
1726 4191 1937 4246 animas
1985 4191 2190 4263 simpli-

606 4283 751 4340 cium
795 4288 851 4336 et
896 4281 1296 4338 rusticanorum
1329 4283 1381 4338 in
1424 4283 1750 4353 gehennam,
1801 4281 1886 4337 cui
1932 4281 2188 4339 destinati

603 4380 750 4439 sunt,
781 4373 1017 4427 trahant.

672 4461 946 4518 Ambrosii
990 4462 1043 4515 in
1094 4463 1431 4534 expositione
1472 4461 1723 4534 Epistolze
1759 4460 1912 4517 Pauli
1957 4464 2182 4535 apostoli

603 4557 672 4612 ad
700 4555 860 4611 Rom.
887 4553 969 4624 (in
998 4570 1048 4610 c.
1079 4571 1132 4609 ιιι
1154 4556 1223 4609 ad
1252 4553 1429 4626 Rom.)
1458 4573 1471 4608 :
1499 4554 1675 4612 Unum
1703 4555 1864 4628 elegit
1893 4558 2184 4629 praescion-

602 4648 676 4703 tia
718 4654 774 4700 et
818 4612 1047 4700 alterum
1079 4645 1300 4714 sprevit.
1454 4645 1506 4699 in
1539 4644 1630 4699 illo
1655 4612 1818 4716 quem
1848 4612 2031 4717 elegit,
2063 4662 2189 4717 pro—
2214 4612 2271 4675 D

600 4740 837 4811 positum
872 4737 966 4793 Dei
1011 4738 1381 4808 manetzquia
1430 4734 1573 4792 aliud
1603 4755 1707 4793 non
1751 4747 1930 4809 potest
1967 4739 2188 4795 evenire

600 4844 763 4901 quam
795 4828 941 4899 quod
969 4827 1129 4884 scivit
1160 4837 1214 4882 et
1241 4829 1525 4899 praposuit
1568 4829 1619 4883 in
1668 4828 1779 4895 illo,
1827 4838 1883 4883 ut
1911 4829 2083 4884 salute
2110 4830 2195 4891 di-,

597 4936 737 4992 guus
761 4922 852 4977 sit.
876 4918 946 4976 Et
969 4920 1025 4976 in
1054 4920 1147 4976 illo
1173 4934 1333 4990 quem
1364 4921 1588 4992 sprevit,
1620 4919 1784 4976 simili
1815 4920 1975 4977 modo
2004 4930 2190 4976 manet

597 5012 934 5082 propositum
991 5013 1135 5082 quod
1174 5015 1455 5082 proposuit
1501 5011 1568 5067 de
1612 5011 1724 5079 illo,
1754 5012 1879 5082 quia
1936 5012 2187 5084 indignus

596 5105 719 5161 erit.
753 5103 868 5163 Hoc
893 5105 1050 5177 quasi
1070 5106 1352 5178 praescius,
1374 5119 1482 5161 non
1508 5120 1864 5177 personarum
1892 5113 2180 5175 acceptor:

597 5213 723 5252 nam
763 5199 1035 5255 neminem
1070 5199 1293 5255 damnat
1327 5207 1617 5268 antequam
1653 5207 1862 5269 peccet,
1893 5208 1950 5254 et
1975 5199 2183 5254 nullum

594 5298 820 5346 coronat
860 5299 1151 5363 antequam
1192 5292 1395 5349 vincat.
1429 5290 1544 5347 Hoc
1577 5293 1813 5363 pertinet
1854 5293 1921 5347 ad
1957 5308 2181 5349 causam

594 5379 929 5452 Judaeorum,
961 5387 1052 5458 qui
1091 5385 1193 5442 sibi
1220 5385 1635 5459 prterogativam
1684 5384 1996 5454 defendunt,
2037 5389 2182 5460 quod

598 5470 691 5527 lilii
730 5474 842 5530 sint
865 5473 1116 5535 Abrahae.
1155 5476 1445 5547 Apostolus
1472 5485 1651 5533 autem
1677 5477 1988 5533 consolatur
2014 5494 2093 5545 se,
2120 5487 2182 5533 ut

599 5566 725 5637 quia
770 5564 983 5625 dixerat
1016 5569 1259 5626 dolorem
1290 5570 1493 5626 trahere
1536 5585 1601 5629 se
1636 5570 1815 5626 cordis
1858 5572 2181 5629 continuum

598 5672 761 5709 causa
791 5656 1184 5714 incredulitatis
1214 5674 1423 5725 eorum,
1460 5676 1689 5730 quorum
1720 5661 1939 5732 adoptio
1967 5670 2088 5719 erat
2116 5662 2182 5718 ii-

597 5743 813 5809 liorum,
858 5756 915 5802 et
932 5747 1066 5818 legis
1111 5749 1449 5816 constitutio,
1484 5758 1541 5806 et
1583 5766 1649 5807 ex
1703 5752 1900 5822 quibus
1930 5752 2180 5811 Christus

600 5832 870 5905 Salvator,
903 5836 1047 5893 sicut
1067 5846 1124 5895 et
1147 5838 1264 5909 ipse
1287 5840 1362 5895 ait
1387 5859 1402 5896 :
1432 5842 1558 5914 quia
1595 5842 1739 5899 salus
1771 5860 1836 5899 ex
1859 5845 2064 5901 Judrris
2103 5859 2177 5905 est

2311 2370 2414 2409 non
2439 2363 2551 2409 erat
2588 2353 2680 2409 illo
2719 2354 2902 2409 melior
2928 2355 2983 2409 in
3008 2353 3135 2424 ﬁliis
3163 2353 3340 2410 Israel
3362 2353 3414 2426 (Ι
3439 2352 3557 2425 Reg.
3585 2354 3665 2423 lx).
3696 2350 3806 2406 Etdt

2310 2442 2447 2501 Juda
2486 2445 2744 2502 lscariote
2784 2446 2916 2503 dicit
2953 2445 3148 2503 Petrus
3184 2446 3464 2518 apostolus
3494 2465 3508 2500 :
3533 2445 3622 2513 Qui
3652 2444 3806 2500 sonitu

2311 2548 2385 2593 est
2412 2548 2603 2594 sortem
2636 2539 2914 2594 ministerii
2952 2538 3113 2610 hujus
3137 2539 3280 2613 (Act.
3326 2540 3388 2613 ι),
3421 2539 3474 2595 id
3511 2547 3585 2594 est
3609 2534 3805 2608 apostola-

2313 2638 2418 2686 tus.
2456 2630 2739 2698 Quomodo
2780 2631 2944 2702 igitur
2993 2631 3363 2688 ministerium
3401 2631 3616 2687 salutare
3648 2626 3807 2684 sortire-

2313 2735 2423 2790 tur,
2464 2725 2569 2779 nisi
2598 2732 2744 2780 esset
2794 2725 3007 2781 bonus?
3032 2724 3091 2780 ln
3141 2732 3295 2782 sorte
3334 2726 3477 2781 enim
3505 2725 3589 2780 Dei
3611 2721 3805 2792 judicia

2310 2817 2431 2884 fuit,
2459 2816 2678 2889 dignum
2712 2815 2861 2872 illum
2892 2817 3057 2875 fuisse
3082 2826 3331 2891 tempore
3358 2832 3464 2890 quo
3489 2816 3664 2873 electus
3680 2822 3757 2870 at.

2378 2910 2511 2965 item
2547 2925 2599 2964 ιιι
2621 2909 2812 2965 eadem
2844 2896 2869 2962 ε’
2888 2909 3233 2967 Manifestum
3264 2920 3353 2968 est
3398 2927 3517 2967 vasa
3543 2910 3691 2979 aliqua
3721 2906 3806 2961 ﬁeri

2307 3001 2373 3057 ad
2410 3001 2692 3065 honorem,
2724 3016 2846 3073 quae
2876 3000 2943 3058 ad
2970 3018 3099 3059 usus
3127 3004 3391 3061 honestos
3417 3004 3520 3059 sint
3554 2998 3804 3063 necessarii.

2306 3090 2411 3147 alia
2440 3105 2571 3147 vero
2621 3088 2689 3145 ad
2727 3092 3137 3162 contumeliam,
3178 3109 3303 3165 qum
3331 3102 3613 3152 strumento
3635 3092 3718 3148 sint
3739 3104 3804 3144 cu-

2306 3176 2572 3246 linarum;
2608 3179 2768 3261 unius
2800 3187 2981 3237 tamen
3010 3197 3131 3238 esse
3162 3184 3503 3250 substantiae,
3530 3182 3613 3238 sed
3647 3177 3803 3236 diﬂem

2227 3253 2274 3319 C
2307 3269 2586 3327 voluntate
2620 3253 2832 3344 opiiicis
2856 3273 2908 3329 in
2934 3272 3159 3330 honore.
3190 3274 3272 3330 lta
3294 3285 3349 3333 et
3371 3276 3527 3341 Deus,
3552 3288 3654 3330 cum
3671 3283 3803 3327 omnes

2306 3379 2376 3421 ex
2408 3379 2512 3418 una
2544 3372 2708 3435 atque
2735 3365 2928 3421 eadem
2975 3382 3155 3422 massa
3200 3367 3374 3424 simus
3405 3368 3456 3424 in
3484 3363 3805 3427 substantia,“

2306 3457 2487 3513 cuncti
2516 3466 2855 3528 peccatores,
2880 3458 2969 3514 alii
2993 3460 3304 3528 miseretur,
3330 3469 3387 3516 et
3413 3459 3621 3514 alterum
3640 3452 3803 3525 aspicit

2305 3569 2413 3610 non
2444 3554 2563 3610 sine
2595 3552 2828 3625 jnstitia.
2858 3552 2916 3609 in
2947 3553 3109 3624 ﬁgulo
3133 3554 3281 3610 enim
3343 3553 3455 3610 sola
3482 3552 3696 3609 voluntas
3715 3552 3799 3600 est:

2304 3644 2359 3702 in
2391 3647 2504 3702 Deo
2529 3653 2709 3701 autem
2737 3646 2989 3703 voluntas
3017 3661 3141 3701 cum
3159 3646 3405 3718 justltia;
3437 3645 3534 3701 scit
3557 3641 3678 3699 enim
3697 3634 3802 3705 cuius

2303 3738 2499 3794 debeat
2549 3738 2817 3805 misereri,
2874 3739 3016 3796 sicut
3040 3750 3216 3812 supra
3266 3737 3573 3796 memoravi.
3618 3731 3736 3801 Quod
3769 3726 3801 3783 ti

2303 3828 2477 3886 uolens
2504 3828 2646 3886 Deus
2675 3829 2946 3885 ostendere
2973 3831 3130 3898 iram,
3153 3841 3201 3887 et
3233 3831 3568 3903 manifestare
3586 3824 3798 3900 potentia!

2300 3938 2475 3989 suam,
2504 3922 2751 3977 sustinuit
2776 3923 2832 3976 in
2855 3920 3019 3977 multa
3048 3924 3302 3995 patientia
3322 3942 3447 3980 vasa
3469 3924 3556 3979 ira
3577 3920 3801 3992 ρτιτραταιι

2299 4015 2355 4069 in
2394 4015 2685 4071 interitum.
2732 4013 2799 4070 Et
2818 4026 2873 4071 ut
2908 4017 3201 4073 ostenderet
3228 4018 3441 4075 divitias
3464 4015 3629 4089 gloria
3646 4026 3732 4067 sun
3763 4006 3800 4059 is

2298 4108 2438 4163 vasis
2457 4106 2849 4173 misericordire,
2877 4127 2995 4181 qua:
3012 4112 3329 4182 pra'paravit
3359 4111 3428 4166 ad
3448 4108 3645 4182 gloriam
3671 4100 3797 4174 (Ral.

2298 4197 2398 4270 ix).
2414 4199 2528 4273 ipse
2540 4212 2733 4255 sensus
2743 4207 2846 4267 est,
2861 4201 2984 4270 quia
3000 4199 3273 4256 voluntate
3285 4208 3340 4256 et
3354 4197 3711 4272 longanimitate
3722 4187 3799 4253 Dei.

2296 4304 2417 4361 quae
2445 4298 2527 4346 est
2557 4289 2837 4371 patientia,
2869 4299 3246 4362 praeparantur
3275 4288 3512 4346 inﬁdeles
3539 4288 3598 4343 ad
3624 4292 3796 4357 penam.

2917 4383 3146 4442 CAPUT
3183 4382 3274 4440 Vl.

2478 4475 2560 4531 Ea:
2589 4474 2647 4532 S.
2680 4476 2998 4547 Augustino,
3021 4477 3075 4530 in
3096 4476 3317 4548 epistola
3355 4477 3427 4534 ad
3459 4474 3666 4533 Sixtum.

2368 4567 2656 4641 Augustini
2715 4584 2780 4624 ex
2835 4568 3065 4639 epistola
3124 4569 3193 4625 ad
3239 4568 3450 4625 Sixtum
3495 4563 3794 4638 presbyterum

2301 4658 2495 4733 (Epist.
2538 4659 2647 4732 cv).
2683 4659 2835 4716 Unde
2869 4669 2926 4715 et
2949 4659 3075 4715 alibi
3104 4660 3304 4717 dicitur
3332 4680 3346 4716 :
3386 4658 3504 4715 Pax
3528 4652 3797 4729 fratribus

2301 4750 2532 4809 charitns
2580 4766 2699 4805 cum
2742 4749 2888 4820 ﬁde;
2927 4766 3090 4821 quam
3130 4766 3199 4805 ne
3226 4749 3329 4806 sibi
3354 4749 3647 4807 tribuerent,
3670 4734 3798 4796 (ειιιιιί⁸

2298 4857 2406 4895 nuo
2433 4839 2746 4909 subjunxit:
2774 4858 2805 4895 a
2834 4840 2943 4896 Deo
2973 4838 3137 4897 Patre
3168 4852 3216 4896 et
3254 4841 3478 4897 Domino
3519 4846 3670 4894 nostra
3707 4828 3797 4884 1m

2297 4928 2505 4985 Christo
2553 4929 2715 5003 (Eph.
2768 4924 2865 5001 vi).
2911 4931 3050 4999 Quia
3099 4947 3202 4989 nec
3245 4931 3481 4989 omnium
3507 4936 3581 4985 est
3603 4924 3709 4980 ﬁdes
3733 4914 3797 4987 (Ιιιί

2297 5023 2523 5079 audiunt
2548 5024 2791 5090 verbum,
2820 5025 2915 5080 sed
2933 5024 3131 5097 quibus
3152 5026 3294 5082 Deus
3315 5023 3537 5097 partitur
3558 5022 3796 5074 mensum

2294 5115 2439 5171 lidei.
2471 5114 2624 5173 Sicut
2656 5132 2755 5172 nec
2783 5117 2967 5171 omnia
2995 5117 3305 5189 germinant
3331 5128 3449 5188 qua:
3472 5113 3737 5185 plantantur
3757 5104 3797 5152 el

2290 5204 2556 5276 rigantur,
2608 5207 2703 5262 sed
2752 5207 2949 5277 quibus
2997 5208 3141 5263 Deus
3186 5208 3279 5264 dat
3316 5207 3691 5263 incrementum.
3716 5192 3795 5248 Cur

2289 5304 2469 5351 autem
2499 5296 2586 5352 ille
2611 5300 2815 5362 credat,
2850 5297 2941 5353 ille
2980 5314 3086 5354 non
3125 5298 3335 5364 credat,
3365 5311 3486 5353 cum
3521 5291 3659 5348 ambo
3682 5284 3789 5340 idem

2288 5387 2535 5454 audiunt,
2550 5398 2604 5444 et
2626 5388 2670 5445 si
2688 5389 3007 5445 miraculum
3025 5392 3079 5446 in
3101 5405 3291 5447 eorum
3313 5393 3585 5460 conspectu
3604 5380 3695 5441 θαι,
3715 5385 3793 5429 ³³η·

2289 5476 2360 5537 bo
2388 5481 2527 5536 idem
2560 5481 2781 5545 vident;
2814 5482 3043 5537 altitudo
3068 5492 3151 5538 est
3177 5482 3475 5539 divniarum
3503 5468 3735 5545 sapientia:
3753 5467 3792 5516 ei

2289 5572 2533 5628 scientiae
2554 5570 2671 5638 Dei,
2687 5573 2841 5645 cujus
2868 5574 3239 5631 inscrutabilia
3265 5584 3385 5633 sunt
3396 5569 3608 5643 judicia;
3635 5552 3791 5629 etalt"d

2288 5677 2449 5733 quem
2477 5677 2586 5718 non
2612 5671 2699 5719 est
2718 5664 2997 5734 iniquitas,
3024 5665 3149 5720 dum
3174 5663 3325 5736 cujus
3350 5659 3728 5719 vultmiseretur,
3749 5648 3788 5697 ei

2285 5767 2447 5823 quem
2474 5753 2587 5808 vult
2616 5754 2835 5811 indurat
2861 5754 3033 5826 (Rom.
3060 5756 3174 5830 Ix);
3218 5769 3387 5829 neque
3407 5751 3540 5810 enim
3564 5746 3789 5821 ριννιοτυ

2286 5854 2414 5909 sunt
2434 5844 2653 5919 injusta,
2679 5850 2805 5927 quia
2824 5847 3058 5909 occulta.
