4064 6346
265 449 364 509 981

1229 441 1450 500 EPIST.
1487 441 1577 498 AD
1623 439 2036 498 HINCMARUM
2079 439 2166 494 ΕΤ
2201 435 2604 494 PABDULUM.

3433 435 3536 492 98‘2

335 561 470 616 item
498 559 552 614 in
569 545 762 614 eadem
793 575 808 612 :
839 557 906 612 Et
933 573 1002 614 ne
1029 557 1314 628 quisquam
1345 557 1684 612 existimaret
1725 571 1846 610 ere-
1877 559 1926 616 Α
1953 551 2108 606 corde
2133 569 2228 606 suo
2255 549 2438 620 (Prov.
2481 565 2574 606 XI!
2593 548 2882 604 secundum
2909 547 3100 616 LXX).
3123 549 3400 616 Quamvis
3439 554 3536 624 igi-

261 653 456 708 dentcs
475 649 558 708 sic
603 651 674 706 ad
713 647 834 718 ejus
859 649 1208 720 praesentiam
1251 647 1528 718 pertinere
1575 646 1848 716 quomodo

261 759 370 800 non
415 743 720 806 credentes,
773 741 828 796 id
855 749 961 808 est,
993 749 1054 796 ut
1077 755 1182 796 non
1205 741 1288 795 eis
1313 739 1446 794 ﬁdes
1469 739 1588 807 ipsa
1615 737 1852 806 desuper

261 837 508 902 daretur,
531 837 626 890 sed
645 833 1022 889 tantummodo
1047 831 1298 888 voluntas
1327 845 1518 886 eorum
1543 843 1850 900 praenosce-

261 937 435 994 retur,
467 943 594 983 mox
615 925 970 997 adjicitatque
983 925 1090 978 ait:
1119 923 1398 992 Propterea
1417 921 1528 976 dixi
1551 919 1848 990 uobis,quia

259 1035 412 1074 nemo
442 1027 606 1090 potest
627 1017 800 1072 uenire
821 1016 890 1070 ad
911 1033 1012 1082 me,
1037 1017 1136 1070 nisi
1160 1015 1316 1085 fuerit
1341 1015 1388 1066 ei
1417 1012 1598 1066 datum
1621 1029 1652 1066 α
1683 1007 1848 1064 Patre

257 1129 374 1168 meo
402 1111 584 1184 (loqu.
615 1110 714 1180 γι).
741 1109 878 1166 Hinc
901 1117 1020 1164 erat
1049 1109 1192 1180 quod
1220 1123 1408 1162 eorum
1435 1107 1526 1177 qui
1561 1091 1848 1160 audierant

253 1207 566 1276 loquentem
597 1205 666 1262 de
691 1219 860 1260 carne
880 1219 978 1260 sua
1007 1211 1060 1258 et
1079 1203 1146 1258 de
1179 1201 1442 1273 sanguine
1463 1214 1583 1264 suo,
1621 1198 1844 1278 quidam

255 1299 612 1356 scandalizati
643 1299 1044 1362 abscesserunt,
1077 1295 1294 1364 quidam
1317 1291 1590 1348 credendo
1617 1305 1842 1345 manse—

255 1399 388 1446 runt
411 1407 426 1446 :
451 1391 576 1461 quia
605 1405 766 1446 nemo
789 1397 968 1462 potest
1003 1389 1192 1444 venire
1215 1387 1282 1441 ad
1309 1385 1458 1440 illum
1485 1385 1590 1439 nisi
1629 1383 1716 1438 cui
1741 1383 1838 1436 da—

255 1490 370 1536 tum
399 1491 484 1538 est
527 1497 558 1537 a
601 1481 786 1546 Patre,
821 1497 884 1538 ac
909 1495 1010 1552 per
1053 1481 1156 1536 hoc
1197 1488 1252 1534 et
1289 1479 1356 1534 ab
1397 1479 1514 1548 ipso
1549 1475 1688 1530 Filio
1709 1483 1766 1530 et
1807 1489 1838 1528 a

253 1571 462 1644 Spiritu
499 1581 706 1632 sancto.
737 1571 920 1642 Neque
967 1571 1112 1626 enim
1142 1579 1386 1640 separata
1411 1579 1540 1624 sunt
1567 1567 1710 1622 dona
1751 1563 1850 1621 vel.

249 1679 420 1734 opera
453 1663 830 1734 inseparabilis
857 1663 1164 1718 Trinitatis.
1213 1661 1324 1716 Sed
1363 1661 1534 1716 Filius
1561 1659 1640 1716 sic
1669 1659 1836 1714 hono-

249 1769 382 1809 rans
409 1753 624 1809 Patrem
649 1769 754 1810 non
771 1751 932 1808 atl‘ert
951 1752 1116 1808 ullius
1135 1753 1404 1806 distuutiw
1427 1751 1828 1812 documentum,

247 1847 346 1902 sed
395 1863 648 1918 magnum
715 1847 922 1917 prtebet
973 1845 1294 1900 humilitatis
1351 1843 1677 1914 exetnplum.
1731 1843 1830 1898 llic

1955 655 2041 702 tur
2067 645 2210 702 Deus
2231 645 2394 702 faciat
2433 659 2558 700 vasa
2591 643 2684 700 irae
2711 644 2764 698 in
2790 643 3170 714 perditionem,
3203 655 3262 702 ut
3285 647 3538 706 ostendat

1953 735 2090 792 iram
2111 745 2166 792 et
2191 737 2526 792 demonstret
2549 735 2850 806 potentiam
2867 751 3044 800 suam,
3067 751 3172 804 qua
3201 737 3338 792 bene
3365 741 3534 796 etiam

1953 829 2122 884 utitur
2149 829 2336 894 malis;
2365 839 2422 884 et
2449 839 2508 883 ut
2543 837 2697 884 notas
2733 827 2910 890 faciat.
2953 829 3168 884 divitias
3205 830 3394 900 gloria:
3423 847 3534 888 suae

1949 923 2006 978 in
2031 938 2161 978 vasa
2203 923 2624 988 misericordiae;
2663 939 2784 992 quae
2821 923 2948 978 fecit
2993 923 3046 976 in
3079 925 3339 980 honorem
3361 965 3376 990 ,
3421 939 3532 984 non

1949 1015 2240 1070 damnabili
2269 1031 2460 1072 massm
2483 1015 2746 1078 debitum,
2779 1017 2874 1070 sed
2895 1023 3022 1070 “suae
3061 1016 3248 1084 gratia:
3279 995 3532 1084 largitate

1949 1111 2208 1166 donatum
2235 1127 2248 1162 :
2283 1117 2464 1165 tamen
2491 1109 2546 1164 in
2575 1107 2778 1164 eisdem
2805 1109 2900 1162 ira:
2929 1109 3096 1170 vasis,
3123 1117 3344 1178 propter
3373 1109 3532 1164 meri-

1947 1211 2060 1258 tum
2085 1219 2274 1258 massa:
2302 1203 2354 1256 in
2369 1191 2750 1258 contumeliam
2767 1201 3001 1255 debitam
3029 1201 3206 1266 factis,
3225 1202 3276 1256 id
3303 1211 3402 1264 est,
3435 1201 3530 1256 lto-

1947 1297 2182 1352 mmibus
2209 1305 2432 1366 propter
2459 1303 2664 1350 naturae
2695 1294 2910 1364 quidem
2947 1296 3146 1348 bonum
3187 1294 3404 1358 creatis,
3435 1295 3530 1350 sed

1943 1399 2164 1460 propter
2189 1389 2320 1442 vitia
2345 1387 2606 1458 supplicio
2637 1385 2940 1450 destinatis,
2967 1385 3304 1455 iniquitatem
3327 1425 3340 1450 ,
3365 1399 3528 1454 quam

1943 1482 2246 1536 rectissime
2299 1481 2502 1535 veritas
2553 1481 2860 1548 improbat,
2901 1479 3160 1532 damnare
3205 1479 3350 1532 venit
3389 1479 3524 1548 ipse,

1941 1589 2050 1628 non
2083 1573 2278 1630 facere.
2323 1572 2474 1628 Sicut
2503 1573 2648 1628 enim
2677 1571 2938 1628 voluntati
2973 1571 3090 1640 ejus
3123 1571 3380 1626 tribuitur
3421 1571 3525 1626 hu-

1941 1679 2098 1718 mana
2133 1671 2403 1730 creatura,
2433 1663 2576 1718 nullo
2605 1663 2884 1718 dubitante
2917 1661 3202 1724 laudanda,
3243 1663 3320 1716 sic
3355 1661 3528 1716 homi-

1939 1755 2024 1810 nis
2055 1757 2318 1812 voluntati
2361 1757 2518 1826 culpa
2561 1755 2838 1820 tribuitur,
2869 1755 3014 1810 nullo
3053 1765 3334 1810 recusante
3375 1755 3526 1810 dam-

1939 1849 2138 1902 nanda.

247 1939 446 1994 iterum
477 1939 566 1995 isti
589 1939 746 1994 liberi
773 1939 984 1994 arbitrii
1011 1937 1346 2002 defensores,
1381 1937 1490 1992 imo
1511 1939 1830 2006 deceptores
1860 1941 1910 2000 B
2007 1937 2142 1994 ltem
2171 1939 2224 1992 in
2247 1939 2438 1994 eadem
2467 1955 2480 1990 :
2519 1937 2586 1994 Ut
2611 1941 2714 1994 hoc
2737 1953 2868 2008 ergo
2897 1939 3114 1993 interim
3145 1941 3392 1994 omittam
3413 1983 3426 2006 ,
3457 1949 3504 1994 et

247 2031 378 2100 quia
401 2029 700 2094 inﬂatores,
725 2039 780 2086 et
805 2029 1080 2086 inﬁatores
1112 2030 1238 2100 quia
1255 2037 1694 2100 praesumpteres,
1723 2043 1832 2084 non

248 2123 536 2176 adversum
585 2137 702 2187 nos,
739 2119 834 2176 sed
875 2123 1136 2177 adversus
1175 2119 1524 2192 Evangelium
1575 2121 1830 2186 locuturi,

245 2213 382 2283 quid
425 2211 570 2268 aliud
615 2211 802 2268 dicunt
849 2229 1014 2283 quam
1065 2213 1122 2268 id
1175 2213 1318 2284 quod
1357 2213 1652 2284 Apostolus
1703 2213 1830 2280 sibi,

245 2305 404 2374 quasi
429 2319 458 2358 a
485 2303 682 2359 talibus
705 2303 1000 2370 diceretur,
1023 2303 1226 2374 objecit
1255 2323 1268 2358 :
1301 2305 1450 2360 Dicis
1477 2307 1654 2376 itaque
1679 2305 1830 2372 mihi,

247 2395 394 2462 Quid
443 2397 616 2450 adhuc
669 2399 1048 2469 conqueritur?
1090 2415 1212 2454 naut
1271 2399 1530 2454 uoluntati
1587 2401 1700 2470 ejus
1737 2403 1830 2470 qui

249 2489 494 2544 resistit?
521 2487 694 2560 (Rom.
729 2489 834 2560 ιι.)
881 2485 1032 2544 Hanc
1073 2491 1562 2546 contradictionem
1613 2493 1835 2548 sibimet

247 2581 388 2652 ipse,
427 2585 681 2651 tanquam
707 2583 776 2638 ab
801 2582 972 2638 altero
1015 2583 1288 2652 opposuit,
1339 2583 1486 2638 velut
1531 2599 1598 2639 ex
1645 2599 1832 2640 eorum

247 2689 384 2728 voce
423 2674 514 2744 qui
565 2673 754 2730 nolunt
799 2676 1048 2747 accipere
1089 2679 1234 2746 quod
1285 2678 1534 2748 superius
1581 2679 1830 2732 dixerat:

249 2761 396 2834 Ergo
445 2765 598 2834 cujus
645 2765 752 2842 uult
799 2767 1098 2834 miseretur,
1149 2779 1196 2822 et
1243 2785 1394 2838 quem
1445 2767 1552 2822 vult
1611 2769 1832 2822 obdurat

247 2853 464 2926 (Μήτι).
495 2855 716 2912 Talibus
747 2857 928 2928 itaque
959 2859 1204 2914 dicamus
1241 2875 1364 2914 eum
1395 2859 1674 2930 Apostolo,
1721 2875 1832 2916 non

246 2945 400 3002 enim
429 2947 624 3004 melius
657 2947 750 3004 illo
773 2949 1016 3006 invenire
1049 2965 1336 3022 possumus
1363 2951 1494 3020 quid
1539 2951 1784 3006 dicamus
1817 2969 1830 3005 :

251 3039 302 3095 ο
329 3041 502 3107 homo,
557 3051 616 3096 tu
655 3044 772 3114 quis
817 3061 868 3100 es
895 3047 986 3116 qui
1017 3031 1328 3116 respondeas
1371 3045 1528 3101 Deo?
1577 3045 1766 3120 (lbid.)
1807 3059 1834 3088 ει

248 3131 558 3200 Quarimus
581 3137 1092 3206 namque-meritum
1123 3139 1518 3204 obduratiouis,
1553 3150 1608 3196 et
1631 3143 1838 3198 iuveni-

249 3241 393 3282 mus.
425 3225 618 3284 Merito
669 3243 906 3300 namque
933 3233 1142 3302 peccati
1181 3233 1438 3290 universa
1471 3249 1652 3290 massa
1680 3237 1834 3290 dam-

247 3327 381 3372 nata
423 3327 528 3386 est,
557 3333 661 3376 nec
699 3301 1102 3378 obduratiDeus
1143 3325 1502 3396 impertiendo
1549 3327 1832 3390 malitiam,
1863 3301 1908 3364 (ἶ

249 3407 348 3464 sed
381 3425 488 3466 non
525 3411 890 3484 impertiendo
941 3417 1390 3474 misericordiam.
1443 3421 1650 3488 Quibus
1691 3423 1834 3478 enim

251 3515 364 3556 non
391 3501 720 3572 impertitur,
773 3521 878 3562 nec
905 3507 1054 3578 digni
1101 3517 1226 3566 sunt
1264 3525 1366 3566 nec
1419 3519 1728 3576 merentur;
1781 3523 1836 3568 et

249 3595 432 3664 potius
475 3603 536 3650 ut
559 3597 1051 3668 nonimpertiatur,
1079 3601 1180 3656 hoc
1203 3603 1348 3674 digni
1383 3611 1528 3670 sunt,
1576 3605 1678 3659 hoc
1723 3619 1838 3658 me-

251 3693 460 3740 rentur.
487 3685 790 3754 Quaerimus
811 3699 992 3748 autem
1017 3693 1270 3748 meritum
1301 3693 1710 3760 misericordiae,
1737 3711 1837 3751 nec

249 3777 584 3846 invenimus,
607 3781 734 3850 quia
777 3783 982 3840 nullum
1007 3793 1112 3852 est,
1137 3801 1208 3842 ne
1228 3787 1401 3858 gratia
1437 3797 1750 3854 evaeuctur,
1791 3789 1838 3844 si

247 3883 360 3924 non
395 3871 566 3942 gratis
587 3872 843 3940 donatur,
871 3875 966 3932 sed
991 3877 1200 3932 meritis
1238 3877 1481 3933 redditur
1507 3879 1556 3932 ιι.

323 3961 458 4020 ltem
496 3963 552 4018 in
595 3965 786 4022 eadem
817 3977 840 4006 ο
876 3985 890 4021 :
925 3967 1032 4024 Sed
1057 3969 1102 4024 si
1131 3985 1258 4024 vasa
1283 3979 1409 4025 sunt
1447 3971 1542 4026 irae
1575 3985 1694 4040 quae
1717 3987 1840 4040 per-

249 4053 394 4111 fecta
423 4063 552 4112 sunt
583 4057 652 4112 ad
677 4059 1036 4129 perditionem
1065 4075 1186 4132 quae
1213 4061 1320 4118 illis
1349 4063 1532 4116 debita
1569 4063 1834 4131 redditur,

251 4147 358 4203 sibi
383 4147 486 4205 hoc
503 4149 792 4220 imputem,
821 4153 944 4222 quia
967 4167 1036 4208 ex
1055 4167 1120 4209 ea
1152 4169 1330 4210 massa
1361 4153 1502 4210 facta
1527 4165 1840 4226 suntquam

249 4247 480 4310 prepter
501 4241 664 4298 unius
690 4253 995 4314 peccatum,
1025 4245 1078 4300 in
1105 4261 1212 4315 quo
1241 4261 1432 4302 omnes
1451 4257 1836 4318 peccaverunt,

251 4335 450 4392 merito
475 4335 890 4410 Deusjusteque
923 4341 1220 4396 damnavit.
1263 4341 1324 4397 Si
1353 4353 1534 4398 autem
1558 4359 1688 4400 vasa
1717 4353 1844 4400 sunt

251 4429 668 4496 misericordite,
697 4431 999 4504 quibusex
1023 4435 1214 4489 eadem
1241 4449 1420 4490 massa
1463 4433 1620 4490 factis
1641 4435 1844 4506 suppli-s

251 4521 402 4576 cium
431 4521 673 4578 debitum
697 4523 926 4580 reddere
945 4523 1138 4588 noluit,
1173 4539 1280 4580 non
1303 4541 1362 4582 se
1395 4525 1612 4590 inﬂent,
1643 4529 1736 4582 sed
1763 4527 1844 4598 ip-

253 4633 377 4674 sum
403 4617 706 4690 gloriﬁcent
751 4621 844 4692 qui
865 4621 948 4676 eis
989 4621 1422 4678 misericordiam
1467 4635 1574 4676 non
1601 4621 1840 4678 debitam

251 4717 496 4782 prtestat.
753 4783 758 4790 ι

327 4801 462 4858 Item
491 4803 546 4858 in
585 4804 776 4860 eadem
805 4821 816 4858 :
843 4803 974 4872 Quae
1001 4806 1048 4862 si
1085 4805 1234 4876 justo
1274 4813 1358 4861 est
1385 4806 1664 4862 excusatio
1687 4847 1702 4874 ,
1733 4821 1844 4864 non

249 4897 362 4969 jam
387 4898 622 4970 gratuita
647 4899 822 4970 gratia
857 4907 941 4956 est
983 4915 1088 4972 qua
1120 4899 1446 4967 liberantur,
1492 4899 1589 4957 sed
1619 4909 1846 4972 propter

255 4989 420 5060 lmjus
449 4991 814 5048 excusationis
835 4991 1100 5064 justitiam
1129 4993 1431 5048 liberantur
1457 4991 1552 5065 [αι.
1595 5007 1702 5048 non
1729 4993 1842 5064 jam

229 5147 238 5158 _
265 5083 492 5158 gratuita
518 5087 714 5158 gratia,
751 5087 844 5142 sed
867 5095 1088 5158 propter
1113 5083 1274 5156 hujus
1294 5085 1664 5142 excusationis
1685 5085 1846 5156 justi-

237 5171 388 5234 Ἀίδῃ]
415 5177 758 5253 liberantur].
787 5179 844 5234 Si
875 5187 1054 5234 autem
1081 5179 1254 5250 gratia
1275 5187 1362 5234 est
1383 5193 1490 5249 qua
1513 5177 1835 5244 liberantur,

251 5269 502 5344 profecto
517 5271 634 5328 haec
648 5273 928 5328 excusatio
943 5269 1088 5341 justa
1111 5285 1218 5326 non
1241 5279 1342 5326 est.
1369 5267 1524 5325 Tune
1541 5269 1685 5324 enim
1709 5283 1840 5325 vera

219 5361 226 5366 ’
255 5363 432 5434 gratia
460 5371 562 5431 est,
581 5381 684 5436 qua
715 5363 1234 5428 bomoliberatur,si
1253 5379 1354 5418 uou
1373 5361 1668 5418 secundum
1685 5363 1838 5418 debi-

257 5455 607 5528 tumjustitize
621 5455 1108 5512 retribuitur.Nihil
1127 5471 1254 5528 ergo
1271 5455 1394 5510 litin
1411 5455 1490 5510 eis
1505 5455 1596 5526 qui
1615 5455 1802 5510 dicunt
1823 5473 1834 5510 :

259 5547 404 5615 Quid
425 5549 596 5602 adhuc
623 5549 974 5620 conqueritur,
1001 5565 1121 5602 nam
1149 5546 1402 5602 voluntati
1433 5545 1548 5618 ejus
1571 5547 1688 5617 quis
1715 5547 1840 5602 resi-

255 5641 346 5694 stit
369 5639 394 5692 1’
417 5637 530 5695 Nisi
563 5639 704 5710 quod
737 5639 932 5710 legitur
963 5641 1014 5694 in
1039 5639 1176 5694 libro
1197 5637 1506 5695 Salomonis
1531 5657 1544 5694 :
1577 5639 1840 5712 [nsipien-

257 5731 336 5786 tia
357 5733 456 5786 viri
477 5731 632 5786 violat
667 5735 774 5786 rius
795 5733 910 5786 vitm
930 5731 1078 5802 ejus,
1121 5729 1260 5786 Deus
1292 5741 1468 5788 autem
1505 5743 1760 5790 causatur
1783 5733 1840 5789 in

333 5859 360 5888 α
401 5845 616 5906 Hincm.
643 5847 676 5900 Ι.
710 5847 772 5900 de
801 5845 1080 5910 I’rwdest.,
1103 5861 1152 5900 ο.
1175 5845 1230 5902 9.

331 5917 360 5958 ι’
399 5915 630 5986 ι’Βεηῑ.,
662 5919 784 5975 dist.
811 5917 898 5984 id,
923 5933 970 5974 c.
999 5917 1326 5989 Quicunque.

1939 2031 2044 2086 hoc
2077 2029 2250 2086 solum
2277 2031 2344 2084 de
2365 2029 2606 2100 parvulis
2639 2030 2839 2094 dicam,
2873 2030 3016 2099 quod
3045 2031 3144 2100 ipsi
3173 2045 3388 2098 quoque
3417 2045 3484 2084 au

1939 2121 2190 2177 ctoritate
2217 2121 2528 2190 evangelica
2559 2121 2756 2186 territi,
2779 2120 2864 2176 vel
2889 2121 3066 2190 potius
3091 2121 3524 2182 Christianorum

1936 2215 2262 2286 populorqu
2313 2215 2740 2270 concordissima
2793 2214 2916 2270 ﬁdei
2959 2213 3364 2284 conspiratione
3389 2229 3520 2284 per-

1931 2307 2122 2375 tracti,
2157 2309 2274 2364 sine
2297 2309 2402 2363 ulla
2423 2309 2774 2364 excusatione
2797 2307 3132 2364 concedunt:
3167 2307 3308 2376 quod
3339 2307 3518 2362 nullus

1937 2401 2216 2474 parvulus,
2237 2403 2338 2456 nisi
2363 2411 2582 2457 renatus
2601 2415 2668 2457 ex
2691 2415 2828 2471 aqua
2849 2409 2906 2456 et
2935 2399 3160 2470 Spiritu,
3177 2400 3344 2456 intret
3362 2402 3414 2455 in
3445 2415 3524 2456 re-

1941 2511 2104 2568 gnum
2125 2495 2420 2559 caelorum;
2445 2507 2630 2564 quam,
2659 2507 2863 2564 quaeso,
2889 2491 3102 2546 allaturi
3125 2499 3250 2546 sunt
3277 2507 3524 2556 causam,

1941 2593 2084 2663 quod
2119 2591 2253 2646 alius
2289 2591 2368 2646 sic
2393 2589 2724 2660 gubernetur
2765 2595 2824 2642 ut
2855 2587 3158 2656 baptizatus
3178 2587 3304 2641 hinc
3331 2595 3523 2654 exeat,

1941 2683 2078 2736 alius
2099 2681 2392 2736 inﬁdelium
2411 2679 2662 2734 Inanibus
2685 2679 2914 2734 traditus
2931 2721 2944 2744 ,
2973 2677 3053 2733 vel
3077 2679 3241 2732 etiam
3265 2679 3524 2746 ﬁdelium,

1941 2775 2254 2844 priusquam
2307 2773 2376 2828 ab
2404 2773 2484 2828 eis
2527 2772 2880 2842 baptizandus
2923 2771 3204 2836 offeratur,
3251 2771 3528 2842 exspiret?

1941 2868 2022 2922 Au
2053 2869 2156 2922 hoc
2187 2865 2300 2922 fato
2321 2867 2404 2922 vel
2427 2865 2654 2921 fortunae
2679 2865 2858 2918 daturi
2889 2864 3050 2920 sunt?
3075 2863 3190 2919 Non
3210 2865 3400 2934 opinor
3429 2879 3528 2920 eos

1942 2960 1996 3014 in
2021 2967 2224 3014 tantam
2253 2957 2579 3014 dementiam
2607 2957 3529 3028 prorupturos,quantulumcunque

1943 3069 2140 3108 nomen
2185 3051 2556 3108 Christianum
2593 3059 2776 3106 tenere
2819 3051 3116 3121 cupientes.
3173 3051 3282 3108 Cur
3307 3067 3436 3122 ergo
3471 3051 3524 3106 in

1943 3159 2170 3214 regnum
2201 3143 2462 3199 cmlorum
2515 3157 2620 3197 non
2657 3153 2884 3212 accepto
2917 3143 3342 3214 regenerationis
3373 3143 3528 3198 lava-

1945 3251 2038 3290 cro
2077 3235 2338 3306 parvulus
2381 3233 2560 3290 nullus
2599 3235 2862 3290 intrabit?
2901 3235 3150 3306 Nunquid
3191 3251 3296 3292 non
3323 3237 3396 3292 ita
3425 3237 3531 3292 sibi

1943 3335 2196 3396 parentes
2217 3325 2336 3398 [al.,
2362 3323 2740 3395 Nunquidnam
2767 3327 2880 3396 ipse
2909 3327 3012 3383 sibi
3035 3327 3308 3401 parentes]
3335 3327 3532 3386 inﬁde-

1947 3418 2044 3483 les,
2077 3417 2162 3472 vel
2181 3417 2525 3488 negligentes
2549 3457 2564 3484 ,
2597 3419 2664 3472 de
2705 3415 2900 3487 quibus
2933 3427 3283 3483 nasceretur,
3329 3417 3533 3488 elegit?

1941 3509 2082 3578 Quid
2115 3509 2290 3566 dicam
2325 3509 2390 3563 de
2419 3509 2712 3580 inopinatis
2742 3519 2798 3566 et
2835 3511 3130 3580 repentinis
3157 3511 3531 3566 innumerabi-

1941 3601 2084 3656 libus
2133 3601 2441 3666 mortibus,
2489 3601 2688 3671 quibus
2743 3617 2886 3672 szepe
2940 3603 3105 3657 etiam
3149 3601 3530 3670 religiosorum

1943 3693 2380 3749 Christianorum
2405 3693 2808 3764 praaveniuntur
2831 3701 2886 3748 et
2913 3694 3184 3764 baptismo
3213 3693 3536 3764 prteripiunq

1947 3795 2034 3840 tur
2075 3785 2308 3840 infantes
2337 3801 2352 3848 ;
2381 3799 2504 3840 eum
2530 3799 2562 3840 e
2595 3785 2887 3848 contrario,
2915 3785 3302 3856 sacrilegorum
3329 3793 3386 3842 et
3419 3785 3524 3840 ini-

1945 3877 2212 3930 micorum
2259 3877 2460 3931 Christi
2513 3877 2699 3946 aliquo
2749 3879 2908 3932 modo
2971 3877 3026 3932 in
3089 3877 3528 3932 Christianorum

1945 3981 2140 4022 manus
2191 3967 2470 4024 venientes
2506 3985 2520 4033 ;
2569 3983 2636 4024 ex
2687 3969 2788 4024 hoc
2825 3969 3028 4025 mundo
3069 3983 3178 4024 non
3213 3970 3328 4026 sine
3351 3985 3532 4024 sacra-

1945 4067 2132 4114 mento
2175 4059 2604 4129 regenerationis
2649 4059 2950 4130 emigrent?
3003 4059 3142 4128 Quid
3197 4059 3286 4115 hic
3331 4059 3534 4116 dicturi

1897 4191 1902 4196 .
1947 4157 2074 4206 sunt
2109 4149 2222 4220 qui,
2255 4158 2314 4203 ut
2341 4148 2512 4220 gratia
2541 4149 2656 4204 dari
2685 4151 2878 4220 possit,
2921 4149 3176 4206 nonnulla
3223 4149 3534 4222 praacedere

1947 4239 2141 4296 merita
2173 4241 2410 4295 lnunana
2461 4241 2816 4310 contendunt,
2865 4257 2934 4298 ne
2963 4243 3034 4298 sit
3059 4257 3418 4313 personarum
3441 4257 3534 4300 ae-

1947 4339 2136 4402 ceptor
2157 4331 2332 4388 Deus?
2361 4333 2492 4400 Quae
2517 4335 2736 4390 tandem
2765 4335 2856 4390 hic
2881 4336 3078 4392 merita
3101 4335 3534 4408 praecesserunt!

1947 4421 2004 4478 Si
2041 4425 2354 4480 eorumdem
2397 4427 2728 4495 cogitaveris
2771 4429 3160 4498 parvulorum,
3213 4429 3358 4485 nulla
3401 4437 3530 4486 sunt

1947 4519 2166 4590 propria
2193 4559 2208 4584 ,
2261 4519 2506 4590 utrisque
2533 4529 2618 4576 est
2647 4521 2736 4576 illa
2777 4537 2956 4580 massa
2985 4525 3312 4580 communis.
3345 4523 3404 4578 Si
3431 4539 3532 4594 pa-

1947 4621 2162 4668 rentum
2187 4611 2506 4674 attenderis.
2537 4615 2678 4669 bona
2705 4623 2834 4670 sunt
2855 4615 2944 4670 illa
2965 4629 3198 4687 quorum
3219 4613 3310 4668 ﬁlii
3341 4627 3534 4683 repen-

1867 4693 1922 4753 D
1951 4709 2078 4764 tinis
2121 4709 2384 4764 mortibus
2435 4709 2554 4764 sine
2595 4707 2800 4764 Christi
2847 4708 3172 4779 baptismate
3217 4705 3532 4778 perierunt;

1949 4801 2093 4856 mala
2121 4815 2252 4856 vero
2287 4799 2378 4854 illa
2423 4813 2654 4870 quorum
2687 4799 2782 4854 ﬁlii
2835 4815 2928 4871 per
2975 4801 3406 4855 Christianorum
3435 4795 3507 4850 ali

1947 4911 2112 4968 quam
2147 4899 2474 4964 potestatem
2499 4893 2564 4948 ad
2595 4901 2936 4948 sacramenta
2972 4891 3224 4948 Ecclesiae
3269 4901 3534 4959 pervene-

1951 4995 2096 5042 runt.
2124 4985 2192 5040 Et
2225 5001 2324 5041 cur
2351 4985 2688 5055 providentia
2719 4983 2855 5048 Dei,
2893 4983 2978 5038 cui
3025 4973 3196 5036 nostri
3221 4977 3400 5050 capilli
3431 4993 3532 5033 nu-
3601 4989 3606 4998 ‘

1949 5079 2140 5134 merati
2183 5089 2328 5144 sunt,
2375 5075 2494 5132 sine
2519 5073 2674 5144 cujus
2703 5074 2982 5130 voluntate
3023 5087 3128 5128 non
3159 5069 3304 5125 cadit
3343 5082 3536 5140 passer

1949 5173 2006 5228 in
2031 5179 2260 5238 terram;
2293 5169 2384 5240 qui
2413 5183 2514 5223 nec
2539 5165 2651 5222 fato
2679 5165 2964 5238 premitur,
2999 5179 3100 5220 nec
3127 5161 3366 5218 fortuitis
3395 5161 3536 5216 casi-

1949 5265 2052 5320 bus
2099 5261 2406 5334 impeditur,
2451 5277 2552 5318 nec
2585 5261 2690 5316 ulla
2719 5261 3006 5332 iniquitate
3033 5257 3423 5327 corrumpitur,
3467 5263 3532 5311 ut

1949 5369 2310 5412 renascantur
2337 5357 2402 5410 ad
2435 5355 2805 5412 luereditatem
2833 5353 3133 5418 ccelestem,
3161 5367 3265 5406 non
3300 5349 3536 5406 consulit

1951 5451 2204 5506 omnibus
2225 5449 2462 5522 parvulis
2493 5449 2724 5505 ﬁliorum
2755 5463 2996 5514 suorum,
3023 5455 3076 5503 et
3101 5447 3374 5503 nonnullis
3399 5459 3530 5500 con-

1949 5543 2080 5599 sulit
2098 5543 2258 5598 etiam
2291 5541 2530 5614 parvulis
2561 5539 2866 5612 impiorum.
2891 5539 2956 5594 Et
2977 5539 3078 5595 iste
3109 5539 3288 5594 infans
3309 5537 3374 5594 de
3397 5537 3526 5593 ﬁde-

1946 5635 2088 5692 libus
2125 5633 2424 5706 cenjugatis
2451 5641 2604 5688 ortus
2629 5672 2643 5696 ,
2675 5630 2862 5686 lartitia
2907 5639 3189 5703 parentum
3217 5637 3524 5698 susceptus,

1947 5727 2140 5786 matris
2159 5727 2244 5782 vel
2271 5723 2496 5781 nutricis
2523 5723 2878 5780 somnolentia
2909 5721 3220 5788 suffocatus,
3255 5719 3314 5776 ﬁt
3333 5733 3526 5777 exsors

2023 5853 2044 5882 ο
2075 5839 2290 5896 Hincm.
2319 5839 2354 5894 l.
2383 5841 2446 5896 de
2475 5837 2734 5896 Praedcst.
2761 5855 2810 5896 c.
2841 5841 2894 5896 7.
