4064 6346
614 409 718 476 983

614 541 672 587 et
693 544 886 602 expers
913 529 1038 586 lldei
1068 543 1286 586 suorum
1312 545 1326 595 ;
1365 526 1453 582 ille
1488 523 1664 582 infans
1689 525 1754 582 de
1789 527 2055 597 sacrilego
2077 534 2190 582 stu-
2219 531 2269 591 Α

610 639 712 696 pro
741 624 1004 690 nascitur,
1035 622 1241 679 crudeli
1273 622 1467 676 timore
1500 621 1689 676 matris
1717 620 2026 691 exponitur,
2055 619 2189 675 alie-

611 729 804 768 norum
853 712 1190 769 misericordi
1237 712 1436 782 pietate
1485 711 1988 782 colligitur,corum
2035 711 2193 767 Chri-

611 804 786 859 stiana
819 803 1177 859 sollicitudine
1203 802 1543 872 baptizatus,
1576 802 1636 856 lit
1669 803 1855 857 aeterni
1885 817 2109 858 consors
2135 811 2193 858 et

607 897 880 968 particeps
917 895 1086 966 regni.
1130 894 1235 950 Ista
1279 895 1536 966 cogitent,
1571 895 1672 950 ista
1700 895 2068 955 considerent.
2091 895 2191 961 ,hic

607 989 841 1044 audeant
865 988 1044 1042 dicere
1076 985 1245 1042 Deum
1275 986 1359 1042 vel
1389 994 1729 1056 acceptorem
1775 989 1828 1043 in
1874 1002 1971 1043 sua
2013 988 2187 1058 gratia

606 1095 960 1150 personarum
979 1119 993 1144 ,
1028 1077 1114 1133 vel
1141 1086 1606 1134 remuneratorem
1630 1078 2046 1148 praecedentium
2075 1091 2190 1132 me-

605 1173 650 1227 ri
659 1181 833 1227 torum
845 1211 854 1225 .

675 1263 806 1318 Item
835 1263 888 1317 in
921 1261 1111 1317 eadem
1141 1276 1156 1315 :
1183 1259 1228 1315 0
1261 1260 1486 1315 altitudo
1507 1260 1812 1315 divitiarum
1847 1260 2118 1330 sapientite
2137 1269 2187 1314 et

601 1354 834 1409 scientia:
862 1352 980 1418 Dei,
1007 1370 1165 1425 quam
1189 1351 1556 1406 inscrutabilia
1579 1361 1702 1406 sunt
1728 1351 1941 1421 judicia
1967 1351 2113 1421 ejus,
2136 1361 2186 1406 et

601 1446 983 1518 investigabiles
1008 1449 1105 1502 vite
1124 1447 1271 1517 ejus!
1300 1444 1588 1516 (Rom.x1.)
1617 1443 1734 1499 Non
1767 1445 1949 1514 itaque
1971 1444 2186 1500 miseri-

603 1539 802 1594 cordite
823 1538 1072 1609 gratuitae
1103 1539 1196 1593 Dei
1235 1537 1670 1607 pertinacissima
1711 1536 2068 1591 adversentur
2104 1537 2186 1590 in-

3463 375 3549 406 δ’*

1652 414 1710 470 S.
1750 409 2123 471 PRUDENTII
2165 407 2552 470 TRECENSIS
2593 408 2904 469 EPISCOPI
3714 420 3784 476 981

2899 521 3128 580 CAPUT
3167 521 3276 579 νη.

2514 617 2598 674 Ea:
2631 619 2793 675 uariis
2821 617 2972 674 libris
3003 618 3236 689 ejusdem
3265 613 3326 674 S.
3363 619 3630 691 Augustini.

2363 708 2651 782 Augustini
2686 718 2876 767 contra
2921 709 3200 781 Pelagium
3241 709 3380 767 libro
3414 727 3454 766 ιι
3479 713 3667 785 (contra
3693 717 3788 778 slus

2291 803 2444 874 epist.
2471 801 2656 874 Pelag.
2686 802 2723 856 1.
2759 818 2820 868 ιι,
2849 818 2971 874 cap.
3011 803 3090 874 7).
3117 801 3280 858 Nobis
3305 802 3361 858 in
3392 803 3584 860 duobus
3613 807 3706 864 istis
3725 827 3788 881 ge-

2292 894 2456 949 minis
2487 909 2650 949 unam
2672 895 2862 964 procul
2902 894 3070 950 dubio
3109 894 3430 953 habentibus
3455 911 3664 966 causam,
3683 901 3785 958 difll-

2292 987 2548 1044 cultatem
2577 988 2896 1058 quaestionis
2917 1004 3018 1044 cur
3042 988 3180 1043 alius
3204 989 3304 1055 sic,
3330 989 3463 1044 alius
3480 1005 3596 1046 vero
3612 992 3676 1048 sic
3691 1009 3789 1050 utorL

2291 1085 2418 1133 tuus
2442 1087 2566 1144 est,
2597 1078 2746 1134 velut
2786 1094 2896 1134 non
2944 1079 3208 1136 solvendo
3245 1080 3407 1136 solvit
3431 1081 3788 1153 Apostolus.0ui

2290 1183 2412 1223 cum
2443 1177 2498 1223 et
2525 1169 2642 1250 ipse
2671 1170 2739 1224 de
2769 1169 2980 1226 duobus
3005 1171 3237 1241 geminis
3279 1171 3386 1228 tale
3429 1171 3610 1244 aliquid
3643 1189 3786 1247 propo-

2290 1260 2507 1325 suisset,
2535 1269 2760 1332 propter
2781 1263 2926 1332 quod
2947 1278 3056 1318 non
3080 1278 3148 1318 ex
3182 1261 3456 1333 operibus,
3477 1263 3590 1334 quia
3611 1266 3788 1325 nondum

2289 1354 2497 1422 operati
2525 1353 2742 1410 fuerant
2773 1354 2975 1426 aliquid
3007 1356 3135 1412 boui
3155 1356 3240 1411 vel
3267 1356 3415 1424 mali,
3440 1357 3526 1413 sed
3545 1373 3604 1413 ex
3623 1368 3790 1415 vocante

2289 1445 2493 1500 dictum
2522 1453 2608 1500 est
2635 1463 2648 1499 :
2681 1444 2860 1516 Major
2877 1447 3062 1501 serviet
3084 1447 3310 1512 minori;
3335 1446 3402 1503 Et
3429 1465 3443 1502 :
3483 1447 3628 1502 Iacob
3648 1449 3790 1515 dilexi,

2289 1535 2440 1590 Esau
2459 1547 2646 1592 autem.
2667 1537 2791 1591 odio
2817 1537 2980 1592 habui
3022 1538 3200 1610 (Rom.
3236 1537 3318 1611 rx)
3344 1556 3359 1605 ;
3391 1547 3447 1594 et
3476 1537 3604 1604 hunc
3626 1537 3700 1611 [aL
3722 1539 3790 1594 bs-

601 1631 776 1686 sania.
808 1629 994 1686 Sciant
1020 1629 1115 1703 (al.
1159 1629 1361 1703 sinant]
1395 1630 1564 1684 lilium
1595 1629 1829 1685 hominis
1859 1629 1912 1684 in
1943 1629 2186 1700 qualibet
2281 1625 2395 1700 jus]
2423 1627 2814 1698 profunditatis
2842 1629 3128 1686 horrorem
3161 1645 3333 1700 usque
3358 1629 3423 1686 ad
3453 1628 3548 1686 hoc
3570 1629 3788 1700 perduxis-

603 1729 762 1776 aatate
788 1736 1032 1791 qumrere
1059 1729 1114 1776 et
1141 1720 1347 1776 salvum
1373 1720 1556 1776 facere
1583 1720 1726 1790 quod
1761 1719 2030 1790 perierat;
2085 1735 2186 1776 nec
2290 1728 2391 1784 set,
2437 1729 2497 1775 ut
2531 1721 2736 1777 diceret
2768 1738 2782 1775 :
2812 1720 2955 1792 Ergo
2983 1721 3136 1792 cujus
3173 1721 3284 1776 vult
3311 1722 3598 1788 miseretur,
3619 1731 3660 1777 et
3681 1739 3788 1792 qssss

601 1814 670 1869 de
719 1813 1162 1869 inscrutabilibus
1203 1811 1424 1882 judiciis
1470 1812 1588 1880 ejus
1627 1812 1862 1867 audeant
1901 1811 2181 1883 judicare,
2291 1809 2396 1864 vult
2426 1810 2670 1877 obdurat,
2702 1811 2876 1867 sensit
2901 1812 3165 1868 continuo
3191 1812 3325 1882 quid
3371 1819 3620 1877 moveret,
3651 1821 3694 1868 et
3719 1811 3794 1867 sibi

601 1919 699 1960 cur
729 1905 782 1960 in
808 1920 915 1959 una
939 1905 1238 1974 eademque
1290 1919 1454 1959 causa
1477 1917 1640 1972 super
1666 1902 1831 1956 alium
1861 1903 2044 1958 veniat
2084 1902 2184 1956 mi—
2214 1900 2262 1961 Β
2289 1898 2452 1954 verba
2483 1900 2910 1956 contradicentis
2940 1899 3037 1973 [al.
3061 1901 3190 1955 add.
3217 1916 3340 1971 qua:
3368 1899 3633 1972 apostolica
3655 1908 3789 1955 aucto-

598 1996 893 2050 sericordia
941 1996 1078 2066 ejus,
1127 2009 1290 2065 super
1336 1995 1500 2049 alium
1532 2001 1751 2048 maneat
1791 1993 1868 2047 ira
1905 1992 2041 2062 ejus.
2073 1993 2176 2060 Qui
2286 1995 2447 2049 ritate
2499 1993 2800 2067 coerceret]
2849 1994 3120 2066 opposuit.
3149 1992 3237 2049 Ait
3287 1993 3630 2050 enim:Dices
3665 1997 3791 2064 itaque

596 2088 742 2142 enim
771 2096 897 2143 sunt
930 2087 1022 2142 isti
1042 2087 1134 2157 qui
1169 2087 1532 2157 respondeant
1564 2084 1708 2151 Deo,
1741 2085 2178 2155 quandoquidem
2282 2088 2412 2142 mihi
2439 2104 2458 2142 :
2487 2087 2630 2153 Quid
2671 2087 2846 2142 adhuc
2877 2086 3257 2159 conqueritur?
3308 2091 3429 2141 nam
3459 2085 3677 2141 voluntati
3711 2086 3790 2155 tjss

597 2179 688 2234 ille
701 2179 963 2234 Rebecca:
985 2179 1208 2234 habenti
1233 2177 1480 2249 geminos
1504 2192 1571 2232 ex
1595 2191 1704 2232 uno
1728 2176 2015 2232 concubitu
2029 2176 2180 2230 Isaac
2280 2181 2398 2251 quis
2428 2180 2666 2235 resistit?
2698 2179 3107 2250 Responditque
3133 2177 3236 2234 ista
3264 2178 3462 2234 dicenti
3493 2193 3508 2232 :
3538 2175 3577 2231 0
3595 2179 3790 2241 homo,ts

595 2272 768 2343 patris
797 2272 991 2336 nostri,
1023 2287 1145 2326 cum
1191 2270 1268 2325 illi
1321 2270 1560 2324 nondum
1596 2270 1732 2335 nati,
1767 2269 1899 2324 nihil
1943 2269 2181 2339 egissent

593 2363 723 2418 boni
755 2362 836 2417 vel
871 2361 1018 2428 mali,
1051 2371 1113 2416 ut
1157 2362 1452 2416 secundum
1483 2360 1804 2416 electionem
1842 2361 2176 2430 propositum

593 2453 712 2523 ejus
739 2460 1015 2508 maneret:
1035 2451 1358 2508 electionem
1381 2452 1588 2506 scilicet
1614 2453 1826 2524 gratiae,
1853 2467 1960 2506 non
1986 2450 2177 2516 debiti,

569 2545 912 2600 electionem
943 2543 1369 2615 qua'eligendos
1416 2543 1545 2599 facit
1590 2544 1726 2613 ipse,
1776 2557 1883 2598 non
1925 2542 2176 2607 invenit;

597 2651 706 2691 non
738 2650 805 2690 ex
835 2635 1112 2705 operibus,
1146 2634 1240 2689 sed
1269 2649 1337 2689 ex
1373 2642 1603 2690 vocante
1633 2633 1793 2697 dicit,
1820 2632 2015 2687 minori
2063 2646 2178 2686 ser-

593 2727 835 2781 viturum
876 2741 997 2781 esse
1021 2725 1319 2797 majorem?
1357 2725 1414 2781 ln
1446 2741 1610 2796 quam
1638 2723 1964 2780 sententiam
1985 2723 2179 2778 beatus

590 2819 882 2890 Apostolus
901 2821 1065 2874 etiam
1098 2819 1470 2874 testimonium
1500 2819 1780 2888 prophetae
1805 2817 1964 2887 longe
1991 2824 2176 2887 poste-

521 2911 524 2914 ’
591 2911 754 2967 rioris
791 2911 1125 2981 assumpsit:
1153 2909 1320 2964 Jacob
1352 2908 1535 2974 dilexi,
1570 2908 1718 2964 Esau
1741 2916 1916 2961 autem
1943 2907 2064 2961 odio
2082 2906 2180 2960 Ita-

591 3003 682 3056 bui
704 3001 962 3074 (Malach.
987 3001 1065 3071 1);
1094 3010 1155 3055 ut
1179 3001 1574 3070 intelligeretur
1594 3001 1697 3054 hoc
1721 3008 1968 3069 apertum
1991 3006 2178 3067 postea

591 3109 690 3163 per
739 3095 1091 3164 prophetam,
1132 3092 1277 3162 quod
1324 3101 1614 3162 antequam
1668 3089 1740 3144 illi
1790 3098 2172 3154 nascerentur,

591 3191 709 3236 erat
737 3184 789 3237 in
824 3184 917 3238 Dei
951 3181 1425 3253 praedestinatione
1452 3196 1549 3251 per
1573 3180 1824 3252 gratiam.
1849 3180 1985 3248 Quid
2026 3180 2171 3236 enim

2280 2275 2396 2346 quis
2421 2291 2475 2328 es
2512 2274 2601 2344 qui
2653 2273 2965 2344 respondeas
3015 2271 3125 2327 Deo
3145 2272 3172 2326 ?
3193 2271 3467 2344 Numquid
3491 2271 3599 2325 dicit
3627 2270 3790 2340 ﬁgmen-

2280 2351 2392 2417 tum
2418 2364 2468 2434 ei
2493 2364 2583 2434 qui
2606 2379 2660 2418 se
2693 2364 2882 2432 ﬁnxit:
2908 2360 3084 2427 Quare
3105 2361 3181 2416 sic
3207 2378 3293 2416 me
3324 2361 3487 2430 fecisti
3508 2360 3531 2414 1
3553 2359 3703 2413 Annon
3722 2359 3791 2410 lis-

2281 2454 2361 2510 bet
2387 2442 2693 2525 potestatem
2713 2453 2910 2524 ﬁgulus
2925 2454 3024 2508 luti
3049 2469 3114 2509 ea:
3134 2453 3322 2508 eadem
3341 2469 3510 2508 massa
3529 2451 3674 2522 facere
3683 2447 3788 2503 aliud

2280 2545 2492 2616 quidem
2511 2562 2600 2599 vas
2630 2545 2685 2599 in
2711 2544 2986 2610 honorem,
3013 2543 3162 2599 aliud
3191 2544 3248 2599 its
3295 2543 3635 2599 contumeliam
3658 2539 3785 2611 (Rata.

2283 2639 2398 2709 1x)?
2429 2639 2632 2694 Deinde
2660 2647 2879 2694 secutm
2926 2647 3036 2694 tam
3075 2653 3340 2710 maguum
3387 2638 3694 2707 abditumqne
3725 2648 3788 2688 se-

2283 2740 2516 2797 cretum,
2544 2740 2807 2802 quantum
2859 2729 3210 2802 aperiendum
3269 2745 3394 2788 esse
3441 2729 3705 2786 hominibus
3727 2726 3789 2796 ja-

2282 2823 2516 2888 dicavit,
2579 2823 2793 2893 aperuit
2856 2823 3099 2879 dicens:
3156 2821 3219 2878 Si
3274 2807 3466 2878 autem
3497 2822 3646 2878 uolens
3683 2819 3786 2876 Dat

2282 2914 2553 2968 ostendere
2624 2915 2782 2978 iram,
2831 2923 2880 2968 et
2941 2913 3310 2968 demonstrare
3361 2912 3622 2982 potentiam
3656 2924 3786 2971 mn,

2283 3004 2457 3058 attulit
2486 3004 2542 3058 in
2563 3003 2730 3058 multa
2753 3004 3008 3074 patientia
3036 3020 3160 3058 vasa
3181 3004 3305 3069 iras,
3335 3020 3449 3075 qute
3471 3003 3668 3074 perfecta
3703 3007 3789 3054 sunt

2282 3098 2339 3153 in
2367 3099 2734 3168 perditionem,
2762 3107 2810 3152 et
2838 3107 2894 3152 ut
2911 3107 3062 3153 notas
3087 3097 3284 3168 faceret
3317 3098 3520 3153 divitias
3539 3095 3690 3168 gloria
3709 3107 3788 3147 sua

2281 3197 2336 3251 in
2386 3211 2512 3251 vasa
2556 3195 2950 3262 misericordias,
2996 3212 3114 3268 qua:
3159 3196 3476 3268 praeparavit
3523 3194 3584 3252 in,
3618 3189 3784 3263 glorias

592 3275 849 3344 diligebat
889 3276 940 3329 in
969 3273 1136 3330 Jacob
1180 3283 1469 3344 antequam
1506 3283 1667 3329 natus
1714 3273 1929 3330 fecisset
1972 3273 2176 3344 aliquid

2238 3265 2496 3361 ἔσθει).
2533 3287 2649 3345 uoc
2687 3296 2768 3345 eet
2809 3265 3130 3358 gratiae'nei
3161 3265 3283 3344 tu...
3305 3287 3476 3344 solum
3511 3284 3786 3355 adiutorium,

589 3365 718 3420 boni
743 3405 757 3429 ,
807 3365 908 3420 nisi
936 3365 1227 3438 gratuitum
1270 3364 1651 3421 misericordiae
1679 3378 1789 3420 suae
1824 3364 2062 3420 donum?
2107 3363 2177 3419 Et
2279 3396 2467 3438 verum
2500 3381 2667 3436 etiam
2695 3381 3076 3437 documentum
3115 3398 3129 3435 ε
3163 3379 3495 3450 adium-ium
3541 3376 3712 3433 scilicet
3749 3371 3788 3425 in

593 3457 723 3526 ‘1"id
771 3455 962 3511 οάθτθι
1015 3456 1067 3510 in
1121 3453 1285 3521 Esau,
1342 3465 1632 3526 δηιείιιιθιη
1695 3455 1914 3511 ίεοίεεει
1969 3454 2175 3525 aliquid
2276 3475 2423 3530 vasis
2471 3471 2890 3538 misericordia;
2923 3473 2978 3528 in
3024 3472 3171 3527 vasis
3212 3481 3400 3528 autem
3429 3471 3540 3534 iraa,
3568 3468 3792 3523 documen-

591 3545 749 3612 mali,
783 3547 886 3602 nisi
927 3546 1188 3617 originale
1229 3548 1554 3616 peccatum?
1583 3546 1716 3601 Nam
1766 3560 1941 3616 neque
1982 3546 2036 3601 in
2081 3545 2175 3601 illo

2279 3571 2414 3620 tum.
2443 3561 2500 3618 In
2534 3563 2616 3618 eis
2658 3562 2804 3618 enim
2833 3561 3072 3617 ostendit
3101 3561 3264 3626 iram,
3305 3571 3364 3617 et
3410 3560 3787 3622 domoustratpa

591 3639 838 3711 diligeret
874 3641 1181 3711 justitiam,
1221 3656 1383 3711 quam
1427 3639 1627 3696 nullam
1671 3640 1760 3695 ille
1797 3641 2000 3694 fecerat
2033 3656 2046 3693 :
2078 3653 2174 3694 ne-

2280 3654 2506 3710 teutiam
2565 3668 2719 3708 suam
2748 3669 2764 3719 ;
2798 3653 2924 3724 quia
2973 3660 3086 3707 tam
3114 3658 3313 3722 potens
3356 3658 3442 3708 est
3472 3648 3658 3706 bonitas
3691 3640 3788 3711 eius.

589 3734 784 3805 quein
806 3735 910 3790 isto
933 3734 1137 3790 odisset
1165 3742 1441 3801 naturam,
1468 3749 1632 3804 quam
1663 3733 1861 3788 bonam
1904 3731 2019 3802 ipse
2046 3745 2172 3802 per-

588 3823 812 3882 fecerat.

659 3937 789 3993 ltem
814 3937 867 3993 in
893 3938 1081 4004 eadem
1112 3955 1127 3992 :
1169 3937 1230 3994 Si
1259 3947 1432 3994 autem
1456 3938 1660 4009 gratia,
1685 3937 1805 4009 jam
1825 3954 1933 3992 non
1961 3953 2027 3992 ea:
2051 3953 2172 4008 ope-

586 4030 750 4094 ribus,
796 4028 993 4100 aliOqui
1039 4030 1212 4100 gratia
1239 4030 1357 4099 jam
1399 4045 1502 4083 non
1527 4037 1602 4083 est
1640 4028 1813 4098 gratia
1841 4026 2025 4096 (Rom.
2053 4027 2168 4098 x1).

589 4119 899 4176 Secundum
927 4123 1068 4176 hanc
1111 4136 1243 4192 ergo
1284 4121 1537 4191 gratiam,
1581 4120 1746 4175 etiam
1793 4119 2172 4190 propheticum

588 4211 954 4265 testimonium
986 4212 1381 4281 consequenter
1404 4226 1708 4276 assumens,
1741 4209 1892 4266 Sicut
1919 4211 2172 4282 scriptum

2275 3757 2341 3803 ut
2381 3747 2519 3803 bene
2551 3755 2735 3801 utatur
2785 3745 2953 3802 etiam
2985 3743 3162 3809 malis,
3187 3753 3245 3800 et
3274 3744 3330 3799 in
3379 3743 3460 3800 eis
3490 3741 3607 3797 facit
3627 3733 3786 3793 divitias

2277 3839 2464 3912 gloria:
2519 3852 2632 3892 suae
2680 3837 2735 3892 in
2774 3851 2906 3893 vasa
2945 3837 3372 3904 misericordias;
3423 3834 3652 3908 quoniam
3685 3824 3788 3899 quod

2277 3933 2346 3987 ab
2391 3932 2487 3986 irae
2512 3929 2658 3996 vasis
2685 3929 2856 4001 exigit
2878 3921 3089 4002 justitia
3115 3928 3416 4001 punientis,
3449 3928 3545 3984 hoc
3570 3922 3690 3978 vasis
3711 3917 3786 3974 mi-

2277 4023 2588 4081 sericordiae
2637 4021 2868 4077 dimittit
2921 4021 3096 4094 gratia
3143 4019 3470 4085 liberantis;
3501 4030 3592 4073 nec
3639 4006 3788 4067 beneﬁ-

2238 4163 2244 4167 .
2276 4121 2422 4178 cium
2454 4117 2599 4189 quod
2650 4116 2973 4188 quibusdam
3024 4115 3195 4187 gratis
3231 4114 3509 4179 tribuitur,
3547 4108 3785 4180 appareret.

2275 4211 2383 4269 nisi
2421 4209 2564 4265 Deus
2603 4208 2724 4264 aliis
2758 4224 2826 4265 ex
2855 4209 3046 4265 eadem
3081 4221 3264 4264 massa
3303 4207 3510 4278 pariter
3553 4201 3648 4258 reis
3681 4195 3788 4265 justo

587 4312 684 4364 est,
717 4300 910 4369 inquit,
955 4302 1119 4357 Jarob
1151 4303 1336 4367 dilexi;
1362 4299 1509 4357 Esau
1540 4311 1718 4356 autem
1743 4303 1863 4357 odio
1891 4302 2085 4366 habui,-
2116 4311 2173 4358 et
2269 4302 2476 4374 judicio
2501 4299 2900 4367 condemnatis,
2931 4298 3061 4371 quid
3085 4298 3332 4369 utrisque
3359 4294 3789 4357 deberetur,oslen-

587 4391 844 4446 continuo
869 4409 882 4445 :
913 4392 1052 4456 Quid
1078 4409 1198 4463 ergo
1222 4394 1471 4455 dicemus,
1498 4392 1692 4463 inquit,
1723 4393 1956 4463 nunquid
1977 4394 2170 4464 iniqui-

586 4493 668 4537 tas
687 4493 764 4538 est
785 4485 922 4554 apud
950 4484 1118 4539 Deum
1136 4486 1161 4538 γ
1182 4486 1346 4541 Absit.
1382 4485 1488 4541 Sed
1515 4501 1703 4557 quare,
1734 4486 1909 4541 ιιῡεὶιῖ
1935 4486 2015 4541 An
2045 4501 2186 4558 pros

583 4583 709 4646 pter
735 4589 898 4644 opera
929 4591 1049 4644 qua:
1082 4575 1261 4630 futura
1290 4575 1598 4645 presciebat
1620 4577 1901 4634 amborum
1927 4579 1950 4632 ?
1976 4579 2088 4634 [mo
2116 4587 2172 4636 et

585 4667 689 4722 hoc
711 4665 891 4720 absit?
919 4665 1092 4721 Moses
1120 4668 1256 4721 enim
1285 4667 1409 4721 dicit
1439 4681 1458 4718 :
1497 4667 1783 4722 Mtserebor
1815 4669 1900 4723 cui
1927 4670 2170 4725 misertus

584 4773 695 4821 ero,
731 4764 777 4810 et
809 4756 1225 4811 misericordiam
1267 4757 1526 4827 prastabo
1562 4760 1647 4813 cui
1675 4750 1970 4815 misericors
1997 4761 2167 4830 fuero.

584 4845 760 4916 Igitur
783 4863 876 4902 nec
920 4847 1173 4912 volentis,
1213 4863 1374 4917 neque
1408 4850 1700 4914 currentis,
1748 4851 1839 4904 sed
1879 4851 2171 4905 miserentis

583 4948 659 4993 est
683 4938 782 4994 Dei
821 4940 995 5013 (Rom.
1044 4945 1142 5012 Ix).
1173 4940 1352 5012 Atque
1397 4951 1457 4998 ut
1496 4942 1551 4998 in
1581 4942 1726 4998 vasis
1769 4958 1888 5012 quae
1929 4941 2170 5012 perfecta

585 5037 713 5084 sunt
734 5030 786 5084 in
809 5031 1192 5100 perditionem,
1223 5046 1346 5102 quae
1383 5031 1652 5088 damnatae
1691 5033 1875 5088 debita
1908 5041 1991 5086 est
2021 5049 2169 5090 mas-

583 5135 677 5186 βω,
695 5135 990 5193 agnoscant
1004 5139 1132 5180 vasa
1151 5138 1219 5180 ex
1240 5124 1432 5180 eadem
1449 5139 1626 5180 massa
1649 5123 1792 5178 facta
1809 5125 1861 5180 in
1884 5126 2163 5191 honorem,

584 5214 713 5282 quid
739 5214 820 5268 eis
863 5214 1236 5271 misericordia
1275 5215 1456 5270 divina
1498 5215 1690 5286 largita
1722 5215 1815 5281 sit,
1841 5217 1968 5271 dicit
1993 5217 2167 5284 enim,

583 5303 778 5373 inquit,
812 5303 1086 5376 Scriptura
1125 5307 1194 5361 ad
1223 5303 1596 5361 Pharaonem:
1622 5305 1759 5372 Quia
1789 5308 1858 5361 ad
1885 5308 1982 5362 hoc
2005 5318 2052 5363 te
2071 5325 2165 5364 ea:-

583 5394 760 5458 citavi,
785 5404 842 5448 ut
863 5398 1134 5452 ostendam
1163 5398 1218 5451 in
1243 5406 1292 5451 te
1330 5397 1639 5468 patientiam
1661 5415 1829 5453 meam
1847 5440 1862 5464 ,
1893 5409 1941 5454 et
1970 5409 2028 5454 ut
2054 5400 2168 5470 glo-

584 5485 819 5553 riﬁcetur
846 5504 1030 5543 nomen
1067 5506 1240 5544 meum
1274 5490 1330 5544 in
1355 5490 1598 5545 universa
1644 5499 1782 5544 terra
1812 5491 1829 5561 (
1847 5489 2020 5545 Exod.
2045 5507 2099 5547 lx
2122 5493 2164 5563 ).

583 5573 825 5646 Denique
839 5579 906 5634 ad
933 5589 1221 5650 utrumque
1249 5580 1556 5636 concludit:
1578 5579 1718 5651 Ergo
1747 5579 1898 5650 cujus
1929 5581 2034 5635 vult
2065 5584 2167 5637 mi-

584 5676 805 5733 seretur,
829 5679 876 5722 et
901 5687 1052 5739 quens
1083 5671 1190 5726 vult
1233 5672 1474 5726 obdurat.
1518 5671 1635 5728 Hoc
1666 5670 1797 5727 facit
1841 5673 1981 5744 apud
2007 5691 2168 5741 quem

586 5771 693 5810 nou
728 5767 813 5811 cst
834 5760 1112 5828 iniquitas.
1157 5761 1442 5816 Miseretur
1485 5762 1669 5832 itaque
1699 5763 1937 5833 gratuito
1983 5763 2165 5828 dono,

584 5849 817 5905 obdurat
844 5861 1022 5906 autem
1055 5851 1350 5916 iustissimo
1379 5853 1592 5908 merito.
2107 5839 2110 5842 i

2275 4399 2629 4561 defdgustini
2663 4493 2855 4544 contra
2900 4482 3209 4554 Pelagium,
3266 4479 3310 4538 l.
3369 4495 3422 4536 tv
3469 4475 3662 4549 (conm
3691 4469 3788 4561 (⁸⁸⁸

2276 4558 2647 4652 σρίεείΡειαθ.
2691 4579 2727 4634 1.
2780 4593 2856 4643 tv,
2881 4593 2931 4634 c.
2963 4575 3018 4646 6)
3046 4592 3060 4629 :
3086 4572 3196 4630 Sed
3224 4586 3396 4644 quare
3437 4568 3563 4626 istos
3600 4558 3787 4621 homines

2277 4685 2408 4726 oves
2438 4669 2589 4735 facit,
2635 4677 2691 4724 et
2736 4667 2868 4724 istos
2899 4681 3007 4721 non
3056 4664 3210 4730 facit,
3237 4661 3382 4736 apud
3425 4673 3576 4732 quem
3617 4668 3702 4709 non
3727 4653 3786 4702 est

2279 4763 2528 4834 acceptio
2558 4759 2954 4833 personarum?
2980 4758 3096 4829 Ipsa
3129 4765 3216 4813 est
3235 4754 3458 4824 quaestio
3483 4763 3626 4824 quam
3645 4745 3786 4802 beam

2273 4852 2566 4924 Apostolus
2611 4851 2881 4908 curiosius
2922 4865 3085 4920 quam
3144 4848 3401 4918 capacius
3429 4834 3784 4924 proponenti“!s

2275 4921 2354 5000 ait
2381 4963 2394 5000 :
2430 4943 2474 5000 0
2507 4945 2681 5009 homo,
2710 4953 2768 4997 tu
2793 4943 2912 5014 quis
2954 4957 3008 4996 es
3064 4951 3121 4996 ut
3175 4939 3484 5011 respondeas
3507 4934 3606 4990 Deo
3625 4931 3647 4986 l
3668 4921 3784 5014 Nit-

2275 5037 2404 5108 quid
2433 5037 2558 5091 dicit
2581 5011 2886 5106 ﬁgmentum
2905 5033 2955 5088 ei
2973 5032 3064 5105 qui
3081 5048 3138 5088 se
3158 5031 3310 5101 ﬁnxit
3336 5047 3356 5086 :
3383 5029 3551 5097 Quare
3575 5023 3639 5078 sic
3653 5033 3716 5074 tu
3731 5011 3784 5084 ft-

2271 5130 2418 5186 cisti?
2437 5129 2617 5201 (Rom.
2632 5129 2732 5199 ιι.)
2746 5127 2864 5198 Ipsa
2877 5134 2963 5182 est
2974 5125 3200 5196 quaestio
3227 5138 3345 5196 quae
3366 5122 3434 5178 ad
3454 5119 3584 5176 illam
3602 5108 3782 5201 ρεηὶρθί

2271 5199 2610 5277 altitudinem
2638 5235 2799 5291 quam
2849 5217 3156 5288 perspicere
3180 5215 3364 5273 volens
3393 5214 3526 5270 idem
3547 5199 3777 5297 Αρωφιξξ

2271 5289 2674 5382 quodammodo
2699 5309 2922 5380 expavit
2949 5317 3005 5364 et
3049 5307 3377 5364 exclamavit
3402 5323 3416 5361 :
3444 5301 3488 5360 0
3514 5295 3702 5357 altitudo
3722 5289 3781 5342 di-

2269 5405 2519 5459 vitiarum
2552 5403 2826 5474 sapientia!
2854 5412 2900 5458 et
2935 5402 3165 5458 scientiae
3193 5401 3308 5468 Dei,
3335 5415 3488 5473 quam
3527 5383 3780 5484 insmlfbt'.’

2271 5496 2344 5552 lia
2378 5505 2500 5552 sunt
2519 5495 2730 5567 judicia
2762 5495 2877 5566 ejus
2919 5505 2968 5550 et
2993 5492 3371 5566 inuestigabiles
3401 5491 3492 5546 eia:
3515 5483 3650 5557 ejus!
3685 5475 3778 5542 οίίε

2272 5592 2409 5644 enim
2441 5589 2674 5658 cognovit
2728 5604 2939 5642 sensum
2978 5585 3214 5650 Domini,
3243 5595 3331 5640 aut
3363 5583 3478 5655 quis
3509 5567 3778 5665 ιοηείιὶατίξεξ

2271 5682 2386 5750 ei“!
2417 5652 2523 5750 fuit
2541 5680 2566 5734 ?
2586 5680 2689 5733 Aut
2719 5680 2835 5750 quis
2866 5679 3013 5750 prior
3040 5678 3183 5732 dedit
3213 5678 3310 5742 illi,
3417 5656 3745 5758 retribuelurrt'

2274 5773 2538 5839 Quoniam
2562 5790 2627 5827 ex
2654 5774 2786 5843 ipso,
2808 5781 2854 5826 et
2883 5787 2976 5841 per
2997 5771 3188 5840 ipsum,
3212 5780 3259 5824 et
3283 5769 3333 5824 in
3355 5769 3464 5837 ipso
3483 5768 3594 5819 sunt
3611 5755 3774 5843 ουιξίστ

2271 5838 2372 5930 ipsi
2403 5861 2569 5929 gloria
2591 5867 2642 5917 in
2672 5838 3207 5918 vstrcula'steculorum
3235 5859 3254 5916 l
3263 5853 3528 5922 Rom.x1).
3567 5838 3774 5902 Non‘ili'
