4064 6346
311 437 422 498 985

1268 433 1486 492 EPIST.
1529 436 1620 492 AD
1659 433 2072 493 HINCMARUM
2111 437 2202 493 ΕΤ
2245 439 2648 499 PARDULUM.

3471 441 3578 499 986

315 569 428 625 que
456 552 614 608 istam
636 547 872 606 scrutari
899 546 1136 605 audeam
1183 548 1592 604 inscrutabilem
1636 549 1890 618 quarstio-
1921 556 1968 612 Α
1994 560 2048 606 et
2096 550 2355 609 Hilarium
2387 556 2524 626 (cap.
2558 556 2613 627 6)
2637 573 2652 612 :
2677 552 2819 609 Nihil
2863 552 3007 610 enim
3049 553 3106 609 llt
3157 554 3263 610 nisi
3310 555 3451 626 quod
3489 565 3586 612 aut

315 661 470 713 nem,
498 647 590 716 qui
617 645 874 700 meritum
903 653 1030 698 ante
1067 643 1318 714 gratiam,
1347 652 1404 698 et
1425 643 1545 698 ideo
1568 640 1683 711 jam
1705 651 1894 697 contra

314 739 549 812 gratiam
590 737 958 802 defendentes,
1011 735 1221 806 priores
1255 737 1442 790 volunt
1468 733 1599 789 dare
1650 733 1782 798 Deo,
1839 741 1898 786 ut

315 834 652 890 retribuatur
694 831 818 886 eis:
856 831 1067 900 priores
1112 828 1299 899 utique
1346 830 1478 883 dare
1517 826 1794 896 quodlibet
1827 841 1895 880 ex

313 925 488 980 libero
513 922 759 988 arbitrio,
785 929 847 976 ut
863 921 934 977 sit
957 919 1127 993 gratia
1149 917 1497 975 retribuenda
1519 934 1617 990 pro
1629 917 1852 989 praamio
1876 933 1892 971 :

313 1025 373 1072 et
411 1017 687 1088 sapienter
721 1013 1044 1085 intelligant,
1078 1011 1161 1068 vel
1189 1010 1420 1067 ﬁdeliter
1449 1010 1698 1074 credant,
1727 1009 1895 1065 etiam

314 1110 465 1180 quod
492 1123 551 1164 se
575 1115 764 1178 putant
812 1106 1024 1177 priores
1051 1103 1288 1169 dedisse,
1322 1103 1391 1158 ab
1420 1100 1513 1157 illo
1539 1116 1606 1156 ex
1634 1115 1742 1172 quo
1770 1108 1898 1155 sunt

312 1201 525 1264 omnia,
556 1213 655 1269 per
678 1213 837 1269 quem
865 1205 992 1253 sunt
1027 1197 1229 1262 omnia,
1281 1195 1332 1249 in
1380 1210 1488 1264 quo
1524 1202 1648 1250 sunt
1687 1194 1892 1258 omnia,

309 1291 645 1366 percepisse.
666 1289 776 1346 Cur
797 1298 976 1344 autem
1003 1289 1104 1344 iste
1128 1287 1380 1358 accipiat,
1409 1285 1501 1342 ille
1516 1301 1623 1342 non
1639 1283 1892 1355 accipiat,

308 1399 436 1440 cum
499 1382 660 1438 ambo
721 1396 828 1436 non
877 1389 1192 1436 mereantur
1248 1379 1520 1450 accipere,
1561 1385 1618 1433 et
1646 1377 1895 1447 quisquis

307 1490 501 1530 eorum
529 1475 818 1544 acceperit,
849 1473 1087 1529 indebitc
1128 1471 1383 1542 accipiat,
1413 1471 1559 1525 vires
1609 1484 1737 1524 suas
1755 1483 1896 1530 .me-

308 1567 534 1632 tiaatur,
560 1574 616 1620 et
649 1564 873 1621 fortiora
898 1577 956 1620 se
990 1578 1098 1618 non
1145 1571 1483 1619 scrutentur.
1515 1559 1763 1616 Sulliciat
1811 1559 1893 1613 eis

307 1659 458 1714 scire
483 1657 627 1728 quod
661 1672 769 1711 non
805 1655 876 1710 sit
899 1655 1159 1724 iniquitas
1196 1653 1336 1724 apud
1365 1652 1553 1707 Deum.
1589 1649 1723 1706 Cum
1746 1648 1892 1704 enim

305 1749 459 1805 nulla
490 1749 683 1804 merita
731 1747 1028 1803 invenisset
1054 1745 1348 1817 Apostolus
1375 1744 1571 1814 quibus
1611 1741 1779 1798 Jacob
1801 1755 1893 1811 ge-

307 1842 517 1896 minum
548 1841 688 1912 apud
721 1840 890 1896 Deum
930 1837 1262 1909 prmcederet
1313 1837 1559 1891 fratrem.
1591 1834 1733 1901 Quid
1768 1849 1890 1904 ergo

1985 645 2114 716 ipse
2139 645 2290 714 facit,
2321 657 2412 703 aut
2442 649 2556 704 ﬁeri
2585 649 2699 718 ipse
2727 647 3011 718 permittit.

2071 737 2128 791 In
2167 738 2356 793 eodem
2384 750 2523 809 (cap.
2557 738 2643 809 ll)
2673 753 2688 792 :
2714 737 2965 802 Proinde,
2993 737 3440 808 sicutApostolus
3462 738 3538 794 ait
3564 755 3581 795 :

2000 827 2126 883 Non
2154 830 2392 896 volentis,
2422 846 2585 902 neque
2610 831 2889 896 currentis,
2923 829 3012 885 sed
3045 831 3332 886 miserentis
3360 840 3434 885 est
3462 831 3580 887 Dei.

1999 919 2100 988 Qui
2141 930 2196 977 et
2233 922 2470 993 parvulis
2509 923 2707 993 quibus
2749 922 2884 987 vult,
2911 917 3074 978 etiam
3114 937 3219 978 non
3255 922 3578 989 volentibus,

1998 1027 2172 1082 neque
2210 1015 2554 1069 currentibus
2593 1014 2863 1080 subvenit,
2899 1028 3039 1084 quos
3078 1021 3204 1070 ante
3244 1014 3584 1070 constitutio-

1998 1124 2122 1165 nem
2172 1110 2358 1164 mundi
2408 1109 2571 1182 elegit
2625 1111 2682 1166 in
2721 1109 2982 1167 Christo:
3015 1111 3241 1167 daturus
3289 1113 3452 1167 etiam
3501 1111 3584 1168 eis

1997 1199 2227 1270 gratiam
2249 1200 2440 1272 gratis,
2474 1201 2526 1256 id
2554 1210 2637 1257 est
2672 1201 2831 1257 nullis
2855 1215 3044 1258 eorum
3072 1201 3158 1257 vel
3187 1203 3308 1259 fidei
3336 1203 3418 1258 vel
3448 1219 3579 1274 ope-

1998 1306 2117 1346 rum
2141 1291 2352 1347 meritis
2377 1293 2802 1362 praacedentibus
2833 1312 2845 1347 :
2875 1303 2930 1349 et
2955 1292 3271 1363 majoribus,
3304 1296 3468 1351 etiam
3498 1295 3582 1352 his

1995 1399 2132 1453 quos
2173 1384 2439 1454 praevidit,
2474 1385 2518 1440 si
2558 1387 2700 1455 apud
2727 1401 2822 1442 eos
2858 1385 2999 1442 facta
3029 1395 3232 1453 essent,
3262 1387 3375 1442 suis
3418 1387 3578 1442 mira-

1994 1473 2132 1528 culis
2173 1474 2499 1530 credituros.
2547 1476 2754 1542 Quibus
2801 1491 2909 1533 non
2957 1476 3073 1531 vult
3120 1477 3438 1542 subvenire,
3470 1493 3580 1533 non

1994 1565 2277 1630 subvenit,
2334 1567 2401 1622 de
2445 1567 2639 1637 quibus
2691 1583 2789 1624 sua
2843 1549 3320 1642 prtedestinatione
3369 1569 3582 1626 occulte

1993 1657 2231 1728 quidem,
2261 1660 2352 1715 sed
2381 1659 2528 1729 juste
2551 1660 2836 1730 judicavit.
2871 1662 2988 1719 Non
3021 1665 3166 1720 enim
3201 1673 3284 1720 est
3320 1663 3582 1734 iniquitas

1993 1750 2135 1820 apud
2175 1751 2376 1817 Deum,
2411 1754 2504 1807 sed
2555 1753 2928 1810 incrustabilia
2965 1763 3092 1810 sunt
3132 1754 3333 1824 judicia
3375 1753 3490 1824 ejus
3525 1761 3582 1809 et

1996 1840 2396 1912 investigabiles
2428 1844 2528 1898 viae
2561 1843 2710 1914 ejus;
2744 1847 3000 1901 universa:
3035 1846 3181 1902 enim
3212 1847 3308 1902 via:
3342 1846 3558 1902 Domini

303 1935 542 1988 dicemus
565 1935 590 1988 .’
610 1933 784 2004 inquit
809 1949 824 1987 :
857 1931 1114 2002 Nunquid
1140 1939 1216 1984 est
1243 1929 1493 1998 iniquitas
1519 1926 1660 1996 apud
1684 1923 1893 1980 Deum?
1919 1917 1967 1977 Β
1994 1933 2354 1986 misericordia
2382 1943 2430 1988 et
2461 1935 2648 1989 veritas
2679 1933 2853 2006 (Psal.
2885 1935 3054 2007 xxiv).

303 2028 476 2082 Absit.
505 2027 675 2097 Moysi
721 2028 858 2081 enim
896 2026 1023 2080 dicit
1054 2039 1073 2078 :
1109 2024 1397 2079 Miserebor
1442 2023 1594 2094 cujus
1645 2023 1888 2076 misertus

299 2136 396 2174 ero
426 2129 478 2174 et
523 2119 937 2173 misericordiam
986 2116 1245 2188 prwstabo
1271 2116 1359 2170 cui
1393 2115 1688 2169 misericors
1711 2113 1884 2183 fuero.

301 2208 483 2279 Igitur
511 2225 614 2263 non
645 2207 886 2272 volentis,
935 2224 1099 2278 neque
1141 2207 1422 2271 currentis,
1472 2205 1563 2260 sed
1591 2204 1882 2258 miserentis

296 2311 380 2356 est
408 2301 500 2358 Dei
527 2300 706 2372 (liam.
738 2302 833 2371 is).
866 2301 1032 2357 Grata
1076 2301 1145 2355 sit
1170 2315 1300 2370 ergo
1323 2299 1481 2354 nobis
1506 2297 1624 2366 ejus
1648 2297 1886 2370 gratuita

303 2394 607 2456 miseratio,
639 2393 853 2448 etiamsi
905 2393 1019 2447 haec
1043 2390 1310 2462 profunda
1357 2391 1592 2446 insoluta
1637 2391 1710 2446 sit
1744 2403 1889 2458 qua:-

301 2485 435 2540 stio.
469 2484 599 2551 Quae
647 2493 826 2539 tamen
873 2491 1098 2538 eatenus
1147 2482 1398 2548 solvitur,
1447 2490 1712 2552 quatenus
1761 2495 1883 2535 eam

295 2575 465 2632 solvit
490 2575 632 2628 idem
655 2573 940 2645 Apostolus
967 2574 1154 2628 dicens
1191 2590 1205 2628 :
1247 2571 1308 2629 Si
1334 2583 1508 2626 autem
1539 2571 1676 2626 Deus
1704 2572 1884 2627 ualens

300 2669 579 2724 ostendere
628 2669 786 2732 iram,
847 2678 896 2722 et
944 2669 1305 2723 demonstrare
1363 2668 1649 2739 potentiam
1709 2683 1882 2732 suam,

305 2761 488 2815 attulit
518 2761 573 2814 in
611 2758 777 2814 multa
813 2759 1066 2831 patientia
1091 2777 1214 2814 casa
1234 2761 1353 2826 irce,
1378 2776 1496 2830 quae
1517 2757 1744 2829 perfecta
1763 2765 1886 2812 sunt

291 2849 744 2921 iniperditionem,
769 2860 818 2904 et
849 2859 905 2904 ut
935 2860 1087 2906 notas
1115 2851 1306 2920 faceret
1335 2850 1546 2906 diuitias
1571 2849 1754 2920 gloriae
1773 2864 1886 2904 sua:

233 2933 256 2950 ⁸
294 2941 360 2995 in
404 2957 526 2994 vasa
584 2940 983 3008 misericordiae,
1040 2957 1158 3013 qua:
1202 2941 1515 3012 prteparavit
1560 2943 1617 2994 in
1659 2939 1884 3010 gloriam

299 3029 520 3103 (lbid.).
555 3030 638 3086 lra
661 3031 859 3102 quippe
890 3047 999 3089 non
1038 3030 1283 3088 redditur
1308 3030 1410 3086 nisi
1443 3030 1643 3096 debita,
1691 3045 1759 3086 ne
1814 3031 1886 3086 sit

293 3123 561 3194 iniquitas
600 3125 741 3195 apud
765 3125 933 3180 Deum
969 3143 984 3180 :
1016 3124 1386 3180 misericordia
1417 3139 1548 3179 vero
1568 3124 1734 3179 etiam
1756 3139 1882 3179 cum

296 3216 576 3288 praebetur
601 3217 859 3284 indebita,
895 3233 1002 3274 non
1037 3227 1122 3275 est
1146 3218 1408 3290 iniquitas
1427 3218 1568 3290 apud
1593 3217 1786 3273 Deum.
1815 3217 1882 3272 Et

296 3310 432 3366 hinc
446 3309 756 3382 intelligunt
778 3326 908 3366 vasa
932 3311 1318 3367 misericordiae
1340 3325 1501 3381 quam
1525 3311 1762 3383 gratuita
1777 3309 1882 3366 illis

293 3401 674 3458 misericordia
701 3403 1028 3473 praabeatur,
1058 3404 1201 3474 quod
1230 3403 1326 3464 ira:
1343 3403 1512 3469 vasis,
1539 3419 1662 3459 cum
1686 3403 1885 3473 quibus

295 3500 388 3548 est
435 3495 516 3548 eis
559 3493 880 3564 perditionis
920 3508 1084 3550 causa
1134 3503 1192 3549 et
1226 3509 1408 3551 massa
1439 3495 1767 3561 communis,
1803 3495 1882 3550 ira

291 3581 478 3638 debita
504 3581 720 3650 etjusta
748 3584 1080 3655 rependitur.
1110 3582 1235 3640 Haec
1256 3584 1370 3656 jam
1398 3585 1532 3641 satis
1557 3585 1668 3641 sint
1691 3583 1885 3641 adver-

293 3689 398 3730 sus
422 3687 517 3730 eos
545 3675 637 3746 qui
665 3690 762 3746 per
796 3675 1007 3730 arbitrii
1037 3676 1343 3731 libertatem
1383 3675 1666 3754 destruere
1694 3677 1883 3733 volunt

289 3769 487 3840 gratiae
513 3767 817 3842 largitatem
846 3767 966 3842 [al.,
996 3767 1354 3842 largitorem].

370 3860 659 3929 Augustini
685 3859 752 3916 de
782 3858 1265 3916 Praedestinatione
1284 3869 1614 3927 sanctorum,
1647 3860 1714 3915 ad
1739 3859 1878 3916 Pro-

294 3967 522 4024 spcrum
557 3960 614 4008 et
643 3951 906 4009 Hilarium
937 3953 1078 4026 (cap.
1132 3953 1244 4025 l6).
1293 3951 1546 4024 Legimus
1575 3953 1629 4007 in
1653 3953 1879 4009 Actibus

289 4045 684 4117 apostolorum,
713 4062 836 4102 cum
867 4045 1080 4102 dimissi
1118 4060 1148 4099 a
1177 4043 1378 4100 Judaais
1416 4043 1645 4115 apostoli
1696 4044 1878 4099 venis-

290 4148 420 4194 sent
449 4138 514 4192 ad
545 4153 694 4203 suos,
725 4147 781 4192 et
813 4137 1146 4192 iudicassent
1173 4143 1378 4205 quanta
1425 4134 1506 4190 eis
1549 4135 1796 4190 seniores
1822 4144 1879 4190 et

289 4229 611 4286 sacerdotes
633 4229 917 4295 dixissent,
940 4228 1256 4285 levaverunt
1283 4225 1358 4281 illi
1380 4241 1568 4283 vocem
1592 4227 1878 4283 unanimes

290 4336 490 4378 omnes
514 4321 580 4376 ad
613 4321 921 4388 Dominum,
945 4330 1000 4377 et
1027 4321 1309 4376 dixerunt:
1343 4318 1580 4387 Domine,
1604 4329 1663 4375 tu
1706 4337 1761 4376 es
1788 4320 1880 4390 qui

291 4413 465 4486 fecisti
491 4412 676 4469 caelum
706 4423 755 4468 et
780 4424 990 4478 terram,
1020 4424 1067 4468 et
1091 4429 1255 4479 mare,
1279 4421 1327 4467 et
1354 4412 1531 4467 omnia
1556 4427 1674 4483 qua:
1703 4413 1758 4466 in
1801 4413 1876 4466 eis

291 4515 420 4563 sunt
440 4522 461 4562 ε
489 4508 579 4580 qui
599 4523 692 4577 per
717 4523 775 4562 os
821 4507 987 4577 patris
1025 4507 1192 4562 nostri
1225 4505 1396 4562 David
1430 4507 1598 4560 sancti
1620 4506 1770 4578 pueri
1799 4506 1877 4560 tui

2060 2022 2344 2094 Augustini
2389 2040 2456 2079 ex
2504 2025 2642 2081 libro
2688 2025 3179 2092 Retractationum,
3210 2026 3276 2083 de
3325 2019 3465 2082 libro
3513 2011 3583 2083 de

1991 2111 2220 2168 diversis
2249 2113 2650 2182 Quaestionibus
2695 2133 2870 2184 nc",
2905 2133 3025 2188 cap.
3055 2119 3118 2174 21
3152 2117 3212 2190 (l.
3263 2134 3301 2184 ι,
3324 2135 3372 2172 c.
3408 2117 3532 2190 ult.)
3561 2135 3577 2174 :

1995 2219 2018 2256 ι
2064 2202 2255 2260 Utrum
2281 2207 2423 2262 Deus
2449 2207 2573 2262 mali
2599 2217 2791 2264 auctor
2821 2223 2928 2263 non
2963 2209 3052 2264 sit.
3089 2228 3109 2262 ι
3150 2208 3248 2265 Ubi
3288 2209 3579 2264 videndum

1989 2302 2074 2350 est
2113 2310 2181 2350 ne
2216 2295 2356 2351 male
2401 2296 2734 2369 intelligatur
2775 2298 2918 2369 quod
2954 2298 3066 2354 dixi
3099 2315 3113 2353 :
3152 2318 3171 2351 c
3220 2298 3343 2354 Mali
3389 2307 3582 2356 auctor

1989 2403 2096 2443 non
2127 2397 2230 2454 est,
2264 2389 2391 2458 quia
2420 2391 2663 2446 omnium
2696 2406 2816 2462 qua:
2843 2390 2972 2447 fecit
2999 2400 3190 2447 auctor
3215 2401 3335 2448 est:
3362 2391 3491 2463 quia
3521 2390 3580 2446 in

1990 2486 2250 2548 quantum
2282 2488 2427 2545 sunt,
2472 2480 2525 2534 in
2553 2489 2759 2536 tantum
2807 2482 2947 2536 bona
2993 2490 3151 2548 sunt;
3190 2500 3210 2534 ι
3259 2492 3316 2537 et
3348 2498 3417 2537 ne
3453 2482 3581 2537 hinc

1988 2576 2206 2638 putetur
2237 2583 2342 2622 non
2372 2571 2440 2624 ab
2471 2569 2562 2624 illo
2592 2585 2713 2625 esse
2757 2585 2976 2641 poenam
3005 2571 3296 2638 malorum,
3322 2587 3443 2642 qua:
3469 2572 3578 2629 uti-

1988 2674 2094 2730 que
2133 2659 2333 2715 malum
2373 2671 2458 2715 est
2499 2661 2566 2716 iis
2605 2662 2697 2732 qui
2728 2662 3043 2732 puniuntur.
3072 2662 3178 2717 Sed
3214 2663 3317 2718 hoc
3347 2663 3419 2717 ita
3463 2663 3577 2718 dixi

1987 2755 2442 2827 quemadmodum
2481 2757 2683 2812 dictum
2715 2764 2800 2810 est
2833 2769 2848 2809 :
2887 2755 3027 2810 Deus
3071 2765 3289 2809 mortem
3323 2772 3428 2810 non
3454 2754 3577 2823 fecit

1988 2847 2143 2920 (Sap.
2170 2849 2244 2917 ι);
2277 2863 2399 2902 cum
2429 2847 2554 2903 alibi
2583 2849 2843 2918 scriptum
2875 2848 2944 2904 sit
2973 2866 2986 2902 :
3021 2846 3170 2902 Mors
3195 2856 3244 2902 et
3272 2847 3378 2902 vita
3409 2865 3440 2902 a
3467 2847 3577 2902 Do-

1985 2941 2130 2994 mino
2157 2939 2264 2994 Deo
2290 2949 2364 2993 est
2397 2938 2589 3009 (Eccli.
2622 2939 2722 3010 xi).
2750 2937 3012 2994 Malorum
3038 2953 3169 3010 ergo
3191 2953 3370 3008 paena,
3401 2953 3521 3010 quae
3543 2955 3575 2993 a

1988 3032 2099 3088 Deo
2123 3041 2228 3099 est,
2258 3033 2460 3087 malum
2494 3033 2712 3103 quidem
2742 3043 2826 3088 est
2853 3031 3030 3098 malis,
3061 3033 3155 3088 sed
3198 3033 3250 3087 in
3280 3032 3436 3088 bonis
3481 3031 3574 3087 Dei

1984 3125 2240 3196 operibus
2270 3133 2355 3182 est
2385 3144 2398 3179 :
2429 3126 2683 3196 quoniam
2722 3125 2927 3196 justum
2961 3135 3047 3181 est
3083 3133 3142 3179 ut
3181 3124 3309 3180 mali
3344 3124 3576 3196 punian-

1986 3225 2093 3283 tur,
2123 3225 2179 3273 et
2208 3217 2398 3287 utique
2425 3217 2624 3271 bonum
2652 3224 2738 3271 est
2759 3230 2922 3272 omne
2946 3214 3090 3285 quod
3108 3213 3314 3284 justum
3339 3222 3443 3270 est.

2055 3329 2336 3402 Augustini
2387 3329 2442 3385 in
2494 3329 2832 3401 expositione
2895 3328 3088 3399 psalmi
3153 3345 3229 3384 vn
3277 3327 3416 3400 (post
3459 3343 3569 3383 me-

1983 3421 2151 3493 dium)
2178 3439 2191 3476 :
2217 3420 2451 3493 Sagittas
2483 3437 2606 3475 suas
2641 3419 2944 3476 ardentibus
2973 3429 3217 3490 operatus
3246 3429 3343 3475 est.
3367 3417 3570 3474 Arcum

1981 3527 2112 3584 ergo
2153 3511 2340 3578 istum,
2372 3510 2683 3581 Scripturas
2722 3517 2939 3566 sanctas
2975 3509 3208 3566 libenter
3243 3509 3570 3580 acceperim,

1981 3605 2074 3661 ubi
2121 3603 2437 3660 fortitudine
2476 3600 2611 3657 Novi
2643 3601 3000 3666 Testamenti,
3026 3601 3183 3672 quasi
3224 3617 3393 3657 nervo
3431 3615 3571 3671 quo-

1981 3695 2130 3760 dam,
2157 3694 2355 3750 duritia
2386 3693 2595 3749 Veteris
2625 3691 2763 3756 llesa
2792 3700 2847 3747 et
2874 3691 3106 3747 edomita
3137 3699 3240 3747 est.
3276 3691 3413 3746 Hinc
3453 3699 3574 3744 tan-

1981 3800 2144 3857 quam
2173 3783 2380 3855 sagittse
2413 3783 2738 3837 emittuntur
2765 3780 3014 3852 apostoli,
3040 3781 3123 3836 vel
3144 3780 3325 3836 divina
3360 3793 3569 3850 praeco-

1981 3875 2069 3930 nia
2086 3873 2418 3946 iaculantur.
2443 3871 2589 3939 Quas
2617 3871 2836 3940 sagittas
2862 3869 3163 3924 ardentibus
3195 3878 3438 3938 operatus
3468 3877 3568 3934 est,

1980 3965 2036 4020 id
2059 3972 2162 4030 est,
2190 3963 2388 4034 quibus
2408 3961 2652 4032 percussi
2679 3960 2860 4016 divino
2887 3975 3074 4014 amore
3112 3957 3426 4030 ﬂagrarent.
3451 3957 3569 4024 Qua

1979 4057 2125 4113 enim
2154 4056 2259 4110 alia
2300 4055 2499 4126 sagitta
2538 4068 2797 4126 percussa
2823 4061 2930 4118 est,
2961 4067 3084 4123 qua:
3120 4051 3251 4108 dicit
3281 4065 3297 4107 :
3326 4050 3571 4106 Inducite

1977 4166 2061 4204 me
2103 4151 2159 4204 in
2203 4149 2417 4203 domum
2463 4148 2593 4214 cini,
2643 4144 2943 4200 constituite
2984 4160 3066 4198 me
3105 4145 3244 4199 inter
3276 4152 3568 4215 unguenta,

1979 4243 2266 4314 canstipate
2295 4257 2377 4297 me
2409 4242 2547 4296 inter
2585 4238 2743 4294 mella
2768 4237 2856 4311 [F.
2888 4236 3082 4310 mala],
3101 4237 3350 4308 quoniam
3387 4234 3568 4292 vulne-

1979 4345 2098 4389 rata
2137 4333 2394 4388 charitate
2434 4347 2527 4402 ego
2557 4330 2717 4385 sum?
2746 4327 2926 4400 (Cant.
2962 4327 3048 4399 tt.)
3079 4326 3288 4395 Quibus
3329 4326 3450 4382 aliis
3483 4342 3570 4381 sa-

1979 4426 2129 4498 gittis
2156 4424 2490 4488 accenditur,
2517 4421 2608 4493 qui
2637 4421 2816 4477 redire
2839 4420 2908 4476 ad
2937 4419 3108 4476 Deum
3137 4419 3378 4491 cupiens,
3412 4426 3469 4474 et
3499 4417 3570 4473 ab

1979 4515 2081 4570 ista
2122 4513 2561 4586 peregrinatione
2604 4525 2876 4574 remeans,
2908 4510 3172 4566 adversus
3211 4509 3426 4565 dolosas
3464 4507 3569 4564 lin-

290 4597 479 4654 dixisti
500 4613 519 4652 :
549 4595 727 4664 Quare
754 4597 1080 4668 fremuerunt
1101 4608 1300 4666 gentes,
1328 4607 1376 4652 et
1409 4597 1589 4669 populi
1633 4597 1874 4652 meditati

1985 4623 2114 4680 guas
2138 4607 2272 4677 petit
2295 4605 2576 4670 auxilium,
2604 4612 2660 4659 et
2687 4603 2820 4658 dicit
2841 4601 2936 4675 [aL
2965 4611 3022 4656 et
3049 4601 3100 4658 ei
3131 4599 3352 4673 dicitur]
3381 4617 3392 4653 :
3425 4597 3567 4665 Quid

287 4702 415 4750 sunt
449 4693 672 4748 inania!
695 4694 980 4748 Astiterunt
1014 4709 1155 4764 reges
1189 4703 1362 4760 terrae,
1394 4705 1442 4749 et
1463 4695 1723 4766 principes
1744 4710 1876 4749 con-

299 4795 552 4841 uenerunt
597 4785 654 4840 in
693 4801 859 4838 unum
893 4784 1141 4839 adversus
1186 4785 1472 4840 Dominum
1521 4795 1572 4839 et
1624 4785 1874 4839 adversus

289 4878 565 4934 Christum
607 4878 743 4949 ejus.
772 4875 1133 4932 Conuenerunt
1161 4877 1300 4931 enim
1328 4877 1383 4930 in
1410 4878 1627 4932 ueritate
1661 4879 1716 4932 in
1747 4877 1877 4932 civi-

291 4988 400 5032 tate
438 4978 539 5032 ista
595 4975 846 5030 adversus
917 4985 1156 5030 sanctum
1201 4991 1420 5046 puerum
1465 4984 1613 5029 tuum
1667 4973 1872 5041 Iesum,

285 5085 444 5140 quem
485 5069 706 5132 unxisti,
738 5065 974 5121 Herodes
998 5075 1044 5120 et
1080 5064 1309 5130 Pilatus,
1339 5075 1388 5120 et
1415 5065 1638 5136 populus
1680 5065 1873 5132 Israel,

289 5162 468 5231 facere
512 5168 711 5231 quanta
759 5174 948 5212 manus
972 5166 1063 5211 tua
1107 5166 1156 5211 et
1201 5156 1478 5212 consilium
1501 5157 1878 5227 prwordinaoit

289 5251 410 5321 fieri
450 5250 590 5322 (Act.
636 5251 735 5321 iv).
803 5249 941 5305 Ecce
979 5249 1124 5319 quod
1169 5249 1371 5305 dictum
1434 5257 1542 5315 est,
1588 5250 1874 5304 secundum

293 5341 638 5412 Evangelium
671 5340 903 5413 quidem,
928 5341 1129 5396 inimici
1171 5350 1383 5411 propter
1421 5357 1510 5396 uos
1559 5339 1739 5412 (Rom.
1769 5339 1872 5410 si).

291 5431 467 5486 Tanta
498 5433 694 5504 quippe
726 5431 795 5487 ab
841 5431 1078 5488 inimicis
1097 5429 1300 5488 Iudaeis
1329 5446 1522 5488 manus
1545 5432 1639 5488 Dei
1671 5443 1725 5488 et
1748 5448 1876 5489 con-

291 5523 474 5578 silium
499 5524 900 5594 praedestinavit
921 5523 1062 5590 ﬁeri,
1092 5533 1290 5594 quanta
1327 5524 1633 5582 necessaria
1655 5524 1874 5581 fuerent

290 5613 589 5686 Evangelia
615 5625 834 5687 propter
861 5632 980 5672 nos.

365 5718 394 5750 ι
430 5705 714 5779 Augustini
739 5708 807 5766 de
829 5710 970 5766 bono
992 5709 1431 5780 Perseveremus,
1455 5713 1523 5770 ad
1550 5713 1873 5786 Prosperum

365 5873 398 5908 ι
437 5861 670 5934 Ilincm.,
703 5865 770 5922 de
794 5865 995 5935 Prted.,
1028 5881 1146 5938 cap.
1176 5867 1230 5925 Ι.

1979 4701 2134 4755 detur
2160 4699 2274 4764 tibi,
2309 4707 2401 4752 aut
2439 4696 2566 4768 quid
2605 4695 2892 4764 adiiciatur
2919 4693 3010 4748 tibi
3049 4693 3299 4747 adversus
3331 4691 3566 4761 linguam

1979 4790 2254 4847 dolosam?
2300 4787 2520 4859 Sagitta:
2570 4787 2793 4858 potentis
2839 4794 3040 4850 acutte,
3087 4799 3208 4838 cum
3253 4781 3565 4837 carbonibus

1977 4881 2327 4939 oastatoribus
2367 4877 2542 4950 (Psal.
2573 4878 2764 4950 cxtx),
2809 4877 2862 4933 id
2903 4886 3010 4944 est,
3055 4877 3249 4946 quibus
3277 4887 3566 4948 percussus

1979 4987 2143 5048 atque
2172 4974 2535 5030 inflammatus
2577 4979 2726 5028 tanto
2757 4987 2945 5028 amore
2981 4970 3172 5027 ardeas
3213 4967 3362 5038 regni
3395 4965 3561 5022 caelo-

1978 5087 2122 5138 rum,
2151 5079 2212 5125 ut
2234 5069 2476 5124 omnium
2511 5066 2900 5134 resistentium,
2936 5072 2992 5120 et
3033 5079 3064 5118 a
3112 5061 3390 5133 proposito
3439 5075 3566 5115 avo-

1979 5178 2108 5221 care
2132 5161 2426 5217 volentium
2463 5159 2672 5232 linguas
2708 5165 3043 5222 contemnas,
3073 5162 3128 5210 et
3155 5152 3562 5224 persecutiones

1979 5269 2168 5311 eorum
2201 5251 2468 5318 derideas,
2490 5251 2717 5307 dicens:
2749 5247 2880 5314 Quis
2919 5262 3001 5300 me
3036 5243 3299 5316 separabit
3324 5261 3356 5297 a
3381 5243 3560 5298 chari-

1979 5355 2086 5402 tate
2125 5343 2358 5399 Christi?
2398 5341 2712 5406 Tribulatio,
2749 5355 2820 5393 an
2853 5336 3118 5408 angustia,
3147 5351 3218 5389 an
3249 5336 3562 5404 persecutio,

1981 5456 2052 5494 an
2083 5437 2281 5507 fames,
2325 5451 2395 5488 an
2427 5433 2670 5497 auditas,
2710 5447 2780 5484 an
2824 5425 3148 5499 periculum,
3195 5443 3265 5482 an
3313 5424 3563 5496 gladius?

1983 5531 2166 5586 Certus
2186 5545 2304 5583 sum
2329 5526 2488 5590 enim,
2513 5521 2709 5593 inquit,
2731 5520 2855 5592 quia
2882 5534 3046 5590 neque
3063 5534 3224 5584 mors,
3247 5532 3409 5588 neque
3432 5515 3557 5582 rita,

1982 5638 2146 5694 neque
2187 5618 2435 5690 angelus,
2482 5631 2645 5686 neque
2685 5613 3030 5685 principatus,
3063 5627 3226 5684 neque
3258 5609 3558 5681 prtesentia,

1981 5730 2146 5786 neque
2176 5711 2381 5784 futura,
2408 5723 2572 5781 neque
2593 5708 2778 5776 uirtus,
2800 5722 2963 5778 neque
2984 5704 3230 5775 altitudo,
3255 5722 3419 5779 neque
3439 5721 3562 5778 pro-
