4064 6346
543 432 647 493 937
1553 426 1612 484 S.
1658 425 2034 486 PRUDENTﬂ
2076 420 2458 483 TBECENSIS
2493 427 2801 486 EPISCOPI
2852 426 2857 433 ’
3722 429 3824 486 988

536 550 789 626 Tundum,
824 563 986 619 neque
1034 556 1275 604 creatura
1320 546 1429 600 alia
1472 548 1654 615 poterit
1696 564 1788 602 nos
1817 561 2063 618 separare
2093 560 2125 598 a
2152 545 2205 606 Α
2230 547 2554 613 versionem,
2587 547 2751 603 aut'si
2772 547 3161 619 contempserit
3190 546 3533 604 voationem
3568 554 3631 601 et
3657 546 3825 603 disci.

543 646 797 702 cliaritate
825 641 943 706 Dei,
974 658 1093 712 qua!
1121 650 1195 695 est
1222 640 1276 694 in
1301 637 1519 695 Christo
1542 638 1672 696 Jesu
1702 638 1926 694 Domino
1949 647 2143 692 nostra
2232 638 2434 708 plinam
2488 639 2603 705 Dei,
2635 648 2942 696 enascatur
2970 641 3037 696 ad
3078 641 3508 696 damnationum.
3554 636 3831 694 Judiciutn

545 734 725 807 (Rom.
757 731 902 803 vin).
948 731 1039 787 Sic
1081 730 1395 786 ardentibus
1437 734 1665 800 sagittas
1707 745 1835 785 suas
1873 737 2130 799 operatus
2232 741 2413 787 autem
2445 730 2789 788 manifestum
2815 742 2920 799 est,
2953 746 3061 803 quo
3107 740 3369 787 venturus
3410 740 3499 786 est
3544 730 3827 798 Dominus,

542 834 647 883 est.
698 823 831 879 Nam
878 822 931 877 in
980 821 1185 878 Graecis
1232 820 1634 891 exemplaribus
1682 821 1757 876 ita
1814 820 2123 876 invenitur:
2225 823 2472 896 judicare
2496 826 2648 882 vivos
2677 834 2734 881 et
2772 835 3035 890 mortuos,
3064 825 3319 881 omnibus
3358 823 3663 878 fatentibus
3706 837 3830 879 cum

546 917 781 989 Sagittas
809 931 933 971 suas
961 912 1263 969 ardentibus
1305 922 1551 984 operatus
1581 923 1688 979 est;
1715 912 1906 967 Latina
1949 919 2129 965 autem
2231 933 2353 974 esse
2377 933 2407 972 a
2450 934 2558 990 quo
2586 928 2642 974 ει
2686 919 2845 975 bonis
2870 919 3095 990 pmmia
3136 926 3192 973 et
3236 914 3394 972 malis
3424 913 3697 984 supplicia
3730 913 3833 968 tri.

541 1010 782 1064 ardentes
805 1007 1060 1078 pleraque
1085 1006 1301 1061 habent.
1338 1004 1447 1061 Sed
1486 1006 1601 1060 sive
1652 1006 1780 1074 ipsae
1807 1003 2017 1074 sagittae
2042 1017 2129 1056 ar-
2229 1008 2484 1064 ιιιιριιιωσ,
2510 1006 2618 1064 Sed
2649 1018 2775 1065 tunc
2818 1008 2908 1064 illa
2937 1007 3229 1071 confessio,
3266 1021 3374 1062 non
3416 1006 3489 1059 ad
3517 1004 3831 1060 remedium

540 1102 720 1166 deant,
757 1099 871 1155 sive
911 1099 1104 1154 ardere
1132 1095 1354 1163 faciant,
1384 1097 1529 1168 quod
1557 1098 1743 1168 utique
1770 1112 1875 1151 non
1902 1102 2130 1166 possunt
2228 1101 2630 1166 malai-nminat]
2646 1103 2713 1157 ad
2733 1100 3009 1156 cumulum
3026 1098 3389 1155 damnationis
3402 1096 3634 1155 valebit.
3654 1095 3834 1153 Deliis

540 1192 642 1248 nisi
692 1200 747 1247 et
770 1191 902 1262 ipsa:
948 1188 1194 1256 ardeant,
1230 1190 1441 1261 integer
1479 1204 1671 1246 sensus
1717 1196 1817 1245 est.
1851 1186 1958 1243 Sed
2000 1186 2126 1257 quia
2230 1192 2705 1264 duobusjndiciis,
2736 1206 2846 1248 uno
2863 1191 3099 1256 occulto,
3123 1190 3295 1246 altero
3328 1187 3649 1251 manifesto,
3676 1188 3831 1242 vide-

537 1298 643 1341 nou
695 1285 922 1357 sagittas
970 1292 1198 1347 tantum,
1233 1283 1330 1338 sed
1384 1283 1545 1338 etiam
1592 1298 1719 1337 uasa
1768 1281 1951 1335 mortis
1996 1279 2129 1334 dicit

538 1373 826 1429 Dominum
877 1375 930 1429 in
979 1390 1104 1430 arcu
1158 1388 1399 1445 parasse,
1424 1374 1592 1443 qumri
1636 1381 1812 1443 potest
1856 1372 2128 1442 qum-siut

536 1478 668 1522 vasa
693 1465 924 1521 mortis?
950 1466 1033 1520 An
1078 1463 1218 1531 forte
1249 1464 1526 1521 haeretici?
1547 1463 1680 1519 Nam
1713 1475 1767 1519 et
1810 1464 1911 1534 ipsi
1943 1479 2008 1518 ex
2035 1477 2127 1516 eoo

2231 1293 2319 1340 tur
2351 1285 2482 1340 mihi
2512 1285 2778 1341 Dominus
2801 1286 3023 1349 dixisse,
3052 1284 3141 1340 ubi
3173 1284 3249 1338 ait
3274 1301 3288 1337 :
3320 1282 3428 1350 Qui
3452 1284 3511 1336 in
3534 1280 3831 1345 mecredit,

2228 1379 2418 1432 transit
2445 1378 2511 1432 de
2532 1386 2698 1432 morte
2720 1378 2788 1432 ad
2807 1379 2987 1444 suam,
3004 1394 3097 1432 nec
3120 1379 3177 1431 in
3194 1376 3461 1447 judicium
3482 1376 3623 1430 venit
3637 1373 3831 1441 (1m

2228 1470 2284 1540 v)
2319 1488 2333 1525 :
2364 1471 2419 1525 in
2440 1468 2708 1537 judicium
2734 1469 2943 1525 scilicet
2968 1467 3336 1524 manifestum.
3370 1468 3505 1522 Nam
3544 1466 3651 1520 hoc
3684 1464 3837 1533 quod

535 1552 659 1616 dem
687 1574 837 1626 arcu,
868 1559 921 1615 id
950 1567 1120 1614 estex
1146 1558 1351 1614 eisdem
1383 1557 1680 1627 Scripturis
1707 1556 1760 1610 in
1786 1555 1995 1609 animas
2018 1568 2124 1608 non

535 1654 805 1710 charitate
858 1652 1306 1719 inﬂammandas,
1362 1652 1456 1707 sed
1509 1650 1733 1706 venenis
1786 1647 2127 1720 perimendas

536 1746 806 1815 insiliunt,
835 1748 975 1818 quod
1010 1762 1115 1801 non
1144 1745 1411 1818 contingit
1449 1745 1550 1800 nisi
1592 1738 1709 1816 pro'
1732 1742 1962 1798 meritis.
1995 1740 2130 1795 Pro-

536 1850 726 1913 pterea
753 1841 948 1897 divinae
975 1839 1330 1911 providentia:
1377 1840 1541 1894 etiam
1570 1839 1670 1893 ista
1710 1835 1993 1905 dispositio
2032 1832 2130 1887 tri-

2236 1560 2435 1615 transit
2458 1560 2524 1614 de
2552 1568 2729 1615 morte
2759 1561 2827 1615 ad
2870 1561 3060 1624 vitam,
3084 1574 3186 1630 per
3213 1557 3527 1613 nonnullam
3572 1554 3839 1611 adlictio-

2230 1665 2376 1712 nem,
2415 1666 2520 1721 qua
2565 1649 2798 1723 ﬂagellat
2846 1651 3110 1706 Dominus
3158 1664 3375 1707 omnem
3430 1647 3601 1704 tilium
3662 1662 3839 1717 quem

2231 1744 2444 1814 recipit,
2455 1742 2717 1813 judicium
2743 1744 3016 1800 occultum
3040 1752 3148 1800 est.
3164 1743 3270 1810 Qui
3301 1752 3477 1797 autent
3502 1759 3609 1797 non
3631 1742 3841 1808 credit,

2232 1835 2428 1906 inquit,
2451 1837 2569 1907 jam
2591 1836 2866 1907 judicatus
2895 1845 2972 1892 est
3004 1835 3188 1907 (locis.
3219 1835 3343 1907 In);
3374 1834 3427 1890 id
3456 1844 3574 1899 est,
3606 1833 3845 1890 occulto

537 1902 748 1988 linenda
776 1940 881 1997 est,
916 1902 1022 1986 non
1064 1930 1190 2002 quia
1228 1931 1342 2000 ipsa
1379 1937 1690 2002 peccatores
1729 1902 1891 1982 faciat
1918 1923 2017 1999 [al.
2044 1923 2125 1977 ia-
2152 1902 2201 1963 Β
2225 1902 2430 1996 judicio
2446 1902 2561 1996 jam
2587 1902 2920 1997 praeparatus
2940 1902 3115 1982 ad
3142 1902 3671 1981 illud'manifestusn.
3704 1923 3843 1980 Haec

534 2022 653 2095 cit],
683 2024 776 2078 sed
824 2023 950 2094 quia
997 2022 1112 2095 ipsa
1156 2023 1373 2077 ordinat
1420 2038 1541 2078 cum
1590 2019 1953 2093 peccaverint.
1990 2016 2130 2072 Malo

535 2116 681 2171 enim
712 2123 837 2170 voto
858 2130 955 2186 per
979 2124 1262 2185 peccatum
1289 2115 1555 2187 legentes,
1588 2114 1728 2169 male
1757 2118 2023 2183 coguntur
2048 2111 2129 2165 in-

536 2206 806 2279 telligere,
835 2215 895 2261 ut
928 2208 1042 2277 ipsa
1086 2207 1157 2261 sit
1201 2221 1360 2277 ptena
1399 2206 1639 2277 peccati;
1688 2220 1918 2276 quorum
1947 2211 2129 2258 tamen

539 2305 715 2351 morte
751 2296 846 2352 lilii
877 2296 1160 2369 catholicae
1199 2297 1478 2363 Ecclesiae,
1506 2305 1764 2368 tanquam
1803 2296 2128 2367 quibusdam

535 2390 729 2460 spinis,
762 2406 791 2444 a
817 2405 1007 2446 somno
1037 2391 1366 2456 excitantur,
1406 2398 1465 2446 ut
1492 2390 1559 2446 ad
1591 2389 2001 2469 intelligentiam
2042 2386 2125 2442 di-

534 2481 783 2536 vinarum
816 2481 1106 2553 proﬁciant
1152 2480 1576 2553 Scripturarum.
1622 2481 1839 2553 Oportet
1887 2479 2023 2534 enim
2076 2488 2126 2533 et

538 2572 761 2628 images
796 2588 923 2635 esse,
952 2582 1008 2627 ut
1035 2573 1262 2644 probati,
1298 2573 1491 2643 inquit,
1523 2572 1789 2642 manifesti
1822 2571 1955 2640 fiant
1991 2571 2128 2624 inter

540 2678 625 2717 vos
645 2660 693 2734 (1
713 2662 835 2717 Cor.
859 2662 972 2735 x1);
1005 2663 1110 2719 hoc
1133 2673 1215 2719 est
1240 2663 1381 2718 inter
1404 2664 1677 2727 homines,
1704 2676 1825 2718 cum
1853 2658 2128 2716 manifesti

538 2756 645 2811 sint
676 2754 805 2811 Deo.
840 2754 924 2810 An
976 2754 1116 2812 forte
1153 2756 1373 2812 easdem
1424 2756 1646 2826 sagittas
1687 2763 1736 2808 et
1782 2770 1903 2808 uasa
1943 2753 2128 2808 mortis

535 2848 799 2920 disposuit
843 2847 910 2904 ad
961 2850 1258 2920 perniciem
1306 2846 1629 2913 inﬁdelium,
1662 2856 1718 2902 et
1758 2848 1998 2901 ardentes
2042 2844 2151 2901 vei-

539 2940 843 2996 ardentibus
874 2951 1117 3012 operatus
1152 2951 1228 2996 est
1267 2940 1334 2996 ad
1365 2940 1812 2996 exercitationem
1852 2939 2129 2995 ﬁdelium?

536 3030 653 3086 Non
686 3033 831 3087 enim
860 3031 1054 3087 falsum
1084 3042 1168 3087 est
1196 3033 1338 3103 quod
1368 3030 1657 3102 Apostolus
1683 3030 1814 3086 dicit
1839 3048 1851 3085 :
1879 3029 2011 3085 Aliis
2040 3048 2131 3086 su-

537 3137 653 3175 mus
676 3123 808 3177 odor
834 3123 953 3178 vita:
977 3122 1033 3178 in
1064 3124 1241 3191 vitam,
1266 3121 1386 3177 aliis
1419 3122 1551 3177 odor
1579 3124 1764 3178 mortis
1798 3123 1852 3178 in
1886 3133 2125 3180 mortem.

539 3210 607 3264 Et
636 3211 706 3264 ad
725 3212 837 3267 lucc
868 3214 986 3282 quis
1018 3212 1279 3267 idoneus?
1307 3212 1394 3285 (ΙΙ
1424 3212 1545 3267 Cor.
1579 3214 1664 3285 ιι.)
1700 3212 1813 3272 Νοιι
1860 3229 1990 3287 ergo
2028 3215 2131 3270 mi-

538 3316 664 3359 rum
711 3304 756 3360 si
808 3304 972 3361 iidem
1019 3307 1250 3378 apostoli
1296 3314 1354 3362 et
1396 3322 1524 3363 vasa
1565 3309 1757 3363 mortis
1797 3317 1924 3364 sunt
1962 3309 2043 3364 eis
2074 3309 2129 3365 in

536 3394 739 3463 quibus
763 3396 1193 3466 persecutionem
1218 3397 1362 3469 passi
1396 3406 1540 3461 sunt,
1565 3406 1620 3452 et
1644 3398 1816 3470 igneae
1829 3400 2038 3470 sagittae
2062 3399 2132 3455 ad

540 3485 924 3544 inﬂammanda
975 3489 1140 3545 corda
1187 3490 1546 3546 credentium.
1591 3489 1717 3547 Post
1762 3492 1903 3548 hanc
1946 3502 2130 3548 autem

539 3577 993 3649 dispensationem
1014 3578 1216 3649 justam
1240 3579 1341 3652 (at.
1363 3579 1595 3653 justum]
1622 3580 1799 3637 veniet
1818 3580 2083 3651 judicium
2110 3601 2126 3638 :

538 3671 607 3727 de
634 3687 742 3742 quo
782 3672 857 3727 ita
899 3672 1050 3738 dicit,
1074 3681 1136 3728 ut
1182 3673 1546 3745 intelligamus
1592 3673 1886 3745 unicuique
1922 3675 2129 3731 homini

540 3764 865 3835 supplicium
896 3765 1015 3822 fieri
1052 3767 1119 3822 de
1155 3777 1382 3837 peccato
1411 3782 1529 3835 suo,
1562 3776 1617 3823 et
1641 3766 1760 3837 ejus
1788 3768 2130 3839 iniquitatem

538 3854 593 3909 in
622 3867 840 3927 pinnam
882 3857 1147 3913 converti.
1181 3857 1259 3914 Ne
1295 3869 1546 3930 putemus
1584 3860 1730 3915 illam
1770 3860 2126 3931 tranquillita-

539 3956 649 4004 tem
697 3959 755 4007 et
802 3950 1075 4009 ineﬂ'abiie
1116 3953 1296 4010 iumen
1338 3953 1432 4011 Dei
1471 3956 1536 4011 de
1585 3973 1643 4012 se
1695 3942 1935 4028 proferre
1982 3959 2129 4016 unde

536 4048 761 4110 peccata
810 4043 1125 4113 puniantur,
1176 4045 1268 4101 sed
1318 4047 1436 4117 ipsa
1484 4057 1706 4118 peccata
1752 4050 1832 4105 sic
1874 4050 2128 4109 ordinare

538 4140 599 4186 ut
637 4133 765 4203 quia
792 4131 1010 4190 fuerunt
1050 4135 1441 4193 delectamenta
1478 4139 1679 4196 homini
1720 4142 1985 4212 peccanti,
2019 4144 2130 4199 sint

541 4221 901 4279 instrumenta
935 4225 1165 4282 Domino
1190 4228 1450 4298 punienti.

608 4314 894 4386 Augustini
936 4317 993 4371 in
1036 4318 1375 4390 expositione
1411 4320 1604 4391 psalmi
1631 4338 1685 4376 ιιι
1727 4339 1742 4375 :
1785 4320 1864 4377 De
1909 4323 2126 4379 occultis

539 4404 688 4462 Filii.
715 4406 848 4475 Quae
867 4418 992 4465 sunt
1020 4411 1186 4481 igitur
1207 4413 1418 4469 occulta
1444 4413 1678 4470 Filii?in
1701 4428 1807 4486 quo
1822 4420 1989 4474 verbo
2016 4420 2117 4490 pri-

535 4515 683 4556 mum
728 4499 1133 4574 intelligendum
1167 4513 1252 4559 est
1293 4521 1413 4561 esse
1437 4506 1615 4579 aliqua
1646 4508 1934 4567 manifesta
1977 4510 2122 4577 Filii,

2154 3268 2203 3331 C

2230 2019 2337 2071 duo
2357 2016 2566 2086 judicia
2592 2018 2757 2072 etiam
2782 2018 2837 2072 in
2865 2015 3143 2089 Sapientia
3168 2016 3419 2088 legimus,
3443 2016 3533 2072 ubi
3556 2018 3843 2086 scriptun

2229 2118 2314 2165 est
2340 2127 2353 2162 :
2382 2107 2608 2180 Propter
2627 2111 2726 2165 hoc
2760 2120 3014 2182 tanquam
3041 2110 3221 2181 pueris
3262 2109 3536 2164 insensstis
3554 2108 3845 2179 judiciu-

2227 2202 2285 2256 in
2312 2201 2543 2257 derisum
2571 2202 2796 2267 dedisti;
2818 2202 2871 2255 Ιιὶ
2893 2212 3069 2256 autem
3091 2201 3192 2256 hoc
3206 2200 3415 2271 judicio
3442 2216 3549 2255 non
3574 2200 3844 2265 correcti,

2230 2294 2448 2365 dignum
2478 2292 2578 2347 Dei
2615 2293 2881 2364 judicium
2925 2294 3193 2365 aperturi
3221 2301 3345 2347 sunt
3384 2291 3535 2363 (Sep.
3565 2291 3695 2362 an).
3732 2291 3849 2359 Qui

2230 2402 2361 2458 ergo
2398 2402 2507 2442 non
2539 2386 2890 2458 corriguntur
2914 2385 3007 2442 illo
3025 2386 3233 2459 judicio
3252 2385 3486 2450 occulto,
3505 2384 3848 2455 dignissime

2230 2478 2322 2534 illo
2372 2477 2661 2534 manifesto
2685 2478 3001 2549 punientur.
3048 2478 3170 2547 Quo
3198 2479 3344 2535 circa
3390 2477 3444 2531 in
3476 2476 3578 2532 hoc
3608 2476 3847 2546 psalmo

2229 2569 2569 2629 observanda
2589 2578 2717 2627 sunt
2736 2569 2945 2625 occulta
2968 2569 3121 2636 Filii,
3152 2571 3205 2626 id
3226 2576 3337 2634 est,
3363 2577 3421 2623 et
3448 2566 3675 2622 humilis
3716 2566 3849 2636 q'us

2231 2663 2517 2729 adventus,
2546 2662 2639 2733 qui
2682 2662 2890 2734 profuit
2936 2662 3207 2735 gentibus,
3256 2676 3381 2717 cum
3432 2660 3686 2717 caecitate
3741 2656 3849 2715 ln-

2231 2752 2505 2817 dazorum;
2537 2760 2594 2808 et
2615 2766 2775 2823 pinna
2798 2766 2919 2822 quae
2946 2767 3091 2809 nunc
3110 2751 3321 2808 occulte
3356 2753 3559 2822 agitur,
3579 2752 3847 2808 uolutum

2231 2845 2579 2901 damnatione
2603 2834 2973 2917 peccatorum,
3011 2846 3105 2902 sed
3134 2853 3229 2902 aut
3256 2845 3651 2902 exercitatione
3697 2861 3849 2902 coss-

2231 2938 2517 2994 versorum
2546 2947 2641 2994 aut
2681 2938 3051 2994 admonitione
3071 2948 3133 2993 ut
3159 2947 3573 3003 convertantur,
3595 2945 3701 2991 aut
3726 2953 3847 2993 ca-

2233 3030 2396 3085 citate
2426 3039 2485 3084 ut
2526 3029 2861 3085 damnationi
2886 3037 3261 3101 praeparentur
3287 3030 3380 3100 qui
3430 3029 3675 3085 converti
3732 3045 3847 3085 no-

2234 3121 2457 3177 luerunt
2486 3118 2610 3192 [al.,
2645 3118 2963 3193 noluerint].

2318 3220 2603 3292 Augustini
2654 3220 2709 3276 in
2757 3220 2896 3277 libro
2936 3236 2975 3275 ιι
3014 3221 3082 3277 de
3128 3220 3408 3291 Baptismo
3442 3218 3840 3291 parqu

2235 3309 2317 3365 Ad
2344 3309 2717 3366 Marcellinum
2755 3311 3001 3367 scribens
3029 3310 3131 3379 (De
3156 3318 3488 3381 peccatorum
3524 3308 3745 3364 ueritis
3788 3318 3843 3364 α

2236 3404 2436 3468 remis.,
2450 3403 2488 3458 l.
2506 3419 2566 3470 ιι,
2581 3420 2629 3461 c.
2646 3403 2721 3474 7),
2740 3404 2884 3487 inter
2896 3402 3004 3458 alia
3029 3403 3111 3459 sic
3130 3402 3269 3459 dixit
3288 3420 3303 3455 ε
3322 3401 3635 3472 ignorantia
3662 3400 3845 3472 igitur

2233 3506 2290 3553 et
2315 3496 2601 3553 inﬁrmitas
2632 3497 2763 3552 vitia
2788 3505 2914 3552 sunt
2934 3536 2949 3562 ,
2996 3510 3117 3566 qua:
3167 3493 3471 3566 impediunt
3492 3492 3841 3548 voluntatem

2232 3604 2302 3645 ne
2331 3597 2614 3645 moveatur
2634 3589 2703 3644 ad
2725 3587 3031 3644 faciendum
3057 3602 3195 3659 opus
3223 3587 3425 3642 bonum
3446 3584 3535 3639 vel
3560 3585 3635 3639 ab
3658 3599 3845 3655 opere

2234 3679 2377 3735 malo
2407 3668 2806 3736 abstinendum.
2854 3678 2927 3735 Ut
2954 3686 3134 3733 autem
3183 3677 3485 3732 innotescat
3519 3674 3667 3746 quod
3700 3674 3843 3733 late-

2232 3772 2358 3839 bat,
2403 3783 2459 3827 et
2501 3786 2668 3827 suave
2699 3772 2793 3826 ﬁat
2822 3770 2967 3842 quod
2995 3786 3103 3826 non
3133 3770 3457 3831 delectabat,
3501 3767 3681 3839 gratia
3742 3767 3841 3826 De:

2233 3872 2336 3931 est,
2365 3880 2489 3935 quae
2514 3864 2795 3920 hominum
2825 3864 3045 3920 ordinat
3070 3861 3192 3936 [al.,
3210 3861 3451 3935 adjuvat]
3479 3861 3839 3918 voluntates:

2231 3972 2336 4026 qua
2359 3964 2545 4012 utnon
2577 3955 2928 4027 adiuventur,
2956 3956 3011 4010 in
3040 3955 3173 4026 ipsis
3195 3954 3382 4009 itidem
3400 3968 3573 4010 causa
3598 3962 3711 4021 est,
3730 3970 3843 4011 nat

2230 4049 2284 4104 in
2322 4048 2468 4115 Deo,
2516 4049 2633 4105 sive
2681 4047 2977 4104 damnandi
3022 4047 3392 4119 prtedestinati
3422 4049 3557 4113 sint,
3608 4060 3844 4121 propta'

2230 4143 2577 4214 iniquitatem
2612 4140 2905 4214 superbiae,
2941 4141 3057 4197 sive
3085 4150 3273 4196 contra
3305 4141 3477 4212 ipsam
3517 4141 3839 4211 superbiam

2231 4252 2410 4303 suam,
2454 4234 2758 4306 judicandi,
2796 4242 2852 4289 et
2897 4232 3204 4298 erudiendi,
3252 4220 3297 4288 si
3327 4230 3423 4287 lilii
3463 4233 3575 4289 sint
3620 4233 3840 4288 miseri-

2231 4329 2450 4387 cordiaa.

2299 4418 2584 4491 Augustini
2614 4434 2680 4474 ex
2714 4418 2808 4474 lib.
2840 4432 2911 4473 xv
2935 4416 3004 4473 de
3028 4415 3264 4474 Civitate
3298 4413 3395 4470 Des
3422 4415 3577 4486 (cap.
3611 4413 3687 4485 1).
3720 4414 3833 4471 Ar-

2226 4512 2405 4569 bitror
2432 4521 2612 4569 tamen
2656 4512 2787 4568 satis
2816 4526 2915 4567 nos
2938 4509 3053 4581 jam
3109 4509 3304 4565 iecisse
3343 4504 3561 4578 magnis
3596 4514 3655 4563 et
3680 4505 3832 4562 diﬁ-

533 4592 830 4697 denquib‘us
876 4592 1289 4697 distinguantur.
1322 4598 1445 4697 haec
1486 4615 1605 4670 quae
1653 4602 1991 4673 appellantur
2039 4621 2129 4659 oe-
2153 4634 2206 4697 D
2233 4605 2449 4661 cillimis
2487 4604 2893 4674 qturstionihus,
2927 4603 2994 4659 de
3025 4601 3199 4667 initio,
3225 4600 3309 4655 vel
3346 4600 3415 4656 de
3463 4600 3574 4656 ﬁne
3603 4599 3829 4665 mundi;

534 4682 698 4740 culta.
727 4683 1093 4751 Quamobrem
1127 4689 1383 4758 quoniam
1413 4690 1549 4748 duos
1574 4693 1860 4767 ‘adventus
1909 4694 2123 4751 Domini

533 4775 827 4844 credimus,
867 4792 1032 4833 unum
1050 4781 1405 4850 praeteritum,
1435 4798 1595 4854 quem
1620 4781 1791 4840 Judaei
1821 4800 1928 4841 non
1968 4786 2125 4841 intel-

530 4869 815 4939 lexerunt;
853 4870 1080 4928 alterum
1137 4870 1374 4929 futurum
1401 4916 1415 4941 ,
1467 4890 1625 4947 quem
1675 4876 1889 4947 utrique
1934 4894 2121 4949 spera-

535 4977 657 5018 mus
690 4976 706 5016 :
736 4969 791 5019 et
831 4962 1088 5035 quoniam
1119 4963 1252 5031 iste,
1282 4981 1443 5037 quem
1488 4964 1656 5023 Jndtei
1696 4982 1802 5022 non
1840 4967 2122 5025 intellexe-

535 5060 678 5119 runt,
706 5048 960 5126 gentibus
980 5052 1200 5126 profuit,
1241 5071 1349 5111 non
1384 5056 1826 5113 inconvenienter
1857 5058 2125 5129 accipitur

535 5145 603 5202 de
622 5147 726 5203 hoc
746 5147 981 5203 adventu
1007 5148 1231 5215 dictum,
1256 5163 1353 5218 pro
1378 5148 1594 5203 occultis
1616 5146 1769 5214 Filii,
1790 5148 1883 5204 ubi
1905 5150 2123 5206 czecitas

537 5252 606 5295 ex
648 5248 805 5311 parte
827 5240 993 5296 Israel
1022 5239 1163 5297 facta
1212 5250 1329 5309 est,
1358 5250 1418 5297 ut
1461 5241 1737 5312 plenitudo
1775 5243 2011 5315 gentium
2040 5244 2124 5299 in-

541 5341 711 5389 traret
740 5330 914 5405 (Rom.
948 5334 1049 5406 Ii).
1082 5336 1197 5390 Duo
1227 5334 1373 5391 enim
1402 5334 1608 5405 judicia
1652 5334 1999 5390 insinuantur
2028 5350 2126 5407 per

542 5424 872 5497 Scripturas,
919 5427 965 5482 si
1009 5426 1130 5498 quis
1162 5427 1409 5482 advertat
1433 5442 1448 5481 :
1472 5442 1638 5481 unum
1669 5426 1965 5494 occultum,
1990 5429 2127 5484 aite-

541 5533 663 5572 rutu
714 5516 1077 5573 manifestum.
1124 5516 1405 5574 Occultum
1456 5534 1599 5572 nunc
1644 5520 1851 5589 agitur,
1904 5520 1971 5576 de
2016 5536 2126 5592 quo

545 5606 823 5676 apostolus
844 5606 1037 5663 Petrus
1062 5606 1191 5662 dicit
1222 5626 1235 5662 :
1272 5606 1495 5679 Tempus
1528 5620 1602 5664 est
1628 5618 1683 5663 ut
1697 5609 1964 5681 judicium
1992 5611 2126 5666 inci-

545 5697 651 5767 piat
669 5697 872 5752 adomo
896 5699 1105 5754 Domini
1121 5698 1170 5769 (l
1198 5700 1341 5756 Petr.
1360 5702 1459 5773 tv).
1476 5702 1758 5758 Occultum
1786 5705 1971 5773 itaque
1983 5704 2129 5773 judi-

547 5787 694 5841 cium
723 5797 808 5842 est
838 5804 999 5857 paena
1027 5806 1133 5860 qua
1170 5778 1312 5847 nunc
1342 5795 1709 5865 unusquisque
1730 5795 2010 5852 hominum
2033 5804 2128 5853 aut

550 5887 837 5935 exercetur
861 5880 928 5934 ad
967 5883 1359 5955 purgationem,
1389 5894 1483 5942 aut
1530 5888 1852 5947 admonetur
1876 5893 1944 5951 ad
1993 5909 2125 5951 con-

2234 4699 2318 4754 vel
2351 4698 2586 4763 animm,
2634 4698 2803 4768 ipsius
2848 4695 3063 4767 generis
3109 4693 3365 4760 humani;
3419 4692 3567 4763 quod
3616 4693 3670 4748 in
3720 4694 3829 4748 duo

2233 4806 2434 4863 genera
2481 4789 2893 4856 distribuimus,
2950 4804 3117 4843 unum
3164 4801 3355 4845 eorum
3401 4786 3495 4857 qui
3525 4786 3825 4842 semiudum

2234 4880 2549 4945 hominem;
2608 4878 2839 4933 alterum
2901 4890 3090 4933 eorum
3147 4875 3238 4945 qui
3296 4874 3598 4931 secundum
3652 4872 3827 4928 Deum

2233 4971 2436 5027 vivant.
2459 4970 2605 5039 Quas
2623 4970 2752 5025 item
2778 4969 3008 5041 mystice
3034 4966 3372 5039 appellamus
3384 4967 3639 5023 civitates
3658 4964 3822 5030 duas,

2234 5064 2337 5121 hoc
2388 5072 2508 5130 est,
2565 5063 2700 5119 duas
2749 5062 3038 5117 societates
3085 5060 3391 5127 hominum,
3419 5074 3655 5130 quarum
3718 5073 3824 5112 una

2231 5163 2317 5212 est
2348 5169 2469 5225 quae
2498 5153 2874 5225 praedestinata
2919 5162 3004 5208 est
3054 5152 3109 5207 in
3138 5161 3403 5207 aeternum
3430 5166 3665 5223 regnare
3694 5165 3821 5205 cum

2232 5246 2379 5312 Deo;
2422 5245 2615 5312 altera,
2662 5253 2923 5323 aeternum
2970 5243 3296 5315 supplicium
3325 5242 3511 5299 subire
3536 5257 3663 5298 cum
3704 5242 3824 5297 dia-

2231 5336 2374 5393 bolo.

2306 5427 2589 5500 Augustini
2622 5428 2687 5484 de
2720 5426 3061 5483 Perfectione
3089 5426 3360 5492 hominis,
3403 5426 3475 5482 ad
3498 5425 3821 5496 Eutropiusn

2236 5530 2293 5577 et
2315 5521 2562 5576 Paulum.
2591 5520 2733 5574 Deus
2759 5521 2825 5575 de
2861 5519 2987 5575 ctelo
3019 5519 3245 5591 respexit
3278 5534 3436 5590 super
3459 5517 3603 5586 ﬁlios
3646 5516 3817 5571 tioni-

2238 5632 2384 5679 num,
2409 5624 2465 5667 ut
2506 5614 2673 5669 videat
2703 5613 2748 5667 si
2775 5622 2850 5667 est
2876 5612 3195 5683 intelligens,
3222 5620 3314 5665 aut
3342 5612 3615 5682 requiras:
3648 5609 3819 5663 Deus

2238 5706 2409 5777 (Psal.
2465 5708 2605 5778 xui).
2650 5704 2763 5761 Hoc
2808 5720 2938 5778 ergo
2984 5705 3185 5761 bonum
3233 5704 3374 5774 quod
3411 5711 3499 5758 est
3538 5702 3823 5774 requirat:

2238 5798 2437 5865 Deum,
2480 5815 2589 5854 non
2633 5805 2754 5854 erat
2794 5796 2887 5867 qui
2939 5794 3166 5863 iaceret,
3212 5811 3319 5851 non
3362 5804 3487 5851 erat
3539 5810 3711 5869 usque
3753 5792 3823 5847 ad

2239 5906 2424 5960 unum,
2456 5892 2551 5948 sed
2577 5891 2631 5947 in
2655 5906 2722 5946 eo
2748 5902 2946 5963 genere
2970 5888 3254 5945 hominum
3301 5887 3446 5960 quod
3468 5882 3823 5960 praedestina-
