4064 6346
555 301 653 361 99i

1553 291 1612 349 Β.
1650 284 2023 347 PRUDENTII
2058 281 2448 342 'TRECENSIS
2489 279 2796 339 EPISCOPI

3724 278 3828 338 993

628 419 758 473 Item
789 416 842 473 in
883 413 1074 472 eodem
1119 412 1257 486 (cap.
1306 410 1393 483 19)
1428 429 1440 464 :
1473 409 1554 465 Ad
1598 409 1925 463 voluntatem
1976 404 2139 476 igitur
2165 405 2215 466 Α
2241 401 2376 456 catis
2419 399 2692 456 hominem
2732 412 2840 453 non
2877 395 3112 467 puniret.
3147 395 3244 452 Dei
3279 395 3426 452 enim
3469 395 3828 468 praedestina-

559 511 758 566 malam
795 510 938 566 Deus
966 508 1239 565 hominem
1279 520 1385 560 non
1421 501 1848 574 praedestinavit,
1883 498 2009 571 quia
2041 497 2140 552 ho-

560 602 692 657 mini
746 616 865 656 eam
915 601 1138 654 daturus
1181 597 1296 668 ipse
1325 611 1450 651 anon
1504 595 1623 649 fuit.
1670 592 1950 662 Quomodo
1979 591 2139 646 'enim

563 694 707 748 Deus
723 692 1021 755 hominem,
1039 705 1198 761 quem
1221 688 1591 760 adimaginem
1611 701 1764 742 suam
1777 684 1924 749 fecit,
1938 683 2141 754 praede-

561 785 791 841 stinaret
824 785 890 838 ad
925 783 1120 837 malam
1150 781 1680 850 voluntatem,quam
1705 779 1817 850 ipse
1837 793 1943 834 non
1976 776 2140 832 fecit?

630 878 759 932 Item
795 876 850 932 in
883 877 1069 930 eodem
1098 875 1234 946 (cap.
1271 873 1361 945 2i)
1392 889 1406 928 :
1439 873 1609 929 Porro
1648 881 1825 928 autem
1870 887 1993 928 cum
2039 886 2137 926 ne-

562 983 691 1038 gare
733 981 840 1021 non
887 966 1158 1036 possimus
1209 981 1239 1019 a
1287 965 1398 1020 Deo
1444 961 1586 1020 bono
1627 963 1827 1020 factum
1865 963 2139 1018 hominem

562 1053 783 1119 bonum,
808 1053 853 1108 si
883 1053 1180 1109 dixerimus
1220 1068 1342 1108 eum
1381 1069 1410 1108 a
1451 1053 1561 1110 Deo
1590 1054 2029 1124 praedestinatum
2072 1053 2139 1107 ad

560 1157 696 1212 opus
722 1143 939 1212 aliquod
970 1142 1191 1208 malum,
1224 1158 1322 1197 nos
1372 1142 1482 1198 Deo
1524 1142 1858 1198 misericordi
1905 1150 1960 1196 et
1991 1139 2140 1209 justo

561 1233 666 1290 tale
711 1249 868 1305 opus,
897 1235 1039 1305 quod
1085 1235 1247 1301 absit,
1273 1234 1616 1299 ascribimus,
1647 1234 1736 1289 ubi
1779 1249 1880 1290 nec
1923 1233 2140 1288 miseri-

561 1341 683 1381 cors
712 1327 882 1396 possit
913 1326 1162 1391 inveniri,
1194 1341 1294 1381 ncc
1329 1324 1527 1393 justus.
1559 1325 1616 1380 Si
1645 1325 1786 1379 enim
1827 1340 1949 1379 cum
1976 1340 2004 1378 a
2029 1323 2140 1380 Deo

2243 493 2387 549 tione
2407 499 2502 546 aut
2519 497 2864 561 peccatorum
2891 491 3195 559 przep'arata
3220 497 3306 544 est
3326 487 3715 559 pia'remissio,
3741 500 3834 546 aut

2238 590 2582 654 peccatorum
2607 580 2752 651 justa
2794 580 3023 652 punitio.
3057 579 3344 650 Nunquam
3377 580 3548 652 igitur
3597 581 3744 636 Deus
3766 582 3832 636 ad

2239 671 2342 727 hoc
2366 671 2641 727 hominem
2671 671 2846 743 potuit
2869 671 3280 742 praedestinare,
3304 671 3450 742 quod
3489 671 3612 742 ipse
3637 688 3834 742 propo-

2240 769 2422 817 suerat
2435 771 2490 816 et
2509 768 2784 832 praecepto
2803 761 3112 832 prohibere,
3130 769 3185 816 et
3199 761 3583 817 misericordia
3600 761 3832 828 diluere,

2240 860 2296 907 et
2311 850 2517 921 justitia
2545 852 2756 922 punire.
2782 851 3000 923 iniquos
3022 852 3204 922 itaque
3222 867 3360 922 quos
3384 853 3671 924 praescivit
3697 853 3835 908 Deus

2240 944 2381 999 hanc
2425 945 2591 998 vitam
2634 943 2688 999 in
2727 953 2951 1015 peccato
2983 945 3391 1008 terminaturos,
3419 945 3837 1016 praedestinavit

2241 1035 2500 1106 supplicio
2525 1035 2910 1092 interminabili
2939 1037 3258 1108 puniendos,
3284 1036 3341 1090 in
3379 1051 3489 1106 quo
3537 1037 3687 1091 sicut
3722 1037 3834 1092 cnl-

2240 1126 2414 1198 panda
2458 1142 2564 1182 non
2611 1135 2694 1181 est
2736 1127 3070 1197 przescientia
3109 1127 3358 1182 humana:
3403 1127 3738 1196 iniquitatis.
3768 1129 3836 1182 ita

2241 1217 2642 1287 prmdestinatio
2679 1216 2946 1273 laudanda
2989 1226 3074 1274 est
3122 1217 3362 1284 ultionis,
3387 1229 3448 1274 ut
3476 1231 3835 1290 agnoscatur,

2241 1325 2348 1364 non
2376 1310 2443 1365 ab
2473 1324 2538 1365 eo
2577 1310 3016 1381 pmdestinatum
3047 1311 3319 1366 hominem
3357 1313 3426 1368 ad
3456 1312 3839 1384 qualecunque

2241 1411 2559 1475 peccatum,
2601 1417 2760 1472 quem
2800 1402 3203 1474 praedestinavit
3231 1404 3442 1474 peccati
3490 1405 3700 1461 merito
3740 1420 3838 1476 pu-

2243 1495 2518 1551 niendum.

2313 1587 2446 1645 Item
2478 1589 2533 1644 in
2565 1589 2752 1644 eodem
2793 1589 2928 1661 (cap.
2975 1589 3068 1660 24)
3101 1589 3202 1645 :Et
3231 1589 3358 1645 licet
3389 1590 3443 1644 in
3470 1589 3596 1662 ejus
3625 1591 3842 1662 praede-

563 1415 719 1471 lieret
747 1417 928 1482 homo,
963 1416 1042 1471 sic
1081 1423 1200 1470 erat
1237 1416 1288 1470 in
1333 1415 1582 1486 prtesenti
1610 1430 1772 1484 opere
1799 1414 1917 1480 Dei,
1944 1415 2138 1481 bonus,

561 1515 619 1560 ut
646 1509 699 1561 in
728 1506 1203 1576 praedestinatione
1225 1504 1339 1574 ejus
1362 1514 1504 1560 esset
1528 1505 1730 1572 malus;
1764 1505 1949 1576 procul
1979 1506 2140 1562 dubio

563 1595 656 1650 Dei
687 1611 851 1667 opere
883 1577 1065 1652 malus
1105 1597 1316 1651 futurus
1342 1605 1480 1662 erat,
1512 1611 1542 1650 a
1572 1611 1680 1666 quo
1717 1597 1781 1650 ad
1809 1597 2139 1666 peccandum

561 1687 977 1758 praedestinatus
1026 1685 1208 1742 ﬁebat.
1261 1685 1360 1742 Ubi
1421 1687 1602 1743 statim
1656 1685 1744 1740 illa
1795 1686 2142 1756 consequitur
2245 1680 2538 1736 stinatione
2565 1696 2671 1736 non
2705 1675 2888 1748 fuerit,
2918 1691 2978 1737 ut
3009 1682 3267 1738 malitiam
3290 1684 3544 1738 humana:
3571 1683 3844 1738 voluntati

561 1774 885 1840 absurditas,
920 1784 979 1830 ut
1012 1776 1243 1842 dicatur,
1271 1776 1397 1845 quia
1439 1775 1582 1829 Deus
1608 1773 1698 1846 (de
1735 1789 1842 1845 quo
1875 1774 2139 1845 Propheta
2167 1763 2215 1824 Β
2243 1775 2500 1839 dedisset,
2542 1772 2642 1828 fuit
2691 1783 2869 1830 tamen
2906 1775 2960 1829 in
3012 1775 3130 1843 ejus
3173 1776 3688 1846 praedestinatione,
3713 1776 3847 1848 quid

563 1867 712 1933 dicit,
742 1869 830 1939 qui
874 1867 996 1936 fecit
1028 1883 1146 1937 qua:
1189 1866 1368 1936 futura
1409 1867 1551 1935 sunt)
1585 1865 1637 1920 in
1670 1881 1728 1920 se
1756 1866 1943 1921 habuit
1977 1867 2142 1938 (quod
2245 1865 2493 1920 humana:
2519 1865 2812 1920 voluntatis
2835 1865 3053 1921 malitiae
3075 1867 3413 1924 reddidisset.
3445 1868 3689 1940 Propter
3717 1870 3843 1935 hoc,

564 1955 725 2028 absit)
756 1955 1058 2026 iniquitatis
1086 1955 1369 2027 originem,
1396 1955 1441 2010 si
1466 1955 1740 2012 hominem
1784 1971 1814 2009 a
1851 1970 1909 2010 se
1940 1955 2142 2011 factum
2243 1956 2370 2026 quia
2396 1956 2537 2010 sicut
2559 1955 2844 2010 Psalmista
2865 1965 3130 2012 testatur:
3157 1957 3456 2013 Misericors
3473 1970 3552 2014 est
3577 1959 3846 2016 Dominus

566 2049 681 2119 ipse
756 2050 1234 2120 praedestinaverat
1303 2058 1664 2121 peccatorem.
1734 2050 2143 2108 Praedestinatio
2244 2054 2291 2099 et
2311 2046 2492 2116 justus
2516 2045 2689 2115 (Psal.
2709 2046 2840 2118 cxi),
2869 2047 3270 2117 praedestinavit
3285 2049 3460 2119 justos
3482 2050 3552 2104 ad
3577 2050 3843 2120 gloriam,

563 2141 706 2196 enim
753 2140 903 2212 ejus,
957 2141 1278 2213 praeparatio
1322 2151 1405 2197 est
1450 2157 1672 2213 operum
1707 2139 1842 2210 ejus.
1892 2141 1959 2196 Et
2006 2143 2146 2196 sicut
2245 2138 2457 2207 iniquos
2487 2139 2554 2192 ad
2587 2125 2824 2209 poenam.
2879 2137 3246 2195 Justilicandis
3292 2157 3422 2212 ergo
3462 2152 3628 2212 atque
3669 2143 3846 2214 glori-

568 2233 824 2302 competit
852 2232 962 2288 Deo
988 2233 1233 2312 hono,_ut
1274 2249 1432 2288 causa
1465 2235 1532 2288 sit
1570 2233 1738 2288 totius
1769 2233 1948 2303 operis
1975 2233 2100 2288 boni
2127 2251 2139 2287 :
2247 2233 2472 2288 licandis
2500 2234 2938 2303 praedestinatum
2969 2237 3356 2294 misericordia:
3385 2254 3494 2293 sua:
3519 2255 3666 2308 Opus
3699 2255 3848 2309 pra:-

570 2325 650 2381 sic
680 2325 1032 2397 incongruum
1067 2333 1151 2380 est
1200 2334 1260 2379 ιιι
1295 2326 1346 2380 in
1381 2327 1495 2396 ipso
1523 2334 1930 2396 puteturcausa
1959 2325 2143 2396 cujus-
2246 2324 2386 2379 dixit
2430 2325 2639 2395 pariter
2685 2334 2738 2380 et
2769 2327 3054 2397 promisit:
3081 2328 3282 2399 iniquis
3331 2339 3508 2384 autem
3543 2332 3850 2400 praedesti-

587 2422 700 2477 ihet
746 2422 925 2492 aperis
973 2421 1124 2476 mali.
1172 2421 1374 2477 Deinde
1420 2423 1784 2488 attendamus,
1825 2422 1952 2493 quia
2001 2421 2144 2477 nulla

2254 2425 2434 2471 natum
2488 2417 2709 2487 justitiae
2763 2434 2874 2473 sua:
2925 2435 3060 2491 opus
3110 2420 3358 2490 praedixit
3417 2425 3846 2488 tantummodo,

570 2513 707 2568 ratio
745 2502 1145 2584 redditur,'qua
1174 2513 1334 2569 homo
1375 2515 1440 2570 ad
1478 2522 1759 2584 peccatum
1795 2513 2147 2584 praedestina-
2247 2523 2354 2562 non
2408 2509 2657 2579 promisit
2681 2508 2819 2581 (cap.
2859 2510 2970 2581 25).
3031 2510 3183 2578 Quod
3231 2511 3275 2566 si
3316 2511 3437 2582 quis
3475 2523 3699 2582 quzerat
3750 2529 3854 2569 cur

565 2611 656 2660 tus
686 2619 715 2657 a
745 2604 854 2658 Deo
876 2603 1148 2658 credatur.
1186 2602 1241 2659 Si
1269 2604 1412 2660 enim
1441 2603 1492 2658 in
1520 2603 1605 2659 his
1631 2619 1766 2674 quos
1795 2605 1937 2659 Deus
1963 2612 2018 2660 et
2043 2603 2147 2658 Pa-
2247 2597 2390 2653 Deus
2467 2599 2647 2654 omnia
2723 2600 2940 2670 quidem
3025 2602 3402 2672 praedestinata
3477 2604 3849 2674 pmdixerit,

567 2700 654 2747 ter
675 2691 885 2748 Domini
920 2693 1089 2749 nostri
1111 2691 1240 2748 Jesu
1271 2692 1470 2748 Christi
1496 2693 1770 2748 benedixit
1798 2694 1850 2748 in
1875 2694 2021 2748 omni
2047 2695 2144 2750 be-
2246 2703 2356 2743 non
2414 2696 2594 2745 tamen
2652 2692 2831 2746 omnia
2871 2691 3246 2761 przedestinata
3297 2695 3658 2765 promiserit?
3739 2695 3854 2752 Re-

567 2786 874 2841 nedictione
917 2785 1144 2857 spiritali
1190 2785 1243 2841 in
1291 2784 1604 2842 celestibus
1650 2785 1703 2840 in
1744 2785 1960 2842 Christo
1996 2785 2142 2851 Jesu,
2248 2783 2573 2853 spondemus
2646 2785 3059 2855 promissionem
3130 2787 3236 2842 dici
3308 2803 3414 2843 non
3471 2803 3632 2858 posse
3664 2833 3683 2854 ,
3741 2791 3852 2845 nisi

565 2880 709 2934 sicut
745 2879 910 2950 elegit
952 2892 1044 2934 eos
1091 2879 1143 2933 in
1181 2878 1465 2943 charitate,
1495 2877 1584 2948 qui
1619 2879 2024 2948 praedestinavit
2052 2895 2146 2934 eos
2248 2892 2372 2934 cum
2401 2876 2602 2948 aliquid
2631 2877 2695 2932 ad
2728 2878 2829 2934 hoc
2867 2879 3176 2948 pmdicitur
3206 2879 3534 2946 faciendum,
3559 2892 3616 2936 ut
3663 2885 3852 2954 possit

569 2971 624 3026 in
666 2972 1006 3040 adoptionem
1048 2971 1280 3027 ﬁliorum
1320 2986 1416 3042 per
1455 2969 1635 3026 Jesum
1667 2970 1940 3027 Christum
1979 2973 2032 3026 in
2065 2972 2146 3042 ip-
2248 2967 2298 3023 ei
2328 2967 2414 3022 cui
2445 2967 2779 3037 promittitur
2805 2969 3062 3040 prodesse
3082 2968 3194 3038 jam
3228 2970 3451 3027 factum.
3485 2970 3554 3027 Et
3591 2976 3852 3044 promis-

565 3073 715 3117 sum.
741 3061 798 3117 Si
838 3077 968 3133 ergo
1016 3062 1067 3116 in
1110 3062 1195 3117 his
1227 3076 1388 3116 causa
1423 3061 1906 3132 praedestinationis
1933 3077 2144 3131 quzera-

2250 3074 2369 3114 sum
2394 3074 2607 3129 semper
2625 3075 2747 3116 esse
2775 3061 2920 3127 doni,
2946 3079 3052 3118 non
3081 3079 3293 3134 semper
3318 3079 3439 3121 esse
3455 3065 3644 3135 judicii
3670 3086 3688 3136 ;
3717 3085 3852 3126 cum

574 3163 682 3220 tur,
713 3171 819 3210 non
855 3128 1040 3226 utique
1079 3155 1206 3223 alia,
1238 3157 1332 3212 sed
1373 3128 1487 3212 sola
1533 3155 1767 3227 gratuita
1798 3153 1894 3210 Dei
1935 3128 2146 3210 miseri-
2173 3128 2219 3192 Ο
2249 3152 2753 3224 promissiiargitas
2792 3168 3007 3224 semper
3047 3128 3339 3219 heatiiicet,
3360 3128 3550 3224 iudicii
3589 3128 3735 3215 vero
3765 3177 3856 3216 se-

573 3245 758 3301 cordia
786 3245 1071 3314 reperitur.

643 3335 774 3391 Item
808 3337 860 3389 in
883 3335 1071 3392 eodem
1099 3335 1236 3406 (cap.
1265 3332 1361 3406 2‘2)
1388 3353 1403 3390 :
1426 3334 1485 3390 In
1513 3334 1599 3391 his
1629 3342 1808 3390 autem
1835 3336 1925 3407 qui
1956 3346 2150 3407 putan-

574 3435 660 3482 tur
693 3427 1078 3497 praadestinati,
1107 3441 1214 3481 non
1261 3426 1330 3481 ad
1382 3424 1574 3481 luenda
1617 3426 1894 3498 supplicia,
1940 3431 2036 3484 sed
2081 3429 2151 3486 ad

569 3521 928 3593 perpetranda
977 3531 1218 3592 peccata,
1253 3536 1375 3577 cum
1419 3535 1582 3576 causa
1612 3521 1780 3592 ipsius
1809 3523 2153 3593 praedestina-

569 3612 735 3668 tionis
762 3613 1045 3682 qmeritur,
1071 3627 1176 3667 non
1202 3613 1418 3668 invenio
1449 3613 1576 3682 quid
1609 3613 1937 3683 respondere
1955 3615 2149 3685 possit,

571 3704 817 3775 quisquis
856 3705 996 3760 hanc
1038 3718 1284 3759 asserere
1329 3703 1639 3759 meditatur.
1681 3702 1931 3774 Nunquid
1984 3705 2150 3771 enim,

571 3797 712 3854 sicut
732 3803 879 3852 recte
901 3797 1151 3860 dicimus,
1168 3795 1237 3850 ad
1256 3796 1359 3850 hoc
1377 3795 1790 3865 praedestinatos
1811 3803 2050 3861 sanctos,
2073 3804 2150 3862 ut,

573 3889 684 3946 Deo
712 3889 768 3944 in
797 3889 877 3944 eis
908 3887 1333 3944 misericorditer
1362 3895 1640 3958 operante,
1677 3901 1743 3942 ex
1771 3886 1930 3942 malis
1960 3887 2153 3942 tierent

573 3981 722 4045 honi,
750 3989 805 4035 et
835 3995 902 4035 ex
934 3979 1114 4048 impiis
1145 3977 1316 4046 justi?
1339 3977 1492 4046 Quod
1521 3994 1643 4034 cum
1677 3977 1926 4042 dicimus,
1961 3979 2028 4034 ad
2058 3977 2154 4034 Dei

574 4069 796 4138 gloriam
821 4069 1049 4125 dicimus
1074 4087 1087 4122 :
1112 4067 1365 4138 Nunquid
1410 4068 1491 4123 sic
1536 4077 1683 4124 recte
1724 4069 1908 4123 dicere
1951 4070 2157 4138 poteri-

576 4174 717 4224 mus,
753 4159 821 4214 ad
866 4159 970 4214 hoc
1016 4159 1426 4229 praedestinatos
1471 4159 1684 4229 iniquos
1726 4166 1784 4213 ut
1832 4158 1943 4215 Deo
1970 4160 2022 4216 in
2054 4161 2153 4226 eis,

574 4252 678 4308 etsi
707 4265 815 4307 non
857 4251 1311 4320 misericOrditer,
1359 4251 1551 4307 saltem
1579 4251 1724 4321 juste
1775 4261 2057 4323 operante,
2088 4269 2156 4308 ex

576 4343 734 4399 bonis
762 4343 956 4399 tierent
993 4344 1138 4407 mali,
1171 4352 1263 4399 aut
1284 4345 1355 4399 ex‘
1370 4343 1535 4413 justis
1573 4343 1763 4398 tierent
1795 4345 1979 4414 impii?
2004 4346 2157 4401 Absit

577 4434 681 4490 hoc
705 4450 737 4490 ει
765 4435 938 4500 nobis,
981 4443 1036 4492 et
1076 4435 1143 4490 ab
1181 4436 1431 4491 omnibus
1474 4435 1816 4499 Christianis,
1845 4446 1903 4491 ut
1932 4453 2150 4493 causam

577 4525 860 4595 cujuslibet
883 4527 1090 4598 peccati
1124 4526 1409 4597 quisquam
1439 4525 1698 4594 deputare
1737 4525 1931 4582 divina:
1957 4529 2153 4584 audeat

576 4619 816 4688 aequitati
836 4637 849 4672 :
866 4635 988 4674 cum
1012 4633 1112 4674 nec
1134 4617 1372 4682 malitizn,
1394 4631 1493 4672 nec
1521 4616 1813 4686 impietatis
1832 4617 2151 4690 cujusquam

577 4725 739 4766 causa
771 4725 890 4765 esse
920 4709 1109 4778 possit.

648 4802 780 4856 item
809 4801 862 4854 in
901 4799 1088 4854 eodem
1121 4795 1258 4868 (cap.
1289 4795 1381 4867 25)
1407 4814 1420 4850 :
1445 4794 1576 4864 Quis
1617 4811 1745 4868 ergo
1772 4804 1925 4868 putet
1953 4812 1983 4852 a
2012 4798 2155 4855 bono

579 4907 645 4949 ac
671 4892 820 4948 suavi
857 4890 969 4946 Deo
997 4889 1436 4960 praedestinatum
1479 4889 1751 4945 hominem
1787 4898 1882 4944 aut
1908 4891 1973 4946 ad
1999 4891 2155 4946 mali-

579 4987 712 5041 tiam
743 4983 1054 5047 voluntatis,
1085 4997 1191 5052 qua
1235 4983 1433 5037 bonum
1476 4981 1645 5038 Deum
1687 4983 2037 5052 relinqueret,
2062 4993 2155 5038 aut

580 5079 648 5133 ad
671 5073 1086 5132 amaritudinem
1103 5074 1480 5142 contumaciae,
1497 5090 1600 5145 qua
1626 5091 1844 5132 suavem
1870 5078 2154 5132 Dominum

581 5186 689 5226 non
719 5169 966 5224 timeret?
989 5168 1223 5224 Proinde
1266 5166 1513 5224 fidelibus
1555 5169 1802 5238 congruit
1841 5169 2062 5224 credere
2101 5178 2156 5224 et

581 5261 850 5328 conﬁteri,
877 5262 1045 5317 Deum
1089 5261 1289 5316 bonum
1318 5269 1376 5316 et
1407 5260 1610 5332 justum
1640 5260 1918 5331 przescisse
1939 5262 2154 5331 quidem

580 5364 898 5428 peccaturos
938 5354 1208 5419 homines,
1256 5355 1383 5424 quia
1425 5353 1554 5408 nihil
1598 5369 1720 5409 eum
1768 5354 1938 5410 latere
1982 5355 2156 5424 potuit

581 5447 886 5505 futurorum
918 5433 1114 5517 (neque
1144 5447 1289 5504 enim
1329 5445 1412 5502 vel
1445 5445 1625 5500 futura
1667 5453 1850 5500 essent
1874 5446 1920 5499 si
1951 5446 2003 5500 in
2044 5443 2160 5514 ejus

585 5540 921 5610 praescientia
953 5555 1062 5595 non
1093 5538 1341 5610 fuissent)
1365 5553 1380 5593 :
1403 5552 1509 5594 non
1544 5547 1720 5594 tamen
1747 5537 2160 5609 przedestinasse

587 5631 881 5698 quemlibet
910 5630 1183 5687 hominem
1220 5629 1288 5686 ad
1311 5638 1616 5700 peccatum,
1646 5630 1772 5699 quia
1803 5629 1846 5684 si
1879 5629 1945 5684 ad
1974 5643 2162 5699 pecca-

590 5726 703 5773 tum
727 5719 944 5783 aliquod
979 5719 1248 5776 hominem
1279 5717 1422 5775 Deus
1446 5719 1874 5788 prmdestinaret,
1910 5731 2006 5789 pro
2032 5731 2162 5790 pec-

2249 3244 2448 3298 veritas
2475 3243 2762 3314 aliquando
2777 3245 3081 3301 contristet.
3106 3245 3257 3313 Quod
3274 3245 3538 3318 Propheta
3558 3259 3852 3318 metuens,

2250 3333 2553 3403 hujusmodi
2587 3336 2655 3390 ad
2699 3336 2867 3392 Deum
2910 3337 3211 3393 orationem
3257 3337 3516 3394 eifundit:
3547 3339 3630 3395 Ne
3679 3345 3851 3397 imre:

2250 3425 2305 3479 in
2333 3425 2538 3496 judicio
2569 3443 2688 3481 cum
2723 3443 2866 3482 servo
2901 3439 3014 3494 tuo,
3043 3431 3167 3500 quia
3209 3446 3312 3486 non
3349 3432 3750 3502 justi/imbitur
3795 3439 3852 3492 in

2250 3526 2525 3588 conspectu
2547 3526 2636 3572 tuo
2660 3520 2827 3574 omnis
2848 3520 3014 3575 vivens
3037 3520 3208 3594 (Paul.
3233 3524 3421 3595 cun).
3447 3524 3668 3582 Sciebat
3695 3530 3853 3586 enim

2253 3615 2479 3662 cunctos
2500 3607 2617 3677 pari
2647 3609 2965 3665 retinendos
2992 3611 3288 3681 punitionis
3307 3614 3544 3682 vinculo,
3561 3617 3666 3672 nisi
3703 3619 3856 3676 Dens

2255 3697 2307 3754 in
2338 3699 2535 3770 quibus
2559 3699 2722 3756 vellet
2763 3700 3190 3759 misericordiam
3224 3705 3434 3772 fecisse,
3468 3711 3854 3780 superexalta-

2253 3798 2338 3844 ret
2381 3789 2605 3858 judicio.
2656 3789 2980 3847 Justiiicatio
3032 3793 3198 3865 igitur
3227 3804 3285 3852 et
3326 3797 3678 3868 gloriﬁcatio,
3727 3818 3856 3872 qua

2255 3894 2361 3934 non
2387 3888 2470 3934 est
2506 3881 2709 3936 homini
2753 3896 2820 3936 ex
2858 3881 3092 3948 homine,
3127 3884 3222 3940 sed
3271 3901 3339 3941 ex
3380 3885 3508 3954 Deo,
3537 3890 3670 3959 quia
3705 3893 3854 3947 mul-

2258 3980 2371 4027 tum
2419 3973 2622 4028 sanctis
2664 3971 2839 4030 fuerat
2894 3976 3206 4047 profutura,
3253 3976 3375 4033 ideo
3437 3983 3706 4050 przedicta
3769 3995 3855 4040 est

2255 4072 2310 4120 et
2360 4063 2658 4133 promissa;
2711 4065 2919 4136 punitio
2969 4082 3115 4134 vero,
3139 4069 3266 4138 quia
3325 4070 3379 4124 in
3429 4081 3701 4128 aeternum
3753 4075 3856 4132 fuit

2258 4157 2437 4228 impiis
2488 4157 2760 4225 obfutura,
2812 4161 3069 4230 praedicta
3126 4172 3209 4219 est
3267 4167 3680 4232 tantummodo,
3741 4187 3850 4224 non

2254 4249 2541 4318 promissa.
2595 4247 2748 4316 Quod
2793 4251 2957 4306 etiam
3011 4251 3209 4308 divinis
3258 4255 3583 4314 testimoniis
3631 4259 3853 4319 lucilius

2256 4341 2578 4396 ostenditur.
2633 4341 2690 4396 ln
2726 4342 2815 4400 illo
2855 4344 3051 4416 quippe
3077 4345 3360 4418 Propheta:
3397 4347 3513 4406 loco
3551 4361 3850 4427 utrumque

2257 4431 2461 4500 pariter
2508 4432 2780 4488 invenitur
2822 4449 3162 4506 expressum,
3200 4437 3289 4493 ubi
3333 4437 3473 4495 Deus
3506 4457 3608 4511 per
3647 4442 3846 4502 lsaiam

2259 4540 2354 4582 eos
2391 4526 2482 4598 qui
2528 4527 2629 4583 sibi
2666 4545 2771 4584 non
2807 4530 3072 4598 serviunt,
3100 4531 3187 4588 his
3226 4535 3404 4605 arguit
3429 4535 3650 4592 verbis:
3683 4537 3848 4606 Ecce,

2257 4619 2349 4689 qui
2401 4618 2628 4673 serviunt
2671 4621 2800 4675 mihi
2853 4621 3277 4690 manducabunt,
3323 4631 3420 4678 tvo:
3463 4642 3584 4680 vero
3642 4633 3848 4685 esurie-

2261 4709 2326 4764 tis
2350 4721 2370 4760 :
2396 4708 2553 4776 Ecce,
2582 4711 2672 4782 qui
2697 4711 2923 4766 serviunt
2973 4713 3099 4767 mihi
3125 4713 3312 4780 bibent,
3341 4731 3429 4770 vos
3456 4733 3578 4771 vero
3607 4720 3796 4775 sitietis
3822 4738 3842 4777 :

2261 4799 2420 4867 Ecce,
2441 4803 2530 4872 qui
2539 4803 2784 4857 serviunt
2809 4803 2940 4858 mihi
2965 4803 3304 4872 laetabuntur,
3332 4823 3423 4862 vos
3448 4825 3569 4863 tero
3594 4811 3849 4867 clambio

2263 4893 2329 4947 tis
2352 4909 2461 4963 prce
2497 4893 2675 4949 dolore
2722 4895 2896 4950 cordis
2929 4897 3106 4962 vestri,
3135 4907 3182 4952 et
3209 4914 3241 4951 a
3272 4900 3591 4955 contritione
3622 4905 3846 4973 ερίήιιη

2263 4983 2532 5040 ululabilis
2564 4983 2698 5057 (Isa.
2744 4986 2895 5060 va).
2938 4987 2996 5042 ln
3044 4988 3128 5044 his
3171 4989 3446 5056 omnibus,
3497 5007 3839 5066 quaecunque

2262 5075 2328 5131 ad
2378 5076 2684 5146 iniquorum
2727 5093 3013 5148 personam
3070 5081 3361 5151 pertinent,
3407 5085 3670 5152 prmdicta
3717 5098 3848 5143 sunt

2261 5169 2657 5233 tantummodo,
2707 5185 2814 5226 non
2869 5173 3154 5242 promissa.
3219 5173 3406 5246 Neque
3465 5177 3614 5232 enim
3665 5179 3846 5235 dicen-

2263 5255 2388 5312 dum
2413 5267 2498 5314 est
2519 5259 2782 5317 bonitatis
2809 5261 3055 5334 largitate
3085 5264 3411 5334 promissum
3436 5267 3583 5338 quod
3615 5268 3846 5326 intentat

2262 5347 2566 5420 iniquitatis
2593 5354 2788 5409 merito
2817 5356 3081 5411 severitas
3107 5356 3466 5413 inferendum.
3497 5358 3556 5415 Si
3585 5378 3694 5433 qua
3717 5379 3845 5420 vero

2265 5442 2330 5496 ad
2360 5456 2649 5512 personam
2673 5445 3022 5501 servientium
3045 5446 3155 5502 Deo
3177 5449 3466 5518 pertinent,
3493 5460 3549 5505 et
3589 5455 3842 5523 praedicta

2266 5546 2414 5604 sunt,
2443 5547 2498 5594 et
2521 5539 2806 5609 promissa.
2828 5539 2957 5598 Tale
2985 5541 3186 5614 aliquid
3213 5551 3296 5598 est
3333 5545 3495 5599 etiam
3528 5547 3582 5600 in
3618 5548 3709 5604 illo
3731 5550 3847 5605 Sal-

2265 5629 2470 5686 vatoris
2520 5632 2690 5688 nostri
2719 5647 2986 5700 sermone,
3024 5650 3132 5704 quo
3163 5635 3271 5690 ait:
3307 5634 3451 5690 Tunc
3491 5637 3575 5691 illi
3599 5641 3750 5696 ibunt
3793 5635 3848 5695 κά

2269 5723 2676 5782 comb‘ustionem
2725 5737 2994 5792 (uernam,
3053 5727 3179 5794 iusti
3226 5738 3396 5783 autem
3428 5731 3482 5783 in
3516 5732 3677 5788 vitam
3705 5743 3845 5787 reter-
