  <div class='ocr_page' id='page_1' title='image "/cluster/home/n/w/nwhite01/storage/ocr_20150623/115/hvd.32044015466873/500.png"; bbox 0 0 4064 6346; ppageno 0'>
   <div class='ocr_carea' id='block_1_1' title="bbox 300 355 411 412">
    <p class='ocr_par' dir='ltr' id='par_1_1' title="bbox 300 355 411 412">
     <span class='ocr_line' id='line_1_1' title="bbox 300 355 411 412; baseline -0.018 1"><span class='ocrx_word' id='word_1_1' title='bbox 300 355 411 412; x_wconf 74' lang='grc'><strong>995</strong></span> 
     </span>
    </p>
   </div>
   <div class='ocr_carea' id='block_1_2' title="bbox 1228 340 2599 403">
    <p class='ocr_par' dir='ltr' id='par_1_2' title="bbox 1228 340 2599 403">
     <span class='ocr_line' id='line_1_2' title="bbox 1228 340 2599 403; baseline -0.002 0"><span class='ocrx_word' id='word_1_2' title='bbox 1228 345 1446 403; x_wconf 81' lang='lat' dir='ltr'><strong>EPIST.</strong></span> <span class='ocrx_word' id='word_1_3' title='bbox 1486 346 1579 401; x_wconf 81' lang='lat' dir='ltr'><strong>AD</strong></span> <span class='ocrx_word' id='word_1_4' title='bbox 1615 340 2026 400; x_wconf 78' lang='lat' dir='ltr'><strong>HINCMARUM</strong></span> <span class='ocrx_word' id='word_1_5' title='bbox 2073 342 2158 396; x_wconf 87' lang='lat' dir='ltr'><strong>ET</strong></span> <span class='ocrx_word' id='word_1_6' title='bbox 2196 341 2599 400; x_wconf 80' lang='lat' dir='ltr'><strong>PARDULUM.</strong></span> 
     </span>
    </p>
   </div>
   <div class='ocr_carea' id='block_1_3' title="bbox 3447 347 3553 404">
    <p class='ocr_par' dir='ltr' id='par_1_3' title="bbox 3447 347 3553 404">
     <span class='ocr_line' id='line_1_3' title="bbox 3447 347 3553 404; baseline -0.019 0"><span class='ocrx_word' id='word_1_7' title='bbox 3447 347 3553 404; x_wconf 64' lang='lat'><strong>994</strong></span> 
     </span>
    </p>
   </div>
   <div class='ocr_carea' id='block_1_4' title="bbox 295 455 3555 537">
    <p class='ocr_par' dir='ltr' id='par_1_4' title="bbox 295 455 3555 537">
     <span class='ocr_line' id='line_1_4' title="bbox 295 455 3555 537; baseline -0.001 -14"><span class='ocrx_word' id='word_1_8' title='bbox 295 483 424 524; x_wconf 85' lang='lat' dir='ltr'><strong>nam</strong></span> <span class='ocrx_word' id='word_1_9' title='bbox 453 463 668 537; x_wconf 75' lang='lat' dir='ltr'><strong>(Matth.</strong></span> <span class='ocrx_word' id='word_1_10' title='bbox 705 459 854 532; x_wconf 76' lang='lat' dir='ltr'><strong>xxv).</strong></span> <span class='ocrx_word' id='word_1_11' title='bbox 892 457 1144 516; x_wconf 69' lang='lat' dir='ltr'><strong>Praadisit</strong></span> <span class='ocrx_word' id='word_1_12' title='bbox 1197 468 1252 514; x_wconf 91' lang='lat' dir='ltr'><strong>et</strong></span> <span class='ocrx_word' id='word_1_13' title='bbox 1296 458 1545 532; x_wconf 74' lang='lat' dir='ltr'><strong>promisit</strong></span> <span class='ocrx_word' id='word_1_14' title='bbox 1569 457 1869 528; x_wconf 79' lang='lat' dir='ltr'><strong>praemium,</strong></span> <span class='ocrx_word' id='word_1_15' title='bbox 1900 459 1949 518; x_wconf 83' lang='grc' dir='ltr'>Α</span> <span class='ocrx_word' id='word_1_16' title='bbox 1980 471 2086 510; x_wconf 94' lang='lat' dir='ltr'><strong>non</strong></span> <span class='ocrx_word' id='word_1_17' title='bbox 2118 455 2369 522; x_wconf 75' lang='lat' dir='ltr'><strong>liberant,</strong></span> <span class='ocrx_word' id='word_1_18' title='bbox 2403 466 2458 512; x_wconf 90' lang='lat' dir='ltr'><strong>et</strong></span> <span class='ocrx_word' id='word_1_19' title='bbox 2497 457 2585 512; x_wconf 92' lang='lat' dir='ltr'><strong>hic</strong></span> <span class='ocrx_word' id='word_1_20' title='bbox 2624 471 2691 512; x_wconf 81' lang='lat' dir='ltr'><strong>ex</strong></span> <span class='ocrx_word' id='word_1_21' title='bbox 2737 457 2972 528; x_wconf 82' lang='lat' dir='ltr'><strong>propriis</strong></span> <span class='ocrx_word' id='word_1_22' title='bbox 3017 457 3153 514; x_wconf 87' lang='lat' dir='ltr'><strong>nihil</strong></span> <span class='ocrx_word' id='word_1_23' title='bbox 3197 471 3448 531; x_wconf 86' lang='lat' dir='ltr'><strong>egerunt,</strong></span> <span class='ocrx_word' id='word_1_24' title='bbox 3500 473 3555 520; x_wconf 89' lang='lat' dir='ltr'><strong>et</strong></span> 
     </span>
    </p>
   </div>
   <div class='ocr_carea' id='block_1_5' title="bbox 294 547 1874 628">
    <p class='ocr_par' dir='ltr' id='par_1_5' title="bbox 294 547 1874 628">
     <span class='ocr_line' id='line_1_5' title="bbox 294 547 1874 628; baseline -0.006 -17"><span class='ocrx_word' id='word_1_25' title='bbox 294 573 406 628; x_wconf 92' lang='lat' dir='ltr'><strong>quo</strong></span> <span class='ocrx_word' id='word_1_26' title='bbox 439 555 754 610; x_wconf 87' lang='lat' dir='ltr'><strong>lruerentur</strong></span> <span class='ocrx_word' id='word_1_27' title='bbox 775 551 930 620; x_wconf 90' lang='lat' dir='ltr'><strong>justi,</strong></span> <span class='ocrx_word' id='word_1_28' title='bbox 964 566 1069 605; x_wconf 89' lang='lat' dir='ltr'><strong>non</strong></span> <span class='ocrx_word' id='word_1_29' title='bbox 1099 558 1280 605; x_wconf 89' lang='lat' dir='ltr'><strong>autem</strong></span> <span class='ocrx_word' id='word_1_30' title='bbox 1301 549 1569 620; x_wconf 82' lang='lat' dir='ltr'><strong>promisit,</strong></span> <span class='ocrx_word' id='word_1_31' title='bbox 1613 547 1705 603; x_wconf 90' lang='lat' dir='ltr'><strong>sed</strong></span> <span class='ocrx_word' id='word_1_32' title='bbox 1735 562 1874 617; x_wconf 78' lang='lat' dir='ltr'><strong>pra:—</strong></span> 
     </span>
    </p>
   </div>
   <div class='ocr_carea' id='block_1_6' title="bbox 293 639 1874 718">
    <p class='ocr_par' dir='ltr' id='par_1_6' title="bbox 293 639 1874 718">
     <span class='ocr_line' id='line_1_6' title="bbox 293 639 1874 718; baseline -0.008 -13"><span class='ocrx_word' id='word_1_33' title='bbox 293 649 435 705; x_wconf 77' lang='lat' dir='ltr'><strong>dixit</strong></span> <span class='ocrx_word' id='word_1_34' title='bbox 453 646 798 718; x_wconf 86' lang='lat' dir='ltr'><strong>supplicium,</strong></span> <span class='ocrx_word' id='word_1_35' title='bbox 826 661 933 716; x_wconf 90' lang='lat' dir='ltr'><strong>quo</strong></span> <span class='ocrx_word' id='word_1_36' title='bbox 955 643 1276 714; x_wconf 86' lang='lat' dir='ltr'><strong>punirentur</strong></span> <span class='ocrx_word' id='word_1_37' title='bbox 1292 641 1498 713; x_wconf 88' lang='lat' dir='ltr'><strong>injusti.</strong></span> <span class='ocrx_word' id='word_1_38' title='bbox 1524 639 1706 710; x_wconf 86' lang='lat' dir='ltr'><strong>Neque</strong></span> <span class='ocrx_word' id='word_1_39' title='bbox 1727 639 1874 694; x_wconf 90' lang='lat' dir='ltr'><strong>enim</strong></span> 
     </span>
    </p>
   </div>
   <div class='ocr_carea' id='block_1_7' title="bbox 291 728 1872 810">
    <p class='ocr_par' dir='ltr' id='par_1_7' title="bbox 291 728 1872 810">
     <span class='ocr_line' id='line_1_7' title="bbox 291 728 1872 810; baseline -0.01 -13"><span class='ocrx_word' id='word_1_40' title='bbox 291 741 438 797; x_wconf 84' lang='lat' dir='ltr'><strong>sicut</strong></span> <span class='ocrx_word' id='word_1_41' title='bbox 463 735 1093 810; x_wconf 63' lang='lat' dir='ltr'><strong>praedestinavitsanctos</strong></span> <span class='ocrx_word' id='word_1_42' title='bbox 1118 733 1184 788; x_wconf 90' lang='lat' dir='ltr'><strong>ad</strong></span> <span class='ocrx_word' id='word_1_43' title='bbox 1199 733 1463 804; x_wconf 84' lang='lat' dir='ltr'><strong>justitiam</strong></span> <span class='ocrx_word' id='word_1_44' title='bbox 1481 728 1872 800; x_wconf 87' lang='lat' dir='ltr'><strong>accipiendam,</strong></span> 
     </span>
    </p>
   </div>
   <div class='ocr_carea' id='block_1_8' title="bbox 298 819 1874 901">
    <p class='ocr_par' dir='ltr' id='par_1_8' title="bbox 298 819 1874 901">
     <span class='ocr_line' id='line_1_8' title="bbox 298 819 1874 901; baseline -0.008 -14"><span class='ocrx_word' id='word_1_45' title='bbox 298 832 382 887; x_wconf 87' lang='lat' dir='ltr'><strong>sic</strong></span> <span class='ocrx_word' id='word_1_46' title='bbox 418 827 826 901; x_wconf 64' lang='lat' dir='ltr'><strong>praedestinavit</strong></span> <span class='ocrx_word' id='word_1_47' title='bbox 857 826 1134 897; x_wconf 88' lang='lat' dir='ltr'><strong>impiosad</strong></span> <span class='ocrx_word' id='word_1_48' title='bbox 1161 824 1404 879; x_wconf 90' lang='lat' dir='ltr'><strong>eamdem</strong></span> <span class='ocrx_word' id='word_1_49' title='bbox 1424 820 1691 890; x_wconf 86' lang='lat' dir='ltr'><strong>justitiam</strong></span> <span class='ocrx_word' id='word_1_50' title='bbox 1716 819 1874 874; x_wconf 89' lang='lat' dir='ltr'><strong>amit-</strong></span> 
     </span>
    </p>
   </div>
   <div class='ocr_carea' id='block_1_9' title="bbox 295 911 1875 990">
    <p class='ocr_par' dir='ltr' id='par_1_9' title="bbox 295 911 1875 990">
     <span class='ocr_line' id='line_1_9' title="bbox 295 911 1875 990; baseline -0.008 -12"><span class='ocrx_word' id='word_1_51' title='bbox 295 923 546 978; x_wconf 84' lang='lat' dir='ltr'><strong>tendam:</strong></span> <span class='ocrx_word' id='word_1_52' title='bbox 580 918 708 990; x_wconf 87' lang='lat' dir='ltr'><strong>quia</strong></span> <span class='ocrx_word' id='word_1_53' title='bbox 755 917 1048 972; x_wconf 73' lang='lat' dir='ltr'><strong>misericors</strong></span> <span class='ocrx_word' id='word_1_54' title='bbox 1079 915 1338 970; x_wconf 80' lang='lat' dir='ltr'><strong>Dominus</strong></span> <span class='ocrx_word' id='word_1_55' title='bbox 1383 924 1430 969; x_wconf 87' lang='lat' dir='ltr'><strong>et</strong></span> <span class='ocrx_word' id='word_1_56' title='bbox 1467 913 1669 984; x_wconf 87' lang='lat' dir='ltr'><strong>justus,</strong></span> <span class='ocrx_word' id='word_1_57' title='bbox 1699 911 1875 982; x_wconf 87' lang='lat' dir='ltr'><strong>potuit</strong></span> 
     </span>
    </p>
   </div>
   <div class='ocr_carea' id='block_1_10' title="bbox 289 1005 1873 1084">
    <p class='ocr_par' dir='ltr' id='par_1_10' title="bbox 289 1005 1873 1084">
     <span class='ocr_line' id='line_1_10' title="bbox 289 1005 1873 1084; baseline -0.005 -16"><span class='ocrx_word' id='word_1_58' title='bbox 289 1014 469 1084; x_wconf 77' lang='lat' dir='ltr'><strong>gratis</strong></span> <span class='ocrx_word' id='word_1_59' title='bbox 523 1027 555 1066; x_wconf 90' lang='lat' dir='ltr'><strong>a</strong></span> <span class='ocrx_word' id='word_1_60' title='bbox 599 1010 866 1082; x_wconf 85' lang='lat' dir='ltr'><strong>pravitate</strong></span> <span class='ocrx_word' id='word_1_61' title='bbox 910 1009 1140 1064; x_wconf 89' lang='lat' dir='ltr'><strong>liberare</strong></span> <span class='ocrx_word' id='word_1_62' title='bbox 1182 1022 1318 1078; x_wconf 89' lang='lat' dir='ltr'><strong>quos</strong></span> <span class='ocrx_word' id='word_1_63' title='bbox 1363 1007 1556 1072; x_wconf 88' lang='lat' dir='ltr'><strong>voluit,</strong></span> <span class='ocrx_word' id='word_1_64' title='bbox 1589 1005 1873 1076; x_wconf 81' lang='lat' dir='ltr'><strong>pravitatis</strong></span> 
     </span>
    </p>
   </div>
   <div class='ocr_carea' id='block_1_11' title="bbox 290 1100 1872 1175">
    <p class='ocr_par' dir='ltr' id='par_1_11' title="bbox 290 1100 1872 1175">
     <span class='ocr_line' id='line_1_11' title="bbox 290 1100 1872 1175; baseline -0.003 -15"><span class='ocrx_word' id='word_1_65' title='bbox 290 1114 480 1160; x_wconf 87' lang='lat' dir='ltr'><strong>autem</strong></span> <span class='ocrx_word' id='word_1_66' title='bbox 507 1113 761 1175; x_wconf 85' lang='lat' dir='ltr'><strong>operator</strong></span> <span class='ocrx_word' id='word_1_67' title='bbox 789 1117 1061 1173; x_wconf 89' lang='lat' dir='ltr'><strong>nunquam</strong></span> <span class='ocrx_word' id='word_1_68' title='bbox 1108 1100 1234 1168; x_wconf 81' lang='lat' dir='ltr'><strong>fuit,</strong></span> <span class='ocrx_word' id='word_1_69' title='bbox 1283 1101 1388 1156; x_wconf 90' lang='lat' dir='ltr'><strong>nisi</strong></span> <span class='ocrx_word' id='word_1_70' title='bbox 1445 1101 1498 1156; x_wconf 92' lang='lat' dir='ltr'><strong>in</strong></span> <span class='ocrx_word' id='word_1_71' title='bbox 1551 1109 1812 1172; x_wconf 89' lang='lat' dir='ltr'><strong>quantum</strong></span> <span class='ocrx_word' id='word_1_72' title='bbox 1840 1115 1872 1155; x_wconf 89' lang='lat' dir='ltr'><strong>a</strong></span> 
     </span>
    </p>
   </div>
   <div class='ocr_carea' id='block_1_12' title="bbox 292 1191 1870 1262">
    <p class='ocr_par' dir='ltr' id='par_1_12' title="bbox 292 1191 1870 1262">
     <span class='ocr_line' id='line_1_12' title="bbox 292 1191 1870 1262; baseline -0.001 -15"><span class='ocrx_word' id='word_1_73' title='bbox 292 1195 406 1250; x_wconf 88' lang='lat' dir='ltr'><strong>Deo</strong></span> <span class='ocrx_word' id='word_1_74' title='bbox 449 1193 715 1256; x_wconf 88' lang='lat' dir='ltr'><strong>discessit,</strong></span> <span class='ocrx_word' id='word_1_75' title='bbox 757 1208 858 1248; x_wconf 91' lang='lat' dir='ltr'><strong>nec</strong></span> <span class='ocrx_word' id='word_1_76' title='bbox 907 1192 1205 1248; x_wconf 87' lang='lat' dir='ltr'><strong>discessum</strong></span> <span class='ocrx_word' id='word_1_77' title='bbox 1261 1191 1405 1248; x_wconf 88' lang='lat' dir='ltr'><strong>Deus</strong></span> <span class='ocrx_word' id='word_1_78' title='bbox 1445 1191 1870 1262; x_wconf 64' lang='lat' dir='ltr'><strong>praedestinavit,</strong></span> 
     </span>
    </p>
   </div>
   <div class='ocr_carea' id='block_1_13' title="bbox 286 1277 1874 1355">
    <p class='ocr_par' dir='ltr' id='par_1_13' title="bbox 286 1277 1874 1355">
     <span class='ocr_line' id='line_1_13' title="bbox 286 1277 1874 1355; baseline 0 -18"><span class='ocrx_word' id='word_1_79' title='bbox 286 1286 542 1355; x_wconf 86' lang='lat' dir='ltr'><strong>quamvis</strong></span> <span class='ocrx_word' id='word_1_80' title='bbox 566 1277 930 1340; x_wconf 82' lang='lat' dir='ltr'><strong>discessurum</strong></span> <span class='ocrx_word' id='word_1_81' title='bbox 968 1281 1274 1352; x_wconf 73' lang='lat' dir='ltr'><strong>cognitione</strong></span> <span class='ocrx_word' id='word_1_82' title='bbox 1307 1281 1488 1336; x_wconf 88' lang='lat' dir='ltr'><strong>divina</strong></span> <span class='ocrx_word' id='word_1_83' title='bbox 1538 1281 1874 1352; x_wconf 81' lang='lat' dir='ltr'><strong>praesciverit</strong></span> 
     </span>
    </p>
   </div>
   <div class='ocr_carea' id='block_1_14' title="bbox 293 1371 1872 1445">
    <p class='ocr_par' dir='ltr' id='par_1_14' title="bbox 293 1371 1872 1445">
     <span class='ocr_line' id='line_1_14' title="bbox 293 1371 1872 1445; baseline -0.001 -17"><span class='ocrx_word' id='word_1_84' title='bbox 293 1376 438 1445; x_wconf 74' lang='lat' dir='ltr'><strong>(cap.</strong></span> <span class='ocrx_word' id='word_1_85' title='bbox 473 1372 646 1442; x_wconf 74' lang='lat' dir='ltr'><strong>xxvi).</strong></span> <span class='ocrx_word' id='word_1_86' title='bbox 687 1372 828 1427; x_wconf 90' lang='lat' dir='ltr'><strong>Deus</strong></span> <span class='ocrx_word' id='word_1_87' title='bbox 849 1373 1051 1442; x_wconf 90' lang='lat' dir='ltr'><strong>itaque,</strong></span> <span class='ocrx_word' id='word_1_88' title='bbox 1077 1371 1202 1428; x_wconf 89' lang='lat' dir='ltr'><strong>licet</strong></span> <span class='ocrx_word' id='word_1_89' title='bbox 1229 1379 1419 1428; x_wconf 90' lang='lat' dir='ltr'><strong>auctor</strong></span> <span class='ocrx_word' id='word_1_90' title='bbox 1454 1387 1563 1428; x_wconf 89' lang='lat' dir='ltr'><strong>non</strong></span> <span class='ocrx_word' id='word_1_91' title='bbox 1599 1372 1671 1428; x_wconf 90' lang='lat' dir='ltr'><strong>sit</strong></span> <span class='ocrx_word' id='word_1_92' title='bbox 1708 1373 1872 1428; x_wconf 89' lang='lat' dir='ltr'><strong>mala-</strong></span> 
     </span>
    </p>
   </div>
   <div class='ocr_carea' id='block_1_15' title="bbox 287 1462 1870 1542">
    <p class='ocr_par' dir='ltr' id='par_1_15' title="bbox 287 1462 1870 1542">
     <span class='ocr_line' id='line_1_15' title="bbox 287 1462 1870 1542; baseline 0.001 -24"><span class='ocrx_word' id='word_1_93' title='bbox 287 1477 414 1518; x_wconf 80' lang='lat' dir='ltr'><strong>rum</strong></span> <span class='ocrx_word' id='word_1_94' title='bbox 468 1463 876 1542; x_wconf 73' lang='lat' dir='ltr'><strong>cogitationum,</strong></span> <span class='ocrx_word' id='word_1_95' title='bbox 915 1462 1194 1518; x_wconf 89' lang='lat' dir='ltr'><strong>ordinator</strong></span> <span class='ocrx_word' id='word_1_96' title='bbox 1243 1471 1421 1516; x_wconf 89' lang='lat' dir='ltr'><strong>tamen</strong></span> <span class='ocrx_word' id='word_1_97' title='bbox 1463 1472 1547 1518; x_wconf 92' lang='lat' dir='ltr'><strong>est</strong></span> <span class='ocrx_word' id='word_1_98' title='bbox 1601 1462 1870 1520; x_wconf 85' lang='lat' dir='ltr'><strong>malarum</strong></span> 
     </span>
    </p>
   </div>
   <div class='ocr_carea' id='block_1_16' title="bbox 283 1550 1869 1622">
    <p class='ocr_par' dir='ltr' id='par_1_16' title="bbox 283 1550 1869 1622">
     <span class='ocr_line' id='line_1_16' title="bbox 283 1550 1869 1622; baseline 0.001 -16"><span class='ocrx_word' id='word_1_99' title='bbox 283 1555 652 1620; x_wconf 82' lang='lat' dir='ltr'><strong>voluntatum,</strong></span> <span class='ocrx_word' id='word_1_100' title='bbox 684 1561 739 1609; x_wconf 92' lang='lat' dir='ltr'><strong>et</strong></span> <span class='ocrx_word' id='word_1_101' title='bbox 768 1552 834 1609; x_wconf 91' lang='lat' dir='ltr'><strong>de</strong></span> <span class='ocrx_word' id='word_1_102' title='bbox 857 1552 999 1609; x_wconf 89' lang='lat' dir='ltr'><strong>malo</strong></span> <span class='ocrx_word' id='word_1_103' title='bbox 1024 1567 1188 1622; x_wconf 90' lang='lat' dir='ltr'><strong>opere</strong></span> <span class='ocrx_word' id='word_1_104' title='bbox 1235 1550 1524 1620; x_wconf 87' lang='lat' dir='ltr'><strong>cujuslibet</strong></span> <span class='ocrx_word' id='word_1_105' title='bbox 1568 1553 1718 1618; x_wconf 91' lang='lat' dir='ltr'><strong>mali,</strong></span> <span class='ocrx_word' id='word_1_106' title='bbox 1763 1567 1869 1609; x_wconf 90' lang='lat' dir='ltr'><strong>non</strong></span> 
     </span>
    </p>
   </div>
   <div class='ocr_carea' id='block_1_17' title="bbox 285 1642 1885 1720">
    <p class='ocr_par' dir='ltr' id='par_1_17' title="bbox 285 1642 1885 1720">
     <span class='ocr_line' id='line_1_17' title="bbox 285 1642 1885 1720; baseline -0.001 -17"><span class='ocrx_word' id='word_1_107' title='bbox 285 1647 494 1704; x_wconf 90' lang='lat' dir='ltr'><strong>desinit</strong></span> <span class='ocrx_word' id='word_1_108' title='bbox 522 1646 635 1717; x_wconf 90' lang='lat' dir='ltr'><strong>ipse</strong></span> <span class='ocrx_word' id='word_1_109' title='bbox 659 1645 860 1701; x_wconf 91' lang='lat' dir='ltr'><strong>bonum</strong></span> <span class='ocrx_word' id='word_1_110' title='bbox 889 1644 1103 1715; x_wconf 91' lang='lat' dir='ltr'><strong>operari</strong></span> <span class='ocrx_word' id='word_1_111' title='bbox 1130 1661 1144 1698; x_wconf 92' lang='lat'><strong>:</strong></span> <span class='ocrx_word' id='word_1_112' title='bbox 1177 1659 1276 1700; x_wconf 91' lang='lat' dir='ltr'><strong>nec</strong></span> <span class='ocrx_word' id='word_1_113' title='bbox 1305 1645 1360 1699; x_wconf 92' lang='lat' dir='ltr'><strong>in</strong></span> <span class='ocrx_word' id='word_1_114' title='bbox 1383 1644 1514 1716; x_wconf 89' lang='lat' dir='ltr'><strong>ipsis</strong></span> <span class='ocrx_word' id='word_1_115' title='bbox 1535 1642 1748 1713; x_wconf 76' lang='lat' dir='ltr'><strong>injusta:</strong></span> <span class='ocrx_word' id='word_1_116' title='bbox 1777 1661 1885 1720; x_wconf 42' lang='lat' dir='ltr'><strong>vos</strong></span> 
     </span>
    </p>
   </div>
   <div class='ocr_carea' id='block_1_18' title="bbox 284 1735 1866 1808">
    <p class='ocr_par' dir='ltr' id='par_1_18' title="bbox 284 1735 1866 1808">
     <span class='ocr_line' id='line_1_18' title="bbox 284 1735 1866 1808; baseline -0.001 -14"><span class='ocrx_word' id='word_1_117' title='bbox 284 1738 516 1794; x_wconf 88' lang='lat' dir='ltr'><strong>luutatis</strong></span> <span class='ocrx_word' id='word_1_118' title='bbox 563 1736 838 1808; x_wconf 87' lang='lat' dir='ltr'><strong>operibus,</strong></span> <span class='ocrx_word' id='word_1_119' title='bbox 887 1735 1089 1792; x_wconf 87' lang='lat' dir='ltr'><strong>deserit</strong></span> <span class='ocrx_word' id='word_1_120' title='bbox 1129 1750 1351 1806; x_wconf 89' lang='lat' dir='ltr'><strong>operum</strong></span> <span class='ocrx_word' id='word_1_121' title='bbox 1401 1751 1623 1791; x_wconf 89' lang='lat' dir='ltr'><strong>suorum</strong></span> <span class='ocrx_word' id='word_1_122' title='bbox 1662 1735 1866 1805; x_wconf 89' lang='lat' dir='ltr'><strong>justum</strong></span> 
     </span>
    </p>
   </div>
   <div class='ocr_carea' id='block_1_19' title="bbox 1978 544 3552 618">
    <p class='ocr_par' dir='ltr' id='par_1_19' title="bbox 1978 544 3552 618">
     <span class='ocr_line' id='line_1_19' title="bbox 1978 544 3552 618; baseline 0.007 -21"><span class='ocrx_word' id='word_1_123' title='bbox 1978 544 2104 600; x_wconf 91' lang='lat' dir='ltr'><strong>illuc</strong></span> <span class='ocrx_word' id='word_1_124' title='bbox 2135 546 2202 600; x_wconf 91' lang='lat' dir='ltr'><strong>ad</strong></span> <span class='ocrx_word' id='word_1_125' title='bbox 2253 555 2515 601; x_wconf 90' lang='lat' dir='ltr'><strong>tormenta</strong></span> <span class='ocrx_word' id='word_1_126' title='bbox 2547 547 2886 618; x_wconf 87' lang='lat' dir='ltr'><strong>perveniunt.</strong></span> <span class='ocrx_word' id='word_1_127' title='bbox 2917 547 3126 616; x_wconf 84' lang='lat' dir='ltr'><strong>Quibus</strong></span> <span class='ocrx_word' id='word_1_128' title='bbox 3157 566 3320 606; x_wconf 90' lang='lat' dir='ltr'><strong>unum</strong></span> <span class='ocrx_word' id='word_1_129' title='bbox 3355 552 3552 610; x_wconf 89' lang='lat' dir='ltr'><strong>malum</strong></span> 
     </span>
    </p>
   </div>
   <div class='ocr_carea' id='block_1_20' title="bbox 1975 635 3553 711">
    <p class='ocr_par' dir='ltr' id='par_1_20' title="bbox 1975 635 3553 711">
     <span class='ocr_line' id='line_1_20' title="bbox 1975 635 3553 711; baseline 0.008 -23"><span class='ocrx_word' id='word_1_130' title='bbox 1975 642 2076 699; x_wconf 90' lang='lat' dir='ltr'><strong>est,</strong></span> <span class='ocrx_word' id='word_1_131' title='bbox 2118 635 2566 706; x_wconf 39' lang='lat' dir='ltr'><strong>corruptibiliter‘</strong></span> <span class='ocrx_word' id='word_1_132' title='bbox 2595 637 2770 702; x_wconf 89' lang='lat' dir='ltr'><strong>nasci,</strong></span> <span class='ocrx_word' id='word_1_133' title='bbox 2824 638 2967 693; x_wconf 89' lang='lat' dir='ltr'><strong>aliud</strong></span> <span class='ocrx_word' id='word_1_134' title='bbox 3028 641 3409 711; x_wconf 90' lang='lat' dir='ltr'><strong>corruptibiler</strong></span> <span class='ocrx_word' id='word_1_135' title='bbox 3438 658 3553 699; x_wconf 88' lang='lat' dir='ltr'><strong>mo-</strong></span> 
     </span>
    </p>
   </div>
   <div class='ocr_carea' id='block_1_21' title="bbox 1976 727 3552 803">
    <p class='ocr_par' dir='ltr' id='par_1_21' title="bbox 1976 727 3552 803">
     <span class='ocr_line' id='line_1_21' title="bbox 1976 727 3552 803; baseline 0.006 -21"><span class='ocrx_word' id='word_1_136' title='bbox 1976 727 2021 782; x_wconf 91' lang='lat' dir='ltr'><strong>ri</strong></span> <span class='ocrx_word' id='word_1_137' title='bbox 2064 745 2078 782; x_wconf 90' lang='lat'><strong>:</strong></span> <span class='ocrx_word' id='word_1_138' title='bbox 2129 729 2224 784; x_wconf 92' lang='lat' dir='ltr'><strong>sed</strong></span> <span class='ocrx_word' id='word_1_139' title='bbox 2267 729 2390 798; x_wconf 91' lang='lat' dir='ltr'><strong>quia</strong></span> <span class='ocrx_word' id='word_1_140' title='bbox 2434 738 2557 800; x_wconf 89' lang='lat' dir='ltr'><strong>post</strong></span> <span class='ocrx_word' id='word_1_141' title='bbox 2606 740 2835 788; x_wconf 90' lang='lat' dir='ltr'><strong>mortem</strong></span> <span class='ocrx_word' id='word_1_142' title='bbox 2886 747 3101 803; x_wconf 90' lang='lat' dir='ltr'><strong>quoque</strong></span> <span class='ocrx_word' id='word_1_143' title='bbox 3147 743 3348 789; x_wconf 64' lang='lat' dir='ltr'><strong>aeterna</strong></span> <span class='ocrx_word' id='word_1_144' title='bbox 3405 752 3552 792; x_wconf 87' lang='lat' dir='ltr'><strong>mors</strong></span> 
     </span>
    </p>
   </div>
   <div class='ocr_carea' id='block_1_22' title="bbox 1973 818 3555 893">
    <p class='ocr_par' dir='ltr' id='par_1_22' title="bbox 1973 818 3555 893">
     <span class='ocr_line' id='line_1_22' title="bbox 1973 818 3555 893; baseline 0.006 -21"><span class='ocrx_word' id='word_1_145' title='bbox 1973 818 2216 888; x_wconf 84' lang='lat' dir='ltr'><strong>sequitur</strong></span> <span class='ocrx_word' id='word_1_146' title='bbox 2258 819 2468 875; x_wconf 93' lang='lat' dir='ltr'><strong>occulto</strong></span> <span class='ocrx_word' id='word_1_147' title='bbox 2524 820 2606 875; x_wconf 90' lang='lat' dir='ltr'><strong>eis</strong></span> <span class='ocrx_word' id='word_1_148' title='bbox 2662 818 2919 891; x_wconf 78' lang='lat' dir='ltr'><strong>justeque</strong></span> <span class='ocrx_word' id='word_1_149' title='bbox 2965 822 3193 893; x_wconf 90' lang='lat' dir='ltr'><strong>judicio,</strong></span> <span class='ocrx_word' id='word_1_150' title='bbox 3247 825 3406 879; x_wconf 88' lang='lat' dir='ltr'><strong>etiam</strong></span> <span class='ocrx_word' id='word_1_151' title='bbox 3443 828 3555 882; x_wconf 86' lang='lat' dir='ltr'><strong>sine</strong></span> 
     </span>
    </p>
   </div>
   <div class='ocr_carea' id='block_1_23' title="bbox 1974 910 3555 988">
    <p class='ocr_par' dir='ltr' id='par_1_23' title="bbox 1974 910 3555 988">
     <span class='ocr_line' id='line_1_23' title="bbox 1974 910 3555 988; baseline 0.008 -25"><span class='ocrx_word' id='word_1_152' title='bbox 1974 925 2136 964; x_wconf 89' lang='lat' dir='ltr'><strong>causa</strong></span> <span class='ocrx_word' id='word_1_153' title='bbox 2213 910 2428 966; x_wconf 81' lang='lat' dir='ltr'><strong>vulnera</strong></span> <span class='ocrx_word' id='word_1_154' title='bbox 2503 910 2922 982; x_wconf 81' lang='lat' dir='ltr'><strong>multiplicantur</strong></span> <span class='ocrx_word' id='word_1_155' title='bbox 2961 927 2981 966; x_wconf 88' lang='lat'><strong>:</strong></span> <span class='ocrx_word' id='word_1_156' title='bbox 3032 923 3289 986; x_wconf 88' lang='lat' dir='ltr'><strong>perpetua</strong></span> <span class='ocrx_word' id='word_1_157' title='bbox 3357 918 3555 988; x_wconf 83' lang='lat' dir='ltr'><strong>quippe</strong></span> 
     </span>
    </p>
   </div>
   <div class='ocr_carea' id='block_1_24' title="bbox 1975 1004 3557 1078">
    <p class='ocr_par' dir='ltr' id='par_1_24' title="bbox 1975 1004 3557 1078">
     <span class='ocr_line' id='line_1_24' title="bbox 1975 1004 3557 1078; baseline 0.006 -21"><span class='ocrx_word' id='word_1_158' title='bbox 1975 1010 2246 1059; x_wconf 88' lang='lat' dir='ltr'><strong>tormenta</strong></span> <span class='ocrx_word' id='word_1_159' title='bbox 2293 1004 2610 1074; x_wconf 90' lang='lat' dir='ltr'><strong>suscipiunt,</strong></span> <span class='ocrx_word' id='word_1_160' title='bbox 2674 1005 2764 1076; x_wconf 91' lang='lat' dir='ltr'><strong>qui</strong></span> <span class='ocrx_word' id='word_1_161' title='bbox 2794 1005 2947 1061; x_wconf 57' lang='lat' dir='ltr'><strong>&#39;nihil</strong></span> <span class='ocrx_word' id='word_1_162' title='bbox 2993 1022 3060 1063; x_wconf 85' lang='lat' dir='ltr'><strong>ex</strong></span> <span class='ocrx_word' id='word_1_163' title='bbox 3102 1009 3315 1078; x_wconf 89' lang='lat' dir='ltr'><strong>propria</strong></span> <span class='ocrx_word' id='word_1_164' title='bbox 3372 1010 3557 1066; x_wconf 83' lang='lat' dir='ltr'><strong>volun-</strong></span> 
     </span>
    </p>
   </div>
   <div class='ocr_carea' id='block_1_25' title="bbox 1975 1095 3550 1170">
    <p class='ocr_par' dir='ltr' id='par_1_25' title="bbox 1975 1095 3550 1170">
     <span class='ocr_line' id='line_1_25' title="bbox 1975 1095 3550 1170; baseline 0.005 -22"><span class='ocrx_word' id='word_1_165' title='bbox 1975 1101 2086 1150; x_wconf 90' lang='lat' dir='ltr'><strong>tate</strong></span> <span class='ocrx_word' id='word_1_166' title='bbox 2160 1103 2542 1166; x_wconf 89' lang='lat' dir='ltr'><strong>peccaverunt.</strong></span> <span class='ocrx_word' id='word_1_167' title='bbox 2616 1095 2751 1152; x_wconf 88' lang='lat' dir='ltr'><strong>Hinc</strong></span> <span class='ocrx_word' id='word_1_168' title='bbox 2810 1111 3044 1168; x_wconf 89' lang='lat' dir='ltr'><strong>namque</strong></span> <span class='ocrx_word' id='word_1_169' title='bbox 3113 1099 3370 1170; x_wconf 85' lang='lat' dir='ltr'><strong>scriptum</strong></span> <span class='ocrx_word' id='word_1_170' title='bbox 3433 1109 3550 1156; x_wconf 89' lang='lat' dir='ltr'><strong>est:</strong></span> 
     </span>
    </p>
   </div>
   <div class='ocr_carea' id='block_1_26' title="bbox 1977 1171 3552 1263">
    <p class='ocr_par' dir='ltr' id='par_1_26' title="bbox 1977 1171 3552 1263">
     <span class='ocr_line' id='line_1_26' title="bbox 1977 1171 3552 1263; baseline 0.007 -22"><span class='ocrx_word' id='word_1_171' title='bbox 1977 1186 2102 1243; x_wconf 90' lang='lat' dir='ltr'><strong>Non</strong></span> <span class='ocrx_word' id='word_1_172' title='bbox 2166 1198 2242 1244; x_wconf 86' lang='lat' dir='ltr'><strong>est</strong></span> <span class='ocrx_word' id='word_1_173' title='bbox 2299 1189 2526 1244; x_wconf 87' lang='lat' dir='ltr'><strong>mundus</strong></span> <span class='ocrx_word' id='word_1_174' title='bbox 2597 1191 2651 1244; x_wconf 90' lang='lat' dir='ltr'><strong>in</strong></span> <span class='ocrx_word' id='word_1_175' title='bbox 2701 1201 3000 1261; x_wconf 17' lang='lat' dir='ltr'><strong>conspectui</strong></span> <span class='ocrx_word' id='word_1_176' title='bbox 3037 1192 3174 1263; x_wconf 86' lang='lat' dir='ltr'><strong>ejus,</strong></span> <span class='ocrx_word' id='word_1_177' title='bbox 3235 1211 3328 1250; x_wconf 89' lang='lat' dir='ltr'><strong>nec</strong></span> <span class='ocrx_word' id='word_1_178' title='bbox 3369 1171 3552 1258; x_wconf 68' lang='lat' dir='ltr'><strong>unius</strong></span> 
     </span>
    </p>
   </div>
   <div class='ocr_carea' id='block_1_27' title="bbox 1973 1279 3554 1359">
    <p class='ocr_par' dir='ltr' id='par_1_27' title="bbox 1973 1279 3554 1359">
     <span class='ocr_line' id='line_1_27' title="bbox 1973 1279 3554 1359; baseline 0.006 -26"><span class='ocrx_word' id='word_1_179' title='bbox 1973 1279 2078 1334; x_wconf 89' lang='lat' dir='ltr'><strong>diei</strong></span> <span class='ocrx_word' id='word_1_180' title='bbox 2104 1279 2280 1350; x_wconf 78' lang='lat' dir='ltr'><strong>infans</strong></span> <span class='ocrx_word' id='word_1_181' title='bbox 2305 1298 2460 1353; x_wconf 84' lang='lat' dir='ltr'><strong>super</strong></span> <span class='ocrx_word' id='word_1_182' title='bbox 2481 1291 2697 1342; x_wconf 87' lang='lat' dir='ltr'><strong>terram.</strong></span> <span class='ocrx_word' id='word_1_183' title='bbox 2720 1282 2855 1339; x_wconf 84' lang='lat' dir='ltr'><strong>Hinc</strong></span> <span class='ocrx_word' id='word_1_184' title='bbox 2895 1299 2994 1354; x_wconf 86' lang='lat' dir='ltr'><strong>per</strong></span> <span class='ocrx_word' id='word_1_185' title='bbox 3029 1287 3373 1359; x_wconf 86' lang='lat' dir='ltr'><strong>semetipsam</strong></span> <span class='ocrx_word' id='word_1_186' title='bbox 3401 1287 3554 1344; x_wconf 80' lang='lat' dir='ltr'><strong>Veri-</strong></span> 
     </span>
    </p>
   </div>
   <div class='ocr_carea' id='block_1_28' title="bbox 1974 1372 3552 1450">
    <p class='ocr_par' dir='ltr' id='par_1_28' title="bbox 1974 1372 3552 1450">
     <span class='ocr_line' id='line_1_28' title="bbox 1974 1372 3552 1450; baseline 0.005 -24"><span class='ocrx_word' id='word_1_187' title='bbox 1974 1378 2058 1427; x_wconf 86' lang='lat' dir='ltr'><strong>tas</strong></span> <span class='ocrx_word' id='word_1_188' title='bbox 2079 1372 2244 1427; x_wconf 90' lang='lat' dir='ltr'><strong>dicit:</strong></span> <span class='ocrx_word' id='word_1_189' title='bbox 2271 1373 2393 1428; x_wconf 86' lang='lat' dir='ltr'><strong>Nisi</strong></span> <span class='ocrx_word' id='word_1_190' title='bbox 2415 1375 2530 1445; x_wconf 86' lang='lat' dir='ltr'><strong>quis</strong></span> <span class='ocrx_word' id='word_1_191' title='bbox 2558 1385 2766 1430; x_wconf 89' lang='lat' dir='ltr'><strong>renatus</strong></span> <span class='ocrx_word' id='word_1_192' title='bbox 2789 1375 2950 1445; x_wconf 86' lang='lat' dir='ltr'><strong>fuerit</strong></span> <span class='ocrx_word' id='word_1_193' title='bbox 2978 1393 3043 1432; x_wconf 83' lang='lat' dir='ltr'><strong>ea:</strong></span> <span class='ocrx_word' id='word_1_194' title='bbox 3085 1394 3224 1449; x_wconf 88' lang='lat' dir='ltr'><strong>aqua</strong></span> <span class='ocrx_word' id='word_1_195' title='bbox 3269 1387 3317 1432; x_wconf 88' lang='lat' dir='ltr'><strong>et</strong></span> <span class='ocrx_word' id='word_1_196' title='bbox 3349 1377 3552 1450; x_wconf 83' lang='lat' dir='ltr'><strong>Spiritu</strong></span> 
     </span>
    </p>
   </div>
   <div class='ocr_carea' id='block_1_29' title="bbox 1972 1457 3546 1546">
    <p class='ocr_par' dir='ltr' id='par_1_29' title="bbox 1972 1457 3546 1546">
     <span class='ocr_line' id='line_1_29' title="bbox 1972 1457 3546 1546; baseline 0.006 -30"><span class='ocrx_word' id='word_1_197' title='bbox 1972 1473 2176 1530; x_wconf 88' lang='lat' dir='ltr'><strong>sancto,</strong></span> <span class='ocrx_word' id='word_1_198' title='bbox 2211 1482 2314 1519; x_wconf 88' lang='lat' dir='ltr'><strong>non</strong></span> <span class='ocrx_word' id='word_1_199' title='bbox 2338 1475 2507 1536; x_wconf 82' lang='lat' dir='ltr'><strong>potest</strong></span> <span class='ocrx_word' id='word_1_200' title='bbox 2532 1467 2748 1546; x_wconf 78' lang='lat' dir='ltr'><strong>introire</strong></span> <span class='ocrx_word' id='word_1_201' title='bbox 2779 1467 2833 1522; x_wconf 89' lang='lat' dir='ltr'><strong>in</strong></span> <span class='ocrx_word' id='word_1_202' title='bbox 2861 1485 3075 1540; x_wconf 83' lang='lat' dir='ltr'><strong>regnum</strong></span> <span class='ocrx_word' id='word_1_203' title='bbox 3104 1469 3204 1525; x_wconf 88' lang='lat' dir='ltr'><strong>Dei</strong></span> <span class='ocrx_word' id='word_1_204' title='bbox 3227 1470 3410 1544; x_wconf 85' lang='lat' dir='ltr'><strong>(Joan.</strong></span> <span class='ocrx_word' id='word_1_205' title='bbox 3436 1457 3546 1545; x_wconf 80' lang='lat' dir='ltr'><strong>tu).</strong></span> 
     </span>
    </p>
   </div>
   <div class='ocr_carea' id='block_1_30' title="bbox 1973 1551 3552 1629">
    <p class='ocr_par' dir='ltr' id='par_1_30' title="bbox 1973 1551 3552 1629">
     <span class='ocr_line' id='line_1_30' title="bbox 1973 1551 3552 1629; baseline 0.008 -23"><span class='ocrx_word' id='word_1_206' title='bbox 1973 1551 2110 1608; x_wconf 78' lang='lat' dir='ltr'><strong>Hinc</strong></span> <span class='ocrx_word' id='word_1_207' title='bbox 2163 1553 2362 1611; x_wconf 90' lang='lat' dir='ltr'><strong>Paulus</strong></span> <span class='ocrx_word' id='word_1_208' title='bbox 2399 1557 2522 1613; x_wconf 87' lang='lat' dir='ltr'><strong>ait:</strong></span> <span class='ocrx_word' id='word_1_209' title='bbox 2567 1555 2795 1612; x_wconf 85' lang='lat' dir='ltr'><strong>Eramus</strong></span> <span class='ocrx_word' id='word_1_210' title='bbox 2823 1567 3012 1612; x_wconf 87' lang='lat' dir='ltr'><strong>natura</strong></span> <span class='ocrx_word' id='word_1_211' title='bbox 3039 1559 3141 1629; x_wconf 78' lang='lat' dir='ltr'><strong>ﬁlii</strong></span> <span class='ocrx_word' id='word_1_212' title='bbox 3183 1561 3298 1627; x_wconf 65' lang='lat' dir='ltr'><strong>iraz,</strong></span> <span class='ocrx_word' id='word_1_213' title='bbox 3338 1562 3472 1616; x_wconf 86' lang='lat' dir='ltr'><strong>sicut</strong></span> <span class='ocrx_word' id='word_1_214' title='bbox 3501 1572 3552 1619; x_wconf 85' lang='lat' dir='ltr'><strong>et</strong></span> 
     </span>
    </p>
   </div>
   <div class='ocr_carea' id='block_1_31' title="bbox 1973 1642 3553 1727">
    <p class='ocr_par' dir='ltr' id='par_1_31' title="bbox 1973 1642 3553 1727">
     <span class='ocr_line' id='line_1_31' title="bbox 1973 1642 3553 1727; baseline 0.008 -29"><span class='ocrx_word' id='word_1_215' title='bbox 1973 1647 2148 1699; x_wconf 61' lang='lat' dir='ltr'><strong>caeteri</strong></span> <span class='ocrx_word' id='word_1_216' title='bbox 2163 1644 2381 1717; x_wconf 85' lang='lat' dir='ltr'><strong>(Ephes.</strong></span> <span class='ocrx_word' id='word_1_217' title='bbox 2403 1647 2488 1720; x_wconf 87' lang='grc' dir='ltr'><strong>ιι).</strong></span> <span class='ocrx_word' id='word_1_218' title='bbox 2505 1649 2606 1716; x_wconf 87' lang='lat' dir='ltr'><strong>Qui</strong></span> <span class='ocrx_word' id='word_1_219' title='bbox 2637 1650 2817 1720; x_wconf 90' lang='lat' dir='ltr'><strong>itaque</strong></span> <span class='ocrx_word' id='word_1_220' title='bbox 2831 1642 3046 1706; x_wconf 32' lang='lat' dir='ltr'><strong>‘nullum</strong></span> <span class='ocrx_word' id='word_1_221' title='bbox 3062 1653 3338 1724; x_wconf 90' lang='lat' dir='ltr'><strong>proprium</strong></span> <span class='ocrx_word' id='word_1_222' title='bbox 3363 1654 3553 1727; x_wconf 91' lang='lat' dir='ltr'><strong>adjun-</strong></span> 
     </span>
    </p>
   </div>
   <div class='ocr_carea' id='block_1_32' title="bbox 1973 1737 3540 1815">
    <p class='ocr_par' dir='ltr' id='par_1_32' title="bbox 1973 1737 3540 1815">
     <span class='ocr_line' id='line_1_32' title="bbox 1973 1737 3540 1815; baseline 0.008 -27"><span class='ocrx_word' id='word_1_223' title='bbox 1973 1750 2128 1806; x_wconf 86' lang='lat' dir='ltr'><strong>gens,</strong></span> <span class='ocrx_word' id='word_1_224' title='bbox 2156 1752 2224 1792; x_wconf 81' lang='lat' dir='ltr'><strong>ex</strong></span> <span class='ocrx_word' id='word_1_225' title='bbox 2254 1737 2368 1792; x_wconf 93' lang='lat' dir='ltr'><strong>solo</strong></span> <span class='ocrx_word' id='word_1_226' title='bbox 2397 1739 2828 1815; x_wconf 84' lang='lat' dir='ltr'><strong>originalireatu</strong></span> <span class='ocrx_word' id='word_1_227' title='bbox 2851 1742 3158 1812; x_wconf 88' lang='lat' dir='ltr'><strong>perimitur,</strong></span> <span class='ocrx_word' id='word_1_228' title='bbox 3186 1743 3322 1813; x_wconf 89' lang='lat' dir='ltr'><strong>quid</strong></span> <span class='ocrx_word' id='word_1_229' title='bbox 3357 1743 3460 1800; x_wconf 91' lang='lat' dir='ltr'><strong>iste</strong></span> <span class='ocrx_word' id='word_1_230' title='bbox 3486 1745 3540 1800; x_wconf 90' lang='lat' dir='ltr'><strong>in</strong></span> 
     </span>
    </p>
   </div>
   <div class='ocr_carea' id='block_1_33' title="bbox 281 1825 3551 1902">
    <p class='ocr_par' dir='ltr' id='par_1_33' title="bbox 281 1825 3551 1902">
     <span class='ocr_line' id='line_1_33' title="bbox 281 1825 3551 1902; baseline 0.003 -20"><span class='ocrx_word' id='word_1_231' title='bbox 281 1830 557 1895; x_wconf 88' lang='lat' dir='ltr'><strong>ordinem,</strong></span> <span class='ocrx_word' id='word_1_232' title='bbox 585 1829 708 1899; x_wconf 92' lang='lat' dir='ltr'><strong>quia</strong></span> <span class='ocrx_word' id='word_1_233' title='bbox 736 1836 785 1884; x_wconf 91' lang='lat' dir='ltr'><strong>et</strong></span> <span class='ocrx_word' id='word_1_234' title='bbox 827 1826 930 1883; x_wconf 88' lang='lat' dir='ltr'><strong>hoc</strong></span> <span class='ocrx_word' id='word_1_235' title='bbox 966 1826 1023 1882; x_wconf 89' lang='lat' dir='ltr'><strong>in</strong></span> <span class='ocrx_word' id='word_1_236' title='bbox 1074 1827 1190 1898; x_wconf 91' lang='lat' dir='ltr'><strong>ipso</strong></span> <span class='ocrx_word' id='word_1_237' title='bbox 1239 1827 1433 1882; x_wconf 92' lang='lat' dir='ltr'><strong>ordine</strong></span> <span class='ocrx_word' id='word_1_238' title='bbox 1485 1828 1664 1894; x_wconf 89' lang='lat' dir='ltr'><strong>habet,</strong></span> <span class='ocrx_word' id='word_1_239' title='bbox 1724 1831 1870 1899; x_wconf 88' lang='lat' dir='ltr'><strong>quod</strong></span> <span class='ocrx_word' id='word_1_240' title='bbox 1895 1831 1945 1892; x_wconf 84' lang='grc' dir='ltr'><strong><em>Β</em></strong></span> <span class='ocrx_word' id='word_1_241' title='bbox 1973 1825 2064 1881; x_wconf 90' lang='lat' dir='ltr'><strong>illo</strong></span> <span class='ocrx_word' id='word_1_242' title='bbox 2089 1835 2336 1884; x_wconf 82' lang='lat' dir='ltr'><strong>extremo</strong></span> <span class='ocrx_word' id='word_1_243' title='bbox 2360 1830 2629 1896; x_wconf 82' lang='lat' dir='ltr'><strong>examine,</strong></span> <span class='ocrx_word' id='word_1_244' title='bbox 2679 1839 2939 1902; x_wconf 91' lang='lat' dir='ltr'><strong>quantum</strong></span> <span class='ocrx_word' id='word_1_245' title='bbox 2970 1833 3037 1888; x_wconf 89' lang='lat' dir='ltr'><strong>ad</strong></span> <span class='ocrx_word' id='word_1_246' title='bbox 3091 1833 3312 1888; x_wconf 85' lang='lat' dir='ltr'><strong>humani</strong></span> <span class='ocrx_word' id='word_1_247' title='bbox 3357 1849 3551 1892; x_wconf 81' lang='lat' dir='ltr'><strong>sensus</strong></span> 
     </span>
    </p>
   </div>
   <div class='ocr_carea' id='block_1_34' title="bbox 282 1916 1874 1990">
    <p class='ocr_par' dir='ltr' id='par_1_34' title="bbox 282 1916 1874 1990">
     <span class='ocr_line' id='line_1_34' title="bbox 282 1916 1874 1990; baseline 0 -14"><span class='ocrx_word' id='word_1_248' title='bbox 282 1921 488 1976; x_wconf 83' lang='lat' dir='ltr'><strong>malam</strong></span> <span class='ocrx_word' id='word_1_249' title='bbox 523 1919 666 1990; x_wconf 89' lang='lat' dir='ltr'><strong>juste</strong></span> <span class='ocrx_word' id='word_1_250' title='bbox 717 1919 920 1976; x_wconf 89' lang='lat' dir='ltr'><strong>deserit</strong></span> <span class='ocrx_word' id='word_1_251' title='bbox 953 1917 1310 1973; x_wconf 90' lang='lat' dir='ltr'><strong>voluntatem.</strong></span> <span class='ocrx_word' id='word_1_252' title='bbox 1341 1916 1514 1986; x_wconf 92' lang='lat' dir='ltr'><strong>Quam</strong></span> <span class='ocrx_word' id='word_1_253' title='bbox 1560 1926 1742 1974; x_wconf 89' lang='lat' dir='ltr'><strong>tamen</strong></span> <span class='ocrx_word' id='word_1_254' title='bbox 1791 1921 1874 1977; x_wconf 87' lang='lat' dir='ltr'><strong>sic</strong></span> 
     </span>
    </p>
   </div>
   <div class='ocr_carea' id='block_1_35' title="bbox 282 2009 1872 2083">
    <p class='ocr_par' dir='ltr' id='par_1_35' title="bbox 282 2009 1872 2083">
     <span class='ocr_line' id='line_1_35' title="bbox 282 2009 1872 2083; baseline 0 -16"><span class='ocrx_word' id='word_1_255' title='bbox 282 2013 341 2067; x_wconf 91' lang='lat' dir='ltr'><strong>in</strong></span> <span class='ocrx_word' id='word_1_256' title='bbox 367 2013 480 2068; x_wconf 87' lang='lat' dir='ltr'><strong>suis</strong></span> <span class='ocrx_word' id='word_1_257' title='bbox 506 2012 661 2067; x_wconf 89' lang='lat' dir='ltr'><strong>malis</strong></span> <span class='ocrx_word' id='word_1_258' title='bbox 685 2011 940 2083; x_wconf 90' lang='lat' dir='ltr'><strong>operibus</strong></span> <span class='ocrx_word' id='word_1_259' title='bbox 974 2025 1004 2064; x_wconf 92' lang='lat' dir='ltr'><strong>a</strong></span> <span class='ocrx_word' id='word_1_260' title='bbox 1038 2024 1097 2065; x_wconf 87' lang='lat' dir='ltr'><strong>se</strong></span> <span class='ocrx_word' id='word_1_261' title='bbox 1127 2009 1493 2066; x_wconf 88' lang='lat' dir='ltr'><strong>discedentem</strong></span> <span class='ocrx_word' id='word_1_262' title='bbox 1540 2010 1760 2076; x_wconf 89' lang='lat' dir='ltr'><strong>deserit,</strong></span> <span class='ocrx_word' id='word_1_263' title='bbox 1811 2021 1872 2068; x_wconf 94' lang='lat' dir='ltr'><strong>ut</strong></span> 
     </span>
    </p>
   </div>
   <div class='ocr_carea' id='block_1_36' title="bbox 282 2099 1870 2175">
    <p class='ocr_par' dir='ltr' id='par_1_36' title="bbox 282 2099 1870 2175">
     <span class='ocr_line' id='line_1_36' title="bbox 282 2099 1870 2175; baseline 0 -17"><span class='ocrx_word' id='word_1_264' title='bbox 282 2103 361 2158; x_wconf 89' lang='lat' dir='ltr'><strong>ibi</strong></span> <span class='ocrx_word' id='word_1_265' title='bbox 392 2103 754 2175; x_wconf 87' lang='lat' dir='ltr'><strong>permittentis</strong></span> <span class='ocrx_word' id='word_1_266' title='bbox 779 2101 872 2156; x_wconf 89' lang='lat' dir='ltr'><strong>Dei</strong></span> <span class='ocrx_word' id='word_1_267' title='bbox 898 2100 1146 2172; x_wconf 83' lang='lat' dir='ltr'><strong>operatio</strong></span> <span class='ocrx_word' id='word_1_268' title='bbox 1196 2099 1338 2155; x_wconf 88' lang='lat' dir='ltr'><strong>bona</strong></span> <span class='ocrx_word' id='word_1_269' title='bbox 1387 2114 1492 2155; x_wconf 93' lang='lat' dir='ltr'><strong>non</strong></span> <span class='ocrx_word' id='word_1_270' title='bbox 1533 2101 1711 2156; x_wconf 90' lang='lat' dir='ltr'><strong>desit?</strong></span> <span class='ocrx_word' id='word_1_271' title='bbox 1740 2103 1870 2158; x_wconf 89' lang='lat' dir='ltr'><strong>dum</strong></span> 
     </span>
    </p>
   </div>
   <div class='ocr_carea' id='block_1_37' title="bbox 281 2188 1868 2264">
    <p class='ocr_par' dir='ltr' id='par_1_37' title="bbox 281 2188 1868 2264">
     <span class='ocr_line' id='line_1_37' title="bbox 281 2188 1868 2264; baseline -0.001 -16"><span class='ocrx_word' id='word_1_272' title='bbox 281 2201 341 2248; x_wconf 90' lang='lat' dir='ltr'><strong>et</strong></span> <span class='ocrx_word' id='word_1_273' title='bbox 365 2195 418 2248; x_wconf 93' lang='lat' dir='ltr'><strong>in</strong></span> <span class='ocrx_word' id='word_1_274' title='bbox 451 2193 727 2264; x_wconf 79' lang='lat' dir='ltr'><strong>peccantis</strong></span> <span class='ocrx_word' id='word_1_275' title='bbox 779 2191 1053 2247; x_wconf 88' lang='lat' dir='ltr'><strong>voluntate</strong></span> <span class='ocrx_word' id='word_1_276' title='bbox 1104 2188 1322 2260; x_wconf 76' lang='lat' dir='ltr'><strong>iniusta,</strong></span> <span class='ocrx_word' id='word_1_277' title='bbox 1351 2189 1540 2260; x_wconf 90' lang='lat' dir='ltr'><strong>implet</strong></span> <span class='ocrx_word' id='word_1_278' title='bbox 1570 2191 1684 2262; x_wconf 88' lang='lat' dir='ltr'><strong>ipse</strong></span> <span class='ocrx_word' id='word_1_279' title='bbox 1705 2191 1868 2264; x_wconf 87' lang='lat' dir='ltr'><strong>justi-</strong></span> 
     </span>
    </p>
   </div>
   <div class='ocr_carea' id='block_1_38' title="bbox 282 2280 1870 2355">
    <p class='ocr_par' dir='ltr' id='par_1_38' title="bbox 282 2280 1870 2355">
     <span class='ocr_line' id='line_1_38' title="bbox 282 2280 1870 2355; baseline -0.001 -13"><span class='ocrx_word' id='word_1_280' title='bbox 282 2287 530 2351; x_wconf 88' lang='lat' dir='ltr'><strong>tiam;et</strong></span> <span class='ocrx_word' id='word_1_281' title='bbox 574 2287 641 2342; x_wconf 87' lang='lat' dir='ltr'><strong>de</strong></span> <span class='ocrx_word' id='word_1_282' title='bbox 669 2285 834 2352; x_wconf 89' lang='lat' dir='ltr'><strong>malo,</strong></span> <span class='ocrx_word' id='word_1_283' title='bbox 883 2299 991 2355; x_wconf 90' lang='lat' dir='ltr'><strong>quo</strong></span> <span class='ocrx_word' id='word_1_284' title='bbox 1041 2291 1356 2353; x_wconf 87' lang='lat' dir='ltr'><strong>peccantem</strong></span> <span class='ocrx_word' id='word_1_285' title='bbox 1399 2280 1626 2352; x_wconf 90' lang='lat' dir='ltr'><strong>judicat,</strong></span> <span class='ocrx_word' id='word_1_286' title='bbox 1673 2283 1870 2353; x_wconf 91' lang='lat' dir='ltr'><strong>quibus</strong></span> 
     </span>
    </p>
   </div>
   <div class='ocr_carea' id='block_1_39' title="bbox 277 2378 1222 2450">
    <p class='ocr_par' dir='ltr' id='par_1_39' title="bbox 277 2378 1222 2450">
     <span class='ocr_line' id='line_1_39' title="bbox 277 2378 1222 2450; baseline -0.005 -15"><span class='ocrx_word' id='word_1_287' title='bbox 277 2380 401 2450; x_wconf 87' lang='lat' dir='ltr'><strong>ipse</strong></span> <span class='ocrx_word' id='word_1_288' title='bbox 425 2379 558 2446; x_wconf 87' lang='lat' dir='ltr'><strong>vult,</strong></span> <span class='ocrx_word' id='word_1_289' title='bbox 585 2378 909 2435; x_wconf 81' lang='lat' dir='ltr'><strong>beneﬁcium</strong></span> <span class='ocrx_word' id='word_1_290' title='bbox 932 2385 1222 2448; x_wconf 66' lang='lat' dir='ltr'><strong>praerogat.</strong></span> 
     </span>
    </p>
   </div>
   <div class='ocr_carea' id='block_1_40' title="bbox 353 2467 1866 2540">
    <p class='ocr_par' dir='ltr' id='par_1_40' title="bbox 353 2467 1866 2540">
     <span class='ocr_line' id='line_1_40' title="bbox 353 2467 1866 2540; baseline -0.001 -15"><span class='ocrx_word' id='word_1_291' title='bbox 353 2471 487 2526; x_wconf 85' lang='lat' dir='ltr'><strong>Item</strong></span> <span class='ocrx_word' id='word_1_292' title='bbox 521 2471 578 2525; x_wconf 92' lang='lat' dir='ltr'><strong>in</strong></span> <span class='ocrx_word' id='word_1_293' title='bbox 613 2471 799 2526; x_wconf 91' lang='lat' dir='ltr'><strong>eodem</strong></span> <span class='ocrx_word' id='word_1_294' title='bbox 852 2469 991 2540; x_wconf 86' lang='lat' dir='ltr'><strong>(cap.</strong></span> <span class='ocrx_word' id='word_1_295' title='bbox 1040 2467 1213 2538; x_wconf 79' lang='lat' dir='ltr'><strong>xxvi).</strong></span> <span class='ocrx_word' id='word_1_296' title='bbox 1271 2467 1430 2523; x_wconf 89' lang='lat' dir='ltr'><strong>Tales</strong></span> <span class='ocrx_word' id='word_1_297' title='bbox 1469 2467 1538 2522; x_wconf 91' lang='lat' dir='ltr'><strong>ad</strong></span> <span class='ocrx_word' id='word_1_298' title='bbox 1585 2468 1866 2524; x_wconf 90' lang='lat' dir='ltr'><strong>interitum</strong></span> 
     </span>
    </p>
   </div>
   <div class='ocr_carea' id='block_1_41' title="bbox 278 2556 1868 2638">
    <p class='ocr_par' dir='ltr' id='par_1_41' title="bbox 278 2556 1868 2638">
     <span class='ocr_line' id='line_1_41' title="bbox 278 2556 1868 2638; baseline -0.001 -24"><span class='ocrx_word' id='word_1_299' title='bbox 278 2560 709 2638; x_wconf 64' lang='lat' dir='ltr'><strong>praedestinavit,</strong></span> <span class='ocrx_word' id='word_1_300' title='bbox 743 2560 868 2629; x_wconf 90' lang='lat' dir='ltr'><strong>quia</strong></span> <span class='ocrx_word' id='word_1_301' title='bbox 917 2559 1112 2614; x_wconf 88' lang='lat' dir='ltr'><strong>talibus</strong></span> <span class='ocrx_word' id='word_1_302' title='bbox 1147 2556 1294 2626; x_wconf 87' lang='lat' dir='ltr'><strong>juste</strong></span> <span class='ocrx_word' id='word_1_303' title='bbox 1335 2556 1445 2629; x_wconf 82' lang='grc' dir='ltr'><strong>[ΑΙ.</strong></span> <span class='ocrx_word' id='word_1_304' title='bbox 1478 2557 1661 2630; x_wconf 58' lang='lat' dir='ltr'><strong>justas]</strong></span> <span class='ocrx_word' id='word_1_305' title='bbox 1711 2557 1868 2628; x_wconf 56' lang='lat' dir='ltr'><strong>puni;</strong></span> 
     </span>
    </p>
   </div>
   <div class='ocr_carea' id='block_1_42' title="bbox 281 2649 1866 2724">
    <p class='ocr_par' dir='ltr' id='par_1_42' title="bbox 281 2649 1866 2724">
     <span class='ocr_line' id='line_1_42' title="bbox 281 2649 1866 2724; baseline -0.002 -14"><span class='ocrx_word' id='word_1_306' title='bbox 281 2655 451 2710; x_wconf 89' lang='lat' dir='ltr'><strong>tionis</strong></span> <span class='ocrx_word' id='word_1_307' title='bbox 472 2653 794 2724; x_wconf 89' lang='lat' dir='ltr'><strong>supplicium</strong></span> <span class='ocrx_word' id='word_1_308' title='bbox 818 2650 1162 2723; x_wconf 65' lang='lat' dir='ltr'><strong>praeparavit.</strong></span> <span class='ocrx_word' id='word_1_309' title='bbox 1185 2649 1340 2718; x_wconf 86' lang='lat' dir='ltr'><strong>Quod</strong></span> <span class='ocrx_word' id='word_1_310' title='bbox 1367 2650 1554 2720; x_wconf 90' lang='lat' dir='ltr'><strong>utique</strong></span> <span class='ocrx_word' id='word_1_311' title='bbox 1580 2649 1866 2707; x_wconf 80' lang='lat' dir='ltr'><strong>manifesto</strong></span> 
     </span>
    </p>
   </div>
   <div class='ocr_carea' id='block_1_43' title="bbox 277 2739 1866 2812">
    <p class='ocr_par' dir='ltr' id='par_1_43' title="bbox 277 2739 1866 2812">
     <span class='ocr_line' id='line_1_43' title="bbox 277 2739 1866 2812; baseline -0.002 -12"><span class='ocrx_word' id='word_1_312' title='bbox 277 2743 543 2800; x_wconf 88' lang='lat' dir='ltr'><strong>Dominus</strong></span> <span class='ocrx_word' id='word_1_313' title='bbox 569 2743 683 2812; x_wconf 80' lang='lat' dir='ltr'><strong>ipse</strong></span> <span class='ocrx_word' id='word_1_314' title='bbox 711 2755 962 2797; x_wconf 86' lang='lat' dir='ltr'><strong>sermone</strong></span> <span class='ocrx_word' id='word_1_315' title='bbox 1003 2739 1305 2810; x_wconf 89' lang='lat' dir='ltr'><strong>perdocuit,</strong></span> <span class='ocrx_word' id='word_1_316' title='bbox 1337 2739 1392 2794; x_wconf 93' lang='lat' dir='ltr'><strong>in</strong></span> <span class='ocrx_word' id='word_1_317' title='bbox 1427 2754 1513 2805; x_wconf 92' lang='lat' dir='ltr'><strong>eo,</strong></span> <span class='ocrx_word' id='word_1_318' title='bbox 1568 2740 1713 2812; x_wconf 91' lang='lat' dir='ltr'><strong>quod</strong></span> <span class='ocrx_word' id='word_1_319' title='bbox 1747 2756 1776 2794; x_wconf 91' lang='lat' dir='ltr'><strong>a</strong></span> <span class='ocrx_word' id='word_1_320' title='bbox 1807 2755 1866 2797; x_wconf 90' lang='lat' dir='ltr'><strong>se</strong></span> 
     </span>
    </p>
   </div>
   <div class='ocr_carea' id='block_1_44' title="bbox 277 2832 1949 2904">
    <p class='ocr_par' dir='ltr' id='par_1_44' title="bbox 277 2832 1949 2904">
     <span class='ocr_line' id='line_1_44' title="bbox 277 2832 1949 2904; baseline -0.003 -11"><span class='ocrx_word' id='word_1_321' title='bbox 277 2836 522 2893; x_wconf 88' lang='lat' dir='ltr'><strong>ostendit</strong></span> <span class='ocrx_word' id='word_1_322' title='bbox 551 2842 825 2904; x_wconf 85' lang='lat' dir='ltr'><strong>paratum,</strong></span> <span class='ocrx_word' id='word_1_323' title='bbox 853 2849 960 2889; x_wconf 90' lang='lat' dir='ltr'><strong>non</strong></span> <span class='ocrx_word' id='word_1_324' title='bbox 1001 2833 1176 2889; x_wconf 88' lang='lat' dir='ltr'><strong>solum</strong></span> <span class='ocrx_word' id='word_1_325' title='bbox 1217 2847 1444 2904; x_wconf 90' lang='lat' dir='ltr'><strong>regnum</strong></span> <span class='ocrx_word' id='word_1_326' title='bbox 1487 2832 1580 2888; x_wconf 91' lang='lat' dir='ltr'><strong>ubi</strong></span> <span class='ocrx_word' id='word_1_327' title='bbox 1620 2832 1868 2888; x_wconf 59' lang='lat' dir='ltr'><strong>laetentur</strong></span> <span class='ocrx_word' id='word_1_328' title='bbox 1935 2847 1949 2857; x_wconf 77' lang='lat'><strong>&#39;</strong></span> 
     </span>
    </p>
   </div>
   <div class='ocr_carea' id='block_1_45' title="bbox 275 2923 1860 2998">
    <p class='ocr_par' dir='ltr' id='par_1_45' title="bbox 275 2923 1860 2998">
     <span class='ocr_line' id='line_1_45' title="bbox 275 2923 1860 2998; baseline -0.004 -13"><span class='ocrx_word' id='word_1_329' title='bbox 275 2929 446 2994; x_wconf 86' lang='lat' dir='ltr'><strong>boni;</strong></span> <span class='ocrx_word' id='word_1_330' title='bbox 474 2928 570 2984; x_wconf 88' lang='lat' dir='ltr'><strong>sed</strong></span> <span class='ocrx_word' id='word_1_331' title='bbox 597 2937 652 2983; x_wconf 90' lang='lat' dir='ltr'><strong>et</strong></span> <span class='ocrx_word' id='word_1_332' title='bbox 685 2927 864 2998; x_wconf 90' lang='lat' dir='ltr'><strong>ignem</strong></span> <span class='ocrx_word' id='word_1_333' title='bbox 903 2933 1190 2990; x_wconf 65' lang='lat' dir='ltr'><strong>aeternum,</strong></span> <span class='ocrx_word' id='word_1_334' title='bbox 1237 2925 1329 2980; x_wconf 90' lang='lat' dir='ltr'><strong>ubi</strong></span> <span class='ocrx_word' id='word_1_335' title='bbox 1366 2924 1682 2981; x_wconf 87' lang='lat' dir='ltr'><strong>crucientur</strong></span> <span class='ocrx_word' id='word_1_336' title='bbox 1716 2923 1860 2979; x_wconf 91' lang='lat' dir='ltr'><strong>mali.</strong></span> 
     </span>
    </p>
   </div>
   <div class='ocr_carea' id='block_1_46' title="bbox 275 3013 1866 3081">
    <p class='ocr_par' dir='ltr' id='par_1_46' title="bbox 275 3013 1866 3081">
     <span class='ocr_line' id='line_1_46' title="bbox 275 3013 1866 3081; baseline -0.004 -5"><span class='ocrx_word' id='word_1_337' title='bbox 275 3020 448 3076; x_wconf 88' lang='lat' dir='ltr'><strong>Bonis</strong></span> <span class='ocrx_word' id='word_1_338' title='bbox 473 3019 671 3076; x_wconf 90' lang='lat' dir='ltr'><strong>etenim</strong></span> <span class='ocrx_word' id='word_1_339' title='bbox 702 3018 947 3074; x_wconf 86' lang='lat' dir='ltr'><strong>dicturus</strong></span> <span class='ocrx_word' id='word_1_340' title='bbox 979 3027 1065 3072; x_wconf 89' lang='lat' dir='ltr'><strong>est</strong></span> <span class='ocrx_word' id='word_1_341' title='bbox 1102 3035 1115 3070; x_wconf 88' lang='lat'><strong>:</strong></span> <span class='ocrx_word' id='word_1_342' title='bbox 1158 3014 1360 3081; x_wconf 84' lang='lat' dir='ltr'><strong>Venite,</strong></span> <span class='ocrx_word' id='word_1_343' title='bbox 1392 3015 1647 3070; x_wconf 83' lang='lat' dir='ltr'><strong>benedicti</strong></span> <span class='ocrx_word' id='word_1_344' title='bbox 1685 3013 1866 3070; x_wconf 81' lang='lat' dir='ltr'><strong>Patris</strong></span> 
     </span>
    </p>
   </div>
   <div class='ocr_carea' id='block_1_47' title="bbox 275 3092 1867 3183">
    <p class='ocr_par' dir='ltr' id='par_1_47' title="bbox 275 3092 1867 3183">
     <span class='ocr_line' id='line_1_47' title="bbox 275 3092 1867 3183; baseline -0.004 -15"><span class='ocrx_word' id='word_1_345' title='bbox 275 3112 404 3177; x_wconf 85' lang='lat' dir='ltr'><strong>mei,</strong></span> <span class='ocrx_word' id='word_1_346' title='bbox 429 3113 672 3183; x_wconf 87' lang='lat' dir='ltr'><strong>percipite</strong></span> <span class='ocrx_word' id='word_1_347' title='bbox 695 3092 928 3181; x_wconf 81' lang='lat' dir='ltr'><strong>regnum,</strong></span> <span class='ocrx_word' id='word_1_348' title='bbox 958 3108 1096 3180; x_wconf 88' lang='lat' dir='ltr'><strong>quod</strong></span> <span class='ocrx_word' id='word_1_349' title='bbox 1121 3108 1260 3162; x_wconf 83' lang='lat' dir='ltr'><strong>vobis</strong></span> <span class='ocrx_word' id='word_1_350' title='bbox 1286 3117 1534 3179; x_wconf 88' lang='lat' dir='ltr'><strong>paratum</strong></span> <span class='ocrx_word' id='word_1_351' title='bbox 1554 3116 1630 3162; x_wconf 87' lang='lat' dir='ltr'><strong>est</strong></span> <span class='ocrx_word' id='word_1_352' title='bbox 1669 3125 1700 3160; x_wconf 91' lang='lat' dir='ltr'><strong>a</strong></span> <span class='ocrx_word' id='word_1_353' title='bbox 1739 3123 1867 3162; x_wconf 88' lang='lat' dir='ltr'><strong>con-</strong></span> 
     </span>
    </p>
   </div>
   <div class='ocr_carea' id='block_1_48' title="bbox 274 3185 1938 3273">
    <p class='ocr_par' dir='ltr' id='par_1_48' title="bbox 274 3185 1938 3273">
     <span class='ocr_line' id='line_1_48' title="bbox 274 3185 1938 3273; baseline -0.005 -16"><span class='ocrx_word' id='word_1_354' title='bbox 274 3204 552 3258; x_wconf 84' lang='lat' dir='ltr'><strong>stitutione</strong></span> <span class='ocrx_word' id='word_1_355' title='bbox 581 3201 762 3256; x_wconf 88' lang='lat' dir='ltr'><strong>mundi</strong></span> <span class='ocrx_word' id='word_1_356' title='bbox 793 3199 1006 3273; x_wconf 79' lang='lat' dir='ltr'><strong>(Matth.</strong></span> <span class='ocrx_word' id='word_1_357' title='bbox 1044 3200 1193 3269; x_wconf 78' lang='lat' dir='ltr'><strong>xxv).</strong></span> <span class='ocrx_word' id='word_1_358' title='bbox 1213 3196 1364 3252; x_wconf 82' lang='lat' dir='ltr'><strong>Malis</strong></span> <span class='ocrx_word' id='word_1_359' title='bbox 1399 3207 1578 3253; x_wconf 88' lang='lat' dir='ltr'><strong>autem</strong></span> <span class='ocrx_word' id='word_1_360' title='bbox 1623 3197 1862 3254; x_wconf 89' lang='lat' dir='ltr'><strong>dicturus</strong></span> <span class='ocrx_word' id='word_1_361' title='bbox 1890 3185 1938 3248; x_wconf 88' lang='lat' dir='ltr'><strong>C</strong></span> 
     </span>
    </p>
   </div>
   <div class='ocr_carea' id='block_1_49' title="bbox 275 3289 1866 3361">
    <p class='ocr_par' dir='ltr' id='par_1_49' title="bbox 275 3289 1866 3361">
     <span class='ocr_line' id='line_1_49' title="bbox 275 3289 1866 3361; baseline -0.003 -11"><span class='ocrx_word' id='word_1_362' title='bbox 275 3303 368 3350; x_wconf 85' lang='lat' dir='ltr'><strong>est</strong></span> <span class='ocrx_word' id='word_1_363' title='bbox 388 3309 403 3348; x_wconf 89' lang='lat'><strong>:</strong></span> <span class='ocrx_word' id='word_1_364' title='bbox 423 3293 527 3359; x_wconf 88' lang='lat' dir='ltr'><strong>Ite,</strong></span> <span class='ocrx_word' id='word_1_365' title='bbox 554 3292 837 3358; x_wconf 84' lang='lat' dir='ltr'><strong>maledicti,</strong></span> <span class='ocrx_word' id='word_1_366' title='bbox 861 3291 916 3346; x_wconf 84' lang='lat' dir='ltr'><strong>in</strong></span> <span class='ocrx_word' id='word_1_367' title='bbox 937 3292 1108 3361; x_wconf 87' lang='lat' dir='ltr'><strong>ignem</strong></span> <span class='ocrx_word' id='word_1_368' title='bbox 1130 3300 1402 3355; x_wconf 77' lang='lat' dir='ltr'><strong>wternum,</strong></span> <span class='ocrx_word' id='word_1_369' title='bbox 1426 3289 1515 3360; x_wconf 89' lang='lat' dir='ltr'><strong>qui</strong></span> <span class='ocrx_word' id='word_1_370' title='bbox 1537 3298 1866 3360; x_wconf 68' lang='lat' dir='ltr'><strong>praeparatus</strong></span> 
     </span>
    </p>
   </div>
   <div class='ocr_carea' id='block_1_50' title="bbox 275 3380 1865 3455">
    <p class='ocr_par' dir='ltr' id='par_1_50' title="bbox 275 3380 1865 3455">
     <span class='ocr_line' id='line_1_50' title="bbox 275 3380 1865 3455; baseline -0.002 -13"><span class='ocrx_word' id='word_1_371' title='bbox 275 3395 358 3442; x_wconf 87' lang='lat' dir='ltr'><strong>est</strong></span> <span class='ocrx_word' id='word_1_372' title='bbox 395 3385 604 3441; x_wconf 85' lang='lat' dir='ltr'><strong>diabolo</strong></span> <span class='ocrx_word' id='word_1_373' title='bbox 638 3394 687 3440; x_wconf 86' lang='lat' dir='ltr'><strong>et</strong></span> <span class='ocrx_word' id='word_1_374' title='bbox 710 3383 907 3455; x_wconf 82' lang='lat' dir='ltr'><strong>angelis</strong></span> <span class='ocrx_word' id='word_1_375' title='bbox 937 3382 1050 3454; x_wconf 87' lang='lat' dir='ltr'><strong>ejus</strong></span> <span class='ocrx_word' id='word_1_376' title='bbox 1077 3381 1290 3454; x_wconf 86' lang='lat' dir='ltr'><strong>(lbid.).</strong></span> <span class='ocrx_word' id='word_1_377' title='bbox 1322 3383 1462 3438; x_wconf 78' lang='lat' dir='ltr'><strong>Ecce</strong></span> <span class='ocrx_word' id='word_1_378' title='bbox 1491 3381 1559 3437; x_wconf 90' lang='lat' dir='ltr'><strong>ad</strong></span> <span class='ocrx_word' id='word_1_379' title='bbox 1586 3380 1726 3451; x_wconf 91' lang='lat' dir='ltr'><strong>quod</strong></span> <span class='ocrx_word' id='word_1_380' title='bbox 1758 3382 1865 3439; x_wconf 81' lang='lat' dir='ltr'><strong>Do-</strong></span> 
     </span>
    </p>
   </div>
   <div class='ocr_carea' id='block_1_51' title="bbox 275 3473 1868 3548">
    <p class='ocr_par' dir='ltr' id='par_1_51' title="bbox 275 3473 1868 3548">
     <span class='ocr_line' id='line_1_51' title="bbox 275 3473 1868 3548; baseline -0.003 -14"><span class='ocrx_word' id='word_1_381' title='bbox 275 3479 466 3534; x_wconf 88' lang='lat' dir='ltr'><strong>minus</strong></span> <span class='ocrx_word' id='word_1_382' title='bbox 508 3479 720 3548; x_wconf 88' lang='lat' dir='ltr'><strong>iniquos</strong></span> <span class='ocrx_word' id='word_1_383' title='bbox 757 3484 813 3531; x_wconf 91' lang='lat' dir='ltr'><strong>et</strong></span> <span class='ocrx_word' id='word_1_384' title='bbox 861 3475 1057 3546; x_wconf 88' lang='lat' dir='ltr'><strong>impios</strong></span> <span class='ocrx_word' id='word_1_385' title='bbox 1101 3473 1525 3544; x_wconf 82' lang='lat' dir='ltr'><strong>praedestinavit,</strong></span> <span class='ocrx_word' id='word_1_386' title='bbox 1564 3474 1616 3528; x_wconf 85' lang='lat' dir='ltr'><strong>id</strong></span> <span class='ocrx_word' id='word_1_387' title='bbox 1669 3483 1753 3529; x_wconf 90' lang='lat' dir='ltr'><strong>est</strong></span> <span class='ocrx_word' id='word_1_388' title='bbox 1799 3474 1868 3530; x_wconf 89' lang='lat' dir='ltr'><strong>ad</strong></span> 
     </span>
    </p>
   </div>
   <div class='ocr_carea' id='block_1_52' title="bbox 277 3563 1862 3642">
    <p class='ocr_par' dir='ltr' id='par_1_52' title="bbox 277 3563 1862 3642">
     <span class='ocr_line' id='line_1_52' title="bbox 277 3563 1862 3642; baseline -0.004 -16"><span class='ocrx_word' id='word_1_389' title='bbox 277 3570 604 3642; x_wconf 88' lang='lat' dir='ltr'><strong>supplicium</strong></span> <span class='ocrx_word' id='word_1_390' title='bbox 630 3570 864 3642; x_wconf 87' lang='lat' dir='ltr'><strong>justum,</strong></span> <span class='ocrx_word' id='word_1_391' title='bbox 897 3582 1003 3622; x_wconf 91' lang='lat' dir='ltr'><strong>non</strong></span> <span class='ocrx_word' id='word_1_392' title='bbox 1032 3567 1100 3622; x_wconf 91' lang='lat' dir='ltr'><strong>ad</strong></span> <span class='ocrx_word' id='word_1_393' title='bbox 1135 3565 1350 3636; x_wconf 86' lang='lat' dir='ltr'><strong>aliquod</strong></span> <span class='ocrx_word' id='word_1_394' title='bbox 1394 3579 1528 3636; x_wconf 83' lang='lat' dir='ltr'><strong>Opus</strong></span> <span class='ocrx_word' id='word_1_395' title='bbox 1573 3563 1862 3634; x_wconf 87' lang='lat' dir='ltr'><strong>injustum;</strong></span> 
     </span>
    </p>
   </div>
   <div class='ocr_carea' id='block_1_53' title="bbox 274 3656 1866 3734">
    <p class='ocr_par' dir='ltr' id='par_1_53' title="bbox 274 3656 1866 3734">
     <span class='ocr_line' id='line_1_53' title="bbox 274 3656 1866 3734; baseline -0.004 -14"><span class='ocrx_word' id='word_1_396' title='bbox 274 3665 354 3720; x_wconf 85' lang='lat' dir='ltr'><strong>ad</strong></span> <span class='ocrx_word' id='word_1_397' title='bbox 380 3677 616 3734; x_wconf 72' lang='lat' dir='ltr'><strong>poenam,</strong></span> <span class='ocrx_word' id='word_1_398' title='bbox 647 3676 755 3717; x_wconf 90' lang='lat' dir='ltr'><strong>non</strong></span> <span class='ocrx_word' id='word_1_399' title='bbox 783 3660 850 3716; x_wconf 88' lang='lat' dir='ltr'><strong>ad</strong></span> <span class='ocrx_word' id='word_1_400' title='bbox 875 3658 1089 3730; x_wconf 90' lang='lat' dir='ltr'><strong>culpam</strong></span> <span class='ocrx_word' id='word_1_401' title='bbox 1117 3674 1131 3712; x_wconf 89' lang='lat'><strong>:</strong></span> <span class='ocrx_word' id='word_1_402' title='bbox 1174 3657 1240 3712; x_wconf 91' lang='lat' dir='ltr'><strong>ad</strong></span> <span class='ocrx_word' id='word_1_403' title='bbox 1269 3656 1628 3728; x_wconf 89' lang='lat' dir='ltr'><strong>punitionem,</strong></span> <span class='ocrx_word' id='word_1_404' title='bbox 1662 3671 1768 3713; x_wconf 89' lang='lat' dir='ltr'><strong>non</strong></span> <span class='ocrx_word' id='word_1_405' title='bbox 1799 3657 1866 3714; x_wconf 91' lang='lat' dir='ltr'><strong>ad</strong></span> 
     </span>
    </p>
   </div>
   <div class='ocr_carea' id='block_1_54' title="bbox 275 3745 1868 3826">
    <p class='ocr_par' dir='ltr' id='par_1_54' title="bbox 275 3745 1868 3826">
     <span class='ocr_line' id='line_1_54' title="bbox 275 3745 1868 3826; baseline -0.006 -15"><span class='ocrx_word' id='word_1_406' title='bbox 275 3752 808 3826; x_wconf 76' lang='lat' dir='ltr'><strong>transgressionem:</strong></span> <span class='ocrx_word' id='word_1_407' title='bbox 837 3749 906 3806; x_wconf 92' lang='lat' dir='ltr'><strong>ad</strong></span> <span class='ocrx_word' id='word_1_408' title='bbox 932 3747 1234 3814; x_wconf 83' lang='lat' dir='ltr'><strong>interitum,</strong></span> <span class='ocrx_word' id='word_1_409' title='bbox 1248 3761 1408 3816; x_wconf 91' lang='lat' dir='ltr'><strong>quem</strong></span> <span class='ocrx_word' id='word_1_410' title='bbox 1438 3745 1517 3800; x_wconf 88' lang='lat' dir='ltr'><strong>ira</strong></span> <span class='ocrx_word' id='word_1_411' title='bbox 1525 3745 1655 3817; x_wconf 88' lang='lat' dir='ltr'><strong>justi</strong></span> <span class='ocrx_word' id='word_1_412' title='bbox 1666 3745 1868 3815; x_wconf 87' lang='lat' dir='ltr'><strong>judicis</strong></span> 
     </span>
    </p>
   </div>
   <div class='ocr_carea' id='block_1_55' title="bbox 272 3837 1868 3920">
    <p class='ocr_par' dir='ltr' id='par_1_55' title="bbox 272 3837 1868 3920">
     <span class='ocr_line' id='line_1_55' title="bbox 272 3837 1868 3920; baseline -0.007 -16"><span class='ocrx_word' id='word_1_413' title='bbox 272 3846 637 3920; x_wconf 84' lang='lat' dir='ltr'><strong>peccantibus</strong></span> <span class='ocrx_word' id='word_1_414' title='bbox 667 3839 924 3908; x_wconf 84' lang='lat' dir='ltr'><strong>reddidit,</strong></span> <span class='ocrx_word' id='word_1_415' title='bbox 949 3855 1056 3896; x_wconf 91' lang='lat' dir='ltr'><strong>non</strong></span> <span class='ocrx_word' id='word_1_416' title='bbox 1099 3839 1168 3894; x_wconf 88' lang='lat' dir='ltr'><strong>ad</strong></span> <span class='ocrx_word' id='word_1_417' title='bbox 1220 3838 1522 3903; x_wconf 88' lang='lat' dir='ltr'><strong>interitum,</strong></span> <span class='ocrx_word' id='word_1_418' title='bbox 1567 3852 1674 3908; x_wconf 90' lang='lat' dir='ltr'><strong>quo</strong></span> <span class='ocrx_word' id='word_1_419' title='bbox 1719 3837 1774 3892; x_wconf 90' lang='lat' dir='ltr'><strong>in</strong></span> <span class='ocrx_word' id='word_1_420' title='bbox 1807 3852 1868 3894; x_wconf 87' lang='lat' dir='ltr'><strong>se</strong></span> 
     </span>
    </p>
   </div>
   <div class='ocr_carea' id='block_1_56' title="bbox 274 3927 1867 4006">
    <p class='ocr_par' dir='ltr' id='par_1_56' title="bbox 274 3927 1867 4006">
     <span class='ocr_line' id='line_1_56' title="bbox 274 3927 1867 4006; baseline -0.006 -12"><span class='ocrx_word' id='word_1_421' title='bbox 274 3939 422 3994; x_wconf 87' lang='lat' dir='ltr'><strong>iram</strong></span> <span class='ocrx_word' id='word_1_422' title='bbox 471 3935 566 3992; x_wconf 88' lang='lat' dir='ltr'><strong>Dei</strong></span> <span class='ocrx_word' id='word_1_423' title='bbox 633 3931 975 4006; x_wconf 88' lang='lat' dir='ltr'><strong>peccantium</strong></span> <span class='ocrx_word' id='word_1_424' title='bbox 1027 3930 1286 4002; x_wconf 80' lang='lat' dir='ltr'><strong>iniquitas</strong></span> <span class='ocrx_word' id='word_1_425' title='bbox 1328 3929 1664 4000; x_wconf 85' lang='lat' dir='ltr'><strong>provocavit.</strong></span> <span class='ocrx_word' id='word_1_426' title='bbox 1712 3927 1867 3994; x_wconf 91' lang='lat' dir='ltr'><strong>Quod</strong></span> 
     </span>
    </p>
   </div>
   <div class='ocr_carea' id='block_1_57' title="bbox 273 4021 1865 4100">
    <p class='ocr_par' dir='ltr' id='par_1_57' title="bbox 273 4021 1865 4100">
     <span class='ocr_line' id='line_1_57' title="bbox 273 4021 1865 4100; baseline -0.007 -13"><span class='ocrx_word' id='word_1_427' title='bbox 273 4031 427 4087; x_wconf 81' lang='lat' dir='ltr'><strong>beati</strong></span> <span class='ocrx_word' id='word_1_428' title='bbox 476 4027 723 4100; x_wconf 83' lang='lat' dir='ltr'><strong>Apostoli</strong></span> <span class='ocrx_word' id='word_1_429' title='bbox 788 4025 1102 4097; x_wconf 71' lang='lat' dir='ltr'><strong>praedicatio</strong></span> <span class='ocrx_word' id='word_1_430' title='bbox 1147 4021 1493 4088; x_wconf 82' lang='lat' dir='ltr'><strong>manifestat,</strong></span> <span class='ocrx_word' id='word_1_431' title='bbox 1550 4022 1642 4092; x_wconf 90' lang='lat' dir='ltr'><strong>qui</strong></span> <span class='ocrx_word' id='word_1_432' title='bbox 1692 4021 1865 4076; x_wconf 85' lang='lat' dir='ltr'><strong>malos</strong></span> 
     </span>
    </p>
   </div>
   <div class='ocr_carea' id='block_1_58' title="bbox 275 4117 1868 4197">
    <p class='ocr_par' dir='ltr' id='par_1_58' title="bbox 275 4117 1868 4197">
     <span class='ocr_line' id='line_1_58' title="bbox 275 4117 1868 4197; baseline -0.005 -19"><span class='ocrx_word' id='word_1_433' title='bbox 275 4139 420 4197; x_wconf 92' lang='lat' dir='ltr'><strong>quos</strong></span> <span class='ocrx_word' id='word_1_434' title='bbox 451 4123 505 4177; x_wconf 92' lang='lat' dir='ltr'><strong>in</strong></span> <span class='ocrx_word' id='word_1_435' title='bbox 551 4129 814 4178; x_wconf 64' lang='lat' dir='ltr'><strong>aeternum</strong></span> <span class='ocrx_word' id='word_1_436' title='bbox 845 4119 1199 4175; x_wconf 88' lang='lat' dir='ltr'><strong>damnaturus</strong></span> <span class='ocrx_word' id='word_1_437' title='bbox 1241 4124 1325 4172; x_wconf 88' lang='lat' dir='ltr'><strong>est</strong></span> <span class='ocrx_word' id='word_1_438' title='bbox 1353 4117 1513 4181; x_wconf 93' lang='lat' dir='ltr'><strong>Deus,</strong></span> <span class='ocrx_word' id='word_1_439' title='bbox 1549 4130 1676 4170; x_wconf 89' lang='lat' dir='ltr'><strong>vasa</strong></span> <span class='ocrx_word' id='word_1_440' title='bbox 1709 4123 1868 4171; x_wconf 90' lang='lat' dir='ltr'><strong>vocat</strong></span> 
     </span>
    </p>
   </div>
   <div class='ocr_carea' id='block_1_59' title="bbox 274 4211 761 4282">
    <p class='ocr_par' dir='ltr' id='par_1_59' title="bbox 274 4211 761 4282">
     <span class='ocr_line' id='line_1_59' title="bbox 274 4211 761 4282; baseline -0.014 -10"><span class='ocrx_word' id='word_1_441' title='bbox 274 4217 399 4280; x_wconf 70' lang='lat' dir='ltr'><strong>irae,</strong></span> <span class='ocrx_word' id='word_1_442' title='bbox 433 4229 539 4269; x_wconf 87' lang='lat' dir='ltr'><strong>non</strong></span> <span class='ocrx_word' id='word_1_443' title='bbox 568 4211 761 4282; x_wconf 67' lang='lat' dir='ltr'><strong>culpae.</strong></span> 
     </span>
    </p>
   </div>
   <div class='ocr_carea' id='block_1_60' title="bbox 353 4298 1868 4382">
    <p class='ocr_par' dir='ltr' id='par_1_60' title="bbox 353 4298 1868 4382">
     <span class='ocr_line' id='line_1_60' title="bbox 353 4298 1868 4382; baseline -0.006 -18"><span class='ocrx_word' id='word_1_444' title='bbox 353 4308 485 4364; x_wconf 88' lang='lat' dir='ltr'><strong>Item</strong></span> <span class='ocrx_word' id='word_1_445' title='bbox 516 4307 570 4362; x_wconf 89' lang='lat' dir='ltr'><strong>in</strong></span> <span class='ocrx_word' id='word_1_446' title='bbox 601 4306 825 4382; x_wconf 86' lang='lat' dir='ltr'><strong>eodem:</strong></span> <span class='ocrx_word' id='word_1_447' title='bbox 850 4301 968 4360; x_wconf 88' lang='lat' dir='ltr'><strong>Non</strong></span> <span class='ocrx_word' id='word_1_448' title='bbox 991 4317 1119 4375; x_wconf 87' lang='lat' dir='ltr'><strong>ergo</strong></span> <span class='ocrx_word' id='word_1_449' title='bbox 1147 4301 1318 4372; x_wconf 90' lang='lat' dir='ltr'><strong>iniqui</strong></span> <span class='ocrx_word' id='word_1_450' title='bbox 1342 4298 1710 4370; x_wconf 70' lang='lat' dir='ltr'><strong>praadestinati</strong></span> <span class='ocrx_word' id='word_1_451' title='bbox 1737 4307 1868 4355; x_wconf 89' lang='lat' dir='ltr'><strong>sunt</strong></span> 
     </span>
    </p>
   </div>
   <div class='ocr_carea' id='block_1_61' title="bbox 275 4390 1868 4466">
    <p class='ocr_par' dir='ltr' id='par_1_61' title="bbox 275 4390 1868 4466">
     <span class='ocr_line' id='line_1_61' title="bbox 275 4390 1868 4466; baseline -0.006 -10"><span class='ocrx_word' id='word_1_452' title='bbox 275 4401 352 4456; x_wconf 89' lang='lat' dir='ltr'><strong>ad</strong></span> <span class='ocrx_word' id='word_1_453' title='bbox 391 4406 622 4455; x_wconf 89' lang='lat' dir='ltr'><strong>mortem</strong></span> <span class='ocrx_word' id='word_1_454' title='bbox 673 4397 868 4452; x_wconf 66' lang='lat' dir='ltr'><strong>animae</strong></span> <span class='ocrx_word' id='word_1_455' title='bbox 890 4395 1145 4466; x_wconf 89' lang='lat' dir='ltr'><strong>primam,</strong></span> <span class='ocrx_word' id='word_1_456' title='bbox 1175 4393 1271 4449; x_wconf 94' lang='lat' dir='ltr'><strong>sed</strong></span> <span class='ocrx_word' id='word_1_457' title='bbox 1317 4390 1688 4464; x_wconf 66' lang='lat' dir='ltr'><strong>prmdestinati</strong></span> <span class='ocrx_word' id='word_1_458' title='bbox 1741 4398 1868 4446; x_wconf 89' lang='lat' dir='ltr'><strong>sunt</strong></span> 
     </span>
    </p>
   </div>
   <div class='ocr_carea' id='block_1_62' title="bbox 233 4485 1856 4562">
    <p class='ocr_par' dir='ltr' id='par_1_62' title="bbox 233 4485 1856 4562">
     <span class='ocr_line' id='line_1_62' title="bbox 233 4485 1856 4562; baseline -0.004 -11"><span class='ocrx_word' id='word_1_459' title='bbox 233 4505 250 4524; x_wconf 79' lang='lat'>&#39;</span> <span class='ocrx_word' id='word_1_460' title='bbox 275 4495 346 4552; x_wconf 90' lang='lat' dir='ltr'><strong>ad</strong></span> <span class='ocrx_word' id='word_1_461' title='bbox 372 4493 686 4558; x_wconf 88' lang='lat' dir='ltr'><strong>secundam,</strong></span> <span class='ocrx_word' id='word_1_462' title='bbox 705 4491 759 4548; x_wconf 92' lang='lat' dir='ltr'><strong>id</strong></span> <span class='ocrx_word' id='word_1_463' title='bbox 784 4498 887 4557; x_wconf 88' lang='lat' dir='ltr'><strong>est,</strong></span> <span class='ocrx_word' id='word_1_464' title='bbox 919 4490 986 4545; x_wconf 89' lang='lat' dir='ltr'><strong>ad</strong></span> <span class='ocrx_word' id='word_1_465' title='bbox 1030 4497 1281 4562; x_wconf 78' lang='lat' dir='ltr'><strong>stagnum</strong></span> <span class='ocrx_word' id='word_1_466' title='bbox 1312 4486 1450 4560; x_wconf 89' lang='lat' dir='ltr'><strong>ignis</strong></span> <span class='ocrx_word' id='word_1_467' title='bbox 1479 4495 1536 4543; x_wconf 90' lang='lat' dir='ltr'><strong>et</strong></span> <span class='ocrx_word' id='word_1_468' title='bbox 1560 4485 1856 4559; x_wconf 88' lang='lat' dir='ltr'><strong>sulphuris.</strong></span> 
     </span>
    </p>
   </div>
   <div class='ocr_carea' id='block_1_63' title="bbox 884 4599 1270 4657">
    <p class='ocr_par' dir='ltr' id='par_1_63' title="bbox 884 4599 1270 4657">
     <span class='ocr_line' id='line_1_63' title="bbox 884 4599 1270 4657; baseline -0.005 0"><span class='ocrx_word' id='word_1_469' title='bbox 884 4599 1112 4657; x_wconf 85' lang='lat' dir='ltr'><strong>CAPUT</strong></span> <span class='ocrx_word' id='word_1_470' title='bbox 1175 4599 1270 4656; x_wconf 82' lang='lat' dir='ltr'><strong>1X.</strong></span> 
     </span>
    </p>
   </div>
   <div class='ocr_carea' id='block_1_64' title="bbox 463 4687 1683 4766">
    <p class='ocr_par' dir='ltr' id='par_1_64' title="bbox 463 4687 1683 4766">
     <span class='ocr_line' id='line_1_64' title="bbox 463 4687 1683 4766; baseline -0.007 -15"><span class='ocrx_word' id='word_1_471' title='bbox 463 4696 543 4751; x_wconf 81' lang='lat' dir='ltr'><strong>Ea:</strong></span> <span class='ocrx_word' id='word_1_472' title='bbox 571 4694 628 4751; x_wconf 85' lang='lat' dir='ltr'><strong>S.</strong></span> <span class='ocrx_word' id='word_1_473' title='bbox 655 4692 903 4766; x_wconf 82' lang='lat' dir='ltr'><strong>Gregorio</strong></span> <span class='ocrx_word' id='word_1_474' title='bbox 941 4709 1078 4763; x_wconf 87' lang='lat' dir='ltr'><strong>papa</strong></span> <span class='ocrx_word' id='word_1_475' title='bbox 1103 4692 1158 4745; x_wconf 89' lang='lat' dir='ltr'><strong>in</strong></span> <span class='ocrx_word' id='word_1_476' title='bbox 1197 4689 1344 4744; x_wconf 86' lang='lat' dir='ltr'><strong>libris</strong></span> <span class='ocrx_word' id='word_1_477' title='bbox 1376 4687 1683 4744; x_wconf 80' lang='lat' dir='ltr'><strong>Moralium.</strong></span> 
     </span>
    </p>
   </div>
   <div class='ocr_carea' id='block_1_65' title="bbox 350 4780 1858 4860">
    <p class='ocr_par' dir='ltr' id='par_1_65' title="bbox 350 4780 1858 4860">
     <span class='ocr_line' id='line_1_65' title="bbox 350 4780 1858 4860; baseline -0.007 -16"><span class='ocrx_word' id='word_1_478' title='bbox 350 4787 597 4860; x_wconf 83' lang='lat' dir='ltr'><strong>Gregorii</strong></span> <span class='ocrx_word' id='word_1_479' title='bbox 630 4801 778 4858; x_wconf 69' lang='lat' dir='ltr'><strong>papa:</strong></span> <span class='ocrx_word' id='word_1_480' title='bbox 812 4783 1008 4848; x_wconf 78' lang='lat' dir='ltr'><strong>inJob,</strong></span> <span class='ocrx_word' id='word_1_481' title='bbox 1041 4783 1178 4838; x_wconf 91' lang='lat' dir='ltr'><strong>libro</strong></span> <span class='ocrx_word' id='word_1_482' title='bbox 1205 4797 1260 4836; x_wconf 77' lang='lat' dir='ltr'><strong>tr.</strong></span> <span class='ocrx_word' id='word_1_483' title='bbox 1307 4780 1445 4853; x_wconf 88' lang='lat' dir='ltr'><strong>(cap.</strong></span> <span class='ocrx_word' id='word_1_484' title='bbox 1490 4797 1588 4844; x_wconf 83' lang='lat' dir='ltr'><strong>xu,</strong></span> <span class='ocrx_word' id='word_1_485' title='bbox 1643 4780 1700 4834; x_wconf 90' lang='lat' dir='ltr'><strong>in</strong></span> <span class='ocrx_word' id='word_1_486' title='bbox 1742 4797 1858 4851; x_wconf 89' lang='lat' dir='ltr'><strong>cap.</strong></span> 
     </span>
    </p>
   </div>
   <div class='ocr_carea' id='block_1_66' title="bbox 275 4872 1863 4954">
    <p class='ocr_par' dir='ltr' id='par_1_66' title="bbox 275 4872 1863 4954">
     <span class='ocr_line' id='line_1_66' title="bbox 275 4872 1863 4954; baseline -0.006 -16"><span class='ocrx_word' id='word_1_487' title='bbox 275 4902 326 4938; x_wconf 71' lang='lat' dir='ltr'><strong>ix</strong></span> <span class='ocrx_word' id='word_1_488' title='bbox 369 4883 496 4954; x_wconf 72' lang='lat' dir='ltr'><strong>Job}</strong></span> <span class='ocrx_word' id='word_1_489' title='bbox 523 4899 536 4934; x_wconf 90' lang='lat'><strong>:</strong></span> <span class='ocrx_word' id='word_1_490' title='bbox 561 4879 617 4935; x_wconf 85' lang='lat' dir='ltr'><strong>lu</strong></span> <span class='ocrx_word' id='word_1_491' title='bbox 646 4895 752 4949; x_wconf 77' lang='lat' dir='ltr'><strong>quo</strong></span> <span class='ocrx_word' id='word_1_492' title='bbox 780 4877 1032 4933; x_wconf 90' lang='lat' dir='ltr'><strong>nimirum</strong></span> <span class='ocrx_word' id='word_1_493' title='bbox 1061 4876 1298 4941; x_wconf 89' lang='lat' dir='ltr'><strong>turbine,</strong></span> <span class='ocrx_word' id='word_1_494' title='bbox 1333 4874 1536 4929; x_wconf 88' lang='lat' dir='ltr'><strong>idcirco</strong></span> <span class='ocrx_word' id='word_1_495' title='bbox 1554 4872 1732 4942; x_wconf 88' lang='lat' dir='ltr'><strong>justus</strong></span> <span class='ocrx_word' id='word_1_496' title='bbox 1766 4889 1863 4930; x_wconf 89' lang='lat' dir='ltr'><strong>ne-</strong></span> 
     </span>
    </p>
   </div>
   <div class='ocr_carea' id='block_1_67' title="bbox 273 4967 1862 5046">
    <p class='ocr_par' dir='ltr' id='par_1_67' title="bbox 273 4967 1862 5046">
     <span class='ocr_line' id='line_1_67' title="bbox 273 4967 1862 5046; baseline -0.004 -17"><span class='ocrx_word' id='word_1_497' title='bbox 273 4989 552 5046; x_wconf 83' lang='lat' dir='ltr'><strong>quaquam</strong></span> <span class='ocrx_word' id='word_1_498' title='bbox 601 4970 923 5026; x_wconf 90' lang='lat' dir='ltr'><strong>conteritur.</strong></span> <span class='ocrx_word' id='word_1_499' title='bbox 971 4968 1265 5038; x_wconf 90' lang='lat' dir='ltr'><strong>Perpendit</strong></span> <span class='ocrx_word' id='word_1_500' title='bbox 1310 4982 1544 5038; x_wconf 90' lang='lat' dir='ltr'><strong>namque</strong></span> <span class='ocrx_word' id='word_1_501' title='bbox 1593 4967 1770 5022; x_wconf 90' lang='lat' dir='ltr'><strong>adhuc</strong></span> <span class='ocrx_word' id='word_1_502' title='bbox 1809 4967 1862 5022; x_wconf 91' lang='lat' dir='ltr'><strong>in</strong></span> 
     </span>
    </p>
   </div>
   <div class='ocr_carea' id='block_1_68' title="bbox 273 5059 1862 5138">
    <p class='ocr_par' dir='ltr' id='par_1_68' title="bbox 273 5059 1862 5138">
     <span class='ocr_line' id='line_1_68' title="bbox 273 5059 1862 5138; baseline -0.004 -17"><span class='ocrx_word' id='word_1_503' title='bbox 273 5064 566 5138; x_wconf 81' lang='lat' dir='ltr'><strong>praesentis</strong></span> <span class='ocrx_word' id='word_1_504' title='bbox 589 5063 712 5118; x_wconf 76' lang='lat' dir='ltr'><strong>vita:</strong></span> <span class='ocrx_word' id='word_1_505' title='bbox 737 5062 933 5118; x_wconf 90' lang='lat' dir='ltr'><strong>itinere</strong></span> <span class='ocrx_word' id='word_1_506' title='bbox 971 5061 1324 5126; x_wconf 90' lang='lat' dir='ltr'><strong>constitutus,</strong></span> <span class='ocrx_word' id='word_1_507' title='bbox 1371 5059 1624 5114; x_wconf 86' lang='lat' dir='ltr'><strong>humanis</strong></span> <span class='ocrx_word' id='word_1_508' title='bbox 1653 5059 1862 5115; x_wconf 90' lang='lat' dir='ltr'><strong>actibus</strong></span> 
     </span>
    </p>
   </div>
   <div class='ocr_carea' id='block_1_69' title="bbox 273 5149 1861 5225">
    <p class='ocr_par' dir='ltr' id='par_1_69' title="bbox 273 5149 1861 5225">
     <span class='ocr_line' id='line_1_69' title="bbox 273 5149 1861 5225; baseline -0.006 -12"><span class='ocrx_word' id='word_1_509' title='bbox 273 5167 506 5214; x_wconf 83' lang='lat' dir='ltr'><strong>exactor</strong></span> <span class='ocrx_word' id='word_1_510' title='bbox 565 5169 790 5225; x_wconf 88' lang='lat' dir='ltr'><strong>operum</strong></span> <span class='ocrx_word' id='word_1_511' title='bbox 853 5168 1015 5222; x_wconf 90' lang='lat' dir='ltr'><strong>quam</strong></span> <span class='ocrx_word' id='word_1_512' title='bbox 1080 5151 1360 5208; x_wconf 88' lang='lat' dir='ltr'><strong>districtus</strong></span> <span class='ocrx_word' id='word_1_513' title='bbox 1416 5157 1725 5220; x_wconf 80' lang='lat' dir='ltr'><strong>appareat:</strong></span> <span class='ocrx_word' id='word_1_514' title='bbox 1769 5149 1861 5220; x_wconf 93' lang='lat' dir='ltr'><strong>qui</strong></span> 
     </span>
    </p>
   </div>
   <div class='ocr_carea' id='block_1_70' title="bbox 276 5238 1860 5318">
    <p class='ocr_par' dir='ltr' id='par_1_70' title="bbox 276 5238 1860 5318">
     <span class='ocr_line' id='line_1_70' title="bbox 276 5238 1860 5318; baseline -0.004 -18"><span class='ocrx_word' id='word_1_515' title='bbox 276 5247 544 5318; x_wconf 86' lang='lat' dir='ltr'><strong>quosdam</strong></span> <span class='ocrx_word' id='word_1_516' title='bbox 601 5253 727 5300; x_wconf 89' lang='lat' dir='ltr'><strong>tunc</strong></span> <span class='ocrx_word' id='word_1_517' title='bbox 791 5252 946 5299; x_wconf 90' lang='lat' dir='ltr'><strong>reatu</strong></span> <span class='ocrx_word' id='word_1_518' title='bbox 1003 5242 1176 5314; x_wconf 72' lang='lat' dir='ltr'><strong>culpa:</strong></span> <span class='ocrx_word' id='word_1_519' title='bbox 1244 5239 1524 5313; x_wconf 87' lang='lat' dir='ltr'><strong>originalis</strong></span> <span class='ocrx_word' id='word_1_520' title='bbox 1585 5238 1860 5304; x_wconf 90' lang='lat' dir='ltr'><strong>astrictos,</strong></span> 
     </span>
    </p>
   </div>
   <div class='ocr_carea' id='block_1_71' title="bbox 274 5335 1864 5412">
    <p class='ocr_par' dir='ltr' id='par_1_71' title="bbox 274 5335 1864 5412">
     <span class='ocr_line' id='line_1_71' title="bbox 274 5335 1864 5412; baseline -0.005 -15"><span class='ocrx_word' id='word_1_521' title='bbox 274 5341 445 5398; x_wconf 88' lang='lat' dir='ltr'><strong>etiam</strong></span> <span class='ocrx_word' id='word_1_522' title='bbox 476 5341 594 5396; x_wconf 88' lang='lat' dir='ltr'><strong>sine</strong></span> <span class='ocrx_word' id='word_1_523' title='bbox 623 5340 878 5412; x_wconf 89' lang='lat' dir='ltr'><strong>operibus</strong></span> <span class='ocrx_word' id='word_1_524' title='bbox 905 5339 1146 5394; x_wconf 88' lang='lat' dir='ltr'><strong>damnat.</strong></span> <span class='ocrx_word' id='word_1_525' title='bbox 1179 5337 1331 5394; x_wconf 90' lang='lat' dir='ltr'><strong>Unde</strong></span> <span class='ocrx_word' id='word_1_526' title='bbox 1358 5344 1503 5392; x_wconf 86' lang='lat' dir='ltr'><strong>recte</strong></span> <span class='ocrx_word' id='word_1_527' title='bbox 1532 5335 1616 5389; x_wconf 88' lang='lat' dir='ltr'><strong>vir</strong></span> <span class='ocrx_word' id='word_1_528' title='bbox 1643 5343 1864 5390; x_wconf 89' lang='lat' dir='ltr'><strong>sanctus</strong></span> 
     </span>
    </p>
   </div>
   <div class='ocr_carea' id='block_1_72' title="bbox 276 5425 1866 5505">
    <p class='ocr_par' dir='ltr' id='par_1_72' title="bbox 276 5425 1866 5505">
     <span class='ocr_line' id='line_1_72' title="bbox 276 5425 1866 5505; baseline -0.009 -13"><span class='ocrx_word' id='word_1_529' title='bbox 276 5453 346 5492; x_wconf 81' lang='lat' dir='ltr'><strong>ex</strong></span> <span class='ocrx_word' id='word_1_530' title='bbox 379 5434 600 5491; x_wconf 89' lang='lat' dir='ltr'><strong>humani</strong></span> <span class='ocrx_word' id='word_1_531' title='bbox 625 5433 840 5505; x_wconf 87' lang='lat' dir='ltr'><strong>generis</strong></span> <span class='ocrx_word' id='word_1_532' title='bbox 877 5447 1006 5488; x_wconf 89' lang='lat' dir='ltr'><strong>voce</strong></span> <span class='ocrx_word' id='word_1_533' title='bbox 1033 5431 1282 5502; x_wconf 86' lang='lat' dir='ltr'><strong>protinus</strong></span> <span class='ocrx_word' id='word_1_534' title='bbox 1303 5428 1586 5500; x_wconf 70' lang='lat' dir='ltr'><strong>adiungit:</strong></span> <span class='ocrx_word' id='word_1_535' title='bbox 1619 5427 1686 5481; x_wconf 84' lang='lat' dir='ltr'><strong>Et</strong></span> <span class='ocrx_word' id='word_1_536' title='bbox 1736 5425 1866 5481; x_wconf 87' lang='lat' dir='ltr'><strong>mul-</strong></span> 
     </span>
    </p>
   </div>
   <div class='ocr_carea' id='block_1_73' title="bbox 276 5516 1862 5596">
    <p class='ocr_par' dir='ltr' id='par_1_73' title="bbox 276 5516 1862 5596">
     <span class='ocr_line' id='line_1_73' title="bbox 276 5516 1862 5596; baseline -0.004 -15"><span class='ocrx_word' id='word_1_537' title='bbox 276 5525 536 5596; x_wconf 87' lang='lat' dir='ltr'><strong>tiplicabit</strong></span> <span class='ocrx_word' id='word_1_538' title='bbox 582 5525 794 5580; x_wconf 82' lang='lat' dir='ltr'><strong>vulnera</strong></span> <span class='ocrx_word' id='word_1_539' title='bbox 843 5540 976 5589; x_wconf 88' lang='lat' dir='ltr'><strong>mea,</strong></span> <span class='ocrx_word' id='word_1_540' title='bbox 1031 5523 1188 5578; x_wconf 88' lang='lat' dir='ltr'><strong>etiam</strong></span> <span class='ocrx_word' id='word_1_541' title='bbox 1231 5522 1343 5576; x_wconf 89' lang='lat' dir='ltr'><strong>sine</strong></span> <span class='ocrx_word' id='word_1_542' title='bbox 1385 5537 1565 5575; x_wconf 84' lang='lat' dir='ltr'><strong>causa.</strong></span> <span class='ocrx_word' id='word_1_543' title='bbox 1610 5516 1862 5574; x_wconf 83' lang='lat' dir='ltr'><strong>Nonnulli</strong></span> 
     </span>
    </p>
   </div>
   <div class='ocr_carea' id='block_1_74' title="bbox 277 5607 1863 5688">
    <p class='ocr_par' dir='ltr' id='par_1_74' title="bbox 277 5607 1863 5688">
     <span class='ocr_line' id='line_1_74' title="bbox 277 5607 1863 5688; baseline -0.008 -13"><span class='ocrx_word' id='word_1_544' title='bbox 277 5619 426 5675; x_wconf 82' lang='lat' dir='ltr'><strong>enim</strong></span> <span class='ocrx_word' id='word_1_545' title='bbox 454 5617 605 5688; x_wconf 89' lang='lat' dir='ltr'><strong>prius</strong></span> <span class='ocrx_word' id='word_1_546' title='bbox 639 5633 668 5670; x_wconf 88' lang='lat' dir='ltr'><strong>a</strong></span> <span class='ocrx_word' id='word_1_547' title='bbox 695 5615 947 5687; x_wconf 65' lang='lat' dir='ltr'><strong>praesenti</strong></span> <span class='ocrx_word' id='word_1_548' title='bbox 992 5614 1120 5670; x_wconf 85' lang='lat' dir='ltr'><strong>lucc</strong></span> <span class='ocrx_word' id='word_1_549' title='bbox 1139 5613 1550 5675; x_wconf 88' lang='lat' dir='ltr'><strong>subtrahuntur,</strong></span> <span class='ocrx_word' id='word_1_550' title='bbox 1595 5625 1757 5680; x_wconf 87' lang='lat' dir='ltr'><strong>quam</strong></span> <span class='ocrx_word' id='word_1_551' title='bbox 1795 5607 1863 5662; x_wconf 88' lang='lat' dir='ltr'><strong>ad</strong></span> 
     </span>
    </p>
   </div>
   <div class='ocr_carea' id='block_1_75' title="bbox 277 5702 1865 5786">
    <p class='ocr_par' dir='ltr' id='par_1_75' title="bbox 277 5702 1865 5786">
     <span class='ocr_line' id='line_1_75' title="bbox 277 5702 1865 5786; baseline -0.007 -19"><span class='ocrx_word' id='word_1_552' title='bbox 277 5709 606 5786; x_wconf 79' lang='lat' dir='ltr'><strong>proferenda</strong></span> <span class='ocrx_word' id='word_1_553' title='bbox 647 5709 785 5765; x_wconf 90' lang='lat' dir='ltr'><strong>bona</strong></span> <span class='ocrx_word' id='word_1_554' title='bbox 834 5707 1041 5762; x_wconf 89' lang='lat' dir='ltr'><strong>malave</strong></span> <span class='ocrx_word' id='word_1_555' title='bbox 1071 5705 1264 5760; x_wconf 90' lang='lat' dir='ltr'><strong>merito</strong></span> <span class='ocrx_word' id='word_1_556' title='bbox 1305 5703 1496 5759; x_wconf 82' lang='lat' dir='ltr'><strong>activae</strong></span> <span class='ocrx_word' id='word_1_557' title='bbox 1520 5702 1644 5756; x_wconf 78' lang='lat' dir='ltr'><strong>vitae</strong></span> <span class='ocrx_word' id='word_1_558' title='bbox 1673 5713 1865 5771; x_wconf 66' lang='lat' dir='ltr'><strong>perve—</strong></span> 
     </span>
    </p>
   </div>
   <div class='ocr_carea' id='block_1_76' title="bbox 281 5791 1865 5874">
    <p class='ocr_par' dir='ltr' id='par_1_76' title="bbox 281 5791 1865 5874">
     <span class='ocr_line' id='line_1_76' title="bbox 281 5791 1865 5874; baseline -0.006 -14"><span class='ocrx_word' id='word_1_559' title='bbox 281 5803 439 5860; x_wconf 88' lang='lat' dir='ltr'><strong>niant</strong></span> <span class='ocrx_word' id='word_1_560' title='bbox 463 5819 476 5857; x_wconf 89' lang='lat'><strong>:</strong></span> <span class='ocrx_word' id='word_1_561' title='bbox 508 5817 645 5874; x_wconf 85' lang='lat' dir='ltr'><strong>quos</strong></span> <span class='ocrx_word' id='word_1_562' title='bbox 667 5801 796 5872; x_wconf 89' lang='lat' dir='ltr'><strong>quia</strong></span> <span class='ocrx_word' id='word_1_563' title='bbox 819 5816 850 5857; x_wconf 79' lang='lat' dir='ltr'><strong>a</strong></span> <span class='ocrx_word' id='word_1_564' title='bbox 873 5799 1029 5873; x_wconf 89' lang='lat' dir='ltr'><strong>culpa</strong></span> <span class='ocrx_word' id='word_1_565' title='bbox 1055 5797 1286 5871; x_wconf 88' lang='lat' dir='ltr'><strong>originis</strong></span> <span class='ocrx_word' id='word_1_566' title='bbox 1305 5803 1644 5854; x_wconf 85' lang='lat' dir='ltr'><strong>sacramenta</strong></span> <span class='ocrx_word' id='word_1_567' title='bbox 1674 5791 1865 5852; x_wconf 85' lang='lat' dir='ltr'><strong>salutis</strong></span> 
     </span>
    </p>
   </div>
   <div class='ocr_carea' id='block_1_77' title="bbox 1969 1919 3550 1986">
    <p class='ocr_par' dir='ltr' id='par_1_77' title="bbox 1969 1919 3550 1986">
     <span class='ocr_line' id='line_1_77' title="bbox 1969 1919 3550 1986; baseline 0.005 -12"><span class='ocrx_word' id='word_1_568' title='bbox 1969 1919 2403 1986; x_wconf 63' lang='lat' dir='ltr'><strong>aestimationem,</strong></span> <span class='ocrx_word' id='word_1_569' title='bbox 2430 1921 2534 1976; x_wconf 88' lang='lat' dir='ltr'><strong>nisi</strong></span> <span class='ocrx_word' id='word_1_570' title='bbox 2557 1922 2668 1976; x_wconf 86' lang='lat' dir='ltr'><strong>sine</strong></span> <span class='ocrx_word' id='word_1_571' title='bbox 2688 1939 2848 1976; x_wconf 86' lang='lat' dir='ltr'><strong>causa</strong></span> <span class='ocrx_word' id='word_1_572' title='bbox 2869 1923 3214 1978; x_wconf 81' lang='lat' dir='ltr'><strong>vulneratur?</strong></span> <span class='ocrx_word' id='word_1_573' title='bbox 3239 1923 3344 1980; x_wconf 87' lang='lat' dir='ltr'><strong>Sed</strong></span> <span class='ocrx_word' id='word_1_574' title='bbox 3369 1934 3550 1982; x_wconf 88' lang='lat' dir='ltr'><strong>tamen</strong></span> 
     </span>
    </p>
   </div>
   <div class='ocr_carea' id='block_1_78' title="bbox 1969 2011 3552 2088">
    <p class='ocr_par' dir='ltr' id='par_1_78' title="bbox 1969 2011 3552 2088">
     <span class='ocr_line' id='line_1_78' title="bbox 1969 2011 3552 2088; baseline 0.005 -23"><span class='ocrx_word' id='word_1_575' title='bbox 1969 2011 2070 2066; x_wconf 90' lang='lat' dir='ltr'><strong>sub</strong></span> <span class='ocrx_word' id='word_1_576' title='bbox 2095 2011 2274 2068; x_wconf 85' lang='lat' dir='ltr'><strong>divina</strong></span> <span class='ocrx_word' id='word_1_577' title='bbox 2299 2011 2636 2070; x_wconf 87' lang='lat' dir='ltr'><strong>districtione</strong></span> <span class='ocrx_word' id='word_1_578' title='bbox 2657 2013 2862 2085; x_wconf 87' lang='lat' dir='ltr'><strong>justum</strong></span> <span class='ocrx_word' id='word_1_579' title='bbox 2893 2023 2995 2080; x_wconf 89' lang='lat' dir='ltr'><strong>est,</strong></span> <span class='ocrx_word' id='word_1_580' title='bbox 3038 2023 3099 2070; x_wconf 89' lang='lat' dir='ltr'><strong>ut</strong></span> <span class='ocrx_word' id='word_1_581' title='bbox 3123 2029 3361 2088; x_wconf 88' lang='lat' dir='ltr'><strong>propago</strong></span> <span class='ocrx_word' id='word_1_582' title='bbox 3405 2031 3552 2073; x_wconf 88' lang='lat' dir='ltr'><strong>mor-</strong></span> 
     </span>
    </p>
   </div>
   <div class='ocr_carea' id='block_1_79' title="bbox 1970 2102 3551 2174">
    <p class='ocr_par' dir='ltr' id='par_1_79' title="bbox 1970 2102 3551 2174">
     <span class='ocr_line' id='line_1_79' title="bbox 1970 2102 3551 2174; baseline 0.004 -18"><span class='ocrx_word' id='word_1_583' title='bbox 1970 2102 2111 2170; x_wconf 86' lang='lat' dir='ltr'><strong>talis,</strong></span> <span class='ocrx_word' id='word_1_584' title='bbox 2165 2103 2312 2160; x_wconf 90' lang='lat' dir='ltr'><strong>velut</strong></span> <span class='ocrx_word' id='word_1_585' title='bbox 2361 2104 2695 2162; x_wconf 82' lang='lat' dir='ltr'><strong>infructuosa</strong></span> <span class='ocrx_word' id='word_1_586' title='bbox 2747 2107 2928 2174; x_wconf 90' lang='lat' dir='ltr'><strong>arbor,</strong></span> <span class='ocrx_word' id='word_1_587' title='bbox 2967 2114 3021 2162; x_wconf 89' lang='lat' dir='ltr'><strong>et</strong></span> <span class='ocrx_word' id='word_1_588' title='bbox 3059 2107 3115 2162; x_wconf 88' lang='lat' dir='ltr'><strong>in</strong></span> <span class='ocrx_word' id='word_1_589' title='bbox 3171 2108 3336 2164; x_wconf 83' lang='lat' dir='ltr'><strong>ramis</strong></span> <span class='ocrx_word' id='word_1_590' title='bbox 3368 2118 3551 2165; x_wconf 86' lang='lat' dir='ltr'><strong>servet</strong></span> 
     </span>
    </p>
   </div>
   <div class='ocr_carea' id='block_1_80' title="bbox 1967 2198 3546 2272">
    <p class='ocr_par' dir='ltr' id='par_1_80' title="bbox 1967 2198 3546 2272">
     <span class='ocr_line' id='line_1_80' title="bbox 1967 2198 3546 2272; baseline 0.003 -21"><span class='ocrx_word' id='word_1_591' title='bbox 1967 2198 2405 2266; x_wconf 89' lang='lat' dir='ltr'><strong>amaritudinem,</strong></span> <span class='ocrx_word' id='word_1_592' title='bbox 2435 2214 2598 2270; x_wconf 88' lang='lat' dir='ltr'><strong>quam</strong></span> <span class='ocrx_word' id='word_1_593' title='bbox 2623 2199 2786 2254; x_wconf 74' lang='lat' dir='ltr'><strong>traxit</strong></span> <span class='ocrx_word' id='word_1_594' title='bbox 2815 2214 2883 2256; x_wconf 82' lang='lat' dir='ltr'><strong>ex</strong></span> <span class='ocrx_word' id='word_1_595' title='bbox 2927 2199 3129 2256; x_wconf 88' lang='lat' dir='ltr'><strong>radice.</strong></span> <span class='ocrx_word' id='word_1_596' title='bbox 3155 2199 3248 2254; x_wconf 78' lang='lat' dir='ltr'><strong>Ait</strong></span> <span class='ocrx_word' id='word_1_597' title='bbox 3274 2215 3403 2272; x_wconf 88' lang='lat' dir='ltr'><strong>ergo</strong></span> <span class='ocrx_word' id='word_1_598' title='bbox 3431 2214 3447 2254; x_wconf 93' lang='lat'><strong>:</strong></span> <span class='ocrx_word' id='word_1_599' title='bbox 3479 2199 3546 2256; x_wconf 82' lang='lat' dir='ltr'><strong>In</strong></span> 
     </span>
    </p>
   </div>
   <div class='ocr_carea' id='block_1_81' title="bbox 1967 2288 3540 2364">
    <p class='ocr_par' dir='ltr' id='par_1_81' title="bbox 1967 2288 3540 2364">
     <span class='ocr_line' id='line_1_81' title="bbox 1967 2288 3540 2364; baseline 0.005 -24"><span class='ocrx_word' id='word_1_600' title='bbox 1967 2288 2173 2343; x_wconf 89' lang='lat' dir='ltr'><strong>turbine</strong></span> <span class='ocrx_word' id='word_1_601' title='bbox 2193 2290 2330 2345; x_wconf 85' lang='lat' dir='ltr'><strong>enim</strong></span> <span class='ocrx_word' id='word_1_602' title='bbox 2352 2301 2577 2346; x_wconf 86' lang='lat' dir='ltr'><strong>conteret</strong></span> <span class='ocrx_word' id='word_1_603' title='bbox 2600 2309 2703 2359; x_wconf 90' lang='lat' dir='ltr'><strong>me,</strong></span> <span class='ocrx_word' id='word_1_604' title='bbox 2722 2303 2771 2348; x_wconf 89' lang='lat' dir='ltr'><strong>et</strong></span> <span class='ocrx_word' id='word_1_605' title='bbox 2793 2292 3161 2364; x_wconf 88' lang='lat' dir='ltr'><strong>multiplicabit</strong></span> <span class='ocrx_word' id='word_1_606' title='bbox 3187 2293 3402 2349; x_wconf 78' lang='lat' dir='ltr'><strong>vulnera</strong></span> <span class='ocrx_word' id='word_1_607' title='bbox 3424 2310 3540 2348; x_wconf 85' lang='lat' dir='ltr'><strong>mea</strong></span> 
     </span>
    </p>
   </div>
   <div class='ocr_carea' id='block_1_82' title="bbox 1965 2380 3545 2456">
    <p class='ocr_par' dir='ltr' id='par_1_82' title="bbox 1965 2380 3545 2456">
     <span class='ocr_line' id='line_1_82' title="bbox 1965 2380 3545 2456; baseline 0.003 -22"><span class='ocrx_word' id='word_1_608' title='bbox 1965 2380 2078 2435; x_wconf 83' lang='lat' dir='ltr'><strong>sine</strong></span> <span class='ocrx_word' id='word_1_609' title='bbox 2103 2396 2281 2436; x_wconf 89' lang='lat' dir='ltr'><strong>causa.</strong></span> <span class='ocrx_word' id='word_1_610' title='bbox 2310 2381 2388 2436; x_wconf 88' lang='lat' dir='ltr'><strong>Ac</strong></span> <span class='ocrx_word' id='word_1_611' title='bbox 2411 2382 2458 2438; x_wconf 91' lang='lat' dir='ltr'><strong>si</strong></span> <span class='ocrx_word' id='word_1_612' title='bbox 2487 2391 2674 2452; x_wconf 90' lang='lat' dir='ltr'><strong>aperte</strong></span> <span class='ocrx_word' id='word_1_613' title='bbox 2694 2385 3152 2456; x_wconf 82' lang='lat' dir='ltr'><strong>humanigeneris</strong></span> <span class='ocrx_word' id='word_1_614' title='bbox 3177 2384 3373 2440; x_wconf 89' lang='lat' dir='ltr'><strong>damna</strong></span> <span class='ocrx_word' id='word_1_615' title='bbox 3409 2400 3545 2440; x_wconf 85' lang='lat' dir='ltr'><strong>con-</strong></span> 
     </span>
    </p>
   </div>
   <div class='ocr_carea' id='block_1_83' title="bbox 1967 2472 3549 2546">
    <p class='ocr_par' dir='ltr' id='par_1_83' title="bbox 1967 2472 3549 2546">
     <span class='ocr_line' id='line_1_83' title="bbox 1967 2472 3549 2546; baseline 0.003 -20"><span class='ocrx_word' id='word_1_616' title='bbox 1967 2472 2232 2539; x_wconf 88' lang='lat' dir='ltr'><strong>siderans,</strong></span> <span class='ocrx_word' id='word_1_617' title='bbox 2257 2473 2402 2529; x_wconf 87' lang='lat' dir='ltr'><strong>dicat</strong></span> <span class='ocrx_word' id='word_1_618' title='bbox 2427 2492 2439 2528; x_wconf 92' lang='lat'><strong>:</strong></span> <span class='ocrx_word' id='word_1_619' title='bbox 2466 2474 2756 2531; x_wconf 89' lang='lat' dir='ltr'><strong>Districtus</strong></span> <span class='ocrx_word' id='word_1_620' title='bbox 2771 2476 2938 2546; x_wconf 84' lang='lat' dir='ltr'><strong>judex</strong></span> <span class='ocrx_word' id='word_1_621' title='bbox 2966 2476 3060 2546; x_wconf 90' lang='lat' dir='ltr'><strong>qui</strong></span> <span class='ocrx_word' id='word_1_622' title='bbox 3092 2491 3188 2532; x_wconf 89' lang='lat' dir='ltr'><strong>eos</strong></span> <span class='ocrx_word' id='word_1_623' title='bbox 3209 2476 3549 2532; x_wconf 87' lang='lat' dir='ltr'><strong>animadver-</strong></span> 
     </span>
    </p>
   </div>
   <div class='ocr_carea' id='block_1_84' title="bbox 1967 2564 3546 2639">
    <p class='ocr_par' dir='ltr' id='par_1_84' title="bbox 1967 2564 3546 2639">
     <span class='ocr_line' id='line_1_84' title="bbox 1967 2564 3546 2639; baseline 0.003 -21"><span class='ocrx_word' id='word_1_624' title='bbox 1967 2564 2120 2620; x_wconf 90' lang='lat' dir='ltr'><strong>sione</strong></span> <span class='ocrx_word' id='word_1_625' title='bbox 2149 2565 2406 2631; x_wconf 86' lang='lat' dir='ltr'><strong>trucidat,</strong></span> <span class='ocrx_word' id='word_1_626' title='bbox 2432 2581 2568 2637; x_wconf 87' lang='lat' dir='ltr'><strong>quos</strong></span> <span class='ocrx_word' id='word_1_627' title='bbox 2590 2566 2746 2636; x_wconf 91' lang='lat' dir='ltr'><strong>culpa</strong></span> <span class='ocrx_word' id='word_1_628' title='bbox 2775 2567 3008 2639; x_wconf 84' lang='lat' dir='ltr'><strong>propriae</strong></span> <span class='ocrx_word' id='word_1_629' title='bbox 3032 2567 3264 2623; x_wconf 89' lang='lat' dir='ltr'><strong>actionis</strong></span> <span class='ocrx_word' id='word_1_630' title='bbox 3291 2567 3546 2634; x_wconf 88' lang='lat' dir='ltr'><strong>damnat;</strong></span> 
     </span>
    </p>
   </div>
   <div class='ocr_carea' id='block_1_85' title="bbox 1968 2655 3552 2730">
    <p class='ocr_par' dir='ltr' id='par_1_85' title="bbox 1968 2655 3552 2730">
     <span class='ocr_line' id='line_1_85' title="bbox 1968 2655 3552 2730; baseline 0.005 -20"><span class='ocrx_word' id='word_1_631' title='bbox 1968 2655 2090 2710; x_wconf 90' lang='lat' dir='ltr'><strong>siet</strong></span> <span class='ocrx_word' id='word_1_632' title='bbox 2115 2655 2237 2712; x_wconf 86' lang='lat' dir='ltr'><strong>illos</strong></span> <span class='ocrx_word' id='word_1_633' title='bbox 2274 2656 2330 2711; x_wconf 92' lang='lat' dir='ltr'><strong>in</strong></span> <span class='ocrx_word' id='word_1_634' title='bbox 2355 2665 2620 2714; x_wconf 71' lang='lat' dir='ltr'><strong>aeternum</strong></span> <span class='ocrx_word' id='word_1_635' title='bbox 2654 2660 2909 2730; x_wconf 91' lang='lat' dir='ltr'><strong>percutit,</strong></span> <span class='ocrx_word' id='word_1_636' title='bbox 2931 2674 3067 2730; x_wconf 93' lang='lat' dir='ltr'><strong>quos</strong></span> <span class='ocrx_word' id='word_1_637' title='bbox 3113 2667 3298 2717; x_wconf 88' lang='lat' dir='ltr'><strong>reatus</strong></span> <span class='ocrx_word' id='word_1_638' title='bbox 3338 2659 3552 2718; x_wconf 82' lang='lat' dir='ltr'><strong>arbitrii</strong></span> 
     </span>
    </p>
   </div>
   <div class='ocr_carea' id='block_1_86' title="bbox 1966 2751 2320 2807">
    <p class='ocr_par' dir='ltr' id='par_1_86' title="bbox 1966 2751 2320 2807">
     <span class='ocr_line' id='line_1_86' title="bbox 1966 2751 2320 2807; baseline 0 -2"><span class='ocrx_word' id='word_1_639' title='bbox 1966 2765 2076 2806; x_wconf 88' lang='lat' dir='ltr'><strong>non</strong></span> <span class='ocrx_word' id='word_1_640' title='bbox 2099 2751 2320 2807; x_wconf 90' lang='lat' dir='ltr'><strong>addicit.</strong></span> 
     </span>
    </p>
   </div>
   <div class='ocr_carea' id='block_1_87' title="bbox 2042 2840 3544 2916">
    <p class='ocr_par' dir='ltr' id='par_1_87' title="bbox 2042 2840 3544 2916">
     <span class='ocr_line' id='line_1_87' title="bbox 2042 2840 3544 2916; baseline 0.003 -20"><span class='ocrx_word' id='word_1_641' title='bbox 2042 2840 2284 2912; x_wconf 87' lang='lat' dir='ltr'><strong>Gregorii</strong></span> <span class='ocrx_word' id='word_1_642' title='bbox 2316 2858 2468 2914; x_wconf 72' lang='lat' dir='ltr'><strong>papae</strong></span> <span class='ocrx_word' id='word_1_643' title='bbox 2493 2843 2548 2898; x_wconf 90' lang='lat' dir='ltr'><strong>in</strong></span> <span class='ocrx_word' id='word_1_644' title='bbox 2574 2843 2712 2900; x_wconf 91' lang='lat' dir='ltr'><strong>libro</strong></span> <span class='ocrx_word' id='word_1_645' title='bbox 2735 2842 2836 2900; x_wconf 87' lang='lat' dir='ltr'><strong>Job</strong></span> <span class='ocrx_word' id='word_1_646' title='bbox 2876 2859 2931 2898; x_wconf 70' lang='grc' dir='ltr'><strong>ιι</strong></span> <span class='ocrx_word' id='word_1_647' title='bbox 2959 2843 3096 2916; x_wconf 86' lang='lat' dir='ltr'><strong>(cap.</strong></span> <span class='ocrx_word' id='word_1_648' title='bbox 3135 2844 3196 2910; x_wconf 77' lang='lat'><strong>2,</strong></span> <span class='ocrx_word' id='word_1_649' title='bbox 3237 2845 3293 2898; x_wconf 89' lang='lat' dir='ltr'><strong>in</strong></span> <span class='ocrx_word' id='word_1_650' title='bbox 3321 2861 3436 2915; x_wconf 87' lang='lat' dir='ltr'><strong>cap.</strong></span> <span class='ocrx_word' id='word_1_651' title='bbox 3465 2860 3544 2900; x_wconf 82' lang='lat' dir='ltr'><strong>xu</strong></span> 
     </span>
    </p>
   </div>
   <div class='ocr_carea' id='block_1_88' title="bbox 1964 2931 3553 3006">
    <p class='ocr_par' dir='ltr' id='par_1_88' title="bbox 1964 2931 3553 3006">
     <span class='ocr_line' id='line_1_88' title="bbox 1964 2931 3553 3006; baseline 0.001 -19"><span class='ocrx_word' id='word_1_652' title='bbox 1964 2931 2089 3006; x_wconf 82' lang='lat' dir='ltr'><strong>Job)</strong></span> <span class='ocrx_word' id='word_1_653' title='bbox 2119 2952 2132 2987; x_wconf 89' lang='lat'><strong>:</strong></span> <span class='ocrx_word' id='word_1_654' title='bbox 2165 2934 2446 2990; x_wconf 82' lang='lat' dir='ltr'><strong>Abundant</strong></span> <span class='ocrx_word' id='word_1_655' title='bbox 2472 2935 2810 2991; x_wconf 87' lang='lat' dir='ltr'><strong>tabernacula</strong></span> <span class='ocrx_word' id='word_1_656' title='bbox 2835 2937 3162 3006; x_wconf 76' lang='lat' dir='ltr'><strong>prtedonum,</strong></span> <span class='ocrx_word' id='word_1_657' title='bbox 3204 2945 3252 2990; x_wconf 87' lang='lat' dir='ltr'><strong>et</strong></span> <span class='ocrx_word' id='word_1_658' title='bbox 3297 2936 3553 2990; x_wconf 85' lang='lat' dir='ltr'><strong>audacter</strong></span> 
     </span>
    </p>
   </div>
   <div class='ocr_carea' id='block_1_89' title="bbox 1965 3025 3542 3097">
    <p class='ocr_par' dir='ltr' id='par_1_89' title="bbox 1965 3025 3542 3097">
     <span class='ocr_line' id='line_1_89' title="bbox 1965 3025 3542 3097; baseline 0.003 -20"><span class='ocrx_word' id='word_1_659' title='bbox 1965 3033 2248 3094; x_wconf 69' lang='lat' dir='ltr'><strong>provocant</strong></span> <span class='ocrx_word' id='word_1_660' title='bbox 2280 3025 2471 3092; x_wconf 88' lang='lat' dir='ltr'><strong>Deum,</strong></span> <span class='ocrx_word' id='word_1_661' title='bbox 2499 3043 2617 3080; x_wconf 90' lang='lat' dir='ltr'><strong>cum</strong></span> <span class='ocrx_word' id='word_1_662' title='bbox 2641 3027 2750 3097; x_wconf 86' lang='lat' dir='ltr'><strong>ipse</strong></span> <span class='ocrx_word' id='word_1_663' title='bbox 2779 3027 2976 3082; x_wconf 84' lang='lat' dir='ltr'><strong>dederit</strong></span> <span class='ocrx_word' id='word_1_664' title='bbox 3004 3027 3179 3081; x_wconf 89' lang='lat' dir='ltr'><strong>omnia</strong></span> <span class='ocrx_word' id='word_1_665' title='bbox 3207 3027 3265 3082; x_wconf 88' lang='lat' dir='ltr'><strong>in</strong></span> <span class='ocrx_word' id='word_1_666' title='bbox 3301 3027 3542 3082; x_wconf 84' lang='lat' dir='ltr'><strong>manibus</strong></span> 
     </span>
    </p>
   </div>
   <div class='ocr_carea' id='block_1_90' title="bbox 1966 3116 3548 3186">
    <p class='ocr_par' dir='ltr' id='par_1_90' title="bbox 1966 3116 3548 3186">
     <span class='ocr_line' id='line_1_90' title="bbox 1966 3116 3548 3186; baseline 0.003 -16"><span class='ocrx_word' id='word_1_667' title='bbox 1966 3132 2168 3171; x_wconf 90' lang='lat' dir='ltr'><strong>eorum.</strong></span> <span class='ocrx_word' id='word_1_668' title='bbox 2200 3116 2382 3173; x_wconf 85' lang='lat' dir='ltr'><strong>Facile</strong></span> <span class='ocrx_word' id='word_1_669' title='bbox 2411 3127 2490 3173; x_wconf 91' lang='lat' dir='ltr'><strong>est</strong></span> <span class='ocrx_word' id='word_1_670' title='bbox 2521 3118 2797 3174; x_wconf 90' lang='lat' dir='ltr'><strong>hominem</strong></span> <span class='ocrx_word' id='word_1_671' title='bbox 2835 3127 2962 3174; x_wconf 90' lang='lat' dir='ltr'><strong>tunc</strong></span> <span class='ocrx_word' id='word_1_672' title='bbox 3002 3117 3221 3172; x_wconf 87' lang='lat' dir='ltr'><strong>divitias</strong></span> <span class='ocrx_word' id='word_1_673' title='bbox 3269 3117 3548 3186; x_wconf 78' lang='lat' dir='ltr'><strong>despicere</strong></span> 
     </span>
    </p>
   </div>
   <div class='ocr_carea' id='block_1_91' title="bbox 1969 3208 3552 3290">
    <p class='ocr_par' dir='ltr' id='par_1_91' title="bbox 1969 3208 3552 3290">
     <span class='ocr_line' id='line_1_91' title="bbox 1969 3208 3552 3290; baseline -0.001 -24"><span class='ocrx_word' id='word_1_674' title='bbox 1969 3227 2091 3266; x_wconf 92' lang='lat' dir='ltr'><strong>cum</strong></span> <span class='ocrx_word' id='word_1_675' title='bbox 2119 3212 2311 3267; x_wconf 89' lang='lat' dir='ltr'><strong>habet:</strong></span> <span class='ocrx_word' id='word_1_676' title='bbox 2339 3211 2552 3268; x_wconf 76' lang='lat' dir='ltr'><strong>diﬂicile</strong></span> <span class='ocrx_word' id='word_1_677' title='bbox 2573 3226 2704 3290; x_wconf 90' lang='lat' dir='ltr'><strong>vero</strong></span> <span class='ocrx_word' id='word_1_678' title='bbox 2730 3219 2813 3267; x_wconf 91' lang='lat' dir='ltr'><strong>est</strong></span> <span class='ocrx_word' id='word_1_679' title='bbox 2832 3225 2926 3267; x_wconf 88' lang='lat' dir='ltr'><strong>eas</strong></span> <span class='ocrx_word' id='word_1_680' title='bbox 2961 3225 3086 3268; x_wconf 92' lang='lat' dir='ltr'><strong>cum</strong></span> <span class='ocrx_word' id='word_1_681' title='bbox 3112 3225 3219 3289; x_wconf 91' lang='lat' dir='ltr'><strong>non</strong></span> <span class='ocrx_word' id='word_1_682' title='bbox 3246 3208 3428 3277; x_wconf 83' lang='lat' dir='ltr'><strong>habet,</strong></span> <span class='ocrx_word' id='word_1_683' title='bbox 3471 3209 3552 3265; x_wconf 90' lang='lat' dir='ltr'><strong>vi-</strong></span> 
     </span>
    </p>
   </div>
   <div class='ocr_carea' id='block_1_92' title="bbox 1967 3304 3552 3377">
    <p class='ocr_par' dir='ltr' id='par_1_92' title="bbox 1967 3304 3552 3377">
     <span class='ocr_line' id='line_1_92' title="bbox 1967 3304 3552 3377; baseline 0.001 -17"><span class='ocrx_word' id='word_1_684' title='bbox 1967 3305 2047 3362; x_wconf 89' lang='lat' dir='ltr'><strong>les</strong></span> <span class='ocrx_word' id='word_1_685' title='bbox 2102 3306 2394 3361; x_wconf 71' lang='lat' dir='ltr'><strong>aestimare.</strong></span> <span class='ocrx_word' id='word_1_686' title='bbox 2450 3305 2605 3362; x_wconf 89' lang='lat' dir='ltr'><strong>Unde</strong></span> <span class='ocrx_word' id='word_1_687' title='bbox 2647 3314 2898 3377; x_wconf 87' lang='lat' dir='ltr'><strong>patenter</strong></span> <span class='ocrx_word' id='word_1_688' title='bbox 2934 3304 3256 3370; x_wconf 88' lang='lat' dir='ltr'><strong>ostenditur,</strong></span> <span class='ocrx_word' id='word_1_689' title='bbox 3285 3312 3552 3374; x_wconf 81' lang='lat' dir='ltr'><strong>quatenus</strong></span> 
     </span>
    </p>
   </div>
   <div class='ocr_carea' id='block_1_93' title="bbox 1967 3394 3549 3468">
    <p class='ocr_par' dir='ltr' id='par_1_93' title="bbox 1967 3394 3549 3468">
     <span class='ocr_line' id='line_1_93' title="bbox 1967 3394 3549 3468; baseline -0.001 -14"><span class='ocrx_word' id='word_1_690' title='bbox 1967 3404 2307 3468; x_wconf 85' lang='lat' dir='ltr'><strong>contemptus</strong></span> <span class='ocrx_word' id='word_1_691' title='bbox 2329 3405 2672 3454; x_wconf 88' lang='lat' dir='ltr'><strong>terrenarum</strong></span> <span class='ocrx_word' id='word_1_692' title='bbox 2702 3413 2883 3454; x_wconf 90' lang='lat' dir='ltr'><strong>rerum</strong></span> <span class='ocrx_word' id='word_1_693' title='bbox 2923 3397 2978 3453; x_wconf 93' lang='lat' dir='ltr'><strong>in</strong></span> <span class='ocrx_word' id='word_1_694' title='bbox 3020 3395 3164 3451; x_wconf 91' lang='lat' dir='ltr'><strong>beati</strong></span> <span class='ocrx_word' id='word_1_695' title='bbox 3191 3394 3292 3452; x_wconf 85' lang='lat' dir='ltr'><strong>Job</strong></span> <span class='ocrx_word' id='word_1_696' title='bbox 3339 3397 3549 3468; x_wconf 82' lang='lat' dir='ltr'><strong>cogita-</strong></span> 
     </span>
    </p>
   </div>
   <div class='ocr_carea' id='block_1_94' title="bbox 1969 3487 3554 3560">
    <p class='ocr_par' dir='ltr' id='par_1_94' title="bbox 1969 3487 3554 3560">
     <span class='ocr_line' id='line_1_94' title="bbox 1969 3487 3554 3560; baseline -0.001 -14"><span class='ocrx_word' id='word_1_697' title='bbox 1969 3492 2114 3546; x_wconf 81' lang='lat' dir='ltr'><strong>tione</strong></span> <span class='ocrx_word' id='word_1_698' title='bbox 2140 3489 2323 3555; x_wconf 81' lang='lat' dir='ltr'><strong>fuerit,</strong></span> <span class='ocrx_word' id='word_1_699' title='bbox 2351 3489 2445 3560; x_wconf 88' lang='lat' dir='ltr'><strong>qui</strong></span> <span class='ocrx_word' id='word_1_700' title='bbox 2469 3497 2597 3546; x_wconf 92' lang='lat' dir='ltr'><strong>tunc</strong></span> <span class='ocrx_word' id='word_1_701' title='bbox 2621 3489 2754 3546; x_wconf 92' lang='lat' dir='ltr'><strong>dicit</strong></span> <span class='ocrx_word' id='word_1_702' title='bbox 2791 3488 2935 3545; x_wconf 90' lang='lat' dir='ltr'><strong>nulla</strong></span> <span class='ocrx_word' id='word_1_703' title='bbox 2963 3503 3083 3544; x_wconf 87' lang='lat' dir='ltr'><strong>esse</strong></span> <span class='ocrx_word' id='word_1_704' title='bbox 3111 3501 3228 3557; x_wconf 71' lang='lat' dir='ltr'><strong>quae</strong></span> <span class='ocrx_word' id='word_1_705' title='bbox 3275 3487 3554 3544; x_wconf 82' lang='lat' dir='ltr'><strong>abundant</strong></span> 
     </span>
    </p>
   </div>
   <div class='ocr_carea' id='block_1_95' title="bbox 1967 3577 3548 3653">
    <p class='ocr_par' dir='ltr' id='par_1_95' title="bbox 1967 3577 3548 3653">
     <span class='ocr_line' id='line_1_95' title="bbox 1967 3577 3548 3653; baseline -0.003 -15"><span class='ocrx_word' id='word_1_706' title='bbox 1967 3582 2235 3653; x_wconf 89' lang='lat' dir='ltr'><strong>reprobis,</strong></span> <span class='ocrx_word' id='word_1_707' title='bbox 2263 3581 2479 3653; x_wconf 89' lang='lat' dir='ltr'><strong>quando</strong></span> <span class='ocrx_word' id='word_1_708' title='bbox 2506 3582 2688 3638; x_wconf 90' lang='lat' dir='ltr'><strong>omnia</strong></span> <span class='ocrx_word' id='word_1_709' title='bbox 2711 3581 2912 3638; x_wconf 89' lang='lat' dir='ltr'><strong>amisit.</strong></span> <span class='ocrx_word' id='word_1_710' title='bbox 2943 3581 3034 3636; x_wconf 79' lang='lat' dir='ltr'><strong>Ait</strong></span> <span class='ocrx_word' id='word_1_711' title='bbox 3071 3594 3201 3649; x_wconf 85' lang='lat' dir='ltr'><strong>ergo</strong></span> <span class='ocrx_word' id='word_1_712' title='bbox 3228 3593 3242 3634; x_wconf 92' lang='lat'><strong>:</strong></span> <span class='ocrx_word' id='word_1_713' title='bbox 3265 3577 3548 3633; x_wconf 81' lang='lat' dir='ltr'><strong>Abundant</strong></span> 
     </span>
    </p>
   </div>
   <div class='ocr_carea' id='block_1_96' title="bbox 1967 3668 3544 3746">
    <p class='ocr_par' dir='ltr' id='par_1_96' title="bbox 1967 3668 3544 3746">
     <span class='ocr_line' id='line_1_96' title="bbox 1967 3668 3544 3746; baseline -0.003 -18"><span class='ocrx_word' id='word_1_714' title='bbox 1967 3672 2306 3728; x_wconf 87' lang='lat' dir='ltr'><strong>tabernacula</strong></span> <span class='ocrx_word' id='word_1_715' title='bbox 2328 3673 2661 3746; x_wconf 73' lang='lat' dir='ltr'><strong>prwdonum,</strong></span> <span class='ocrx_word' id='word_1_716' title='bbox 2691 3682 2739 3730; x_wconf 82' lang='lat' dir='ltr'><strong>et</strong></span> <span class='ocrx_word' id='word_1_717' title='bbox 2769 3672 3025 3728; x_wconf 87' lang='lat' dir='ltr'><strong>audacter</strong></span> <span class='ocrx_word' id='word_1_718' title='bbox 3048 3677 3328 3739; x_wconf 74' lang='lat' dir='ltr'><strong>provocant</strong></span> <span class='ocrx_word' id='word_1_719' title='bbox 3349 3668 3544 3724; x_wconf 84' lang='lat' dir='ltr'><strong>Deum.</strong></span> 
     </span>
    </p>
   </div>
   <div class='ocr_carea' id='block_1_97' title="bbox 1965 3761 3542 3838">
    <p class='ocr_par' dir='ltr' id='par_1_97' title="bbox 1965 3761 3542 3838">
     <span class='ocr_line' id='line_1_97' title="bbox 1965 3761 3542 3838; baseline -0.003 -17"><span class='ocrx_word' id='word_1_720' title='bbox 1965 3763 2102 3833; x_wconf 87' lang='lat' dir='ltr'><strong>Quia</strong></span> <span class='ocrx_word' id='word_1_721' title='bbox 2124 3766 2442 3837; x_wconf 89' lang='lat' dir='ltr'><strong>plerumque</strong></span> <span class='ocrx_word' id='word_1_722' title='bbox 2467 3781 2533 3822; x_wconf 90' lang='lat' dir='ltr'><strong>eo</strong></span> <span class='ocrx_word' id='word_1_723' title='bbox 2587 3765 2760 3837; x_wconf 87' lang='lat' dir='ltr'><strong>magis</strong></span> <span class='ocrx_word' id='word_1_724' title='bbox 2787 3772 2976 3821; x_wconf 85' lang='lat' dir='ltr'><strong>contra</strong></span> <span class='ocrx_word' id='word_1_725' title='bbox 2999 3763 3170 3838; x_wconf 73' lang='lat' dir='ltr'><strong>Deum</strong></span> <span class='ocrx_word' id='word_1_726' title='bbox 3199 3761 3542 3832; x_wconf 81' lang='lat' dir='ltr'><strong>superbiunt,</strong></span> 
     </span>
    </p>
   </div>
   <div class='ocr_carea' id='block_1_98' title="bbox 1925 3851 3541 3929">
    <p class='ocr_par' dir='ltr' id='par_1_98' title="bbox 1925 3851 3541 3929">
     <span class='ocr_line' id='line_1_98' title="bbox 1925 3851 3541 3929; baseline -0.006 -15"><span class='ocrx_word' id='word_1_727' title='bbox 1925 3911 1930 3914; x_wconf 89' lang='lat'><strong>.</strong></span> <span class='ocrx_word' id='word_1_728' title='bbox 1965 3875 2074 3929; x_wconf 92' lang='lat' dir='ltr'><strong>quo</strong></span> <span class='ocrx_word' id='word_1_729' title='bbox 2099 3859 2167 3914; x_wconf 90' lang='lat' dir='ltr'><strong>ab</strong></span> <span class='ocrx_word' id='word_1_730' title='bbox 2193 3857 2310 3927; x_wconf 89' lang='lat' dir='ltr'><strong>ejus</strong></span> <span class='ocrx_word' id='word_1_731' title='bbox 2338 3857 2610 3928; x_wconf 89' lang='lat' dir='ltr'><strong>largitate,</strong></span> <span class='ocrx_word' id='word_1_732' title='bbox 2641 3864 2696 3912; x_wconf 91' lang='lat' dir='ltr'><strong>et</strong></span> <span class='ocrx_word' id='word_1_733' title='bbox 2715 3863 2903 3912; x_wconf 92' lang='lat' dir='ltr'><strong>contra</strong></span> <span class='ocrx_word' id='word_1_734' title='bbox 2947 3853 3222 3919; x_wconf 87' lang='lat' dir='ltr'><strong>meritum,</strong></span> <span class='ocrx_word' id='word_1_735' title='bbox 3275 3851 3541 3916; x_wconf 90' lang='lat' dir='ltr'><strong>ditantur,</strong></span> 
     </span>
    </p>
   </div>
   <div class='ocr_carea' id='block_1_99' title="bbox 1965 3941 3560 4019">
    <p class='ocr_par' dir='ltr' id='par_1_99' title="bbox 1965 3941 3560 4019">
     <span class='ocr_line' id='line_1_99' title="bbox 1965 3941 3560 4019; baseline -0.004 -15"><span class='ocrx_word' id='word_1_736' title='bbox 1965 3959 2021 4004; x_wconf 91' lang='lat' dir='ltr'><strong>et</strong></span> <span class='ocrx_word' id='word_1_737' title='bbox 2050 3948 2142 4018; x_wconf 93' lang='lat' dir='ltr'><strong>qui</strong></span> <span class='ocrx_word' id='word_1_738' title='bbox 2168 3949 2453 4019; x_wconf 90' lang='lat' dir='ltr'><strong>provocari</strong></span> <span class='ocrx_word' id='word_1_739' title='bbox 2481 3947 2637 4003; x_wconf 92' lang='lat' dir='ltr'><strong>bonis</strong></span> <span class='ocrx_word' id='word_1_740' title='bbox 2677 3947 2744 4003; x_wconf 90' lang='lat' dir='ltr'><strong>ad</strong></span> <span class='ocrx_word' id='word_1_741' title='bbox 2784 3945 3007 4002; x_wconf 91' lang='lat' dir='ltr'><strong>meliora</strong></span> <span class='ocrx_word' id='word_1_742' title='bbox 3051 3944 3369 4009; x_wconf 90' lang='lat' dir='ltr'><strong>debuerant,</strong></span> <span class='ocrx_word' id='word_1_743' title='bbox 3391 3941 3560 4006; x_wconf 28' lang='lat' dir='ltr'><strong>donis,</strong></span> 
     </span>
    </p>
   </div>
   <div class='ocr_carea' id='block_1_100' title="bbox 1964 4035 3550 4112">
    <p class='ocr_par' dir='ltr' id='par_1_100' title="bbox 1964 4035 3550 4112">
     <span class='ocr_line' id='line_1_100' title="bbox 1964 4035 3550 4112; baseline -0.003 -18"><span class='ocrx_word' id='word_1_744' title='bbox 1964 4041 2176 4112; x_wconf 84' lang='lat' dir='ltr'><strong>pejores</strong></span> <span class='ocrx_word' id='word_1_745' title='bbox 2211 4040 2366 4095; x_wconf 82' lang='lat' dir='ltr'><strong>ﬁunt.</strong></span> <span class='ocrx_word' id='word_1_746' title='bbox 2396 4039 2504 4095; x_wconf 91' lang='lat' dir='ltr'><strong>Sed</strong></span> <span class='ocrx_word' id='word_1_747' title='bbox 2531 4037 2941 4108; x_wconf 90' lang='lat' dir='ltr'><strong>intelligendum</strong></span> <span class='ocrx_word' id='word_1_748' title='bbox 2987 4035 3144 4092; x_wconf 90' lang='lat' dir='ltr'><strong>nobis</strong></span> <span class='ocrx_word' id='word_1_749' title='bbox 3185 4043 3288 4099; x_wconf 88' lang='lat' dir='ltr'><strong>est,</strong></span> <span class='ocrx_word' id='word_1_750' title='bbox 3325 4047 3550 4105; x_wconf 91' lang='lat' dir='ltr'><strong>quomo-</strong></span> 
     </span>
    </p>
   </div>
   <div class='ocr_carea' id='block_1_101' title="bbox 1965 4123 3547 4204">
    <p class='ocr_par' dir='ltr' id='par_1_101' title="bbox 1965 4123 3547 4204">
     <span class='ocr_line' id='line_1_101' title="bbox 1965 4123 3547 4204; baseline -0.007 -14"><span class='ocrx_word' id='word_1_751' title='bbox 1965 4134 2034 4190; x_wconf 91' lang='lat' dir='ltr'><strong>do</strong></span> <span class='ocrx_word' id='word_1_752' title='bbox 2046 4133 2316 4204; x_wconf 64' lang='lat' dir='ltr'><strong>praedones</strong></span> <span class='ocrx_word' id='word_1_753' title='bbox 2342 4130 2699 4203; x_wconf 90' lang='lat' dir='ltr'><strong>appellentur,</strong></span> <span class='ocrx_word' id='word_1_754' title='bbox 2731 4131 2856 4185; x_wconf 91' lang='lat' dir='ltr'><strong>dum</strong></span> <span class='ocrx_word' id='word_1_755' title='bbox 2886 4129 3134 4201; x_wconf 87' lang='lat' dir='ltr'><strong>protinus</strong></span> <span class='ocrx_word' id='word_1_756' title='bbox 3153 4126 3389 4191; x_wconf 90' lang='lat' dir='ltr'><strong>additur,</strong></span> <span class='ocrx_word' id='word_1_757' title='bbox 3413 4123 3547 4180; x_wconf 86' lang='lat' dir='ltr'><strong>Cum</strong></span> 
     </span>
    </p>
   </div>
   <div class='ocr_carea' id='block_1_102' title="bbox 1965 4219 3546 4298">
    <p class='ocr_par' dir='ltr' id='par_1_102' title="bbox 1965 4219 3546 4298">
     <span class='ocr_line' id='line_1_102' title="bbox 1965 4219 3546 4298; baseline -0.005 -18"><span class='ocrx_word' id='word_1_758' title='bbox 1965 4227 2075 4298; x_wconf 86' lang='lat' dir='ltr'><strong>ipse</strong></span> <span class='ocrx_word' id='word_1_759' title='bbox 2095 4226 2295 4281; x_wconf 86' lang='lat' dir='ltr'><strong>dederit</strong></span> <span class='ocrx_word' id='word_1_760' title='bbox 2321 4226 2498 4281; x_wconf 88' lang='lat' dir='ltr'><strong>omnia</strong></span> <span class='ocrx_word' id='word_1_761' title='bbox 2535 4224 2593 4279; x_wconf 83' lang='lat' dir='ltr'><strong>in</strong></span> <span class='ocrx_word' id='word_1_762' title='bbox 2621 4223 2859 4278; x_wconf 85' lang='lat' dir='ltr'><strong>manibus</strong></span> <span class='ocrx_word' id='word_1_763' title='bbox 2902 4238 3102 4276; x_wconf 86' lang='lat' dir='ltr'><strong>eorum.</strong></span> <span class='ocrx_word' id='word_1_764' title='bbox 3133 4219 3190 4275; x_wconf 92' lang='lat' dir='ltr'><strong>Si</strong></span> <span class='ocrx_word' id='word_1_765' title='bbox 3221 4219 3365 4275; x_wconf 90' lang='lat' dir='ltr'><strong>enim</strong></span> <span class='ocrx_word' id='word_1_766' title='bbox 3409 4233 3546 4289; x_wconf 79' lang='lat' dir='ltr'><strong>pne-</strong></span> 
     </span>
    </p>
   </div>
   <div class='ocr_carea' id='block_1_103' title="bbox 1964 4309 3546 4382">
    <p class='ocr_par' dir='ltr' id='par_1_103' title="bbox 1964 4309 3546 4382">
     <span class='ocr_line' id='line_1_103' title="bbox 1964 4309 3546 4382; baseline -0.007 -7"><span class='ocrx_word' id='word_1_767' title='bbox 1964 4319 2134 4375; x_wconf 91' lang='lat' dir='ltr'><strong>dones</strong></span> <span class='ocrx_word' id='word_1_768' title='bbox 2187 4324 2332 4382; x_wconf 82' lang='lat' dir='ltr'><strong>sunt,</strong></span> <span class='ocrx_word' id='word_1_769' title='bbox 2375 4315 2641 4371; x_wconf 86' lang='lat' dir='ltr'><strong>violenter</strong></span> <span class='ocrx_word' id='word_1_770' title='bbox 2685 4312 3146 4369; x_wconf 87' lang='lat' dir='ltr'><strong>abstulerunt:et</strong></span> <span class='ocrx_word' id='word_1_771' title='bbox 3169 4309 3390 4366; x_wconf 88' lang='lat' dir='ltr'><strong>dubium</strong></span> <span class='ocrx_word' id='word_1_772' title='bbox 3435 4321 3546 4364; x_wconf 87' lang='lat' dir='ltr'><strong>non</strong></span> 
     </span>
    </p>
   </div>
   <div class='ocr_carea' id='block_1_104' title="bbox 1963 4401 3558 4482">
    <p class='ocr_par' dir='ltr' id='par_1_104' title="bbox 1963 4401 3558 4482">
     <span class='ocr_line' id='line_1_104' title="bbox 1963 4401 3558 4482; baseline -0.006 -13"><span class='ocrx_word' id='word_1_773' title='bbox 1963 4421 2067 4478; x_wconf 91' lang='lat' dir='ltr'><strong>est,</strong></span> <span class='ocrx_word' id='word_1_774' title='bbox 2097 4410 2227 4482; x_wconf 90' lang='lat' dir='ltr'><strong>quin</strong></span> <span class='ocrx_word' id='word_1_775' title='bbox 2260 4409 2616 4480; x_wconf 82' lang='lat' dir='ltr'><strong>violentorum</strong></span> <span class='ocrx_word' id='word_1_776' title='bbox 2643 4423 2748 4463; x_wconf 93' lang='lat' dir='ltr'><strong>non</strong></span> <span class='ocrx_word' id='word_1_777' title='bbox 2771 4406 2842 4462; x_wconf 85' lang='lat' dir='ltr'><strong>sit</strong></span> <span class='ocrx_word' id='word_1_778' title='bbox 2861 4405 3076 4476; x_wconf 88' lang='lat' dir='ltr'><strong>adjutor</strong></span> <span class='ocrx_word' id='word_1_779' title='bbox 3115 4403 3276 4459; x_wconf 89' lang='lat' dir='ltr'><strong>Deus.</strong></span> <span class='ocrx_word' id='word_1_780' title='bbox 3305 4401 3558 4470; x_wconf 77' lang='lat' dir='ltr'><strong>Quomo—.</strong></span> 
     </span>
    </p>
   </div>
   <div class='ocr_carea' id='block_1_105' title="bbox 1966 4498 3546 4576">
    <p class='ocr_par' dir='ltr' id='par_1_105' title="bbox 1966 4498 3546 4576">
     <span class='ocr_line' id='line_1_105' title="bbox 1966 4498 3546 4576; baseline -0.007 -16"><span class='ocrx_word' id='word_1_781' title='bbox 1966 4505 2034 4561; x_wconf 92' lang='lat' dir='ltr'><strong>do</strong></span> <span class='ocrx_word' id='word_1_782' title='bbox 2061 4504 2225 4576; x_wconf 87' lang='lat' dir='ltr'><strong>igitur</strong></span> <span class='ocrx_word' id='word_1_783' title='bbox 2263 4503 2378 4574; x_wconf 86' lang='lat' dir='ltr'><strong>ipse</strong></span> <span class='ocrx_word' id='word_1_784' title='bbox 2403 4503 2515 4567; x_wconf 88' lang='lat' dir='ltr'><strong>dat,</strong></span> <span class='ocrx_word' id='word_1_785' title='bbox 2555 4501 2700 4572; x_wconf 91' lang='lat' dir='ltr'><strong>quod</strong></span> <span class='ocrx_word' id='word_1_786' title='bbox 2727 4499 2782 4556; x_wconf 89' lang='lat' dir='ltr'><strong>hi</strong></span> <span class='ocrx_word' id='word_1_787' title='bbox 2822 4499 2914 4570; x_wconf 93' lang='lat' dir='ltr'><strong>qui</strong></span> <span class='ocrx_word' id='word_1_788' title='bbox 2941 4498 3222 4570; x_wconf 64' lang='lat' dir='ltr'><strong>praedones</strong></span> <span class='ocrx_word' id='word_1_789' title='bbox 3259 4503 3407 4560; x_wconf 89' lang='lat' dir='ltr'><strong>sunt,</strong></span> <span class='ocrx_word' id='word_1_790' title='bbox 3449 4509 3546 4550; x_wconf 89' lang='lat' dir='ltr'><strong>ne-</strong></span> 
     </span>
    </p>
   </div>
   <div class='ocr_carea' id='block_1_106' title="bbox 1966 4584 3551 4666">
    <p class='ocr_par' dir='ltr' id='par_1_106' title="bbox 1966 4584 3551 4666">
     <span class='ocr_line' id='line_1_106' title="bbox 1966 4584 3551 4666; baseline -0.006 -18"><span class='ocrx_word' id='word_1_791' title='bbox 1966 4593 2147 4666; x_wconf 91' lang='lat' dir='ltr'><strong>quiter</strong></span> <span class='ocrx_word' id='word_1_792' title='bbox 2195 4592 2432 4648; x_wconf 90' lang='lat' dir='ltr'><strong>tollunt?</strong></span> <span class='ocrx_word' id='word_1_793' title='bbox 2472 4591 2578 4646; x_wconf 90' lang='lat' dir='ltr'><strong>Sed</strong></span> <span class='ocrx_word' id='word_1_794' title='bbox 2617 4589 2896 4646; x_wconf 89' lang='lat' dir='ltr'><strong>sciendum</strong></span> <span class='ocrx_word' id='word_1_795' title='bbox 2947 4597 3054 4655; x_wconf 89' lang='lat' dir='ltr'><strong>est,</strong></span> <span class='ocrx_word' id='word_1_796' title='bbox 3091 4587 3216 4658; x_wconf 89' lang='lat' dir='ltr'><strong>quia</strong></span> <span class='ocrx_word' id='word_1_797' title='bbox 3269 4584 3413 4641; x_wconf 87' lang='lat' dir='ltr'><strong>aliud</strong></span> <span class='ocrx_word' id='word_1_798' title='bbox 3467 4592 3551 4639; x_wconf 90' lang='lat' dir='ltr'><strong>est</strong></span> 
     </span>
    </p>
   </div>
   <div class='ocr_carea' id='block_1_107' title="bbox 1966 4671 3548 4755">
    <p class='ocr_par' dir='ltr' id='par_1_107' title="bbox 1966 4671 3548 4755">
     <span class='ocr_line' id='line_1_107' title="bbox 1966 4671 3548 4755; baseline -0.008 -16"><span class='ocrx_word' id='word_1_799' title='bbox 1966 4684 2109 4755; x_wconf 90' lang='lat' dir='ltr'><strong>quod</strong></span> <span class='ocrx_word' id='word_1_800' title='bbox 2142 4683 2486 4752; x_wconf 91' lang='lat' dir='ltr'><strong>omnipotens</strong></span> <span class='ocrx_word' id='word_1_801' title='bbox 2505 4681 2648 4737; x_wconf 88' lang='lat' dir='ltr'><strong>Deus</strong></span> <span class='ocrx_word' id='word_1_802' title='bbox 2689 4679 3114 4735; x_wconf 85' lang='lat' dir='ltr'><strong>misericorditer</strong></span> <span class='ocrx_word' id='word_1_803' title='bbox 3154 4675 3362 4740; x_wconf 90' lang='lat' dir='ltr'><strong>tribuit,</strong></span> <span class='ocrx_word' id='word_1_804' title='bbox 3402 4671 3548 4727; x_wconf 90' lang='lat' dir='ltr'><strong>aliud</strong></span> 
     </span>
    </p>
   </div>
   <div class='ocr_carea' id='block_1_108' title="bbox 1967 4761 3550 4846">
    <p class='ocr_par' dir='ltr' id='par_1_108' title="bbox 1967 4761 3550 4846">
     <span class='ocr_line' id='line_1_108' title="bbox 1967 4761 3550 4846; baseline -0.009 -16"><span class='ocrx_word' id='word_1_805' title='bbox 1967 4761 2117 4846; x_wconf 64' lang='lat' dir='ltr'><strong>quod~</strong></span> <span class='ocrx_word' id='word_1_806' title='bbox 2138 4775 2307 4829; x_wconf 89' lang='lat' dir='ltr'><strong>iratus</strong></span> <span class='ocrx_word' id='word_1_807' title='bbox 2335 4772 2538 4826; x_wconf 88' lang='lat' dir='ltr'><strong>habere</strong></span> <span class='ocrx_word' id='word_1_808' title='bbox 2583 4770 2729 4826; x_wconf 90' lang='lat' dir='ltr'><strong>sinit.</strong></span> <span class='ocrx_word' id='word_1_809' title='bbox 2759 4769 2894 4824; x_wconf 84' lang='lat' dir='ltr'><strong>Nam</strong></span> <span class='ocrx_word' id='word_1_810' title='bbox 2931 4769 3075 4839; x_wconf 91' lang='lat' dir='ltr'><strong>quod</strong></span> <span class='ocrx_word' id='word_1_811' title='bbox 3109 4767 3388 4837; x_wconf 65' lang='lat' dir='ltr'><strong>praedones</strong></span> <span class='ocrx_word' id='word_1_812' title='bbox 3427 4778 3550 4834; x_wconf 88' lang='lat' dir='ltr'><strong>per-</strong></span> 
     </span>
    </p>
   </div>
   <div class='ocr_carea' id='block_1_109' title="bbox 1965 4855 3545 4933">
    <p class='ocr_par' dir='ltr' id='par_1_109' title="bbox 1965 4855 3545 4933">
     <span class='ocr_line' id='line_1_109' title="bbox 1965 4855 3545 4933; baseline -0.011 -9"><span class='ocrx_word' id='word_1_813' title='bbox 1965 4881 2126 4924; x_wconf 85' lang='lat' dir='ltr'><strong>verse</strong></span> <span class='ocrx_word' id='word_1_814' title='bbox 2147 4865 2376 4929; x_wconf 83' lang='lat' dir='ltr'><strong>faciunt,</strong></span> <span class='ocrx_word' id='word_1_815' title='bbox 2408 4863 2513 4918; x_wconf 89' lang='lat' dir='ltr'><strong>hoc</strong></span> <span class='ocrx_word' id='word_1_816' title='bbox 2535 4862 2874 4933; x_wconf 89' lang='lat' dir='ltr'><strong>dispensator</strong></span> <span class='ocrx_word' id='word_1_817' title='bbox 2899 4859 3246 4931; x_wconf 62' lang='lat' dir='ltr'><strong>aequissimus</strong></span> <span class='ocrx_word' id='word_1_818' title='bbox 3273 4855 3410 4920; x_wconf 82' lang='lat' dir='ltr'><strong>ﬁeri,</strong></span> <span class='ocrx_word' id='word_1_819' title='bbox 3435 4868 3545 4908; x_wconf 90' lang='lat' dir='ltr'><strong>non</strong></span> 
     </span>
    </p>
   </div>
   <div class='ocr_carea' id='block_1_110' title="bbox 1966 4949 3550 5032">
    <p class='ocr_par' dir='ltr' id='par_1_110' title="bbox 1966 4949 3550 5032">
     <span class='ocr_line' id='line_1_110' title="bbox 1966 4949 3550 5032; baseline -0.008 -16"><span class='ocrx_word' id='word_1_820' title='bbox 1966 4961 2072 5016; x_wconf 90' lang='lat' dir='ltr'><strong>nisi</strong></span> <span class='ocrx_word' id='word_1_821' title='bbox 2093 4961 2241 5032; x_wconf 88' lang='lat' dir='ltr'><strong>juste</strong></span> <span class='ocrx_word' id='word_1_822' title='bbox 2261 4957 2551 5028; x_wconf 91' lang='lat' dir='ltr'><strong>permittit,</strong></span> <span class='ocrx_word' id='word_1_823' title='bbox 2581 4964 2640 5011; x_wconf 91' lang='lat' dir='ltr'><strong>ut</strong></span> <span class='ocrx_word' id='word_1_824' title='bbox 2665 4956 2787 5012; x_wconf 92' lang='lat' dir='ltr'><strong>etis</strong></span> <span class='ocrx_word' id='word_1_825' title='bbox 2821 4956 2910 5026; x_wconf 91' lang='lat' dir='ltr'><strong>qui</strong></span> <span class='ocrx_word' id='word_1_826' title='bbox 2941 4966 3131 5024; x_wconf 90' lang='lat' dir='ltr'><strong>rapere</strong></span> <span class='ocrx_word' id='word_1_827' title='bbox 3179 4949 3395 5013; x_wconf 89' lang='lat' dir='ltr'><strong>sinitur,</strong></span> <span class='ocrx_word' id='word_1_828' title='bbox 3444 4962 3550 5003; x_wconf 74' lang='lat' dir='ltr'><strong>ca:-</strong></span> 
     </span>
    </p>
   </div>
   <div class='ocr_carea' id='block_1_111' title="bbox 1969 5037 3549 5120">
    <p class='ocr_par' dir='ltr' id='par_1_111' title="bbox 1969 5037 3549 5120">
     <span class='ocr_line' id='line_1_111' title="bbox 1969 5037 3549 5120; baseline -0.011 -12"><span class='ocrx_word' id='word_1_829' title='bbox 1969 5061 2126 5109; x_wconf 83' lang='lat' dir='ltr'><strong>catus</strong></span> <span class='ocrx_word' id='word_1_830' title='bbox 2146 5059 2326 5107; x_wconf 87' lang='lat' dir='ltr'><strong>mente</strong></span> <span class='ocrx_word' id='word_1_831' title='bbox 2346 5049 2560 5120; x_wconf 85' lang='lat' dir='ltr'><strong>culpam</strong></span> <span class='ocrx_word' id='word_1_832' title='bbox 2587 5055 2806 5120; x_wconf 87' lang='lat' dir='ltr'><strong>augeat,</strong></span> <span class='ocrx_word' id='word_1_833' title='bbox 2837 5057 2894 5101; x_wconf 88' lang='lat' dir='ltr'><strong>et</strong></span> <span class='ocrx_word' id='word_1_834' title='bbox 2928 5047 2976 5101; x_wconf 90' lang='lat' dir='ltr'><strong>is</strong></span> <span class='ocrx_word' id='word_1_835' title='bbox 2997 5044 3088 5115; x_wconf 88' lang='lat' dir='ltr'><strong>qui</strong></span> <span class='ocrx_word' id='word_1_836' title='bbox 3125 5041 3367 5112; x_wconf 87' lang='lat' dir='ltr'><strong>rapinam</strong></span> <span class='ocrx_word' id='word_1_837' title='bbox 3409 5037 3549 5108; x_wconf 89' lang='lat' dir='ltr'><strong>pati-</strong></span> 
     </span>
    </p>
   </div>
   <div class='ocr_carea' id='block_1_112' title="bbox 1969 5133 3546 5215">
    <p class='ocr_par' dir='ltr' id='par_1_112' title="bbox 1969 5133 3546 5215">
     <span class='ocr_line' id='line_1_112' title="bbox 1969 5133 3546 5215; baseline -0.011 -14"><span class='ocrx_word' id='word_1_838' title='bbox 1969 5156 2078 5212; x_wconf 87' lang='lat' dir='ltr'><strong>tur,</strong></span> <span class='ocrx_word' id='word_1_839' title='bbox 2099 5145 2212 5215; x_wconf 89' lang='lat' dir='ltr'><strong>jam</strong></span> <span class='ocrx_word' id='word_1_840' title='bbox 2244 5145 2298 5199; x_wconf 90' lang='lat' dir='ltr'><strong>in</strong></span> <span class='ocrx_word' id='word_1_841' title='bbox 2323 5142 2562 5215; x_wconf 88' lang='lat' dir='ltr'><strong>ejusdem</strong></span> <span class='ocrx_word' id='word_1_842' title='bbox 2595 5142 2797 5213; x_wconf 62' lang='lat' dir='ltr'><strong>rapinae</strong></span> <span class='ocrx_word' id='word_1_843' title='bbox 2821 5140 3042 5202; x_wconf 92' lang='lat' dir='ltr'><strong>damno,</strong></span> <span class='ocrx_word' id='word_1_844' title='bbox 3085 5150 3185 5205; x_wconf 85' lang='lat' dir='ltr'><strong>pro</strong></span> <span class='ocrx_word' id='word_1_845' title='bbox 3231 5133 3336 5187; x_wconf 91' lang='lat' dir='ltr'><strong>alia</strong></span> <span class='ocrx_word' id='word_1_846' title='bbox 3381 5146 3546 5202; x_wconf 90' lang='lat' dir='ltr'><strong>quam</strong></span> 
     </span>
    </p>
   </div>
   <div class='ocr_carea' id='block_1_113' title="bbox 1968 5218 3600 5310">
    <p class='ocr_par' dir='ltr' id='par_1_113' title="bbox 1968 5218 3600 5310">
     <span class='ocr_line' id='line_1_113' title="bbox 1968 5218 3600 5310; baseline -0.012 -14"><span class='ocrx_word' id='word_1_847' title='bbox 1968 5249 2093 5296; x_wconf 90' lang='lat' dir='ltr'><strong>ante</strong></span> <span class='ocrx_word' id='word_1_848' title='bbox 2115 5236 2446 5310; x_wconf 89' lang='lat' dir='ltr'><strong>perpetravit</strong></span> <span class='ocrx_word' id='word_1_849' title='bbox 2485 5234 2664 5306; x_wconf 90' lang='lat' dir='ltr'><strong>culpa,</strong></span> <span class='ocrx_word' id='word_1_850' title='bbox 2694 5233 2942 5290; x_wconf 77' lang='lat' dir='ltr'><strong>feriatur.</strong></span> <span class='ocrx_word' id='word_1_851' title='bbox 2980 5229 3119 5285; x_wconf 86' lang='lat' dir='ltr'><strong>Ecce</strong></span> <span class='ocrx_word' id='word_1_852' title='bbox 3150 5227 3293 5283; x_wconf 90' lang='lat' dir='ltr'><strong>enim</strong></span> <span class='ocrx_word' id='word_1_853' title='bbox 3329 5225 3548 5296; x_wconf 89' lang='lat' dir='ltr'><strong>quidam</strong></span> <span class='ocrx_word' id='word_1_854' title='bbox 3593 5218 3600 5223; x_wconf 84' lang='grc'><em>’</em></span> 
     </span>
    </p>
   </div>
   <div class='ocr_carea' id='block_1_114' title="bbox 1969 5318 3542 5400">
    <p class='ocr_par' dir='ltr' id='par_1_114' title="bbox 1969 5318 3542 5400">
     <span class='ocr_line' id='line_1_114' title="bbox 1969 5318 3542 5400; baseline -0.012 -12"><span class='ocrx_word' id='word_1_855' title='bbox 1969 5332 2024 5388; x_wconf 84' lang='grc' dir='ltr'><strong>ἰη</strong></span> <span class='ocrx_word' id='word_1_856' title='bbox 2046 5331 2244 5400; x_wconf 89' lang='lat' dir='ltr'><strong>montis</strong></span> <span class='ocrx_word' id='word_1_857' title='bbox 2270 5329 2425 5384; x_wconf 83' lang='lat' dir='ltr'><strong>fauce</strong></span> <span class='ocrx_word' id='word_1_858' title='bbox 2439 5328 2791 5389; x_wconf 89' lang='lat' dir='ltr'><strong>constitutus,</strong></span> <span class='ocrx_word' id='word_1_859' title='bbox 2816 5322 3104 5378; x_wconf 84' lang='lat' dir='ltr'><strong>insidiatur</strong></span> <span class='ocrx_word' id='word_1_860' title='bbox 3129 5318 3542 5381; x_wconf 84' lang='lat' dir='ltr'><strong>itinerantihus;</strong></span> 
     </span>
    </p>
   </div>
   <div class='ocr_carea' id='block_1_115' title="bbox 1969 5407 3554 5492">
    <p class='ocr_par' dir='ltr' id='par_1_115' title="bbox 1969 5407 3554 5492">
     <span class='ocr_line' id='line_1_115' title="bbox 1969 5407 3554 5492; baseline -0.01 -12"><span class='ocrx_word' id='word_1_861' title='bbox 1969 5424 2062 5480; x_wconf 90' lang='lat' dir='ltr'><strong>sed</strong></span> <span class='ocrx_word' id='word_1_862' title='bbox 2092 5423 2174 5478; x_wconf 90' lang='lat' dir='ltr'><strong>his</strong></span> <span class='ocrx_word' id='word_1_863' title='bbox 2208 5421 2300 5492; x_wconf 89' lang='lat' dir='ltr'><strong>qui</strong></span> <span class='ocrx_word' id='word_1_864' title='bbox 2344 5421 2447 5476; x_wconf 90' lang='lat' dir='ltr'><strong>iter</strong></span> <span class='ocrx_word' id='word_1_865' title='bbox 2473 5419 2607 5490; x_wconf 89' lang='lat' dir='ltr'><strong>agit,</strong></span> <span class='ocrx_word' id='word_1_866' title='bbox 2656 5417 2838 5486; x_wconf 89' lang='lat' dir='ltr'><strong>inique</strong></span> <span class='ocrx_word' id='word_1_867' title='bbox 2884 5412 3116 5467; x_wconf 86' lang='lat' dir='ltr'><strong>fortasse</strong></span> <span class='ocrx_word' id='word_1_868' title='bbox 3162 5409 3407 5481; x_wconf 57' lang='lat' dir='ltr'><strong>quadam</strong></span> <span class='ocrx_word' id='word_1_869' title='bbox 3459 5407 3554 5464; x_wconf 83' lang='lat' dir='ltr'><strong>ali-.</strong></span> 
     </span>
    </p>
   </div>
   <div class='ocr_carea' id='block_1_116' title="bbox 1967 5497 3550 5587">
    <p class='ocr_par' dir='ltr' id='par_1_116' title="bbox 1967 5497 3550 5587">
     <span class='ocr_line' id='line_1_116' title="bbox 1967 5497 3550 5587; baseline -0.012 -17"><span class='ocrx_word' id='word_1_870' title='bbox 1967 5514 2184 5587; x_wconf 89' lang='lat' dir='ltr'><strong>quando</strong></span> <span class='ocrx_word' id='word_1_871' title='bbox 2211 5511 2583 5584; x_wconf 89' lang='lat' dir='ltr'><strong>perpetravit;</strong></span> <span class='ocrx_word' id='word_1_872' title='bbox 2608 5509 2767 5577; x_wconf 90' lang='lat' dir='ltr'><strong>eique</strong></span> <span class='ocrx_word' id='word_1_873' title='bbox 2800 5503 3143 5574; x_wconf 84' lang='lat' dir='ltr'><strong>omnipotens</strong></span> <span class='ocrx_word' id='word_1_874' title='bbox 3173 5501 3314 5556; x_wconf 91' lang='lat' dir='ltr'><strong>Deus</strong></span> <span class='ocrx_word' id='word_1_875' title='bbox 3347 5497 3550 5553; x_wconf 91' lang='lat' dir='ltr'><strong>malum</strong></span> 
     </span>
    </p>
   </div>
   <div class='ocr_carea' id='block_1_117' title="bbox 1967 5587 3548 5672">
    <p class='ocr_par' dir='ltr' id='par_1_117' title="bbox 1967 5587 3548 5672">
     <span class='ocr_line' id='line_1_117' title="bbox 1967 5587 3548 5672; baseline -0.01 -12"><span class='ocrx_word' id='word_1_876' title='bbox 1967 5609 2122 5660; x_wconf 74' lang='lat' dir='ltr'><strong>suum)</strong></span> <span class='ocrx_word' id='word_1_877' title='bbox 2140 5603 2191 5658; x_wconf 89' lang='lat' dir='ltr'><strong>in</strong></span> <span class='ocrx_word' id='word_1_878' title='bbox 2205 5600 2456 5672; x_wconf 66' lang='lat' dir='ltr'><strong>praesenti</strong></span> <span class='ocrx_word' id='word_1_879' title='bbox 2474 5599 2582 5652; x_wconf 88' lang='lat' dir='ltr'><strong>vita</strong></span> <span class='ocrx_word' id='word_1_880' title='bbox 2600 5595 2920 5658; x_wconf 89' lang='lat' dir='ltr'><strong>retribuens,</strong></span> <span class='ocrx_word' id='word_1_881' title='bbox 2937 5601 3096 5663; x_wconf 90' lang='lat' dir='ltr'><strong>atque</strong></span> <span class='ocrx_word' id='word_1_882' title='bbox 3113 5593 3252 5647; x_wconf 91' lang='lat' dir='ltr'><strong>hanc</strong></span> <span class='ocrx_word' id='word_1_883' title='bbox 3267 5589 3363 5662; x_wconf 85' lang='lat' dir='ltr'><strong>[al.</strong></span> <span class='ocrx_word' id='word_1_884' title='bbox 3380 5587 3548 5661; x_wconf 81' lang='lat' dir='ltr'><strong>hunc]</strong></span> 
     </span>
    </p>
   </div>
   <div class='ocr_carea' id='block_1_118' title="bbox 1969 5676 3549 5754">
    <p class='ocr_par' dir='ltr' id='par_1_118' title="bbox 1969 5676 3549 5754">
     <span class='ocr_line' id='line_1_118' title="bbox 1969 5676 3549 5754; baseline -0.012 -2"><span class='ocrx_word' id='word_1_885' title='bbox 1969 5693 2300 5752; x_wconf 86' lang='lat' dir='ltr'><strong>insidiatoris</strong></span> <span class='ocrx_word' id='word_1_886' title='bbox 2328 5690 2575 5746; x_wconf 90' lang='lat' dir='ltr'><strong>manibus</strong></span> <span class='ocrx_word' id='word_1_887' title='bbox 2599 5689 2840 5753; x_wconf 89' lang='lat' dir='ltr'><strong>tradens,</strong></span> <span class='ocrx_word' id='word_1_888' title='bbox 2865 5684 2948 5741; x_wconf 89' lang='lat' dir='ltr'><strong>vel</strong></span> <span class='ocrx_word' id='word_1_889' title='bbox 2987 5682 3208 5754; x_wconf 79' lang='lat' dir='ltr'><strong>spoliari</strong></span> <span class='ocrx_word' id='word_1_890' title='bbox 3257 5681 3438 5746; x_wconf 89' lang='lat' dir='ltr'><strong>rebus,</strong></span> <span class='ocrx_word' id='word_1_891' title='bbox 3464 5676 3549 5734; x_wconf 89' lang='lat' dir='ltr'><strong>vel</strong></span> 
     </span>
    </p>
   </div>
   <div class='ocr_carea' id='block_1_119' title="bbox 1966 5770 3552 5854">
    <p class='ocr_par' dir='ltr' id='par_1_119' title="bbox 1966 5770 3552 5854">
     <span class='ocr_line' id='line_1_119' title="bbox 1966 5770 3552 5854; baseline -0.013 -8"><span class='ocrx_word' id='word_1_892' title='bbox 1966 5787 2132 5846; x_wconf 87' lang='lat' dir='ltr'><strong>etiam</strong></span> <span class='ocrx_word' id='word_1_893' title='bbox 2179 5783 2403 5845; x_wconf 85' lang='lat' dir='ltr'><strong>interire</strong></span> <span class='ocrx_word' id='word_1_894' title='bbox 2429 5779 2718 5854; x_wconf 86' lang='lat' dir='ltr'><strong>permittit.</strong></span> <span class='ocrx_word' id='word_1_895' title='bbox 2749 5775 2904 5850; x_wconf 88' lang='lat' dir='ltr'><strong>Quod</strong></span> <span class='ocrx_word' id='word_1_896' title='bbox 2946 5789 3079 5850; x_wconf 84' lang='lat' dir='ltr'><strong>ergo</strong></span> <span class='ocrx_word' id='word_1_897' title='bbox 3120 5773 3303 5848; x_wconf 80' lang='lat' dir='ltr'><strong>praedo</strong></span> <span class='ocrx_word' id='word_1_898' title='bbox 3352 5770 3552 5844; x_wconf 83' lang='lat' dir='ltr'><strong>injuste</strong></span> 
     </span>
    </p>
   </div>
  </div>
