4064 6346
656 265 759 324 995

1662 253 1723 311 S.
1764 247 2137 308 PRUDENTII
2177 243 2559 301 TBECENSIS
2596 243 2901 302 EPISCOPI
3719 252 3792 312 ειη

656 373 897 447 appetiit,
922 373 1025 428 hoc
1058 369 1399 441 aequissimus
1432 366 1597 439 judex
1615 366 1761 435 juste
1804 364 1917 420 ﬁeri
1962 362 2227 434 permisit,
2259 362 2307 424 Α
2333 360 2427 425 vit,
2445 358 2675 429 qualiter
2695 374 2795 430 per
2815 357 3007 415 smcula
3025 358 3386 430 diSponantur.
3408 358 3639 418 Statutum
3654 335 3796 440 quippe

657 478 718 524 ut
763 475 817 523 et
872 464 961 520 ille
1013 465 1277 535 reciperet
1332 461 1473 533 quod
1530 459 1725 529 injuste
1762 458 2002 513 fecerat:
2033 462 2087 510 et
2132 454 2235 509 iste
2332 450 2443 522 jam
2490 450 2693 504 homini
2738 457 2844 515 est,
2878 449 2958 504 vel
3005 458 3262 518 quantum
3291 448 3429 505 hunc
3454 453 3612 507 mundi
3640 470 3799 530 prospc.

662 556 880 630 gravius
901 554 1226 625 quandoque
1264 550 1511 617 feriatur,
1540 565 1635 620 per
1661 546 1813 618 cujus
1854 546 2234 617 nequissimam

660 649 1011 711 voluntatem,
1059 646 1266 716 culpam
1322 643 1665 713 omnipotens
1717 642 1858 696 Deus
1906 640 1958 694 in
2004 640 2233 695 alterum

654 742 801 814 justc
825 738 1133 796 vindicavit.
1160 736 1252 791 llle
1272 742 1532 806 purgatur
1555 733 1647 803 qui
1675 732 2023 802 opprimitur;
2056 730 2108 784 in
2136 729 2238 784 isto

664 840 850 888 reatus
878 836 1103 902 augetur
1130 826 1220 896 qui
1249 822 1525 895 opprimit,
1550 831 1611 876 ut
1646 822 1728 875 vel
1759 821 1824 876 de
1857 818 2022 875 fundo
2051 818 2238 888 nequi-

662 922 752 977 tiae
778 918 1099 990 quandoque
1128 914 1195 969 ad
1238 912 1613 983 paenitentiam
1648 910 1851 976 redeat,
1876 909 1959 963 vel
1998 925 2103 964 non
2153 924 2238 963 re-

660 1017 896 1074 vertens,
927 1014 1078 1061 tanto
1114 1004 1331 1076 gravius
1365 995 1564 1059 (eterna
1605 1001 1951 1057 damnatione
1993 1000 2234 1063 feriatur,

665 1109 868 1172 quanto
896 1097 983 1153 diu
1010 1102 1095 1151 est
1141 1095 1194 1149 in
1227 1109 1322 1149 sua
1352 1092 1637 1163 iniquitate
1680 1091 1956 1147 toleratus.
1983 1089 2117 1145 Cum
2148 1089 2240 1144 illo

663 1206 791 1262 ergo
815 1186 1240 1244 misericorditer
1261 1185 1460 1257 agitur,
1483 1192 1542 1239 ut
1574 1192 1856 1255 peccatum
1894 1182 2045 1237 ﬁniat
2068 1200 2082 1235 :
2115 1195 2238 1237 cum

661 1284 766 1339 isto
789 1280 1035 1337 districte
1054 1288 1113 1334 ut
1140 1274 1480 1348 multiplicat,
1512 1276 1614 1331 nisi
1638 1274 1705 1329 ad
1742 1274 2117 1345 paenitentiam
2154 1286 2239 1328 re-

662 1383 862 1431 currat.
915 1372 974 1429 ln
1004 1372 1097 1428 illo
1144 1371 1287 1426 mala
1318 1376 1619 1441 purgantur
1648 1368 1773 1423 dum
1811 1368 1919 1422 vim
1966 1367 2237 1423 sustinet:

660 1469 715 1524 in
760 1467 863 1523 isto
908 1464 1269 1530 cumulantur,
1312 1463 1440 1518 dum
1490 1459 1639 1515 facit.
1672 1458 2022 1530 Omnipotens
2059 1459 2242 1527 itaque

660 1559 804 1616 Deus
832 1557 973 1628 quod
1004 1555 1118 1611 ﬁeri
1152 1553 1422 1625 prohibet,
1442 1554 1647 1624 justum
1675 1561 1761 1606 est
1803 1558 1863 1603 ut
1903 1549 2017 1604 fieri
2055 1549 2237 1606 sinat:

659 1660 720 1710 ut
734 1651 876 1707 unde
904 1664 1047 1705 nunc
1064 1652 1369 1718 exspectat,
1392 1652 1446 1699 et
1468 1658 1574 1698 non
1603 1656 1893 1698 conversos
1909 1640 1997 1695 diu
2020 1639 2236 1705 tolerat,

2337 543 2470 598 ritas
2517 550 2793 612 sequatur,
2826 542 2911 597 vel
2960 551 3220 611 quantum
3282 542 3557 598 adversitas
3586 543 3800 607 feriatum

2338 632 2539 690 electos
2582 633 2699 704 ejus
2739 643 2832 688 aut
2866 633 3216 689 immoderata
3245 635 3550 704 prosperitas
3571 636 3721 704 elevet,
3739 652 3802 699 aut

2338 728 2505 781 nimia
2533 726 2832 782 adversitas
2857 735 3063 797 gravet.
3090 724 3360 781 Statutum
3390 742 3580 798 quoque
3594 739 3803 803 est,quan-

2339 828 2450 876 tum
2486 821 2539 875 iu
2572 821 2686 891 ipsa
2714 821 2827 876 vita
2865 819 3077 875 mortali
3108 820 3465 890 temporaliter
3485 821 3624 877 vivat.

2411 912 2657 985 Gregorii
2704 928 2855 984 papa:
2880 914 2933 969 in
2971 911 3094 979 Job,
3118 910 3255 968 libro
3297 928 3385 967 xw
3414 913 3541 985 (cap.
3568 914 3701 979 l8,in
3726 936 3802 989 cap.

2338 1022 2432 1061 nx
2455 1006 2576 1077 Job)
2600 1024 2611 1060 ε
2633 1006 2699 1060 Et
2729 1006 3037 1061 obsederunt
3068 1007 3278 1076 inggro
3301 1004 3653 1060 tabernaculum
3674 1026 3804 1065 man.

2338 1096 2397 1152 ln
2450 1112 2583 1169 gyro
2634 1098 2778 1153 enim
2835 1096 3238 1153 tabernaculum
3291 1096 3541 1164 obsident,
3576 1101 3803 1170 quandosi

2340 1186 2487 1241 omni
2540 1184 2709 1241 latere
2768 1185 2882 1242 suis
2936 1185 3325 1242 tentationibus
3379 1196 3587 1243 mentem
3622 1191 3805 1261 cingunt,

2342 1289 2502 1346 quam
2554 1277 2712 1331 modo
2752 1276 2936 1349 lugere
2984 1276 3051 1332 de
3093 1276 3486 1349 temporalibus,
3514 1280 3648 1336 modo
3682 1282 3807 1354 despe.

2343 1374 2467 1423 rare
2497 1366 2564 1423 de
2592 1368 2831 1434 aeternis,
2854 1366 3014 1423 modo
3044 1368 3098 1422 in
3127 1367 3505 1438 impatientiam
3534 1385 3679 1437 ruere,
3702 1382 3809 1443 atque

2343 1459 2397 1515 in
2427 1459 2596 1514 Deum
2643 1459 2989 1531 blasphemiae
3026 1459 3190 1515 verba
3230 1457 3474 1528 iaculari,
3501 1462 3692 1532 pessima
3724 1480 3807 1538 sug-

2344 1554 2586 1625 gestione
2617 1551 2963 1623 persuadent.
2994 1552 3123 1620 Quae
3150 1561 3331 1607 tamen
3356 1553 3524 1618 verba,
3551 1563 3602 1609 ut
3618 1556 3702 1626 jam
3720 1573 3809 1627 pra-

2345 1644 2600 1712 diximus,
2620 1645 2782 1700 beato
2801 1642 2902 1700 Job
2924 1645 3087 1700 etiam
3108 1646 3264 1717 juxta
3287 1645 3549 1701 historiam
3570 1660 3807 1720 congruunt:

660 1740 984 1817 quandoque
1034 1738 1159 1794 inde
1216 1736 1336 1808 plus
1401 1732 1578 1791 feriat.
1635 1732 1778 1789 Bene
1817 1746 1946 1803 ergo
1998 1730 2236 1787 dicitur:
2270 1729 2317 1789 B
2344 1733 2437 1806 qui
2481 1734 2605 1789 dum
2636 1734 2775 1789 mala
2805 1749 2926 1806 quae
2956 1735 3180 1806 pertulit
3223 1743 3350 1790 ante
3400 1735 3567 1793 oculos
3603 1742 3810 1811 congessit,

660 1832 943 1891 Abundant
983 1824 1321 1883 tabernacula
1352 1824 1659 1897 prredonum
1694 1830 1739 1877 et
1772 1821 2025 1875 audacter
2056 1835 2240 1891 provo-

660 1934 781 1982 cant
809 1922 997 1985 Deum,
1033 1934 1151 1975 cum
1188 1918 1296 1988 ipse
1330 1914 1528 1969 dederit
1568 1912 1745 1967 omnia
1780 1911 1837 1965 in
1877 1910 2119 1963 manibus
2148 1924 2240 1963 eo-

661 2030 779 2070 rum
804 2031 818 2068 :
848 2009 1105 2085 quidquid
1142 2005 1313 2078 iniqui
1349 2004 1558 2069 tollant,
1604 2002 1685 2057 eis
1728 2000 1829 2057 hoc
1860 2000 1974 2070 ipse
2009 1999 2120 2065 dat,
2149 1998 2240 2068 qui

660 2107 767 2163 illis
814 2104 881 2160 ad
930 2100 1173 2174 rapinam
1217 2104 1399 2170 posset
1447 2096 1718 2159 resistere,
1771 2093 1817 2147 si
1856 2091 2098 2148 misereri
2148 2104 2243 2145 vo-

659 2199 869 2254 luisset.
1221 2204 1231 2216 ·
1834 2212 1839 2219 -
1982 2224 1987 2231 .

730 2288 810 2344 Ex
854 2284 1042 2355 eodem
1079 2282 1220 2338 libro
1255 2279 1394 2353 (cap.
1428 2277 1519 2349 5):
1548 2276 1608 2332 Si
1645 2274 1917 2331 incluserit
1957 2273 2239 2341 hominem,

663 2376 840 2434 nullus
871 2385 945 2430 est
973 2375 1064 2447 qui
1093 2373 1315 2444 aperiat.
1340 2370 1476 2438 Quia
1498 2367 1675 2424 omnis
1703 2366 1866 2420 homo
1894 2378 1991 2434 per
2016 2362 2071 2418 id
2096 2363 2245 2434 quod

664 2467 807 2526 male
834 2465 968 2536 agit,
991 2464 1120 2535 quid
1151 2461 1251 2517 sibi
1276 2460 1422 2515 aliud
1445 2472 1605 2528 quam
1632 2453 1980 2511 conscientiae
2001 2464 2113 2509 sue
2131 2467 2249 2509 car-

664 2572 842 2617 cerem
889 2555 1037 2621 i‘acit,
1068 2563 1129 2609 ut
1159 2555 1304 2609 hunc
1332 2551 1496 2606 animi
1545 2560 1732 2605 reatus
1761 2554 1991 2619 premat,
2028 2546 2243 2603 etiamsi

663 2665 822 2709 nemo
847 2647 1086 2705 exterius
1110 2643 1369 2701 accuset?
1391 2642 1493 2711 Qui
1543 2657 1690 2708 cum,
1717 2639 1999 2711 iudicante
2028 2640 2159 2706 Deo,
2190 2640 2245 2695 in

664 2742 884 2800 malitia:
911 2755 1021 2796 suae
1050 2738 1295 2794 caecitate
1323 2734 1666 2805 relinquitur,
1691 2733 1846 2803 quasi
1874 2734 2017 2787 intra
2052 2739 2248 2787 semet-

665 2833 842 2906 ipsum
884 2830 1170 2891 clauditur,
1202 2842 1272 2883 ne
1301 2818 1563 2882 evadendi
1595 2824 1774 2879 locum
1802 2823 2062 2889 inveniat,
2085 2836 2245 2894 quem
2290 2818 2299 2823 ’

663 2924 909 2982 invenire
938 2922 1162 2978 minime
1182 2924 1440 2975 meretur.
1467 2915 1605 2972 Nam
1634 2930 1777 2987 saepe
1798 2914 2042 2971 nonnulli
2073 2931 2105 2970 a
2132 2928 2249 2985 pra-

662 3016 748 3071 vis
769 3015 981 3070 actibus
1004 3014 1157 3069 exire
1170 3010 1416 3081 cupiunt,
1432 3007 1528 3064 sed
1548 3007 1676 3078 quia
1697 3006 2012 3063 eorumdem
2029 3015 2245 3061 actuum

2340 1839 2449 1879 non
2492 1825 2647 1894 quasi
2694 1824 3071 1895 corrigendum
3122 1824 3450 1891 ﬂlium,.sed
3489 1828 3620 1897 quasi
3652 1830 3809 1895 hostem,

2340 1930 2657 1988 percussum
2688 1932 2747 1974 se
2777 1931 2897 1974 esse
2945 1916 3225 1973 indicavit.
3270 1916 3374 1973 Per
3416 1933 3560 1989 quem
3598 1920 3677 1975 sibi
3709 1924 3810 1975 etiam

2342 2006 2571 2064 latrones
2596 2008 2709 2080 ejus
2743 2010 2879 2065 uiam
2900 2008 3155 2080 fecerunt,
3184 2010 3313 2080 quia
3344 2008 3547 2081 maligni
3568 2018 3715 2064 contra
3732 2022 3810 2065 eum

2342 2096 2564 2169 spiritus
2592 2099 2865 2156 licentiam
2894 2098 3262 2170 percussionis
3302 2108 3615 2170 acceperunt.
3649 2097 3812 2166 Cujusir

2344 2205 2473 2261 gyro
2499 2190 2894 2245 tabernaculum
2919 2189 3254 2257 obsederunt,
3278 2191 3427 2261 quia,
3442 2190 3638 2246 sublatis
3653 2191 3767 2246 rebus
3781 2200 3815 2245 et

2343 2278 2495 2345 ﬁliis,
2516 2282 2681 2336 etiam
2705 2296 2899 2353 corpus
2919 2280 3035 2353 ejus
3055 2296 3216 2338 omne
3236 2280 3538 2338 vulneribus
3560 2281 3812 2337 attrivean

2347 2368 2455 2427 Sed
2485 2371 2681 2426 mirum
2710 2371 2865 2428 valde
2888 2379 2971 2427 est
2989 2413 3004 2438 ,
3038 2386 3162 2428 cum
3190 2371 3432 2427 latrones
3456 2371 3649 2437 diceret,
3666 2368 3815 2426 curai-

2346 2458 2483 2516 didit
2525 2461 2661 2531 ejus,
2692 2468 2752 2515 ut
2808 2461 3058 2517 videlicet
3101 2462 3323 2517 eosdem
3376 2459 3592 2517 latrones
3632 2458 3705 2516 Dei
3733 2474 3813 2516 est

2346 2562 2692 2611 monstraret.
2739 2553 2853 2622 Qua
2888 2554 2943 2610 in
2970 2569 3028 2610 re
3057 2556 3101 2611 si
3132 2554 3384 2611 voluntas
3411 2569 3472 2610 ac
3496 2562 3693 2624 potestas
3712 2551 3815 2608 mali-

2346 2656 2575 2718 gnorum
2602 2645 2887 2716 spirituum
2917 2644 3293 2711 discernatur,
3321 2657 3418 2700 cur
3456 2644 3653 2699 latrones
3686 2642 3754 2698 Dei
3769 2641 3817 2696 di-

2345 2743 2559 2801 cantur,
2595 2735 2856 2805 aperitur.
2899 2734 3117 2807 Maligni
3144 2735 3350 2807 quippe
3393 2734 3593 2806 spiritus
3611 2735 3817 2790 aduocan-

2347 2820 2475 2883 dum
2517 2840 2615 2882 nos
2650 2826 3041 2883 incessabiliter
3087 2818 3378 2893 anhelant;
3410 2827 3497 2883 sed
3534 2841 3637 2882 cum
3665 2839 3816 2897 pravam

2347 2918 2681 2975 voluntatem
2701 2933 2770 2974 ex
2792 2919 3094 2990 semetipsis
3119 2918 3380 2985 habeant,
3404 2926 3682 2991 potestatem
3699 2928 3819 2972 tamen

2349 3010 2579 3066 nocendi
2610 3025 2718 3066 non
2756 3009 2978 3077 habent,
3002 3011 3107 3066 nisi
3144 3025 3242 3066 eos
3282 3010 3523 3066 voluntas
3556 3022 3721 3066 summa
3746 3020 3820 3078 per-

665 3104 904 3178 pendere
922 3108 1262 3174 premuntur,
1276 3101 1332 3155 in
1352 3098 1508 3156 malae
1523 3098 1930 3155 consuetudinis
1943 3112 2160 3155 carcere
2174 3099 2251 3154 in-
2273 3089 2321 3156 C
2352 3101 2547 3157 mittat.
2585 3100 2651 3156 Et
2684 3116 2808 3157 cum
2842 3100 2941 3171 ipsi
2966 3101 3184 3173 quidem
3210 3101 3410 3175 injuste
3434 3116 3527 3158 nos
3544 3100 3702 3157 laedere
3720 3109 3822 3167 appe-

667 3195 825 3260 clusi,
840 3208 871 3248 a
889 3192 1195 3262 semetipsis
1218 3191 1372 3247 exire
1397 3205 1504 3247 non
1527 3197 1773 3261 possunt.
1796 3189 1861 3245 Et
1884 3189 2102 3261 quidam
2128 3190 2245 3245 cul-

664 3298 770 3359 pas
790 3274 1040 3356 proprias
1062 3283 1256 3354 punire
1277 3282 1556 3352 cupientes
1567 3282 1668 3338 hoc
1681 3282 1824 3353 quod
1846 3291 1992 3338 recte
2009 3297 2068 3338 se
2087 3296 2249 3354 agere

667 3379 960 3444 aestimant,
986 3376 1041 3432 in
1081 3375 1360 3448 graviores
1387 3375 1571 3446 culpas
1611 3383 1866 3431 vertunt:
1893 3376 2059 3446 ﬁtque
2087 3375 2249 3432 modo

666 3464 922 3529 mirabili,
951 3472 1010 3520 ut
1058 3464 1201 3536 quod
1248 3464 1452 3520 exitum
1500 3471 1713 3536 putant,
1744 3465 1848 3521 hoc
1894 3465 2246 3521 inclusionem

667 3557 964 3614 inveniant.
994 3554 1087 3612 Sic
1124 3555 1379 3611 videlicet
1409 3555 1673 3626 reprobus
1720 3554 1908 3621 ludas,
1940 3571 2066 3611 cum
2109 3571 2249 3612 mor-

666 3659 776 3706 tem
817 3650 919 3706 sibi
947 3657 1135 3705 contra
1163 3658 1446 3721 peccatum
1492 3649 1692 3717 intulit,
1722 3664 1786 3705 ac
1811 3658 2027 3706 aeternae
2053 3651 2248 3707 mortis

667 3743 927 3814 supplicia
970 3741 1247 3813 pervenit;
1299 3751 1354 3796 et
1398 3740 1554 3812 pejus
1598 3741 1666 3797 de
1710 3748 1936 3813 peccato
1993 3728 2250 3813 paenituit

666 3848 828 3903 quam
858 3832 1121 3904 peccavit.
1146 3832 1371 3887 Dicatur
1395 3845 1526 3902 ergo
1551 3849 1564 3886 :
1592 3830 1653 3888 Si
1676 3831 1943 3886 incluserit
1967 3831 2246 3899 hominem,

668 3925 843 3981 nullus
886 3932 961 3980 est
1000 3925 1089 3997 qui
1122 3925 1344 3994 aperiat.
1374 3922 1512 3991 Quia
1541 3922 1683 3978 sicut
1715 3936 1876 3977 nemo
1902 3921 2118 3977 obsistit
2141 3921 2252 3977 lar-

669 4017 817 4087 gitati
848 4015 1090 4071 vocantis
1113 4054 1129 4079 ,
1166 4014 1239 4069 ita
1267 4012 1444 4069 nullus
1471 4012 1655 4068 obviat
1677 4010 1902 4082 iustitia:
1938 4011 2252 4084 relinquen-

672 4107 758 4161 tis.
791 4104 1067 4159 lncludere
1110 4104 1295 4173 itaque
1342 4103 1457 4168 Dei,
1486 4111 1574 4157 est
1613 4101 1815 4157 clausis
1860 4116 1966 4157 non
2015 4103 2245 4173 aperire.

672 4197 824 4253 Unde
851 4197 919 4251 ad
946 4195 1162 4267 Moysen
1195 4196 1395 4252 dicitur
1420 4195 1488 4251 de
1512 4195 1797 4252 Pharaone
1814 4211 1827 4248 ;
1846 4193 1960 4266 Ego
1982 4194 2249 4251 obdurabo

672 4302 763 4344 aer
782 4288 914 4359 ejus.
944 4287 1229 4344 Obdurare
1244 4289 1444 4360 quippe
1466 4303 1562 4359 per
1577 4286 1847 4357 justitiam
1868 4287 2066 4354 dicitur
2081 4286 2245 4353 Deus,

672 4381 888 4453 quando
918 4396 1013 4435 cor
1041 4383 1329 4452 reprobum
1361 4394 1457 4451 per
1486 4380 1715 4452 gratiam
1747 4394 1853 4434 non
1881 4379 2104 4436 emollit.
2145 4382 2251 4438 Re-

2349 3202 2488 3260 tunt,
2532 3194 2827 3264 quemlibet
2873 3201 3055 3249 tamen
3088 3193 3326 3261 laedere,
3366 3210 3469 3251 non
3510 3192 3601 3249 nisi
3638 3190 3820 3263 injuste:

2349 3284 2462 3342 Deo
2497 3286 2901 3357 permittuntur.
2934 3284 3069 3354 Quia
3111 3300 3243 3356 ergo
3271 3286 3328 3341 in
3356 3287 3436 3342 eis
3460 3284 3672 3340 voluntas
3691 3279 3820 3349 injust:

2350 3384 2454 3443 est,
2481 3385 2537 3431 et
2566 3384 2806 3446 potestas
2845 3374 3013 3446 justa,
3057 3384 3114 3432 et
3148 3377 3392 3434 latrones
3420 3376 3658 3440 dicuntur,
3688 3368 3819 3433 etM

2351 3480 2412 3531 ut
2442 3486 2507 3528 ex
2530 3473 2662 3543 ipsis
2688 3473 2781 3540 sit,
2805 3474 2949 3544 quod
2976 3470 3179 3529 inferre
3210 3473 3355 3528 mala
3383 3471 3565 3543 injuste
3588 3468 3819 3527 desiderant

2350 3577 2407 3623 et
2429 3581 2497 3622 ex
2524 3566 2653 3632 Deo,
2690 3567 2831 3638 quod
2858 3567 3159 3623 desiderata
3175 3563 3326 3633 iuste
3364 3566 3706 3621 consummant.

2423 3659 2502 3714 Ex
2533 3659 2722 3715 eodem
2756 3656 2895 3714 libro
2922 3657 3061 3732 (cap.
3089 3660 3181 3733 22)
3212 3678 3225 3714 :
3256 3659 3328 3715 Et
3372 3659 3571 3714 orabant
3605 3654 3712 3724 ﬁlios
3738 3646 3825 3703 steti

2351 3750 2473 3805 mei.
2496 3748 2555 3807 In
2587 3749 2716 3813 Deo,
2737 3750 2827 3820 qui
2855 3752 3099 3822 corporis
3124 3751 3303 3807 forma
3326 3766 3429 3807 non
3457 3742 3821 3805 circumscribitur,

2353 3841 2597 3897 membra
2633 3842 2897 3913 corporis,
2942 3842 2994 3897 id
3038 3850 3123 3899 est
3168 3857 3381 3907 manus,
3410 3840 3598 3900 oculus,
3625 3831 3823 3891 utemsin

2352 3931 2725 3998 nominantur,
2757 3940 2818 3987 ut
2861 3948 2928 3988 ex
2972 3934 3343 3990 membrorum
3380 3930 3651 3994 vocabulis,
3677 3924 3825 3981 elicuit

2351 4024 2472 4097 ejus
2500 4023 2752 4096 potentiae
2788 4024 3114 4096 designetur.
3160 4024 3361 4083 Oculos
3403 4026 3580 4097 quippe
3608 4021 3757 4078 habere
3779 4014 3826 4069 di-

2351 4115 2516 4180 citur,
2547 4114 2673 4185 quia
2712 4122 2906 4171 cuncta
2960 4116 3106 4172 videt
3147 4134 3161 4171 :
3204 4132 3398 4173 manus
3446 4117 3622 4172 habere
3648 4104 3825 4167 describi-

2352 4214 2460 4272 tur,
2492 4206 2619 4277 quia
2657 4215 2848 4261 cuncta
2893 4210 3265 4278 operatur:in
3316 4219 3468 4266 utero
3518 4218 3671 4262 autem
3710 4196 3825 4272 proles

2352 4295 2688 4365 concipitur,
2715 4311 2837 4366 quae
2878 4296 2932 4352 in
2978 4298 3078 4353 hac
3126 4299 3235 4353 vita
3282 4298 3561 4370 profertur.
3601 4291 3711 4362 Quid
3742 4297 3824 4357 om

2354 4396 2573 4443 uterum
2602 4388 2722 4455 Dei,
2750 4389 2855 4445 nisi
2897 4390 3015 4461 ejus
3060 4393 3345 4448 consilium
3383 4392 3617 4449 debemus
3640 4384 3822 4453 δεοίμην

673 4473 841 4527 cludit
860 4470 957 4543 [αι.
982 4471 1226 4542 includit]
1251 4471 1435 4541 itaque
1456 4470 1754 4535 hominem,
1770 4484 1929 4540 quem
1954 4470 2010 4525 in
2028 4485 2247 4528 suorum

2359 4481 2415 4537 in
2444 4496 2552 4552 quo
2593 4489 2719 4537 ante
2764 4482 2959 4539 saecula
3001 4496 3098 4554 per
3125 4484 3630 4556 prmdestinationem
3657 4470 3824 4543 concepti

671 4583 893 4641 operum
924 4567 1164 4622 tenebris
1190 4566 1463 4636 relinquit.

742 4658 821 4715 Ex
868 4659 1056 4714 eodem
1099 4657 1238 4712 libro
1266 4661 1406 4729 (cap.
1445 4655 1763 4729 8):Regum
1807 4658 1991 4729 itaque
2028 4659 2257 4714 balteum

672 4752 926 4817 dissolvit,
949 4750 1170 4822 quando
1198 4750 1251 4804 in
1283 4750 1369 4805 his
1399 4750 1491 4819 qui
1518 4751 1657 4805 bene
1685 4764 1872 4821 regere
1893 4752 2138 4806 membra
2160 4765 2256 4806 sua

672 4846 1016 4909 videbantur,
1056 4828 1285 4913 propter.
1314 4841 1570 4897 elationis
1620 4841 1853 4911 culpant,
1887 4842 2159 4897 castitatis
2200 4842 2255 4896 in

673 4937 752 4992 eis
775 4934 1047 5007 cingulum
1091 4933 1340 4989 destruit.
1387 4931 1526 5000 Quid
1569 4946 1700 4988 vero
1732 4931 1786 4986 in
1817 4931 1945 4987 fune
1968 4931 2261 5003 accipitur,

673 5030 777 5085 nisi
818 5028 1134 5100 peccatum?
1159 5026 1311 5083 Sicut
1360 5042 1458 5097 per
1502 5024 1851 5081 Salomonem
1884 5023 2261 5080 diciturzlni-

674 5119 893 5191 quitates
939 5134 1051 5173 suta
1087 5118 1298 5187 capiunt
1320 5117 1541 5186 impium
1568 5129 1587 5167 :
1610 5125 1658 5170 et
1688 5114 1902 5185 funibus
1926 5123 2258 5185 peccatorum

675 5224 893 5266 uorum
928 5206 1512 5279 constringitur(Proo.
1542 5206 1618 5277 v).

747 5298 990 5372 Gregorii
1017 5313 1165 5368 papae
1195 5298 1248 5353 in
1275 5296 1408 5364 Job,
1440 5297 1580 5353 libro
1604 5312 1685 5351 xu
1716 5294 1857 5369 (cap.
1887 5296 1944 5363 2,
1967 5298 2023 5351 in
2053 5313 2170 5369 cap.
2204 5313 2259 5355 tv

675 5390 801 5462 Job)
819 5407 832 5443 :
848 5388 1175 5444 Constituisti
1200 5390 1447 5443 terminos
1473 5388 1588 5458 ejus
1614 5390 1703 5461 qui
1716 5390 1976 5460 praeteriri
1999 5406 2103 5445 non
2124 5399 2264 5460 pote-

678 5492 821 5536 runt.
855 5480 1012 5535 Nulla
1040 5495 1160 5550 qua:
1182 5481 1491 5536 hontinibus
1519 5480 1573 5535 in
1606 5480 1710 5536 hoc
1735 5481 1938 5536 mundo
1969 5480 2108 5537 ﬁunt
2132 5482 2259 5537 abs-

679 5586 789 5642 que
812 5572 1198 5640 omnipotentis
1221 5571 1317 5627 Dei
1338 5571 1552 5628 occulto
1580 5572 1807 5629 consilio
1834 5573 2075 5630 veniunt.
2121 5573 2257 5629 Nam

684 5672 879 5720 cuncta
907 5667 1046 5721 Deus
1076 5674 1328 5722 secutura
1357 5668 1669 5737 praesciens,
1697 5677 1824 5723 ante
1849 5669 2048 5725 saecula
2073 5669 2262 5726 decre-

2355 4587 2577 4639 sumus;
2614 4574 2687 4628 ita
2715 4581 2775 4628 ut
2802 4575 2971 4630 creati
3002 4590 3099 4646 per
3136 4577 3334 4633 anicula
3379 4564 3824 4649 producamurlbens

2355 4681 2506 4737 ergo,
2535 4667 2626 4737 qui
2653 4676 2838 4723 manet
2870 4677 2997 4724 ante
3034 4670 3252 4737 saecula,
3284 4671 3419 4726 uteri
3452 4669 3528 4725 sui
3560 4665 3677 4721 ﬁlios
3692 4653 3822 4715 orarit.

2354 4761 2479 4831 quia
2507 4774 2603 4816 eos
2628 4774 2763 4831 quos
2786 4769 3038 4832 potenter
3060 4774 3160 4834 per
3183 4763 3514 4819 divinitatem
3546 4753 3753 4816 condidil.
3773 4747 3823 4802 in’
3928 4747 3929 4827 ἰ

2355 4862 2613 4908 carnatus
2638 4851 2870 4907 veniens
2892 4852 3175 4909 humiliter
3206 4855 3432 4927 rogavit.

2429 4942 2676 5013 Gregorii
2732 4956 2884 5013 papae
2914 4945 2967 4998 in
2999 4944 3119 5009 Job,
3151 4944 3244 5000 lib.
3288 4960 3359 5000 xv
3402 4944 3530 5017 (cap.
3576 4937 3653 5001 24.
3677 4935 3719 4988 il
3749 4941 3822 4994 τινα

2359 5046 2452 5086 ut
2477 5029 2623 5103 Job).
2658 5031 2727 5085 Et
2744 5031 2800 5086 in
2820 5042 3015 5103 puncto
3038 5034 3109 5088 ad
3152 5036 3359 5105 inferna
3382 5031 3680 5091 descendant.

2360 5122 2416 5177 in
2466 5129 2669 5193 puncto
2691 5124 2815 5179 .hoc
2857 5138 3074 5196 quoque
3110 5125 3355 5197 intelligi,
3386 5125 3521 5198 quod
3561 5114 3823 5191 sepeliit!"

2360 5213 2451 5269 diu
2479 5215 2532 5270 in
2570 5215 2854 5284 iniquitate
2890 5216 3103 5273 tolerati
3130 5226 3277 5283 sunt,
3306 5219 3480 5274 subita
3506 5221 3657 5270 morte
3676 5203 3824 5274 πρίη-

2363 5315 2484 5372 tur;
2527 5315 2589 5361 ut
2628 5321 2728 5362 nec
2752 5304 2882 5363 ﬂere
2910 5317 3038 5364 ante
3065 5319 3294 5367 mortem
3322 5310 3474 5369 liceat
3513 5318 3619 5378 qua
3648 5302 3825 5371 Ρω⁶³⁹⁸⁸

2364 5406 2512 5453 runt.
2540 5396 2648 5452 Sed
2672 5397 2799 5468 quia
2829 5410 3216 5471 nonnunquam
3246 5402 3404 5458 etiam
3426 5399 3523 5455 vita
3535 5394 3823 5471 iam”?

2362 5488 2478 5544 bito
2509 5488 2614 5544 line
2646 5490 2988 5557 terminatur,
3017 5470 3215 5549 melius
3259 5490 3385 5547 illud
3411 5486 3684 5559 accipimus,

2364 5581 2432 5635 de
2454 5593 2642 5635 eorum
2672 5581 2955 5652 temporali
2974 5552 3109 5639 Ivita
3155 5582 3476 5644 sentiamus;
3506 5552 3616 5646 tilia
3645 5552 3825 5653 quid“?

2364 5671 2598 5727 transire
2643 5673 2839 5741 potuit,
2883 5675 3122 5729 subitum
3164 5673 3287 5747 fuit.
3330 5668 3521 5726 Amicis
3547 5672 3695 5719 tum
3729 5652 3823 5707 δυ’
