4064 6346
238 233 343 291 997

1196 226 1412 286 EPIST.
1458 229 1551 284 AD
1579 226 2002 284 lllNCllARUM
2042 228 2130 285 ET
2171 226 2576 291 PARDULUM.

3396 234 3498 294 998

237 347 344 404 Job
367 387 384 412 ,
413 344 506 418 qui
543 344 744 402 idcirco
786 344 932 400 hunc
975 342 1235 416 iniustum
1271 358 1392 398 esse
1448 342 1817 406 crediderunt,
1848 347 1895 407 Α
1923 343 2160 400 humano
2183 345 2540 412 succinditur,
2567 357 2669 401 nec
2694 344 2851 419 lignis
2866 347 3136 415 nutritur;
3166 349 3263 406 sed
3287 359 3505 410 creatus

239 441 370 513 quia
392 438 717 516 ﬂagellatam
741 438 1015 502 viderunt,
1046 444 1194 491 recte
1224 433 1462 505 ejusdem
1510 435 1684 491 sancti
1720 434 1818 488 viri

238 547 396 599 voce,
426 532 492 586 de
514 530 818 601 iniquorum
840 528 970 584 ﬂore
998 536 1052 583 et
1077 528 1380 598 perditione
1411 536 1687 582 ostensum
1715 534 1818 591 est,

238 626 372 699 quia
415 623 698 695 prmsentis
747 622 870 677 vitte
908 620 1258 693 prosperitas,
1289 619 1607 675 innocentiae
1671 618 1822 674 testis

240 733 351 774 non
385 726 467 771 est
504 734 517 767 :
545 718 671 786 quia
700 713 855 767 multi
882 713 948 767 ad
980 727 1273 782 perennem
1298 706 1465 766 vitam
1492 726 1589 782 per
1615 706 1822 781 ﬂagella

239 812 493 876 redeunt,
524 817 580 865 et
607 796 963 881 plerique'ad
1006 806 1216 861 inﬁnita
1245 804 1446 879 judicia
1493 804 1818 876 perducendi

238 904 360 960 sine
390 900 597 973 ﬂagello
626 899 949 955 moriuntur.

312 994 392 1049 Ex
416 992 605 1049 eodem
637 989 776 1046 libro
805 989 942 1061 (cap.
973 988 1062 1059 50)
1098 1006 1111 1041 :
1140 987 1210 1043 Et
1248 990 1381 1043 sicut
1430 988 1612 1060 favilla
1662 1004 1823 1061 quam

239 1084 396 1139 turbo
442 1082 712 1154 dispergit.
762 1081 901 1136 Ante
940 1079 1336 1153 Omnipotentis
1382 1080 1606 1147 oculos,
1651 1082 1823 1153 iniqui

236 1176 354 1230 vita
394 1173 573 1229 favilla
605 1181 689 1229 est
716 1171 877 1242 :quia
905 1171 1007 1226 etsi
1036 1180 1259 1243 apparet
1285 1173 1353 1227 ad
1376 1181 1712 1228 momentum
1738 1173 1823 1228 vi-

236 1268 398 1333 ridis,
427 1267 496 1321 ab
516 1266 634 1338 ejus
652 1274 831 1321 tamen
856 1264 1061 1335 judicio
1078 1263 1191 1332 jam
1215 1273 1530 1335 consumpta
1544 1265 1820 1331 cernitur;

236 1362 369 1432 quia
403 1357 799 1430 consumptioui
823 1366 1136 1413 estmternte
1170 1358 1448 1427 deputata.
1481 1357 1633 1414 Hanc
1670 1357 1825 1413 favil-

254 1453 363 1507 lam
407 1451 567 1507 turbo
616 1450 894 1521 dispergit,
940 1448 1066 1519 quia
1099 1447 1240 1503 Deus
1283 1449 1594 1518 manifestus
1638 1451 1822 1516 veniet,

238 1542 383 1599 Deus
415 1551 592 1598 noster
610 1551 656 1596 et
687 1558 787 1596 non
807 1540 997 1596 silebit.
1026 1540 1174 1611 Ignis
1202 1541 1255 1594 in
1283 1551 1559 1613 conspectu
1591 1542 1704 1613 ejus
1738 1559 1827 1596 ar-

241 1634 403 1703 debit,
428 1645 476 1690 et
497 1636 553 1688 in
578 1633 800 1688 circuitu
821 1631 932 1701 ejus
954 1641 1227 1702 tempestas
1252 1632 1429 1687 valida
1447 1630 1619 1704 (Psal.
1652 1634 1819 1705 ηιξ).

1921 436 2087 492 semel
2116 438 2277 493 durat
2302 437 2774 508 iuexstiuguibilis,
2802 447 2859 495 et
2884 440 3238 497 succensione
3258 438 3365 497 non
3416 442 3504 498 in-

1922 526 2086 601 diget,
2124 528 2391 584 etardore
2410 543 2515 583 non
2537 536 2705 585 caret.
2737 528 2883 584 Bene
2921 544 3051 601 ergo
3083 530 3148 586 de
3182 530 3287 587 hoc
3314 532 3504 605 iniquo

1922 619 2118 676 dicitur
2148 637 2162 675 :
2198 621 2471 677 Devorabit
2514 639 2632 677 eum
2665 623 2799 696 ignis
2833 624 2921 694 qui
2970 639 3074 679 non
3119 624 3501 685 succenditur:

1926 711 2055 780 quia
2102 710 2503 783 Omnipotentis
2548 712 2757 781 justitia
2824 713 3131 770 futurorum
3163 716 3397 786 praescia
3440 717 3506 772 ab

1923 802 2039 874 ipsa
2072 805 2255 861 mundi
2301 805 2509 876 origine
2548 806 2810 875 gehennae
2859 807 3037 879 ignem
3064 810 3289 877 creavit,
3313 811 3405 882 qui
3451 812 3506 865 in

1923 907 2084 964 ptena
2122 895 2476 965 reproborum
2515 910 2635 950 esse
2684 895 2848 951 semel
2884 897 3168 969 inciperet,
3212 899 3310 955 sed
3351 898 3509 956 ardo-

1926 999 2041 1040 rem
2073 1000 2228 1040 suum
2252 986 2418 1041 etiam
2455 986 2572 1041 sine
2602 986 2761 1057 lignis
2787 1002 3059 1058 nunquam
3102 988 3300 1045 ﬁniret.

1968 1064 2075 1131 Ἐκ
2116 1076 2305 1131 eodem
2344 1075 2479 1131 libro
2510 1076 2620 1150 (lib.
2654 1093 2765 1145 xvi,
2794 1094 2912 1148 cap.
2960 1077 3144 1147 16,17,
3174 1081 3229 1134 in
3264 1096 3381 1151 cap.
3407 1095 3507 1135 xttt

1925 1164 2086 1237 Job):
2111 1166 2240 1236 Ipse
2261 1171 2399 1221 enim
2426 1166 2569 1223 solus
2599 1177 2696 1235 est,
2720 1178 2768 1224 et
2792 1186 2942 1224 nemo
2977 1180 3207 1227 avertere
3231 1180 3397 1243 potest
3425 1187 3513 1226 co-

1925 1256 2230 1328 gitationem
2254 1254 2385 1326 'ejus
2439 1254 2588 1327 (Sap.
2618 1255 2681 1328 ι).
2710 1256 2959 1328 Nunquid
3000 1274 3109 1317 non
3168 1268 3293 1315 sunt
3333 1259 3512 1332 angeli

1927 1357 1983 1402 et
2032 1346 2310 1413 homines,
2344 1347 2540 1405 emtum
2589 1356 2643 1402 et
2685 1356 2853 1415 terra,
2899 1365 2996 1405 aer
3035 1359 3091 1406 et
3115 1365 3289 1419 mare,
3320 1360 3513 1407 cuncta

1926 1437 2185 1503 volatilia,
2229 1440 2597 1511 quadrupedia
2628 1482 2643 1505 ,
2713 1450 2875 1511 atque
2936 1442 3189 1513 reptilia?
3250 1443 3318 1499 Et
3369 1454 3516 1501 certe

1929 1529 2191 1601 scriptum
2221 1540 2328 1596 est,
2359 1532 2551 1586 creavit
2594 1541 2649 1585 ut
2695 1542 2862 1587 essent
2888 1534 3087 1589 omnia.
3136 1533 3271 1591 Cum
3301 1551 3430 1607 ergo
3458 1536 3513 1591 in

1930 1636 2111 1677 rerum
2142 1632 2334 1678 natura
2380 1632 2491 1677 tam
2539 1623 2705 1678 multa
2754 1625 2881 1691 sint,
2924 1640 3022 1681 cur
3066 1624 3209 1682 beati
3236 1626 3338 1683 viri
3384 1642 3515 1684 voce

314 1731 374 1787 ln
410 1731 602 1786 eodem
629 1728 767 1784 libro
784 1727 922 1801 (cap.
952 1725 1045 1799 ‘52)
1075 1745 1087 1781 :
1121 1726 1227 1783 Sed
1254 1742 1379 1783 ecce
1398 1744 1519 1783 cum
1544 1729 1658 1783 haec
1678 1728 1829 1783 audi-
1856 1717 1903 1776 B
1933 1730 2079 1770 nunc
2107 1714 2305 1770 dicitur
2334 1733 2346 1771 :
2391 1715 2511 1786 Ipse
2553 1718 2692 1772 enim
2736 1716 2880 1772 solus
2923 1718 3045 1772 est?
3086 1717 3191 1774 Sed
3239 1718 3383 1775 aliud
3432 1728 3537 1779 est.

247 1823 429 1878 vimus
477 1820 597 1894 [al.,
620 1817 931 1891 audimus],
967 1818 1115 1873 cordi
1158 1828 1346 1875 nostro
1381 1819 1606 1890 quaestio
1632 1820 1822 1882 oritur,

238 1930 341 1970 cur
363 1912 707 1983 omnipotens
744 1918 798 1965 et
827 1909 1139 1976 misericors
1168 1908 1312 1964 Deus
1350 1910 1403 1967 in
1433 1917 1638 1965 tantam
1682 1910 1831 1965 caeci-

244 2015 415 2062 tatem
437 2006 630 2061 cadere
658 2003 923 2059 rationem
957 2002 1207 2057 humana:
1246 2003 1444 2058 mentis
1486 2001 1830 2073 permiserit?

249 2095 332 2152 Ne
360 2110 489 2152 vero
539 2094 823 2167 quisquam
858 2092 999 2147 ultra
1052 2107 1214 2163 quam
1270 2091 1449 2159 debet,
1501 2092 1709 2147 occulta
1733 2090 1827 2147 Dei

238 2185 446 2257 judicia
479 2184 750 2241 discutere
778 2191 1091 2254 praesumat,
1111 2190 1257 2238 recte
1279 2182 1649 2259 subjungitur:
1677 2182 1731 2237 Ν
1736 2200 1831 2237 un-

240 2279 368 2352 quid
386 2277 551 2333 Deum
574 2277 848 2348 quisquam
864 2275 1063 2330 docebit
1083 2275 1374 2342 scientiam,
1390 2275 1478 2347 qui
1500 2274 1726 2330 excelsos
1739 2274 1830 2345 ju-

242 2368 436 2425 dicat?
477 2367 610 2425 Cum
656 2368 709 2423 in
760 2367 844 2422 his
890 2382 1010 2438 quae
1046 2367 1113 2422 de
1162 2365 1318 2422 nobis
1367 2378 1617 2440 aguntur,
1666 2368 1863 2425 ambi—-

241 2463 442 2537 gimus,
472 2460 727 2521 debemus
751 2460 853 2515 alia
892 2474 1012 2531 quae
1043 2458 1197 2515 nobis
1252 2467 1380 2537 sunt
1428 2468 1575 2516 certa
1622 2460 1831 2530 conspi-

241 2530 392 2622 cere,
422 2563 476 2612 et
506 2569 628 2611 eam
661 2569 780 2625 quae
807 2552 875 2609 de
912 2530 1098 2608 nostra
1129 2551 1285 2608 nobis
1307 2530 1686 2608 inbertitudine
1712 2568 1833 2607 sur-

239 2652 485 2710 rexerat,
529 2642 870 2717 cogitationis
925 2640 1203 2712 querelam
1232 2640 1469 2711 placare.
1520 2642 1661 2699 Ecce
1685 2642 1828 2698 enim

240 2735 388 2817 quod
409 2735 609 2791 electos
638 2733 705 2788 ad
729 2733 891 2788 vitam
919 2730 1129 2801 ﬂagella
1173 2741 1458 2795 revocant;
1487 2741 1542 2787 et
1595 2749 1625 2788 a
1675 2733 1831 2789 malis

242 2825 458 2880 actibus
485 2823 744 2894 reprobos
782 2836 883 2877 nec
916 2819 1126 2894 ﬂagella
1158 2831 1546 2892 compescunt:
1589 2825 1833 2895 omnipo-

241 2916 413 2971 tentis
436 2915 534 2971 Dei
574 2914 777 2986 judicia
824 2926 986 2983 super
1027 2926 1126 2967 nos
1153 2912 1311 2967 valde
1358 2913 1572 2969 occulta
1606 2923 1753 2982 sunt,
1778 2922 1834 2970 et

241 3010 447 3082 injusta
471 3023 577 3063 non
620 3014 765 3063 sunt.
801 3004 908 3061 Sed
949 3004 995 3061 si
1043 3004 1329 3061 tendamus
1377 3002 1593 3062 oculum
1635 3006 1832 3061 mentis

1931 1820 2070 1870 esse,
2096 1805 2240 1861 aliud
2262 1807 2631 1877 principaliter
2646 1822 2798 1875 esse;
2823 1808 2964 1863 aliud
2999 1809 3327 1867 mutabiliter
3354 1820 3535 1882 atque,

1929 1897 2075 1952 aliud
2103 1896 2513 1954 immutabiliter
2541 1913 2681 1954 esse.
2713 1897 2853 1954 Sunt
2879 1901 3024 1956 enim
3053 1902 3169 1959 huic
3188 1901 3390 1970 omnia,
3419 1901 3517 1961 sed

1929 1992 2303 2063 principaliter
2328 2006 2436 2049 non
2466 1999 2594 2046 sunt
2630 2006 2644 2044 :
2695 1992 2820 2061 quia
2866 1992 2921 2047 in
2958 1993 3264 2063 semetipsis
3293 1993 3537 2071 minime.

1930 2081 2250 2149 subsistunt,
2281 2089 2335 2137 et
2356 2080 2461 2137 nisi
2494 2082 2848 2151 gubernantis
2876 2097 3038 2137 manu
3063 2091 3369 2151 teneantur,
3392 2098 3517 2142 esse

1931 2189 2272 2245 nequaquam
2320 2182 2566 2246 possunt.
2623 2168 2832 2229 Cuncta
2862 2189 3097 2246 namque
3134 2175 3191 2231 in
3242 2175 3335 2232 illo
3385 2177 3515 2233 sub-

1931 2265 2149 2331 sistunt,
2178 2280 2209 2319 a
2239 2279 2347 2336 quo
2370 2272 2557 2321 creata
2586 2272 2741 2331 sunt;
2780 2279 2881 2320 nec
2906 2280 2970 2321 ea
2999 2280 3121 2336 quae
3150 2266 3359 2333 vivunt,
3386 2266 3517 2323 sibi-

1930 2356 2174 2428 metipsis
2223 2356 2390 2411 vitam
2436 2354 2701 2422 tribuunt,
2730 2370 2906 2427 neque
2948 2371 3011 2411 ea
3054 2371 3175 2429 qute
3208 2368 3515 2426 moventur,

1931 2458 1988 2506 et
2012 2464 2118 2503 non
2142 2448 2329 2503 vivunt
2352 2448 2463 2505 suis
2482 2447 2724 2513 nutibus,
2751 2446 2820 2504 ad
2843 2456 3047 2503 motum
3075 2446 3348 2503 ducuntur
3375 2465 3389 2502 :
3421 2450 3516 2504 sed

1932 2540 2025 2596 ille
2061 2549 2255 2596 cuncta
2301 2548 2504 2607 movet,
2536 2539 2630 2609 qui
2676 2539 2925 2610 quaedam
2971 2540 3222 2606 viviﬁcat,
3270 2541 3517 2613 quaedam

1931 2647 2062 2687 vero
2105 2646 2212 2687 non
2258 2630 2554 2697 viviﬁcata,
2607 2630 2661 2684 in
2713 2638 3015 2686 extremam
3046 2632 3335 2687 essentiam
3381 2632 3535 2701 mire,

1931 2723 2190 2780 ordinans
2214 2732 2412 2779 servat.
2435 2722 2641 2777 Cuncta
2671 2722 2869 2793 quippe
2895 2736 2960 2777 ex
2989 2720 3159 2777 nihilo
3190 2721 3333 2777 facta
3366 2731 3515 2790 sunt,

1931 2828 2228 2883 eorumque
2273 2814 2509 2870 essentia
2576 2828 2795 2868 rursum
2836 2811 2905 2867 ad
2956 2811 3187 2868 nihilum
3237 2815 3519 2880 tenderet,

1930 2905 2035 2962 nisi
2070 2919 2189 2960 eam
2220 2912 2411 2960 auctor
2446 2903 2688 2959 omnium
2722 2902 3001 2973 regiminis
3031 2918 3195 2959 manu
3238 2906 3519 2960 retineret.

1934 2992 2128 3051 Omnia
2154 2994 2338 3065 itaque
2366 3010 2486 3065 qua:
2516 3003 2696 3050 creata
2731 3004 2879 3062 sunt,
2901 3009 2999 3065 per
3020 3010 3079 3051 se
3101 3010 3203 3051 nec
3229 2994 3525 3052 subsistere

243 3107 314 3162 ad
347 3102 649 3175 superiora,
683 3100 737 3155 in
763 3098 869 3155 illis
891 3096 1204 3169 aspicimus,
1236 3096 1363 3169 quia
1403 3097 1469 3153 de
1516 3097 1671 3152 nobis
1699 3094 1830 3168 quid

1940 3087 2251 3159 praevalent,
2278 3103 2378 3143 nec
2405 3089 2646 3155 moveri;
2678 3087 2774 3144 sed
2795 3088 3065 3142 intantum
3094 3087 3421 3154 subsistunt,
3446 3088 3523 3144 in-

238 3204 394 3278 juste
423 3199 686 3271 conqueri
711 3214 817 3254 non
843 3196 1126 3253 habemus.
1159 3194 1512 3267 Omnipotens
1533 3194 1677 3250 enim
1692 3194 1835 3249 Deus

241 3294 563 3369 angelorum
604 3291 816 3371 tmerita
853 3288 1193 3353 discernens,
1234 3287 1370 3342 alios
1402 3287 1456 3341 in
1483 3297 1688 3342 aeterna
1714 3282 1834 3339 luce

242 3388 369 3446 sine
387 3385 540 3456 lapsu
562 3395 886 3453 permanere
920 3379 1241 3445 constituit;
1259 3376 1396 3434 alios
1432 3384 1625 3448 sponte
1653 3374 1835 3446 lapsos

243 3492 279 3535 a
306 3484 451 3532 statu
481 3488 592 3531 sure
616 3464 981 3538 celsitudinis,
1001 3469 1075 3525 ’in
1106 3478 1322 3525 aeternas
1349 3466 1711 3525 damnationis
1754 3465 1837 3520 ul-

244 3570 398 3627 tione
424 3565 742 3637 prostravit.
776 3561 1071 3619 Nobiscum
1100 3562 1264 3634 igitur
1285 3559 1485 3631 injuste
1516 3561 1649 3615 nihil
1702 3561 1831 3632 agit,

245 3659 344 3730 qui
374 3666 427 3714 et
478 3655 814 3712 subtiliorem
856 3655 1012 3711 nobis
1052 3659 1306 3710 naturam
1358 3651 1504 3723 juste
1547 3650 1833 3723 judicavit.

245 3751 407 3807 Dicat
433 3763 562 3821 ergo
593 3766 606 3802 :
645 3744 900 3818 Nunquid
933 3744 1098 3801 Deum
1127 3746 1385 3817 quispiam
1430 3744 1629 3799 docebit
1670 3745 1839 3800 scien-

245 3844 404 3909 tiam,
433 3841 521 3913 qui
554 3838 782 3894 excelsos
800 3837 1052 3909 judicat?
1080 3836 1179 3906 Qui
1201 3837 1346 3893 enim
1370 3851 1532 3908 super
1560 3851 1659 3892 nos
1699 3836 1835 3891 mira

246 3935 406 4001 facit,
423 3940 636 3993 constat
654 3930 839 4001 procul
855 3929 1017 3986 dubio
1040 3930 1162 4000 quia
1186 3930 1253 3985 de
1282 3926 1437 3984 nobis
1462 3929 1698 3984 scienter
1719 3943 1836 3985 om-

247 4020 346 4082 nia
367 4022 624 4094 disponit.
656 4020 753 4076 His
790 4020 976 4090 itaque
1029 4017 1323 4090 praemissis
1366 4015 1697 4089 adjungitur,
1746 4017 1838 4073 ubi

248 4121 527 4178 humanus
552 4115 765 4170 animus
792 4112 845 4169 in
878 4111 1234 4183 requisitione
1256 4109 1527 4182 fatigatur.
1553 4108 1688 4165 Nam
1713 4110 1842 4166 sub-

251 4214 403 4273 ditur
431 4230 446 4266 :
478 4210 587 4267 Iste
616 4211 839 4264 moritur
865 4207 1108 4261 robustus
1153 4215 1201 4261 et
1226 4220 1404 4269 sanus,
1431 4206 1570 4262 dives
1606 4215 1655 4261 et
1681 4206 1845 4278 felix;

252 4305 455 4362 viscera
485 4303 599 4375 ejus
620 4301 775 4373 plena
804 4308 924 4354 sunt
946 4298 1120 4369 adipe,
1170 4307 1219 4352 et
1258 4297 1502 4353 medullis
1545 4315 1663 4353 ossa
1701 4297 1847 4353 illius

252 4397 549 4470 irrigantur
578 4411 597 4449 :
632 4391 770 4447 alius
797 4408 916 4446 vero
945 4391 1168 4445 moritur
1190 4390 1244 4444 in
1276 4388 1628 4444 amaritudine
1656 4389 1848 4444 animae

254 4506 371 4547 sum
392 4488 584 4559 absque
620 4483 741 4540 ullis
791 4482 1053 4555 operibus.
1108 4481 1213 4536 [sta
1246 4496 1369 4536 cum
1432 4480 1507 4535 ita
1562 4478 1694 4546 Sint,
1724 4478 1850 4551 quis

254 4575 646 4648 omnipotentis
672 4573 766 4629 Dei
792 4582 1001 4629 secreta
1033 4570 1311 4636 discutiat,
1344 4586 1442 4625 cur
1469 4571 1586 4627 haec
1622 4571 1696 4625 ita
1728 4585 1847 4628 esse

255 4669 572 4745 permittat?
590 4666 697 4725 Sed
709 4666 894 4722 electis
908 4673 961 4720 et
980 4664 1222 4736 reprobis
1238 4674 1292 4721 et
1308 4664 1414 4719 vita
1430 4665 1647 4736 quidem
1664 4664 1850 4736 dispar

258 4776 347 4823 est
369 4780 385 4831 ;
416 4762 598 4818 carnis
626 4768 805 4814 autem
830 4758 883 4812 in
908 4766 1083 4812 morte
1106 4756 1385 4827 corruptio
1413 4756 1597 4826 dispar
1618 4771 1724 4811 non
1741 4764 1844 4813 est.

337 4857 414 4912 Ex
437 4855 626 4909 eodem
655 4852 795 4907 libro
826 4852 966 4924 (cap.
1000 4848 1064 4905 l7
1096 4849 1151 4904 in
1175 4867 1289 4921 cap.
1315 4865 1351 4904 ιι
1373 4848 1496 4922 Job)
1521 4863 1536 4903 :
1569 4847 1846 4904 Devoravit

259 4964 382 5004 eum
408 4947 541 5018 ignis
562 4946 649 5019 qui
701 4962 802 5000 non
850 4942 1194 4998 succinditur.
1226 4953 1253 4983 ι
1291 4941 1426 4996 Miro
1478 4940 1635 4997 valde
1690 4942 1852 4997 modo

259 5038 455 5113 paucis
501 5021 682 5093 verbis
733 5046 1020 5105 expressus
1070 5040 1153 5088 est
1193 5032 1331 5103 ignis
1378 5031 1660 5102 gehennae.
1705 5029 1853 5104 Ignis

262 5142 505 5200 namque
539 5140 863 5197 corporeus,
892 5133 951 5179 ut
999 5136 1120 5178 esse
1148 5122 1286 5193 ignis
1326 5121 1524 5187 valeat,
1577 5121 1857 5193 corporeis

263 5226 473 5298 indiget
492 5223 765 5280 fomentis.
804 5220 907 5289 Qui
940 5235 1064 5277 cum
1109 5232 1334 5275 necesse
1380 5226 1464 5273 est
1504 5227 1567 5273 ut
1586 5224 1854 5282 servetur,

264 5334 369 5392 per
395 5326 651 5390 congesta
676 5315 819 5388 ligna
851 5311 1226 5385 proculdubio
1247 5310 1490 5365 nutritur
1528 5327 1542 5363 :
1577 5324 1676 5365 nec
1714 5308 1859 5365 valet

266 5409 377 5467 nisi
406 5421 703 5465 succensus
725 5420 874 5468 esse,
904 5412 959 5460 et
1006 5403 1109 5459 nisi
1162 5400 1399 5458 refectus
1442 5402 1758 5481 subsistere.
1791 5400 1859 5457 At

254 5507 469 5558 contra
492 5499 751 5571 gehennae
777 5496 940 5570 ignis,
969 5510 1092 5550 cum
1124 5494 1195 5550 sit
1215 5493 1588 5564 incorporeus,
1616 5500 1672 5549 et
1715 5492 1767 5547 in
1799 5506 1861 5548 se

174 5616 185 5627 ι
272 5592 475 5649 missos
537 5592 795 5662 reprobos
854 5587 1208 5660 corporaliter
1249 5594 1472 5653 exurat,
1535 5602 1635 5642 nec
1680 5586 1860 5642 studio

1938 3189 2198 3251 quantum
2256 3189 2315 3234 ut
2380 3194 2502 3235 esse
2556 3181 2790 3236 debeant
2841 3187 3216 3251 acceperunt:
3255 3178 3537 3236 intantum'

1936 3281 2244 3339 moventur,
2282 3272 2601 3342 iuquantum
2626 3270 2838 3329 occulto
2864 3272 3123 3329 instinctu
3140 3272 3523 3344 disponuntur.

1936 3368 2076 3424 Ecce
2111 3368 2257 3423 enim
2298 3376 2553 3438 peccator
2592 3365 2944 3439 ﬂagellandus
2981 3375 3065 3423 est
3117 3367 3186 3424 de
3226 3368 3388 3424 rebus
3435 3368 3532 3423 hu-

1938 3460 2115 3516 manis
2150 3477 2162 3514 :
2189 3460 2387 3515 arescit
2412 3460 2468 3515 in
2493 3458 2771 3516 laboribus
2794 3458 2910 3531 ejus
2942 3469 3108 3528 terra,
3139 3459 3448 3516 concutitur
3473 3459 3531 3516 in

1939 3550 2057 3623 ejus
2085 3550 2384 3623 naufragiis
2413 3534 2581 3617 mare,
2614 3551 2843 3623 ignescit
2879 3551 2935 3606 in
2958 3551 3076 3622 ejus
3097 3550 3384 3606 sudoribus
3412 3562 3531 3618 aer,

1940 3645 2346 3701 obtenehrescit
2397 3653 2591 3700 contra
2634 3658 2755 3699 eum
2805 3643 3250 3700 inundationibus
3307 3642 3529 3710 caelum,

1941 3724 2295 3795 inardescunt
2319 3738 2374 3792 in
2406 3737 2524 3809 ejus
2551 3734 2992 3807 oppressionibus
3012 3736 3280 3803 homines,
3310 3749 3533 3791 moven-

1948 3839 2039 3887 tur
2063 3832 2116 3887 in
2140 3830 2255 3900 ejus
2281 3831 2612 3887 adversitate
2642 3839 2697 3887 et
2717 3830 2975 3902 angelicae
2998 3830 3245 3886 virtutes.
3280 3824 3535 3907 Nunquid

1951 3944 2076 3983 nam
2121 3927 2210 3983 hic
2244 3942 2366 3998 quae
2395 3926 2713 3993 inanimata,
2741 3926 2823 3981 vel
2857 3940 2975 3996 qua:
3005 3923 3243 3979 viventia
3274 3918 3533 3991 diximus,

1950 4020 2603 4086 suisinstinctionibus,et
2632 4035 2737 4076 non
2768 4018 2941 4092 magis
2972 4017 3169 4074 divinis
3191 4015 3533 4087 impulsioni-

1947 4115 2053 4171 bus
2079 4112 2392 4187 agitantur?
2421 4113 2691 4185 Quidquid
2708 4120 2793 4169 est
2808 4113 2991 4184 itaque
3011 4112 3153 4184 quod
3177 4112 3416 4169 exterius
3435 4128 3536 4169 sae-

1951 4206 2050 4272 vit,
2070 4222 2167 4278 per
2191 4207 2295 4262 hoc
2319 4206 2407 4263 ille
2443 4206 2732 4262 intuendus
2749 4213 2832 4261 est
2852 4205 2944 4277 qui
2973 4207 3076 4261 hoc
3097 4205 3325 4262 interius
3350 4205 3533 4277 dispo-

1954 4296 2127 4353 nit;ln
2140 4299 2287 4353 omni
2307 4298 2470 4369 igitur
2491 4313 2678 4363 causa,
2701 4297 2848 4354 solus
2875 4300 2990 4369 ipse
3012 4297 3302 4354 intuendus
3312 4306 3395 4354 est
3412 4296 3535 4371 [al.,

1956 4390 2322 4465 metuendus],
2339 4391 2429 4463 qui
2444 4391 2818 4465 principaliter
2829 4399 2932 4459 est,
2946 4392 3038 4463 qui
3061 4392 3227 4448 etiam
3243 4393 3312 4449 ad
3329 4391 3531 4448 Mosem

1955 4486 2087 4543 dicit
2114 4502 2127 4540 :
2153 4484 2268 4557 Ego
2294 4500 2411 4539 sum
2443 4485 2534 4556 qui
2560 4500 2676 4539 sum
2705 4500 2723 4539 :
2754 4485 2831 4539 sic
2869 4484 3009 4539 dices
3034 4482 3161 4553 ﬁliis
3194 4482 3407 4539 Israel:
3433 4483 3537 4551 Qui

1956 4587 2032 4633 est
2058 4576 2198 4632 misit
2227 4593 2308 4631 me
2330 4576 2398 4631 ad
2442 4592 2530 4632 vos
2557 4574 2754 4649 (Exod.
2779 4575 2885 4648 ιιι).
2919 4573 3054 4632 Cum
3085 4575 3266 4646 itaque
3294 4574 3534 4646 ﬂagella-

1955 4685 2080 4726 mur
2103 4684 2201 4740 per
2246 4683 2311 4723 ea
2345 4683 2464 4739 quae
2518 4667 2788 4736 videmus,
2823 4666 2973 4725 illum
3018 4666 3277 4723 debemus
3313 4666 3541 4721 sollicite

1956 4771 2222 4828 metuere,
2269 4775 2431 4830 quem
2473 4774 2581 4815 non
2628 4759 2893 4815 videmus.
2944 4758 3040 4817 Vir
3092 4759 3276 4830 itaque
3319 4766 3543 4814 sanctus

1959 4856 2221 4927 despiciat
2266 4854 2528 4925 quidquid
2575 4855 2822 4910 exterius
2877 4861 3068 4919 terret,
3130 4851 3390 4922 quidquid
3443 4865 3542 4921 per

1958 4947 2253 5005 essentiam
2270 4961 2443 5013 suam,
2471 4946 2572 5001 nisi
2598 4955 2896 5019 regeretur,
2920 4946 2987 5001 ad
3009 4944 3233 5000 nihilum
3257 4943 3501 4998 tenderet
3524 4960 3538 4998 :

1961 5048 2017 5097 et
2052 5041 2250 5096 mentis
2278 5038 2437 5095 oculo
2460 5039 2768 5117 suppressis
2795 5036 3045 5102 omnibus
3067 5036 3341 5092 intueatur
3371 5049 3537 5089 unum

1962 5131 2018 5187 in
2040 5128 2193 5200 cujus
2230 5129 2483 5187 essentiae
2510 5128 2942 5201 comparatione,
2984 5140 3106 5182 esse
3148 5134 3392 5181 nostrum
3432 5140 3541 5180 non

1964 5233 2084 5275 esse
2111 5227 2219 5287 est,
2250 5227 2307 5274 et
2325 5218 2471 5275 dicat
2501 5236 2514 5272 :
2548 5216 2670 5290 Ipse
2691 5216 2827 5272 enim
2849 5213 2992 5270 solus
3017 5223 3113 5270 est.
3139 5213 3214 5270 De
3236 5214 3389 5283 cujus
3416 5229 3543 5270 mox

1964 5311 2420 5378 immutabilitate,
2452 5319 2576 5383 apte
2609 5308 2953 5378 subjungitur
2991 5321 3008 5361 :
3047 5304 3119 5361 Et
3142 5323 3292 5362 nemo
3315 5316 3545 5363 avertere

1962 5413 2127 5476 potest
2150 5404 2512 5476 cogitationem
2543 5403 2677 5473 ejus.
2710 5400 2863 5457 Sicut
2887 5398 3031 5454 enim
3056 5399 3410 5456 immutabilis
3449 5415 3546 5455 na-

1964 5503 2087 5551 tura
2116 5503 2220 5561 est,
2265 5495 2337 5549 ita
2375 5490 2725 5549 immutabilis
2762 5488 3107 5560 cogitatione.
3148 5488 3541 5563 Cogitatiouem

1948 5582 2161 5661 quippe
2183 5586 2300 5659 ejus
2328 5585 2506 5642 nullus
2530 5582 2747 5651 avertit,
2788 5580 2914 5654 quia
2962 5594 3124 5638 nemo
3160 5582 3412 5638 resistere
3461 5595 3550 5643 oc-

351 5718 380 5748 ι
409 5703 605 5762 Totum
630 5706 775 5764 hunc
796 5705 972 5762 locum
998 5718 1097 5775 pro
1121 5716 1179 5760 se
1207 5703 1340 5759 citat
1389 5701 1713 5759 Hincinarus
1762 5702 1853 5760 lib.
1896 5703 1963 5761 de
1981 5702 2487 5768 Praedestinatione,
2504 5713 2626 5770 cap.
2658 5698 2726 5755 l6
