4064 6346
603 318 710 379 999

1599 312 1660 369 S.
1701 309 2076 368 PRUDENTII
2115 308 2496 367 TRECENSIS
2531 306 2835 365 EPISCOPI

3667 309 3773 372 I000

603 391 765 494 cultis
799 432 917 504 ejus
955 431 1178 506 judiciis
1200 429 1478 506 prmvalet.
1519 428 1653 484 Nam
1683 426 2040 483 etsifuerunt
2068 424 2187 496 qui—
2213 429 2266 490 Α
2360 423 2436 478 Ex
2463 421 2600 478 libro
2624 437 2656 476 χ
2687 421 2766 494 (in
2790 439 2839 476 ε.
2871 420 3032 494 xxx):
3057 420 3140 478 Ab
3172 420 3292 480 heri
3321 421 3525 495 quippe,
3547 433 3592 480 et
3613 440 3639 480 a
3673 443 3775 500 pra.

607 531 732 588 dam
781 529 875 600 qui
934 527 1406 598 deprecationibus
1459 523 1574 580 suis
1629 522 1746 594 ejus
1811 522 2190 593 cogitationem

607 619 870 678 avertisse
897 617 1204 684 videantur,
1249 617 1323 671 ita
1365 614 1466 670 fuit
1508 615 1626 686 ejus
1657 614 1872 669 interna
1912 613 2189 683 cogitatio,

607 718 670 766 ut
691 709 1012 766 sententiam
1046 707 1188 764 illius
1209 715 1455 762 avertere
1485 705 1828 776 deprecando
1865 706 2190 776 potuissent,

609 803 753 859 etab
779 818 846 859 eo
884 803 1130 874 accipere
1165 802 1309 872 quod
1355 809 1576 871 agerent
1604 800 1746 870 apud
1789 799 1985 871 ipsum.
2041 797 2194 854 Dicat

610 907 779 965 ergo:
817 891 880 947 Et
924 907 1073 946 nemo
1127 890 1316 961 poterit
1357 900 1585 945 avertere
1632 891 2003 961 cogitationem
2056 905 2190 959 ejus,

609 989 736 1059 quia
762 987 926 1044 semel
957 986 1064 1052 lixa
1086 985 1292 1054 judicia
1331 985 1527 1040 mutari
1567 999 1911 1056 nequaquam
1944 992 2189 1055 possunt.

613 1077 766 1135 Unde
790 1078 1049 1147 scriptum
1079 1083 1162 1132 est
1195 1095 1208 1132 :
1240 1074 1569 1146 Prmceptum
1598 1076 1794 1147 posuit,
1842 1085 1891 1130 et
1936 1092 2038 1130 non
2061 1091 2196 1146 prm-

612 1169 781 1224 teribit
825 1165 941 1238 (Ps.
980 1166 1224 1237 CXLVIII).
1270 1165 1336 1221 Et
1388 1180 1656 1220 rursum:
1709 1152 1934 1220 leum'
1961 1176 2008 1220 et
2055 1176 2196 1220 terra

610 1257 927 1324 transibunt,
952 1258 1106 1314 verba
1125 1268 1301 1312 autem
1317 1274 1432 1313 mea
1448 1274 1552 1312 non
1567 1257 1864 1312 transibunt
1879 1256 2031 1328 (Luc.
2058 1259 2194 1327 XXI).

611 1351 680 1408 Et
707 1365 922 1407 rursum
954 1368 968 1404 :
1002 1349 1128 1406 Non
1152 1350 1291 1406 enim
1312 1348 1651 1421 cogitationes
1679 1365 1808 1402 mem
1835 1348 1966 1401 sicut
1997 1347 2197 1418 cogita-

612 1441 777 1496 tiones
813 1449 1018 1508 vestrm,
1047 1456 1211 1513 neque
1253 1440 1351 1495 vim
1390 1455 1520 1494 mem
1549 1439 1684 1493 sicut
1732 1438 1826 1493 vim
1853 1446 2034 1493 vestrm
2061 1435 2197 1508 (Isa.

612 1530 804 1604 xxxv).
833 1532 969 1588 Cum
998 1547 1128 1604 ergo
1153 1530 1394 1586 exterius
1424 1529 1624 1584 mutari
1653 1529 1870 1585 videtur
1907 1529 2198 1595 sententia,

613 1625 845 1683 interius
866 1624 1151 1682 Consilium
1178 1639 1284 1680 non
1309 1631 1573 1690 mutatur,
1603 1623 1729 1693 quia
1767 1624 1832 1680 de
1879 1637 2203 1694 unaquaque

614 1733 676 1776 re
703 1717 1113 1774 immutabiliter
1158 1716 1304 1772 intus
1353 1715 1732 1783 constituitur;
1778 1715 2042 1786 quidquid
2071 1713 2202 1770 foris

2292 513 2452 570 terito
2477 521 2721 584 tempore
2735 523 3037 585 praeparata
3062 522 3146 569 est
3165 528 3194 567 a
3235 528 3358 585 rege
3381 515 3583 572 Domino
3605 517 3776 592 ‘I‘ophet,

2292 607 2346 664 id
2392 614 2477 662 est
2522 606 2627 661 lata
2673 616 2727 661 et
2769 607 3007 678 spatiosa
3058 607 3321 678 gehenna,
3361 623 3472 678 qua:
3504 626 3584 666 eos
3617 617 3780 674 aeternis

2290 706 2416 754 urat
2441 697 2744 753 ardoribus.

2364 788 2674 861 Hieronymi
2705 790 3007 863 presbyteri
3037 789 3461 860 explanationem
3495 794 3546 848 in
3577 795 3782 866 Ezechiel,

2293 880 2431 937 lihro
2460 899 2513 938 Iv
2543 883 2619 955 (in
2646 899 2692 936 c.
2723 881 2834 955 xlv)
2862 901 2875 938 :
2906 881 3016 937 Fili
3048 883 3296 950 hominis,
3326 885 3410 940 isti
3437 887 3523 942 tiri
3558 893 3633 960 qui
3657 909 3784 948 corsa

2295 983 2345 1028 te
2365 973 2564 1039 sedent,
2602 983 2887 1044 posuerunt
2940 974 3304 1029 immunditias
3352 994 3472 1032 suas
3522 979 3572 1032 in
3608 983 3784 1039 cordibtu

2295 1066 2427 1130 suis,
2478 1065 2594 1120 sive
2639 1067 2980 1137 cogitationes
3029 1083 3049 1122 :
3100 1076 3156 1124 et
3197 1067 3357 1138 juxta
3393 1068 3719 1141 Symmachum
3751 1085 3788 1132 et

2298 1158 2746 1225 'l‘heodotionem,
2772 1159 2919 1215 idola
2956 1150 3004 1215 et
3032 1160 3364 1216 scandalum.
3404 1161 3630 1233 Nunquid
3661 1161 3816 1233 hujus?

2299 1255 2444 1310 modi
2472 1254 2783 1312 hominibus
2810 1255 2982 1313 debeo
3007 1258 3358 1329 respondere,
3386 1257 3475 1329 qui
3507 1272 3614 1314 cum
3650 1260 3790 1333 cogita-

2301 1347 2540 1404 tionibus
2584 1349 2833 1421 pristinis
2877 1349 2944 1405 ad
2992 1363 3081 1404 me
3118 1349 3362 1415 veniunt,
3405 1364 3470 1404 ne
3515 1349 3608 1405 hoc
3634 1352 3792 1422 quidem

2301 1448 2546 1512 tempore
2591 1441 2888 1512 impietatis
2933 1457 3047 1499 sua:
3085 1442 3293 1499 scelera
3318 1442 3792 1514 relinquentesiouis

2303 1533 2468 1605 igitur
2487 1548 2746 1604 perverso
2775 1535 2844 1590 ad
2868 1543 2922 1590 te
2959 1536 3122 1591 corde
3153 1545 3439 1602 venerunt,
3480 1537 3698 1608 responde
3723 1537 3793 1603 eis,

2303 1641 2413 1682 non
2440 1641 2507 1682 ex
2537 1641 2768 1698 persona
2798 1635 2909 1693 tua,
2937 1627 3040 1702 sed.
3057 1641 3124 1682 ex
3149 1643 3272 1684 meo
3295 1627 3532 1698 imperio,
3558 1636 3604 1684 et
3625 1628 3736 1684 dices
3750 1627 3794 1683 ad

2305 1735 2400 1775 eos
2424 1738 2439 1775 :
2467 1718 2596 1776 Haec
2621 1719 2752 1775 dicit
2781 1719 3061 1775 Dominus.
3105 1717 3203 1775 Est
3228 1727 3410 1774 autem
3451 1719 3597 1774 totius
3625 1718 3705 1774 loci
3727 1720 3796 1773 ista

614 1812 948 1869 mutabiliter
975 1811 1173 1883 agitur.
1218 1808 1477 1880 Sequitur
1515 1825 1531 1864 :
1573 1809 1642 1864 Et
1671 1809 1850 1863 anima
1891 1825 2007 1874 ejus
2032 1809 2202 1880 quod-
2231 1791 2285 1856 Β
2307 1813 2576 1870 sententia
2604 1831 2618 1868 ε
2654 1811 2829 1868 Homo
2849 1813 3034 1878 homo,
3061 1825 3168 1868 non
3199 1811 3430 1896 aliarum
3468 1811 3690 1882 gentium,
3708 1826 3798 1881 qus-

615 1923 822 1979 cunque
847 1905 1034 1972 voluit,
1065 1905 1164 1960 hoc
1189 1903 1332 1974 fecit.
1362 1903 1497 1960 Cum
1534 1903 1606 1958 sit
1635 1903 1846 1959 cunctis
1885 1903 2205 1974 corporibus

615 2001 878 2066 exterior,
905 1998 1119 2056 cunctis
1151 1997 1422 2054 mentibus
1471 1996 1700 2053 interior
1755 1997 1928 2063 Deus;
1979 2011 2045 2051 ea
2090 1995 2207 2066 ipsa

615 2094 702 2152 vis
728 2091 845 2163 ejus
870 2107 978 2162 qua
1027 2090 1208 2148 omnia
1257 2097 1525 2161 penetrat,
1576 2097 1879 2159 cunctaque
1927 2088 2202 2159 disponit;

616 2185 798 2243 anitna
823 2185 968 2241 illius
1000 2185 1315 2259 appellatur.
1345 2185 1512 2256 Cujus
1539 2185 1791 2241 videlicet
1819 2183 2084 2240 voluntati
2109 2199 2210 2240 nec

616 2279 708 2336 illa
737 2279 1013 2336 obsistunt
1063 2296 1183 2351 quae
1214 2288 1401 2337 contra
1442 2280 1771 2337 voluntatem
1804 2279 1946 2336 illius
1978 2280 2094 2336 ﬁeri
2132 2280 2211 2335 vi-

618 2375 834 2431 dentur.
871 2373 1008 2442 Quia
1057 2375 1126 2430 ad
1174 2374 1279 2432 hoc
1323 2389 1709 2446 nonnunquam
1762 2374 2028 2445 permittit
2071 2373 2205 2440 ﬁeri,

618 2467 783 2523 etiam
817 2467 960 2537 quod
999 2481 1108 2524 non
1149 2466 1417 2539 prmcipit,
1469 2475 1528 2522 ut
1566 2481 1666 2537 per
1703 2467 1810 2522 hoc
1845 2465 1974 2522 illud
2007 2466 2210 2522 certius

620 2558 908 2629 impleatur
928 2558 1072 2628 quod
1106 2556 1281 2628 jubet.
1321 2557 1598 2630 Apostatze
1642 2557 1840 2628 quippe
1875 2555 2052 2626 angeli
2091 2569 2212 2626 per-

619 2666 776 2706 versa
805 2651 1056 2708 voluntas
1108 2658 1222 2717 est;
1279 2651 1373 2706 sed
1429 2658 1607 2706 tamen
1663 2667 1695 2705 a
1745 2651 1856 2707 Deo
1887 2649 2214 2706 mirabiliter

617 2743 922 2810 ordinatur,
945 2752 1006 2799 ut
1031 2742 1161 2814 ipsae
1191 2759 1405 2816 quoque
1440 2743 1560 2814 ejus
1590 2743 1802 2804 insidiae
1843 2743 2066 2798 utilitati
2116 2743 2213 2798 bo-

619 2852 814 2894 norum
842 2837 1099 2904 serviant,
1132 2853 1269 2908 quos
1293 2845 1528 2909 purgant
1553 2838 1683 2893 dum
1708 2845 1940 2893 tentant.
1984 2836 2075 2893 Sic
2107 2836 2211 2892 ita-

619 2942 724 2998 que
755 2928 870 2998 ejus
907 2929 1086 2983 anima
1115 2929 1462 3000 quodcunque
1483 2928 1671 3002 voluit,
1700 2928 1798 2983 hoc
1823 2928 1962 2999 fecit,
1992 2937 2052 2983 ut
2090 2928 2214 2985 inde

619 3037 836 3092 quoque
891 3022 1226 3079 voluntatem
1277 3037 1433 3078 suam
1477 3021 1720 3094 impleat,
1759 3021 1904 3079 unde
1947 3020 2212 3080 voluntati

620 3113 766 3170 illius
795 3115 1081 3186 repugnari
1109 3115 1441 3172 videbatur:

1253 3203 1482 3260 CAPUT
1521 3203 1591 3258 Χ.

946 3293 1052 3348 Ex.
1085 3292 1190 3350 SS.
1233 3292 1442 3348 Isidoro
1471 3302 1519 3349 et
1548 3292 1893 3365 Hieronymo.

695 3385 888 3440 lsidori
911 3399 978 3438 ex
1005 3384 1187 3441 librat
1219 3384 1650 3452 Sententiarum,
1691 3387 1757 3443 de
1787 3386 1974 3443 Gratia
1997 3396 2052 3443 et
2071 3388 2217 3445 Prte-

626 3477 988 3534 destinatione
1011 3478 1150 3549 (cap.
1172 3478 1266 3551 22)
1287 3497 1301 3534 ς
1319 3477 1474 3534 Sicut
1503 3479 1716 3550 ignorat
1739 3480 1901 3536 homo
1926 3480 2216 3538 terminum

627 3574 766 3630 lucis
795 3581 850 3629 et
879 3573 1246 3640 tenebrarum,
1274 3572 1360 3629 vel
1383 3573 1667 3644 utriusque
1696 3574 1772 3629 rei
1801 3575 1923 3645 quis
1954 3573 2079 3629 linis
2104 3574 2214 3629 sit:

624 3665 700 3721 ita
726 3664 934 3737 plenius
956 3665 1148 3731 nescit,
1184 3665 1305 3736 quis
1323 3671 1449 3722 ante
1471 3680 1628 3722 suum
1663 3667 1824 3723 linem
1848 3666 1970 3723 luce
1995 3665 2220 3738 justitiae

625 3756 1018 3828 przeveniatur;
1049 3755 1137 3811 vel
1161 3757 1283 3828 quis
1307 3765 1658 3835 peccatorum
1695 3759 1933 3816 tenebris
1967 3774 2138 3830 usque
2164 3758 2219 3816 in

626 3864 786 3905 suum
824 3842 1124 3904 terminum
1153 3849 1508 3918 obscuretur,
1549 3859 1644 3907 aut
1681 3852 1806 3923 quis
1847 3861 1972 3924 post
2007 3851 2218 3924 lapsum

631 3941 980 3997 tenebrarum
1027 3957 1344 4009 conversus,
1393 3954 1644 4016 resurgat
1677 3945 1746 4000 ad
1788 3944 1984 4002 lucem.
2010 3943 2221 4002 Cuncta

632 4034 748 4090 haec
770 4035 879 4090 Deo
904 4043 1107 4108 patent,
1137 4035 1448 4092 hominibus
1476 4051 1605 4093 vero
1632 4036 1822 4093 latent.

703 4126 1018 4199 Hieronymi
1048 4127 1102 4182 in
1133 4127 1269 4181 Isaia
1292 4126 1386 4182 lib.
1424 4144 1477 4182 xI
1512 4131 1649 4199 (cap.
1677 4127 1730 4194 6,
1759 4128 1815 4182 in
1837 4145 1882 4183 c.
1916 4127 1971 4200 v)
2003 4145 2016 4182 :
2046 4128 2221 4196 Quam

633 4214 814 4272 saeculi
845 4214 966 4288 [al.,
997 4217 1091 4287 qui
1125 4215 1332 4290 saeculi]
1374 4216 1580 4273 deliciis
1607 4219 1884 4290 occupati,
1907 4233 2008 4274 nec
2048 4219 2223 4290 respi-

634 4308 842 4362 cientes
869 4323 1033 4378 Opera
1060 4308 1179 4374 Dei,
1210 4309 1407 4380 captivi
1437 4309 1708 4364 ducuntur
1739 4310 1792 4364 in
1835 4319 2140 4380 peccatum,
2169 4319 2225 4365 et

635 4417 744 4457 non
793 4401 995 4456 habent
1040 4402 1322 4456 scientiam
1369 4402 1482 4468 Dei,
1530 4411 1586 4458 et
1628 4401 1833 4457 idcirco
1879 4401 2020 4458 fame
2048 4412 2104 4459 et
2131 4403 2223 4459 siti

633 4499 864 4564 pereunt
893 4491 1157 4546 bonorum
1189 4507 1435 4563 Operam,
1485 4504 1648 4564 atque
1689 4494 1949 4550 virtutum
1989 4508 2004 4548 :
2047 4503 2104 4552 et
2131 4496 2224 4551 de-

635 4583 923 4640 trahentur
971 4585 1026 4639 in
1067 4585 1391 4656 gehennam,
1430 4585 1611 4656 ibique
1656 4587 1871 4642 aeternis
1894 4587 2224 4644 cruciatibus

635 4675 900 4747 deputati,
923 4675 1222 4746 potentiam
1251 4684 1306 4732 et
1342 4677 1652 4748 superbiam
1713 4677 1930 4734 miseria
1977 4686 2225 4748 cernent,

635 4778 693 4827 et
717 4770 1021 4826 humilitate
1047 4770 1288 4825 mutari.‘

711 4861 1026 4934 Hiemnymi
1073 4862 1126 4918 in
1155 4862 1314 4930 Isaia,
1344 4862 1484 4920 libro
1528 4881 1588 4920 III
1637 4863 1715 4937 (in
1751 4879 1767 4920 I
1796 4873 1998 4936 partem
2021 4880 2071 4921 c.
2101 4865 2180 4937 Ix)
2208 4883 2222 4922 :

638 4954 919 5024 Quomodo
941 4955 1084 5010 enim
1115 4956 1278 5011 vestis
1309 4972 1431 5028 quae
1464 4957 1700 5013 humano
1733 4957 1996 5028 sanguine
2031 4973 2227 5013 cruen-

643 5056 753 5101 tata
796 5054 900 5110 est,
931 5046 1126 5103 "sanari
1175 5063 1283 5104 non
1327 5059 1527 5119 pmest,
1561 5047 1657 5103 sed
1698 5048 1896 5104 infecta
1941 5050 2224 5121 sanguine,

641 5138 764 5210 igne
795 5138 1150 5205 comburitur,
1193 5150 1254 5196 ut
1299 5141 1524 5197 macula:
1554 5155 1677 5196 cum
1728 5141 2049 5196 vestimento
2096 5141 2228 5196 laedi

642 5228 854 5283 cruoris
900 5229 1171 5286 intereant
1209 5247 1222 5284 :
1263 5230 1342 5287 sic
1369 5230 1565 5286 diaboli
1598 5229 1828 5286 violenta
1869 5231 2148 5301 praedatio,
2173 5238 2230 5287 et

644 5317 904 5374 tumultus
929 5334 993 5375 ac
1035 5323 1206 5376 turbae
1235 5322 1430 5392 quibus
1459 5322 1755 5376 humanum
1785 5321 1888 5378 sibi
1935 5323 2232 5394 subjiceret

646 5427 834 5482 genus,
873 5413 1131 5484 gehennae
1160 5415 1376 5484 ignibus
1407 5416 1675 5486 deputatae
1704 5426 1849 5473 sunt.

719 5503 773 5558 In
822 5503 960 5560 libro
1004 5521 1101 5561 vItt
1147 5507 1224 5579 (in
1272 5523 1319 5562 c.
1367 5509 1516 5579 xxv).
1569 5507 1640 5565 Ut
1677 5508 1858 5564 omnia
1900 5525 2064 5581 opera
2113 5490 2259 5580 ejus.

646 5592 994 5662 prn'erantttt‘
1017 5596 1071 5650 in
1102 5598 1398 5667 publicum,
1421 5609 1472 5654 et
1489 5601 1868 5673 disperguntur
1893 5601 2233 5658 habitatores

651 5683 770 5750 ejus
794 5683 849 5737 in
878 5686 1087 5742 diversa
1127 5689 1268 5755 loca,
1301 5692 1538 5762 praemiis
1573 5693 1656 5750 vel
1683 5694 1958 5766 suppliciis
1985 5695 2226 5766 deputati

653 5769 779 5838 ἰαί..
799 5773 1098 5847 destinati].

2251 4538 2304 4599 Ι)

2308 1922 2430 1962 rum
2454 1921 2611 1962 error
2637 1913 2815 1977 potest
2844 1905 3048 1961 habere
3080 1905 3320 1971 veniam,
3359 1906 3451 1960 sed
3483 1905 3648 1960 domus
3666 1903 3795 1968 Israel,

2309 1998 2402 2068 qui
2431 2014 2552 2053 cum
2583 1996 2829 2069 pristinis
2852 1996 3024 2058 vitiis,
3041 1997 3110 2056 de
3133 1995 3336 2066 quibus
3359 2010 3511 2066 supra
3537 1994 3798 2059 diximusad

2308 2088 2636 2158 Prophetam
2679 2087 2891 2144 venerit
2937 2086 3328 2144 sciscitandum
3357 2125 3373 2152 ,
3418 2100 3511 2158 ego
3550 2086 3800 2156 respondebo

2303 2177 2460 2250 juxta
2491 2194 2590 2236 cor
2621 2187 2676 2235 et
2723 2178 3095 2234 immunditias
3122 2194 3287 2245 suas;
3322 2187 3382 2232 ut
3417 2176 3561 2248 juxta
3591 2179 3705 2248 quod
3726 2177 3800 2230 vult

2310 2285 2366 2330 et
2383 2274 2578 2336 credit,
2611 2273 2686 2329 ita
2714 2281 2771 2330 et
2799 2273 3002 2328 audiat.
3031 2271 3144 2328 Nec
3166 2271 3319 2328 enim
3347 2279 3572 2328 meretur
3590 2270 3802 2326 comnio-

2313 2383 2460 2435 nem,
2485 2367 2580 2438 qui
2607 2381 2714 2422 non
2745 2365 3006 2431 discendi,
3048 2365 3144 2420 sed
3183 2363 3430 2419 tentandi
3456 2361 3616 2418 animo
3639 2361 3801 2416 intem-

2311 2470 2403 2531 gat
2433 2477 2447 2514 :
2475 2459 2570 2516 sed
2595 2473 2696 2515 suo
2728 2460 2891 2514 corde
2926 2457 3223 2528 capiendus
3264 2465 3371 2522 est,
3416 2456 3674 2512 secundum
3705 2451 3802 2523 quod

2313 2549 2508 2608 scribae
2551 2558 2608 2605 et
2665 2547 2927 2604 Pharisaei
2985 2548 3387 2618 interrogantes
3436 2545 3702 2608 Dominum,
3731 2541 3804 2595 ἱιιο

2313 2648 2606 2706 tentantes,
2642 2638 2870 2694 audiunt
2903 2657 2916 2693 :
2947 2636 3088 2705 Quid
3125 2653 3210 2692 me
3252 2637 3499 2693 tentatis!
3528 2635 3588 2692 Et
3619 2649 3802 2690 Iursutn:

2316 2733 2431 2789 Nec
2473 2749 2567 2805 ego
2624 2732 2799 2787 dicam
2844 2730 2986 2788 vobis
3036 2731 3094 2786 in
3143 2747 3252 2803 qua
3299 2731 3481 2788 uirtute
3535 2729 3630 2783 lucc
3669 2725 3806 2793 {adu

2316 2822 2534 2896 (Matth.
2568 2835 2704 2894 xxI).

2385 2919 2444 2975 In
2484 2918 2675 2977 eodem
2709 2917 3013 2989 :Quodque
3052 2916 3327 2988 sequitur,
3371 2922 3426 2971 et
3449 2913 3656 2993 videtur
3683 2909 3808 2964 facete

2315 3011 2670 3084 quaestionem
2690 3029 2703 3064 :
2723 3007 2987 3080 PrOpIteta
3006 3024 3125 3062 rum
3149 3008 3426 3070 erraverit,
3447 3015 3491 3061 et
3515 3004 3685 3060 locutus
3701 2997 3809 3069 fuerit

2319 3104 2554 3170 verbum,
2593 3118 2687 3174 ego
2717 3101 2975 3156 Dominus
3013 3101 3192 3171 decepi
3242 3100 3542 3172 prophetam
3566 3094 3704 3149 illum.
3729 3089 3807 3143 Non

2317 3207 2573 3270 putemus
2601 3195 2668 3252 de
2692 3211 2823 3251 vero
2854 3196 3118 3267 propheta
3159 3193 3303 3260 dici,
3337 3193 3430 3250 sed
3468 3192 3529 3247 de
3565 3186 3810 3261 pseudopro-

2320 3291 2505 3362 Phela.
2536 3289 2629 3361 Qui
2679 3287 2964 3364 suum»:
3010 3287 3277 3361 prOpheta
3304 3285 3602 3359 appellatur.
3621 3276 3810 3337 Etdeillo

2322 3380 2728 3454 Scripturarum
2758 3380 2877 3437 loco
2921 3380 3055 3436 solvi
3101 3387 3301 3450 potest,
3345 3377 3550 3449 quando
3579 3371 3810 3430 Achabm

2318 3469 2507 3538 Israel,
2527 3473 2730 3526 vadens
2759 3472 2827 3528 ad
2851 3471 3117 3542 praelium,
3146 3487 3256 3527 non
3283 3471 3396 3526 vult
3415 3469 3587 3524 audire
3610 3463 3810 3520 licha

2320 3565 2664 3637 Propheta“:
2693 3564 2787 3620 sed
2808 3563 3297 3636 Pseudopt‘ophetm
3319 3561 3553 3619 consiliis
3567 3551 3808 3629 acquiescit:

2322 3655 2560 3726 dicitque
2597 3654 2869 3722 Michaeas,
2900 3655 3044 3726 quod
3079 3655 3276 3711 viderit
3309 3655 3583 3710 Dominum
3613 3649 3813 3706 sedentem

2323 3745 2380 3802 in
2403 3745 2538 3802 solio
2559 3754 2613 3802 et
2643 3744 2848 3802 erroris
2876 3746 3125 3818 spiritum
3158 3746 3306 3803 ultro
3343 3762 3402 3803 se
3428 3744 3660 3802 obtulisse
3681 3738 3731 3794 ad
3748 3737 3810 3792 dt-

2324 3840 2632 3913 cipiendum
2653 3856 2835 3914 regem
2865 3840 2987 3915 (III
3015 3840 3144 3914 Reg.
3178 3842 3319 3916 xxI).
3342 3841 3585 3900 Diabolus
3601 3833 3813 3910 quoqueil

2323 3931 2594 3987 volumine
2641 3931 2774 3997 Job,
2821 3933 3093 3990 circuiens
3136 3942 3363 4002 terram,
3417 3942 3556 3990 stare
3594 3929 3749 3986 dicitur
3780 3923 3814 3978 in

2325 4035 2616 4097 conspectu
2646 4026 2762 4093 Dei,
2787 4035 2842 4082 et
2875 4026 2930 4083 in
2959 4029 3318 4083 substantiam
3345 4028 3515 4100 primo
3539 4025 3644 4090 Job,
3682 4019 3817 4076 deinde

2327 4123 2380 4178 in
2409 4137 2605 4193 corpus
2641 4122 2758 4193 ejus
2804 4123 3050 4192 accipere
3083 4137 3112 4176 a
3155 4123 3386 4180 Domino
3433 4125 3713 4194 potestatem
3735 4110 3816 4183 (Μ

2327 4215 2389 4288 I).
2437 4215 2544 4272 Sed
2576 4224 2630 4270 et
2677 4215 2902 4271 Balaam
2937 4216 3140 4272 ariolus
3197 4233 3228 4271 a
3271 4217 3496 4273 Domino
3539 4213 3745 4272 mittitur,
3779 4213 3817 4257 ιιι

2327 4306 2561 4378 decipiat
2587 4307 2747 4364 Balac
2789 4307 2958 4364 ﬁlium
2995 4308 3136 4365 Beor
3166 4307 3358 4382 (Num.
3388 4308 3540 4382 xxII).
3578 4306 3672 4361 Hoc
3694 4307 3815 4355 autem

2330 4408 2502 4456 totum
2546 4399 2768 4466 dicitur,
2817 4416 2886 4457 ne
2947 4403 3538 4474 pseudoprophetarum
3593 4389 3816 4454 fortitudini

2329 4501 2629 4562 reputctur,
2675 4492 2819 4562 quod
2871 4493 3140 4563 decipitur
3187 4495 3439 4566 populus,
3482 4501 3537 4549 et
3578 4489 3719 4562 magis
3743 4481 3818 4537 vult

2324 4586 2518 4658 audire
2545 4584 2910 4652 mendacium,
2941 4602 3102 4658 quam
3141 4588 3360 4644 veritati
3384 4601 3564 4643 autem
3590 4591 3816 4640 accommo-

2329 4678 2459 4734 dare
2488 4696 2502 4735 :
2535 4679 2630 4734 sed
2652 4679 2797 4750 quod
2826 4679 2921 4736 Dei
2951 4680 3045 4736 irm
3075 4681 3168 4745 sit,
3199 4690 3260 4737 ut
3278 4695 3558 4754 perversos
3582 4673 3761 4749 populus
3783 4675 3816 4721 el

2273 4826 2292 4847 ο
2329 4769 2641 4826 incredulus
2699 4772 2873 4842 magis
2923 4773 3420 4846 pseudoprophetas
3473 4773 3663 4835 audiat,
3707 4775 3818 4836 quam

2328 4861 2640 4933 prophetas.
2703 4863 2946 4935 Denique
2995 4867 3238 4922 extendit
3281 4882 3496 4923 manum
3537 4877 3668 4921 suam
3709 4865 3819 4925 super

2329 4968 2475 5020 eum,
2521 4955 2845 5011 subauditur
2887 4959 3230 5030 prophetam,
3280 4969 3335 5015 et
3380 4959 3580 5016 deletur
3621 4947 3820 5009 demedio

2323 5035 2512 5117 Ῥορυιί
2538 5045 2676 5116 eius.
2708 5056 2768 5103 ut
2791 5058 2970 5120 portet
2997 5050 3337 5122 iniquitatem
3361 5065 3531 5116 suam,
3557 5047 3663 5119 quia
3687 5036 3821 5097 simiIEt

2332 5141 2553 5208 erroris,
2577 5151 2632 5196 et
2659 5156 2820 5214 pmna
2847 5143 3146 5200 consimilis
3167 5145 3236 5200 sit
3262 5163 3275 5200 :
3299 5155 3360 5200 ut
3383 5155 3487 5200 tam
3516 5142 3598 5198 ille
3614 5137 3690 5211 qui
3711 5135 3813 5188 inter

2334 5242 2510 5305 rogat,
2532 5251 2693 5306 quam
2715 5236 2805 5292 ille
2823 5237 2916 5310 qui
2933 5237 3318 5310 interrogatur,
3330 5245 3541 5311 portent
3561 5232 3820 5304 iniquitatem

2335 5340 2490 5380 suam
2542 5343 2557 5379 :
2597 5341 2939 5398 nequaquam
2983 5331 3176 5388 domus
3218 5331 3402 5398 Israel,
3444 5343 3615 5386 eorum
3655 5322 3728 5394 qui
3758 5313 3821 5371 Dei

2334 5417 2502 5472 verba
2569 5417 2758 5474 audire
2811 5419 3080 5476 voluerint
3124 5423 3394 5494 perversis
3437 5411 3820 5478 vaticinationibus

2335 5510 2593 5567 illudatur
2623 5529 2636 5566 :
2667 5511 2763 5568 sed
2789 5514 2860 5569 sit
2879 5515 3106 5586 p0pulus
3130 5517 3248 5583 Dei,
3289 5525 3342 5573 et
3367 5517 3478 5587 ipse
3501 5512 3738 5570 Dominum
3757 5503 3804 5558 In

2336 5604 2467 5660 bere
2497 5617 2792 5660 mereatur.
2835 5607 2890 5661 In
2919 5623 2984 5664 eo
3013 5609 3156 5678 quod
3176 5611 3313 5666 dixit
3337 5624 3352 5664 :
3383 5610 3491 5682 Ego
3529 5605 3742 5663 Dominus
3761 5596 3805 5649 δι

2337 5696 2448 5765 cepi
2475 5696 2642 5762 illam,
2675 5697 2982 5756 Salomonis
3008 5703 3168 5758 verba
3191 5703 3528 5763 consentiunt
3552 5698 3632 5772 qui
3667 5696 3720 5751 de
3747 5690 3822 5746 Βω

2340 5789 2618 5862 disputans
2641 5790 2752 5850 ait:
2783 5791 2855 5850 Et
2877 5793 3180 5856 iliusoribus
3207 5797 3385 5856 ittudet
3405 5794 3576 5869 (Prov.
3601 5789 3687 5855 ιιι)ο
3715 5779 3819 5843 111ml
