4064 6346
1181 363 1400 424 EPIST.
1431 365 1525 420 AD
1563 361 1978 420 lllNCMARUM
2023 359 2109 416 ΕΤ
2149 355 2556 415 PARDULUM.

3377 351 3520 409 Π)οἳ

252 507 364 562 que
388 485 756 546 testimonium
788 499 805 542 :
835 483 895 542 Si
917 483 1290 540 ambulaverint
1319 483 1388 537 ad
1409 499 1490 536 me
1514 482 1762 552 perversi,
1787 487 1834 533 et
1864 481 1914 540 Α
1941 491 2068 529 num
2109 483 2473 562 consequatur
2497 471 2662 527 vitam
2704 478 2980 562 aeternam,
3012 481 3117 562 non
3147 475 3232 562 est
3262 467 3520 562 salvatus

253 600 351 654 ego
376 579 654 636 ambulabo
680 587 864 633 contra
907 593 994 632 eos
1034 578 1090 632 in
1141 575 1319 646 furore
1362 589 1601 646 peruerso
1643 571 1834 644 (Leuit.

257 690 412 742 xxvi,
429 675 593 746 juxta
617 669 816 742 LXX).

866 804 1092 864 CAPUT
1131 803 1222 861 Xl.
1609 863 1612 866 .
1809 855 1816 866 .

233 903 240 908 ’
298 924 387 982 Ea:
407 922 658 994 Prosperi
678 920 1112 994 Responsionth
1133 921 1204 976 ad
1233 919 1478 992 Capitula
1505 917 1800 976 Gallorum.

332 1035 586 1108 Prosperi
613 1043 808 1107 quarta
836 1035 1045 1090 decima
1081 1033 1279 1104 quippe
1301 1033 1578 1089 Gallorum
1607 1032 1840 1102 obiectio

259 1128 345 1184 sic
369 1126 599 1184 habetur
634 1126 721 1198 (ea;
758 1123 920 1196 Fulg.
957 1125 1026 1179 ad
1064 1123 1308 1190 Monim.,
1339 1141 1453 1194 cap.
1483 1123 1554 1178 50
1581 1133 1629 1178 et
1665 1124 1787 1197 ult.)
1823 1144 1838 1180 :

260 1229 292 1260 ι
327 1216 484 1290 Quod
527 1216 620 1286 qui
665 1215 1000 1286 Evangelicte
1034 1214 1402 1285 prazdicationi
1458 1229 1564 1269 non
1595 1217 1840 1282 credunt,

257 1321 333 1368 ex
361 1308 458 1364 Dei
487 1308 959 1379 prtedestiuatione
989 1323 1096 1363 non
1140 1309 1383 1362 credant.
1420 1307 1488 1362 Et
1525 1307 1669 1378 quod
1700 1307 1844 1364 Deus

260 1401 340 1456 ita
379 1398 671 1466 deﬁnierit,
699 1406 760 1453 ut
799 1401 1110 1470 quicunque
1141 1415 1246 1454 non
1295 1398 1540 1463 credunt,
1570 1413 1637 1454 ex
1677 1399 1846 1468 ipsius

260 1489 653 1546 constitutione
697 1504 806 1544 non
853 1489 1098 1544 credant.
1150 1487 1287 1544 Huic
1337 1488 1518 1558 itaque
1565 1489 1844 1558 pravitati,

263 1597 388 1652 qua:
419 1581 566 1638 beati
591 1581 876 1651 Augustini
921 1581 1102 1649 dictis,
1124 1595 1232 1637 non
1261 1596 1328 1636 ex
1356 1581 1611 1646 veritate,
1639 1575 1734 1636 sed
1776 1597 1845 1636 ex

262 1673 436 1729 livore
476 1671 850 1743 objiciebatur,
875 1673 966 1729 tali
993 1672 1228 1743 Prosper
1253 1686 1502 1728 sermone
1525 1673 1841 1743 respondit:

261 1763 562 1822 lnﬁdelitas
587 1780 696 1821 non
724 1765 1063 1822 credentium
1099 1765 1392 1836 Evangelio
1415 1778 1754 1836 nequaquam
1778 1777 1846 1820 ex

1943 578 2104 620 cruce
2134 562 2334 618 Christi
2361 561 2451 631 qui
2481 575 2588 616 non
2623 568 2707 615 est
2731 558 3022 614 cruciﬁxus
3050 557 3103 612 in
3147 556 3384 618 Christo,
3411 572 3520 613 non

1942 662 2028 710 est
2070 652 2362 708 cruciﬁxus
2389 651 2444 705 in
2478 649 2733 716 Christo,
2780 650 2871 720 qui
2933 662 3038 703 non
3085 654 3168 702 est
3215 646 3522 700 membrum

1943 744 2188 819 corporis
2235 742 2482 807 Christi,
2536 741 2628 811 qui
2682 755 2789 796 non
2845 753 2943 809 per
2988 752 3181 807 aquam
3239 743 3295 790 et
3353 735 3526 805 Spiri-

1944 842 2060 890 tum
2101 843 2350 888 sanctum
2390 832 2563 887 induit
2611 829 2911 886 Christum.
2958 829 3060 896 Qui
3118 827 3239 884 ideo
3290 827 3526 882 inﬁrmi-

1947 933 2058 980 tate
2099 934 2288 980 nostra
2328 923 2763 980 communionem
2813 921 3002 977 habuit
3047 920 3276 986 mortis,
3315 927 3374 972 ut
3428 935 3528 974 nos

1948 1012 2003 1067 in
2053 1011 2254 1067 virtute
2314 1011 2431 1081 ejus
2478 1009 2804 1066 haberemus
2859 997 3190 1064 consortium
3253 1021 3528 1062 resurrecp

1949 1101 2131 1158 tionis.
2189 1101 2324 1158 Cum
2395 1102 2576 1171 itaque
2641 1100 2942 1156 rectissime
3007 1100 3216 1153 dicatur
3280 1096 3529 1153 Salvator

1948 1207 2048 1264 pro
2094 1193 2259 1248 tOtius
2305 1191 2490 1247 mundi
2539 1191 2909 1262 redemptione
2960 1189 3273 1254 cruciﬁxus,
3305 1195 3528 1264 propter

1948 1299 2133 1338 veram
2196 1285 2447 1339 humanae
2511 1291 2720 1338 natura:
2787 1281 3186 1352 susceptionem
3214 1320 3229 1345 ,
3279 1287 3334 1333 et
3395 1292 3527 1349 pro-

1947 1385 2072 1449 pter
2091 1391 2431 1432 communem
2456 1377 2511 1432 in
2539 1377 2715 1448 primo
2751 1375 2968 1430 homine
2996 1373 3238 1428 omnium
3263 1369 3528 1442 perditio-

1952 1475 2075 1521 n’em
2135 1484 2147 1520 :
2194 1474 2374 1536 potest
2437 1474 2618 1520 tamen
2668 1465 2773 1520 dici
2817 1479 2915 1535 pro
2958 1463 3042 1518 his
3093 1471 3302 1516 tantum
3351 1459 3530 1515 cruci-

1953 1555 2114 1622 ﬁxus,
2134 1559 2328 1627 quibus
2358 1571 2506 1613 mors
2532 1556 2700 1627 ipsius
2732 1555 2957 1626 profuit.
2997 1553 3137 1610 Dicit
3164 1552 3311 1608 enim
3353 1550 3530 1606 Evan-

1955 1647 2152 1718 gelisla
2198 1665 2212 1702 :
2266 1647 2405 1714 Quia
2465 1647 2622 1702 Jesus
2683 1646 2971 1699 moriturus
3028 1653 3139 1698 erat
3201 1657 3295 1712 pro
3360 1649 3532 1711 gente,

1953 1740 2045 1794 sed
2074 1741 2233 1794 etiam
2254 1748 2312 1793 ut
2341 1737 2480 1808 ﬁlios
2507 1737 2603 1792 Dei
2640 1738 2901 1806 dispersos
2925 1743 3259 1805 congregaret
3289 1733 3345 1786 in
3370 1746 3534 1786 unum

265 1855 363 1911 Dei
387 1855 860 1926 prmdestinatione
889 1866 1200 1929 generatur.
1233 1825 1673 1912 [imorum-enim
1701 1857 1844 1914 Deus
1876 1855 1926 1916 B
1956 1828 2140 1902 “om”
2172 1827 2272 1901 ²¹)⁶
2295 1827 2362 1884 1η
2389 1844 2487 1929 “la
2516 1829 2652 1881 enim
2692 1827 2846 1891 ’ωδ
2886 1835 2932 1880 ⁸⁸
2981 1825 3063 1929 si“.
3096 1840 3215 1878 eum
3261 1838 3537 1929 "Punico?

265 1952 462 1999 auctor
492 1951 599 2010 est,
634 1959 741 2000 non
771 1945 1057 2002 malorum.
1106 1944 1517 2002 Praedestinatio
1545 1947 1708 2019 igitur
1755 1947 1852 2003 Dei

265 2033 324 2089 in
349 2049 566 2104 semper
605 2035 748 2090 bono
789 2042 891 2100 est,
923 2046 1016 2092 aut
1044 2035 1113 2092 ad
1159 2037 1570 2093 retributionem
1607 2038 1850 2108 justitiaa,

267 2136 364 2183 aut
396 2127 462 2183 ad
489 2127 836 2185 donationem
865 2129 1144 2201 pertinens
1168 2130 1391 2201 gratiae:
1419 2127 1686 2185 Universte
1714 2130 1854 2185 enim

265 2218 368 2274 vite
409 2215 620 2272 Domini
646 2218 1008 2273 misericordia
1053 2227 1101 2274 et
1149 2219 1362 2274 ueritas.
1395 2217 1631 2275 Proinde
1660 2218 1855 2274 inﬁde-

266 2308 396 2364 litas
431 2323 541 2362 non
587 2308 948 2374 credentium,
981 2324 1088 2365 non
1135 2310 1203 2366 ad
1250 2310 1691 2366 constitutionem
1734 2309 1852 2379 Dei,

269 2401 372 2456 sed
411 2400 477 2456 ad
524 2401 920 2471 praescientiam
959 2401 1244 2458 referenda
1287 2412 1391 2458 est.
1421 2403 1551 2471 Quae
1580 2419 1687 2458 non
1733 2404 1857 2462 ideo

267 2490 653 2546 necessitatem
683 2505 792 2547 non
818 2491 1074 2547 credendi
1123 2491 1325 2557 intulit,
1353 2493 1480 2562 quia
1525 2492 1638 2546 falli
1668 2493 1735 2548 de
1767 2508 1854 2562 ea,

270 2596 394 2651 qua:
423 2581 604 2636 futura
625 2591 765 2649 erat,
790 2581 1114 2639 inﬁdelitate
1139 2599 1248 2639 non
1272 2586 1466 2654 potuit.

341 2671 540 2740 Quinta
574 2673 782 2730 decima
828 2674 994 2730 etiam
1041 2672 1274 2743 objectio
1303 2676 1466 2748 (Ibid.
1513 2695 1561 2733 c.
1613 2679 1715 2746 15,
1768 2680 1858 2753 l6)

271 2764 361 2820 his
386 2764 568 2821 verbis
598 2765 802 2822 inserta
823 2775 927 2824 est.
967 2765 996 2807 δ
1021 2766 1176 2836 Quod
1223 2767 1367 2824 idem
1397 2769 1468 2825 sit
1492 2771 1856 2842 praescientia,

271 2857 419 2927 quod
447 2858 866 2928 praedestinatio.
911 2857 1012 2915 Cui
1037 2859 1272 2932 Prosper
1295 2861 1376 2916 sic
1402 2863 1683 2934 respondit
1709 2881 1724 2918 :
1754 2864 1858 2933 Qui

271 2949 674 3020 prtescientiam
699 2949 795 3008 Dei
825 2951 880 3006 in
907 2950 1058 3007 nullo
1082 2951 1150 3007 ab
1182 2952 1352 3024 ipsius
1380 2954 1861 3026 praedestinatione

274 3041 529 3107 discerni,
560 3041 705 3114 quod
733 3043 1079 3100 tribuendum
1101 3053 1186 3100 est
1223 3046 1335 3102 Deo
1359 3047 1427 3102 de
1452 3047 1630 3113 bonis,
1661 3049 1763 3105 hoc
1807 3050 1860 3105 ei

274 3132 443 3190 etiam
473 3134 539 3190 de
568 3133 726 3191 malis
750 3143 980 3192 conatur
1013 3137 1305 3194 ascribere.
1332 3136 1440 3194 Sed
1468 3155 1593 3195 cum
1620 3142 1762 3197 bona
1789 3142 1860 3198 ad

276 3228 594 3300 largitorem
621 3239 1137 3302 cooperatoremque
1167 3246 1356 3289 eorum
1376 3232 1568 3300 Deum,
1601 3236 1738 3290 mala
1763 3252 1861 3290 au-

276 3328 391 3376 tem
421 3319 488 3375 ad
526 3320 883 3377 voluntariam
927 3321 1207 3378 rationalis
1252 3330 1514 3379 creaturae
1563 3325 1863 3395 nequitiam

279 3412 570 3470 referenda
598 3413 709 3468 sint
733 3429 747 3467 :
781 3412 1001 3468 dubium
1031 3428 1136 3468 non
1166 3421 1272 3481 est,
1302 3415 1420 3469 sine
1440 3413 1548 3468 ulla
1576 3415 1866 3485 temporali

279 3497 612 3569 dill'erentia,
639 3501 810 3559 Deum
853 3514 910 3559 et
967 3504 1247 3575 praescisse
1278 3504 1438 3560 simul
1484 3513 1538 3561 et
1582 3507 1866 3578 prmdesti-

280 3608 470 3660 nasse,
498 3608 619 3664 quae
665 3594 782 3665 ipso
829 3602 988 3651 erant
1039 3603 1262 3652 auctore
1302 3593 1586 3664 facienda,
1619 3596 1703 3653 vel
1747 3612 1870 3668 qua:

281 3685 444 3742 malis
471 3684 680 3740 meritis
718 3683 869 3754 justo
898 3695 1055 3742 erant
1078 3687 1285 3758 judicio
1315 3688 1663 3744 retribuenda
1689 3704 1704 3755 ;
1731 3703 1871 3760 prae-

281 3779 461 3835 scisse
484 3787 666 3834 autem
687 3779 1086 3846 tantummodo,
1113 3795 1221 3835 non
1246 3781 1410 3837 etiam
1433 3780 1868 3852 praedestinasse,

285 3884 413 3940 qua:
437 3884 544 3925 non
571 3883 640 3925 ex
662 3869 782 3942 ipso
811 3878 969 3926 erant
996 3885 1215 3928 causam
1241 3873 1572 3944 operationis
1597 3874 1866 3931 habitura.

282 3957 584 4032 (Hactenus
611 3977 677 4017 ex
707 3957 891 4033 Fulg.)

361 4053 616 4125 Ejusdem
638 4053 907 4126 (Prosper,
932 4055 1088 4123 ibid.,
1115 4073 1162 4112 c.
1190 4055 1281 4130 9):
1304 4067 1326 4096 ο
1345 4055 1533 4112 Nullus
1556 4057 1776 4114 omnino
1789 4064 1876 4114 est

281 4160 357 4203 ex
391 4145 641 4202 omnibus
673 4146 1000 4214 hominibus,
1030 4147 1185 4219 cujus
1217 4156 1411 4203 natura
1443 4149 1498 4204 in
1527 4148 1742 4205 Christo
1771 4150 1877 4206 Do-

286 4239 445 4295 mino
468 4247 657 4294 nostro
677 4247 927 4310 suscepta
957 4255 1066 4296 non
1092 4239 1287 4307 fuerit;
1316 4241 1566 4311 quamvis
1605 4241 1694 4298 ille
1718 4251 1877 4298 natus

284 4328 362 4385 sit
383 4328 438 4384 in
459 4327 807 4384 similitudine
834 4329 1017 4384 carnis
1044 4329 1277 4400 peccati,
1301 4330 1480 4386 omnis
1505 4337 1685 4385 autem
1713 4331 1878 4386 homo

286 4427 551 4476 nascatur
572 4418 626 4474 in
650 4433 815 4474 carne
835 4419 1064 4490 peccati.
1089 4420 1228 4475 Deus
1251 4434 1383 4491 ergo
1405 4420 1500 4476 Dei
1517 4419 1706 4486 Filius,
1733 4437 1876 4478 mor-

286 4505 518 4565 talitatis
564 4509 814 4566 humana‘.
857 4509 1129 4582 particeps
1169 4509 1344 4566 factus
1379 4511 1582 4582 absque
1625 4522 1872 4582 peccato,

290 4603 400 4659 hoc
425 4601 804 4672 peccatoribus
830 4608 888 4657 et
911 4601 1235 4657 mortalibus
1264 4603 1511 4669 contulit,
1535 4612 1594 4658 ut
1620 4605 1712 4675 qui
1737 4606 1878 4662 nati-

289 4691 480 4750 vitatis
511 4692 628 4764 ejus
653 4701 934 4750 consortes
975 4692 1237 4760 fuissent,
1276 4693 1549 4750 vinculum
1578 4697 1788 4766 peccati
1821 4705 1878 4752 et

292 4785 489 4845 mortis
510 4785 824 4841 evaderent.
855 4784 1011 4840 Sicut
1034 4786 1214 4855 itaque
1243 4802 1351 4842 non
1380 4787 1575 4844 sullicit
1599 4789 1876 4845 hominum

289 4876 636 4938 renovationi
657 4917 673 4943 ,
705 4885 893 4932 natum
917 4892 1038 4933 esse
1067 4877 1342 4933 hominem
1367 4877 1550 4934 Jesum
1581 4879 1877 4947 Christum,

293 4967 403 5026 nisi
440 4967 492 5022 in
521 4967 661 5044 ipso,
689 4967 880 5024 eodem
908 4968 974 5024 de
997 4983 1104 5038 quo
1125 4969 1239 5040 ipse
1262 4979 1416 5025 ortus
1437 4977 1539 5033 est,
1573 4971 1764 5041 spiritu
1798 4987 1882 5026 re-

295 5069 596 5119 nascantur
627 5079 641 5116 :
670 5061 748 5118 sic
789 5076 898 5117 non
933 5061 1129 5117 sulllcit
1174 5061 1454 5117 hominum
1501 5062 1879 5133 redemptioni,

295 5151 619 5208 cruciﬁxum
665 5167 787 5209 esse
835 5152 1121 5210 Dominum
1167 5152 1466 5216 Christum,
1498 5154 1601 5209 nisi
1648 5169 1887 5210 commo-

299 5243 517 5300 riantur
541 5244 613 5311 ei,
641 5252 698 5300 et
740 5243 1177 5314 consepeliantur
1201 5245 1256 5300 in
1301 5245 1605 5316 baptismo;
1647 5243 1886 5314 alioquin

300 5345 437 5392 nato
472 5333 753 5391 Salvatore
778 5336 831 5390 in
855 5351 1022 5392 carne
1048 5335 1363 5392 substantia:
1389 5345 1608 5401 nostrae,
1639 5345 1694 5391 et
1714 5336 1888 5392 cruci-

301 5427 417 5484 ﬁxo
439 5439 541 5498 pro
564 5425 816 5483 omnibus
847 5427 1022 5492 nobis,
1051 5443 1156 5482 non
1200 5427 1375 5483 fuerat
1417 5427 1780 5484 necessarium
1829 5437 1890 5484 ut

303 5533 739 5584 renasceremur,
767 5526 824 5574 et
863 5519 1211 5576 similitudine
1243 5520 1432 5576 mortis
1467 5521 1584 5592 ejus
1612 5521 1886 5590 complan-

306 5620 573 5667 taremur.
601 5607 707 5666 Sed
733 5626 854 5665 cum
882 5610 997 5666 sine
1025 5612 1128 5665 hoc
1155 5622 1497 5668 sacramento
1523 5628 1686 5670 nemo
1717 5613 1888 5670 homi-

337 5761 350 5774 κ
379 5735 408 5766 ι
438 5719 567 5792 Haec
597 5721 909 5792 frequenter
933 5731 1156 5791 usurpat
1185 5722 1523 5778 llincmarus.

383 5794 413 5868 Ρ
451 5791 774 5852 Hincmarus
801 5794 869 5848 dc
911 5793 1194 5857 Praeda-st”
1219 5808 1338 5862 cap.
1379 5793 1460 5849 l6.

383 5887 390 5891 ’
675 5890 946 5950 Ρηιιοι..
981 5887 1178 5958 ,αμα

1952 1929 2175 1993 perunt;
2210 1928 2462 1993 quotquot
2507 1929 2681 1973 autem
2731 1926 3028 1988 receperunt
3071 1932 3215 1980 eum,
3275 1915 3416 1969 dedit
3462 1914 3538 1967 eis

1953 2022 2259 2085 potestatem
2293 2012 2432 2082 ﬁlios
2473 2011 2569 2066 Dei
2605 2011 2741 2081 ﬁeri,
2785 2009 2875 2080 qui
2920 2025 3024 2063 non
3072 2025 3136 2062 ea:
3171 2005 3537 2078 sanguinibus,

1954 2119 2119 2175 neque
2151 2117 2218 2157 ea:
2248 2101 2510 2156 voluntate
2532 2101 2978 2170 carnis,nequeea:
3000 2097 3260 2154 voluntate
3298 2096 3414 2161 viri,
3444 2095 3538 2149 sed

1955 2213 2022 2253 ea:
2044 2197 2156 2252 Deo
2187 2197 2296 2250 nati
2317 2205 2436 2250 sunt
2479 2194 2662 2264 (Jcan.
2689 2194 2749 2264 ι).
2779 2195 3003 2248 Diversa
3029 2207 3157 2262 ergo
3181 2192 3249 2246 ab
3274 2190 3390 2245 istis
3420 2204 3540 2244 sors

1956 2305 2146 2346 eorum
2177 2298 2281 2354 est,
2309 2287 2402 2359 qui
2426 2288 2571 2342 inter
2599 2286 2722 2342 illos
2762 2294 3049 2341 censentur
3073 2285 3140 2340 de
3166 2281 3362 2354 quibus
3403 2280 3542 2336 dici-

1957 2392 2051 2436 tur
2085 2399 2098 2435 :
2126 2379 2363 2435 Mundus
2392 2395 2510 2434 eum
2539 2394 2642 2433 non
2667 2378 2938 2449 cognovit;
2971 2383 3031 2430 ut
3049 2374 3221 2446 possit
3246 2372 3542 2428 secundum

1958 2474 2067 2530 hoc
2079 2472 2188 2528 dici
2207 2489 2220 2525 :
2240 2471 2570 2540 Redemptor
2594 2470 2778 2524 mundi
2811 2468 2955 2524 dedit
2979 2482 3078 2536 pro
3105 2466 3306 2520 mundo
3329 2462 3546 2532 sangui-

1959 2579 2085 2620 nem
2121 2576 2305 2628 suum,
2338 2569 2394 2615 et
2433 2560 2685 2615 mundus”
2710 2558 2901 2614 redimi
2949 2556 3141 2620 noluit,
3192 2555 3320 2625 quia
3367 2553 3544 2608 lucem

1961 2655 2200 2710 tenebrae
2248 2667 2355 2708 non
2403 2658 2746 2720 receperunt,
2791 2648 2988 2719 quibus
3037 2647 3169 2702 dicit
3203 2643 3542 2716 Apostolus:

1962 2745 2167 2801 Fuistis
2193 2740 2745 2815 aliquando‘tenebrw,
2773 2755 2910 2794 nunc
2931 2748 3106 2793 autem
3132 2737 3224 2790 lux
3242 2737 3297 2790 in
3318 2733 3542 2789 Domino

1965 2833 2126 2907 (Eph.
2149 2835 2226 2906 v).
2273 2834 2392 2904 Ipse
2424 2831 2686 2888 Dominus
2731 2829 2908 2895 Iesus,
2943 2829 3035 2899 qui
3081 2825 3217 2882 dixit
3245 2840 3306 2881 se
3335 2825 3548 2880 venisse

1965 2941 2210 2997 quaerere
2234 2933 2290 2980 et
2314 2924 2528 2980 salvare
2551 2921 2696 2993 quod
2724 2923 2961 2992 perierat
2987 2937 3000 2973 :
3038 2917 3161 2974 Non
3188 2917 3324 2982 ueni,
3349 2907 3550 2987 inquit,

1966 3020 2068 3074 nisi
2097 3018 2166 3072 ad
2193 3033 2311 3072 oues
2331 3034 2448 3088 qua:
2475 3015 2737 3086 perierant
2763 3015 2949 3069 domus
2984 3011 3154 3067 Israel
3179 3010 3396 3083 (Matth.
3428 3010 3552 3081 xv).

1969 3112 2152 3184 Neque
2177 3111 2266 3182 qui
2305 3118 2425 3164 sunt
2449 3123 2623 3163 semen
2675 3106 2918 3171 Abralue,
2968 3120 3144 3159 omnes
3186 3103 3322 3173 ﬁlii;
3367 3101 3457 3156 sed
3494 3103 3550 3156 in

1886 3205 1937 3271 C
1965 3203 2125 3258 Isaac
2143 3201 2414 3257 vocabitur
2433 3200 2528 3253 tibi
2547 3214 2722 3252 semen
2742 3214 2760 3251 :
2784 3197 2838 3250 id
2863 3206 2960 3261 est,
2989 3211 3093 3249 non
3113 3196 3199 3266 qui
3223 3194 3326 3264 ﬁlii
3351 3195 3548 3258 carnis,

1967 3295 2023 3349 lsi
2047 3293 2148 3363 ﬁlii
2170 3293 2288 3357 Dei,
2324 3291 2413 3346 sed
2442 3291 2531 3361 qui
2552 3289 2650 3359 ﬁlii
2698 3286 3081 3358 promissionis,
3131 3284 3458 3340 aestimantur
3496 3285 3552 3337 in

1967 3387 2160 3442 semine
2191 3383 2372 3456 (Rom.
2409 3382 2510 3453 ix).
2545 3379 2606 3435 In
2632 3379 2753 3436 istis
2779 3394 2910 3450 ergo
2962 3385 3088 3433 sunt
3135 3376 3209 3431 illi
3251 3377 3318 3432 de
3357 3375 3554 3446 quibus

1970 3479 2172 3535 dictum
2195 3491 2356 3545 supra
2397 3473 2818 3528 memoravimus
2852 3490 2864 3524 :
2892 3470 3033 3537 Quia
3068 3469 3226 3525 Iesus
3267 3470 3554 3524 moriturus

1970 3579 2083 3624 erat
2104 3585 2199 3640 pro
2222 3578 2390 3638 gente,
2415 3584 2520 3621 non
2555 3576 2759 3621 tantum
2803 3581 2899 3635 pro
2948 3574 3116 3634 gente,
3139 3562 3231 3616 sed
3277 3561 3434 3616 etiam
3497 3569 3554 3613 ut

1971 3659 2108 3729 ﬁlios
2135 3657 2234 3712 Dei
2278 3657 2538 3726 dispersos
2568 3664 2903 3728 congregaret
2949 3655 3005 3707 in
3041 3670 3199 3707 unum
3237 3652 3420 3724 (loan.
3451 3651 3552 3723 χι).

1973 3751 2108 3820 Quia
2135 3766 2244 3806 non
2276 3751 2452 3805 solum
2482 3764 2546 3805 ex
2570 3749 2792 3816 Iudaeis,
2819 3748 2916 3804 sed
2960 3748 3125 3803 etiam
3170 3763 3236 3802 ex
3281 3748 3554 3817 gentibus,

1973 3856 2072 3912 per
2097 3855 2224 3896 eum
2244 3841 2336 3910 qui
2358 3846 2516 3894 vocat
2541 3853 2662 3910 qute
2681 3853 2788 3894 non
2817 3845 2962 3903 sunt,
2981 3847 3240 3908 tanquam
3265 3853 3385 3908 quae
3407 3845 3556 3902 sunt,

1973 3940 2031 3989 et
2050 3932 2144 4002 qui
2169 3932 2442 4001 dispersos
2479 3929 2644 3985 Israel
2680 3937 2992 4001 congregat,
3035 3928 3130 3984 ﬁlii
3181 3928 3556 3998 promissionis

1977 4024 2030 4079 in
2063 4037 2228 4078 unam
2254 4022 2552 4078 Ecclesiam
2575 4030 2995 4092 congregentur,
3019 4031 3074 4075 ut
3101 4021 3388 4090 impleatur
3413 4020 3558 4089 quod

1974 4113 2301 4186 promissum
2328 4123 2411 4170 est
2446 4113 2698 4179 Abrahae,
2738 4115 2825 4169 cui
2855 4114 3058 4170 dictum
3088 4121 3209 4168 est:
3246 4113 3384 4182 quod
3406 4114 3458 4166 in
3479 4129 3561 4166 se-

1977 4207 2117 4260 mine
2175 4207 2290 4276 ejus
2349 4205 2710 4260 benedicendat
2761 4216 2929 4260 essent
2985 4221 3160 4260 omnes
3199 4206 3364 4259 tribus
3409 4214 3561 4259 terra:

1981 4296 2136 4369 (Gen.
2160 4298 2329 4370 xvm).

2573 4387 2802 4445 CAPUT
2847 4386 2958 4443 Xll.

2231 4491 2317 4546 Ea:
2337 4489 2653 4546 Cassiodoro
2683 4491 2737 4546 in
2770 4489 3035 4559 Psalmos,
3065 4501 3114 4547 et
3137 4491 3304 4548 Beda.

2052 4600 2362 4658 Cassiodori
2396 4603 2450 4656 in
2494 4603 2834 4672 expositione
2864 4603 3061 4674 psalmi
3084 4619 3139 4657 ιε
3170 4620 3184 4656 :
3211 4602 3564 4673 Cognoscetur

1981 4696 2239 4752 Dominus
2255 4694 2464 4765 judicia
2478 4695 2697 4764 faciens,
2721 4696 2778 4750 in
2801 4695 3042 4766 operibus
3069 4712 3322 4752 manuum
3349 4710 3566 4748 suarum

1983 4787 2382 4857 comprehensus
2422 4794 2496 4840 est
2533 4795 2794 4855 peccator,
2831 4802 2961 4842 vera
3005 4787 3168 4844 nimis
3219 4795 3274 4842 et
3319 4785 3564 4842 absoluta

1986 4877 2254 4933 sententia
2278 4893 2292 4941 ;
2320 4877 2573 4947 quoniam
2605 4885 2732 4934 tunc
2763 4879 3048 4936 manifeste
3070 4887 3425 4950 cognoscetur
3459 4878 3564 4935 Do-

1988 4969 2167 5024 minus
2186 4966 2390 5037 judicia
2417 4967 2620 5036 facere,
2666 4973 2882 5042 quando
2924 4971 3303 5042 peccatoribus
3349 4971 3570 5028 dabitur

1986 5069 2190 5114 aeterna
2253 5061 2586 5117 cruciatione
2626 5063 2887 5133 torqueri.
2941 5063 3039 5117 Hic
3065 5062 3212 5118 enim
3263 5062 3389 5132 quia
3444 5073 3571 5118 sunt

1987 5153 2068 5208 eis
2088 5151 2257 5207 libera
2280 5152 2504 5220 scelera,
2543 5153 2773 5225 relinqui
2804 5153 3100 5209 creduntur
3147 5154 3374 5210 forsitan
3394 5157 3572 5228 impu-

1988 5243 2098 5299 nita
2127 5262 2140 5298 :
2174 5245 2268 5300 sed
2297 5245 2388 5300 ubi
2414 5245 2531 5302 dies
2557 5244 2647 5300 ille
2674 5244 3129 5300 manifestationis
3173 5245 3473 5313 advenerit,
3516 5258 3574 5304 et

1991 5335 2191 5391 throno
2221 5334 2521 5404 majestatis
2548 5351 2660 5392 suae
2686 5336 2946 5390 Dominus
2972 5336 3252 5404 insederit,
3301 5347 3431 5396 tunc
3477 5356 3572 5412 ge-

1992 5428 2248 5484 neraliter
2293 5437 2617 5501 agnoscetur
2666 5427 2880 5498 operari
2922 5427 3126 5496 judicia
3175 5444 3294 5498 sua,
3352 5435 3570 5503 quando

1993 5517 2287 5573 humanum
2335 5535 2524 5588 genus,
2580 5518 2694 5574 sive
2725 5533 2756 5571 a
2805 5517 3061 5584 sinistris,
3115 5519 3281 5576 sivea
3341 5522 3570 5586 dextris,

1992 5609 2108 5680 ejus
2135 5608 2300 5666 fuerit
2325 5610 2551 5666 arbitrio
2592 5619 2950 5682 segregatum.
2980 5610 3094 5667 Hoc
3141 5621 3226 5668 est
3243 5613 3390 5670 enim
3425 5613 3572 5684 judi-

2072 5745 2092 5774 ε
2126 5733 2203 5790 ld.
2237 5733 2391 5802 ibid.,
2419 5749 2537 5806 cap.
2569 5734 2624 5791 3.

3100 5893 3179 5956 3'2
