4064 6346
544 381 684 444 1003

1548 377 1606 430 S.
1645 370 2014 430 PRUDENTII
2055 366 2441 426 TRECENSIS
2480 364 2788 422 EPISCOPI

3687 365 3815 423 ιωι

525 496 628 564 cia
649 508 777 548 vera
802 491 1004 555 facere,
1030 487 1452 558 uniuscujusque
1474 485 1686 547 merita,
1713 483 1832 538 sine
1859 481 1962 535 ulla
1992 495 2118 536 con-
2149 494 2204 552 Α
2228 478 2380 534 sione
2402 477 2606 542 divina,
2639 477 2692 530 in
2717 476 2956 546 praedam
3000 475 3202 532 cadunt
3234 475 3815 548 perniciosissimam

542 587 756 643 fusione
785 585 1110 638 discernere.
1147 580 1400 650 Sequitur
1437 576 1719 636 sententia:
1745 574 1904 643 hujus
1938 581 2125 644 aperta

544 673 870 738 declaratio;
902 672 1032 726 dicit
1069 671 1211 726 enim
1261 669 1402 724 unde
1441 667 1789 738 cognoscitur
1836 663 2126 720 Dominum

543 764 895 835 verajudicia
923 762 1140 817 facere:
1171 759 1401 823 scilicet,
1431 759 1648 828 quando
1690 756 1949 812 neruosis
1999 769 2129 824 ope~

546 859 698 914 ribus
717 856 830 912 suis
843 860 1096 925 peccator
1119 850 1456 921 astringitur,
1511 857 1564 903 et
1593 847 1888 904 secundum
1908 853 2128 901 actuum

543 946 858 1017 qualitatem
883 942 1071 1012 recipit
1096 940 1385 996 ultionem.
1420 937 1556 994 Nam
1577 953 1770 994 sensus
1791 936 1880 990 ille
1904 935 2130 992 omnino

543 1037 796 1093 vitandus
825 1043 928 1100 est,
957 1033 1048 1104 qui
1089 1039 1244 1102 putat
1273 1040 1614 1100 peccatorem
1644 1028 1758 1084 sola
1803 1028 2128 1084 delictorum

542 1143 764 1186 suorum
790 1126 1166 1181 recordatione
1201 1122 1576 1178 cruciaudum.
1609 1120 1742 1176 Nam
1769 1121 1816 1176 si
1855 1121 1961 1176 hoc
2003 1127 2124 1176 tan-

543 1230 658 1276 tum
683 1218 974 1282 sufﬁceret,
1001 1231 1170 1287 quare
1192 1216 1466 1272 diceretur
1491 1232 1504 1267 :
1534 1213 1616 1267 Ite
1660 1213 1716 1266 in
1761 1213 1932 1282 ignem
1977 1221 2128 1264 (ater-

531 1327 664 1370 .num
679 1311 766 1381 qui
782 1318 998 1380 paratus
1017 1319 1092 1362 est
1107 1306 1314 1361 diabolo
1327 1315 1375 1360 et
1387 1304 1586 1375 angelis
1601 1306 1714 1376 ejus
1729 1303 1943 1375 (Matth.
1965 1303 2092 1365 xxv)
2104 1305 2129 1357 ?

540 1403 610 1458 Et
633 1401 803 1456 illud:
833 1399 1036 1455 Vermis
1058 1414 1238 1453 eorum
1260 1414 1364 1452 non
1391 1397 1663 1460 morietur,
1713 1406 1760 1450 et
1787 1395 1920 1464 ignis
1945 1411 2126 1450 eorum

542 1512 648 1548 non
674 1493 1036 1564 exstinguetur
1061 1490 1196 1562 (Isa.
1226 1491 1394 1559 LXVI).
1425 1488 1540 1544 Non
1571 1489 1718 1544 enim
1755 1487 1843 1543 hic
1870 1487 1985 1542 loca
2016 1495 2130 1542 tor-

539 1592 852 1640 mentorum
879 1590 1035 1653 negat
1057 1580 1436 1650 peccatoribus
1457 1580 1598 1645 dari,
1628 1580 1722 1635 sed
1748 1595 1846 1647 per
1895 1578 2130 1649 qualita-

542 1685 626 1732 tes
665 1689 892 1746 operum
933 1688 1155 1728 suorum
1189 1685 1284 1728 eos
1309 1671 1438 1728 dicit
1463 1684 1582 1726 esse
1611 1671 1962 1738 torquendos.
1995 1668 2128 1724 Sen-

539 1768 738 1823 tiamus
764 1765 930 1837 igitur
951 1764 1132 1819 locum
1157 1772 1500 1831 peccatorum
1529 1760 1810 1832 suppliciis
1851 1775 1974 1817 esse
1991 1776 2128 1831 prte-

2228 571 2544 627 bestiarum.
2592 569 3050 626 Perscrutandum
3073 578 3154 625 est
3183 569 3349 624 etiam
3377 571 3526 641 quod
3543 571 3704 635 dicit,
3729 573 3820 627 im-

2228 661 2516 717 missiones
2563 660 2731 714 factas
2769 674 2866 729 per
2905 659 3124 731 angelos
3180 660 3388 726 malos,
3430 661 3590 730 quasi
3637 671 3698 716 et
3730 679 3824 732 per

2230 751 2448 824 angelos
2485 751 2656 806 bonos
2700 767 2806 805 non
2855 749 3056 806 delibet
3115 759 3452 820 peccatores.
3501 751 3607 806 Per
3655 753 3824 807 bonos

2228 845 2374 899 enim
2413 842 2631 914 angelos
2680 841 2974 896 Sodomam
3022 841 3290 896 subvertit
3338 851 3393 896 et
3436 841 3824 909 Gomorrham,

2230 951 2366 1006 quos
2394 934 2670 989 Abraham
2699 942 2754 988 et
2795 931 2898 988 Lot
2930 933 3208 1003 suscipere
3251 934 3366 988 suis
3405 935 3666 1004 hospitiis
3711 941 3824 989 me-

2229 1035 2474 1082 ruerunt.
2492 1025 2756 1082 Tentatus
2777 1033 2861 1082 est
2881 1026 3048 1082 etiam
3071 1028 3826 1100 transgressorperangdum

2230 1117 2458 1182 malum,
2494 1116 2635 1172 sicut
2663 1116 2716 1170 in
2745 1114 2956 1186 Regum
2978 1115 3256 1172 volumine
3275 1116 3448 1172 dicit:
3489 1116 3564 1171 Et
3591 1117 3826 1172 introivit

2230 1211 2444 1280 spiritus
2484 1209 2582 1264 Dei
2609 1208 2782 1264 malus
2805 1209 2858 1264 ia
2882 1207 3018 1265 Saul
3056 1208 3108 1281 (ι
3129 1207 3256 1280 Reg.
3295 1209 3474 1280 xvnt).
3517 1208 3664 1265 Iusti
3691 1225 3828 1281 quo-

2231 1316 2338 1372 que
2361 1300 2552 1356 tentati
2599 1311 2728 1354 sunt
2759 1316 2792 1355 a
2821 1299 3056 1365 diabolo,
3099 1309 3162 1355 ut
3182 1299 3305 1366 Job,
3351 1309 3408 1356 et
3451 1300 3660 1356 Paulus
3703 1317 3827 1373 apo-

2232 1391 2424 1457 stolus,
2448 1400 2503 1447 et
2533 1400 2726 1446 caetera
2757 1389 3154 1459 hujuscemodi.
3207 1391 3436 1447 Constat
3459 1393 3607 1448 enim
3631 1401 3831 1449 unum

2231 1497 2352 1552 quae
2372 1490 2555 1538 creata
2588 1489 2734 1546 sunt,
2778 1478 3054 1536 Creatoris
3077 1488 3173 1535 aut
3205 1480 3554 1551 peunissioni
3593 1491 3698 1536 aut
3733 1483 3834 1537 ius-

2230 1577 2386 1650 perio
2434 1575 2734 1647 subjacere.
3047 1629 3050 1632 .

2304 1667 2612 1724 Cassiodori
2637 1667 2696 1722 in
2730 1666 2948 1724 Psalmo
2977 1682 3142 1724 unt
3169 1685 3183 1722 :
3215 1666 3450 1722 Tantum
3471 1676 3580 1732 est,
3635 1683 3712 1725 ne
3745 1685 3830 1726 re-

2231 1758 2500 1829 fugientes
2536 1758 2808 1828 malagma
2835 1757 3198 1822 salutiferam,
3247 1759 3476 1816 exitium
3496 1761 3660 1816 vobis
3703 1775 3836 1832 pra-

537 1872 786 1933 paratum
818 1878 831 1924 ;
869 1858 1229 1928 intelligamus
1261 1856 1586 1912 intrinsecus
1629 1854 1841 1924 pmnale
1897 1853 2121 1917 malum,
2151 1865 2202 1928 Β
2228 1852 2434 1922 paratis
2469 1862 2753 1908 aeternum.

541 1954 688 2026 quod
711 1953 992 2009 sceleratis
1021 1950 1248 2021 legimus
1284 1949 1586 2004 imminere.
1640 1946 1774 2002 Nam
1826 1955 1886 2002 ut
1932 1961 2124 2002 revera

540 2059 934 2117 cognoscamus
981 2041 1373 2100 beatitudinem
1420 2055 1450 2094 a
1495 2038 1956 2098 damnationibus.
2003 2039 2120 2108 qui-

537 2137 768 2196 busdam
799 2134 1046 2192 terminis
1083 2148 1206 2190 esse
1236 2132 1492 2196 divisam,
1525 2129 1876 2185 recordemur
1903 2128 2125 2184 divitem

537 2230 728 2287 oculos
753 2227 1098 2291 sublevasse,
1151 2237 1550 2294 pauperemque
1599 2221 1864 2276 Lazarum
1907 2221 1962 2276 in
2003 2221 2126 2277 sinu

537 2323 769 2380 Abrahae
807 2319 978 2376 fuisse
1011 2325 1386 2388 conspectum,
1429 2329 1489 2371 se
1537 2323 1720 2370 autem
1767 2312 2001 2369 ﬂammis
2046 2315 2128 2368 ut-

540 2413 766 2470 tricibus
791 2411 1106 2481 deputatum
1137 2407 1290 2479 (Luc.
1323 2407 1458 2477 xw).
1499 2404 1648 2464 Unde
1671 2404 1808 2460 ordo
1847 2405 1948 2460 iste
1976 2406 2125 2459 veri-

538 2507 668 2562 tatis
705 2504 1016 2559 nullatenus
1066 2501 1359 2564 diceretur,
1409 2499 1456 2554 si
1503 2506 1817 2569 peccatores
1860 2497 2125 2553 malorum

537 2597 842 2656 recordatio
888 2595 1002 2652 sola
1051 2601 1346 2664 torqueret.
1392 2592 1520 2650 Hac
1562 2600 1688 2648 sunt
1741 2590 1962 2646 occulta.
2005 2591 2124 2656 ﬁlii,

537 2706 658 2761 qua:
680 2688 866 2744 titulus
890 2685 1158 2757 pratdixit.

613 2779 922 2838 Cassiodori
954 2779 1012 2833 in
1060 2777 1271 2848 psalmo
1305 2791 1356 2830 ιι
1391 2787 1406 2828 :
1437 2772 1681 2830 Destruit
1722 2773 1866 2829 Deus
1914 2773 1968 2826 in
2023 2774 2126 2828 hac

494 2885 496 2888 '
536 2873 648 2929 vita
675 2871 1068 2943 prosperrime,
1092 2883 1230 2940 quos
1257 2868 1454 2922 iterum
1501 2863 1774 2921 aediﬁcare
1803 2865 2123 2920 decreverit.

534 2965 596 3026 ιιι
624 2965 729 3022 ﬁne
751 2961 1046 3032 autemgqui
1071 2959 1392 3024 destruitur,
1422 2955 1644 3016 aeternis
1661 2955 1938 3026 suppliciis
1953 2955 2128 3026 depu-

535 3067 919 3204 utilla-ssiodori
950 3147 1004 3201 in
1025 3143 1232 3216 psalmo
1258 3159 1347 3198 Liv
1380 3160 1398 3197 ε
1424 3140 1536 3198 Hos
1561 3140 1700 3197 tales
1737 3139 1965 3212 implere
2014 3155 2126 3196 non

539 3240 662 3315 [al.,
691 3253 798 3294 non
829 3235 1074 3308 implere]
1103 3235 1235 3290 dicit
1263 3234 1379 3290 dies
1405 3249 1536 3290 suos
1587 3233 1804 3304 quando
1843 3249 1968 3289 cum
2015 3232 2124 3288 sibi
2155 3228 2206 3293 C

536 3331 758 3399 longam
787 3327 956 3383 vitam
983 3325 1327 3396 promittunt,
1353 3324 1558 3379 exitum
1586 3325 1886 3380 celerrimae
1932 3325 2124 3380 mortis

536 3419 838 3476 inveniunt.
887 3415 1022 3472 Nam
1069 3415 1320 3471 omnium.
1364 3415 1480 3470 dies
1537 3414 1596 3470 in
1646 3415 2124 3485 prtedestinatione

536 3520 838 3572 noscuntur
865 3523 988 3566 esse
1010 3508 1238 3566 deﬁniti.

607 3622 918 3681 Cassiodori
961 3621 1015 3676 in
1057 3621 1271 3692 psalmo
1319 3635 1466 3675 va:
1524 3619 1830 3691 Imposuisti
1887 3620 2124 3675 homines

532 3731 691 3786 super
711 3713 882 3786 capita
905 3721 1106 3768 nostra.
1133 3709 1439 3781 lmpoinsti
1465 3710 1616 3778 dicit,
1669 3720 1726 3766 ut
1746 3711 1928 3767 omnia
1953 3711 2124 3783 ipsius

532 3808 810 3864 voluntate
834 3805 976 3862 facta
1006 3820 1130 3861 esse
1170 3813 1476 3870 constaret;
1512 3805 1654 3860 sicut
1696 3804 1830 3861 dicit
1862 3805 2124 3862 Dominus

531 3899 742 3956 Pilato:
779 3897 904 3953 Non
924 3898 1140 3952 haberes
1173 3905 1479 3966 potestatem
1503 3897 1558 3950 in
1585 3909 1690 3963 me,
1740 3897 1844 3953 nisi
1873 3897 1968 3952 tibi
1995 3899 2123 3953 data

534 3990 717 4060 fuisset
744 3989 965 4060 desuper
989 3985 1176 4058 (Joan.
1201 3987 1339 4056 nx).

603 4099 913 4156 Cassiodori
942 4099 996 4153 in
1020 4098 1358 4169 expositione
1402 4101 1594 4169 psalmi
1633 4118 1855 4158 Lxxvn:
1895 4102 2038 4158 Misit
2068 4106 2123 4158 in

533 4209 619 4248 eos
643 4195 779 4245 iram
811 4191 1184 4262 indignationis
1207 4193 1806 4264 suw:indignationem,
1823 4207 1867 4251 et
1893 4198 2048 4264 iram,
2075 4207 2124 4252 et

536 4283 920 4339 tribulationem
941 4323 955 4348 ,
978 4292 1026 4338 et
1046 4284 1392 4340 immissiones
1411 4303 1504 4357 per
1525 4287 1736 4358 angelos
1763 4289 1949 4346 malos.
1979 4290 2124 4348 Ordo

539 4376 785 4431 vindicta:
813 4374 1093 4430 verissima
1113 4376 1475 4446 descriptione
1504 4387 1775 4432 narratur.
1800 4379 1958 4436 Prius
1979 4381 2124 4436 enim

533 4471 795 4526 Dominus
837 4470 1074 4541 peccatis
1127 4472 1331 4526 nostris
1377 4471 1660 4536 irascitur,
1713 4476 1930 4544 quando
1977 4477 2123 4532 nulla

2300 1959 2609 2018 Cassiodori
2651 1963 2704 2016 in
2734 1962 2943 2032 psalmo
2971 1977 3153 2017 Lxxxn
3184 1979 3197 2015 :
3233 1974 3260 2002 α
3292 1960 3358 2016 Et
3383 1972 3754 2031 reoereontur,
3787 1979 3834 2020 et

2229 2063 2463 2126 pereant.
2508 2053 2615 2108 [ste
2655 2067 2847 2109 sensus
2889 2064 2975 2110 est
3015 2069 3177 2123 quem
3209 2053 3459 2123 superius
3486 2053 3652 2120 dixit,
3710 2057 3834 2126 quia

2230 2145 2306 2202 ibi
2335 2145 2636 2201 reverendo
2675 2160 2782 2201 non
2821 2145 3132 2215 proﬁciunt,
3187 2145 3279 2201 sed
3322 2155 3576 2216 pereunt,
3628 2149 3727 2218 qui
3770 2151 3836 2203 ad

2227 2243 2497 2290 aeternum
2529 2234 2854 2307 supplicium
2891 2236 3253 2290 destinantur.

2235 2381 2238 2383 λ
2302 2325 2610 2382 Cassiodori
2676 2326 2730 2380 in
2775 2325 2984 2396 psalmo
3054 2341 3300 2380 Lxxxvm
3343 2346 3355 2381 :
3407 2327 3438 2366 ι’
3491 2325 3836 2398 Frequenter

2229 2415 2496 2470 smundat
2533 2415 2800 2470 Divinitas
2837 2430 2987 2487 quos
3015 2413 3247 2487 ﬂagellat
3270 2456 3284 2480 ,
3320 2427 3378 2471 ut
3409 2429 3708 2488 purgatum
3757 2433 3835 2474 re-

2233 2507 2419 2576 cipiat,
2442 2521 2602 2576 quem
2628 2507 2870 2575 peccatis
2889 2506 3164 2562 sordidu‘m
3193 2507 3512 2578 respuebat;
3541 2524 3684 2580 quos
3708 2525 3836 2564 vero

2235 2598 2304 2654 ab
2338 2597 2724 2653 emundatione
2751 2597 3018 2662 dissolvit,
3065 2593 3120 2654 id
3140 2606 3228 2653 est-
3269 2600 3521 2665 removit,
3587 2601 3692 2655 hos
3724 2598 3834 2669 jam

2233 2697 2290 2746 et
2339 2689 2596 2744 damnare
2633 2688 2892 2744 decrevit.

2302 2802 2611 2858 Cassiodori
2634 2802 2686 2856 in
2715 2801 2923 2873 psalmo
2946 2817 3060 2860 xcu‘
3084 2821 3097 2858 :
3128 2803 3331 2858 Parata
3353 2803 3498 2858 sedes
3523 2812 3646 2872 tua,
3676 2803 3832 2862 Deus.

2232 2891 2428 2948 Parata
2457 2893 2725 2964 signiﬁcat
2768 2897 3336 2966 prmdestinatlb‘nem;
3377 2898 3502 2967 quia
3553 2907 3732 2954 totum
3783 2903 3834 2955 in

2233 2983 2323 3040 illa
2351 2981 2582 3040 veritate
2625 2987 2896 3052 consistit,
2952 2987 3213 3060 quidquid
3259 2989 3314 3044 in
3361 2989 3838 3048 administratione

2233 3075 2420 3129 mundi
2461 3075 2683 3130 evenire
2727 3075 3040 3147 contigerit.

2305 3187 2610 3244 Cassiodori
2655 3188 2708 3242 in
2748 3189 3084 3258 expositione
3109 3190 3301 3261 psalmi
3324 3206 3418 3246 cur
3449 3211 3463 3246 :
3497 3192 3558 3248 lu
3601 3195 3708 3250 hac
3733 3196 3833 3250 ita.

2233 3295 2338 3352 que
2359 3288 2515 3335 nocte
2543 3279 2731 3335 bestiae
2753 3280 3034 3350 silvarum,
3057 3282 3112 3337 id
3131 3291 3234 3348 est,
3261 3283 3558 3351 daemonia,
3589 3297 3648 3342 et
3671 3288 3834 3344 catuli

2232 3374 2470 3436 leonum,
2519 3383 2657 3444 quos
2682 3371 2878 3428 diaboli
2905 3383 3162 3444 corrupta
3191 3374 3474 3430 voluntate
3499 3373 3832 3448 genuerunt,

2233 3463 2302 3518 ad
2351 3463 2756 3519 devorationem
2804 3473 3110 3534 quaerentes
3150 3463 3386 3536 aliquos,
3465 3467 3730 3523 exierunt
3783 3479 3836 3525 ut

2234 3562 2413 3610 escam
2442 3553 2684 3621 malitize,
2736 3556 3084 3626 permittente
3115 3563 3296 3611 tamen
3327 3553 3588 3624 Domino,
3628 3563 3834 3631 reperi-

2233 3652 2377 3699 rent.
2430 3641 2574 3698 Nihil
2609 3643 2756 3698 enim
2795 3659 2828 3698 a
2860 3661 3131 3716 quoquam
3153 3645 3269 3700 ﬁeri
3298 3655 3502 3716 potest,
3557 3649 3666 3704 nisi
3693 3653 3834 3721 quod

2233 3735 2350 3805 ipse
2381 3740 2590 3790 secreto
2613 3732 2838 3804 judicio,
2862 3745 2956 3792 aut
2981 3738 3050 3792 ad
3071 3738 3472 3808 probationem,
3507 3753 3609 3797 aut
3632 3746 3704 3800 ad
3723 3748 3835 3802 vin-

2235 3823 2434 3879 dictam
2462 3823 2772 3881 faciendum
2797 3841 2919 3883 esse
2952 3829 3282 3899 permiserit.

2303 3915 2613 3972 Cassiodori
2655 3917 2708 3972 in
2754 3920 3094 3990 expositione
3141 3921 3335 3990 psalmi
3373 3937 3501 3978 etv:
3567 3925 3833 3984 Convertit

2235 4022 2326 4060 cor
2345 4021 2547 4071 eorum,
2575 4017 2630 4060 ut
2653 4008 2857 4062 adirent
2876 4009 3125 4082 populant
3154 4011 3286 4080 ejus,
3311 4023 3360 4065 et
3385 4013 3570 4067 dolum
3601 4016 3832 4081 facerem

2233 4098 2290 4151 in
2309 4106 2483 4152 servas
2510 4097 2641 4168 ejus.
2693 4099 2853 4155 Venit
2881 4102 2948 4155 ad
2973 4111 3220 4171 quartam
3255 4111 3492 4172 partem,
3540 4107 3638 4162 ubi
3671 4107 3836 4180 dig]-

2233 4188 2377 4258 ptios
2414 4196 2680 4243 memorat
2715 4187 2956 4245 llebrmis
2997 4190 3251 4245 invidiam
3295 4193 3554 4249 habuisse
3601 4200 3834 4254 szevissi—

2234 4295 2399 4345 mam,
2474 4291 2637 4352 atque
2681 4298 2774 4338 eos
2827 4281 3083 4352 operibus
3130 4281 3426 4354 subjecisse
3493 4285 3828 4346 durissimis.

2235 4372 2548 4428 Prmstando
2580 4374 2727 4429 enim
2762 4373 2938 4430 felicia
2980 4374 3175 4445 populo
3200 4373 3516 4442 Israelitico,
3561 4381 3834 4436 convertit

2236 4464 2497 4520 Dominus
2531 4465 2599 4519 ad
2627 4465 2832 4531 odium,
2891 4475 2945 4520 et
2973 4465 3041 4520 ad
3083 4465 3232 4522 dolos
3263 4480 3370 4542 cor.
3398 4465 3828 4541 Egyptiorum;

531 4563 948 4633 compunctione
982 4563 1370 4618 convertimur.
1412 4561 1492 4618 Ac
1521 4563 1714 4619 deinde
1747 4566 2007 4622 malitiam
2031 4570 2127 4624 ho-

2239 4569 2342 4610 non
2372 4554 2497 4624 quia
2544 4554 2658 4626 ipse
2690 4556 2816 4610 mali
2839 4565 3027 4611 auctor
3051 4565 3154 4623 est,
3211 4557 3308 4612 sed
3349 4562 3666 4629 perstando
3713 4562 3830 4617 aliis

530 4655 694 4710 minis
729 4655 784 4709 in
817 4668 915 4710 sua
939 4653 1327 4725 indignatione,
1355 4661 1412 4708 et
1435 4654 1539 4720 ira,
1570 4661 1626 4710 et
1655 4656 1997 4714 tribulatione
2031 4660 2128 4715 de-

531 4747 808 4818 relinquit,
859 4755 921 4801 ut
945 4746 1183 4816 propriis
1208 4746 1632 4804 adversitatibus
1665 4749 1993 4822 allligantur,
2035 4754 2128 4822 qui

532 4839 731 4896 divinis
752 4838 1090 4910 jussionibus
1121 4837 1346 4894 obedire
1379 4847 1750 4896 contemnunt.
1776 4839 1956 4898 Sicut
1997 4845 2130 4900 scri-

529 4944 685 5008 ptum
726 4942 812 4991 est
838 4949 854 4989 :
881 4933 1167 5005 Propterea
1201 4934 1422 4988 tradidit
1451 4933 1570 4990 illos
1610 4934 1754 4990 Deus
1788 4936 1846 4991 in
1866 4939 2128 4994 desideria

532 5026 710 5082 cordis
738 5039 950 5088 eorum,
988 5023 1045 5078 in
1079 5023 1498 5090 immunditiam,
1550 5034 1606 5078 ut
1634 5025 1832 5094 faciant
1870 5041 1988 5098 qum
2022 5045 2126 5082 non

528 5119 881 5185 conueniunt,
921 5125 1031 5174 etc.
1089 5114 1267 5188 (Rom.
1301 5133 1340 5182 ι,
1379 5116 1454 5189 1).
1487 5115 1749 5173 Scelerati
1780 5118 1980 5190 quippe
2029 5121 2126 5175 ho-

525 5215 702 5274 minis
735 5212 1033 5283 indignatio
1075 5211 1314 5283 pertinct
1365 5212 1436 5267 ad
1481 5211 1741 5267 tumidam
1789 5213 2124 5284 superbiam,

534 5305 620 5364 ira
649 5307 717 5363 ad
752 5307 1036 5363 audaciam
1060 5303 1368 5372 nefandam,
1424 5304 1702 5362 tribulatio
1746 5307 1813 5360 ad
1845 5305 2124 5362 confusam

535 5397 992 5470 desperationem.
1033 5395 1186 5452 Tunc
1213 5411 1314 5466 per
1337 5395 1557 5465 angelos
1597 5395 1770 5450 malos
1817 5395 1885 5451 ad
1915 5396 2124 5452 immis-

535 5486 722 5547 siones
747 5489 1154 5560 praecipitantur
1177 5486 1419 5554 illicitas,
1448 5496 1504 5543 et
1525 5486 1682 5558 quasi
1709 5486 1898 5545 nudati
1933 5487 2122 5547 defen-

613 5693 645 5756 ξι
677 5683 821 5756 gitat
843 5683 1056 5740 Hincm.
1091 5700 1212 5756 cap.
1255 5686 1341 5741 16.

612 5749 646 5791 δ
680 5749 918 5812 ﬂincm..
951 5755 1080 5809 ibid.

620 5829 644 5858 ο
677 5821 788 5875 Hoc
833 5823 948 5878 loco
973 5823 1153 5879 deﬁcit
1178 5827 1564 5895 apographum,
1602 5843 1777 5898 neque
1823 5829 1982 5901 hujus
2013 5831 2116 5888 loci

2232 4647 2534 4711 beneﬁcia,
2581 4656 2792 4703 mentes
2842 4649 3097 4703 excitavit
3135 4649 3400 4720 obliquas.
3466 4651 3712 4710 Necesse
3751 4663 3832 4710 est

2232 4739 2401 4805 enim,
2455 4749 2513 4794 ut
2541 4739 2789 4794 scelerati
2839 4741 3084 4796 homines
3123 4740 3316 4796 alienis
3355 4744 3640 4814 prosperis
3689 4746 3829 4802 intu-

2233 4841 2500 4898 mescant,
2559 4833 2735 4903 quise
2765 4844 2965 4890 norunt
3019 4837 3217 4892 mereri
3256 4829 3362 4906 non
3397 4855 3558 4910 posse
3606 4843 3824 4898 similia.

2236 4923 2391 4982 Sicut
2422 4927 2474 4980 in
2507 4926 2792 4982 sacriﬁciis
2822 4925 2952 4982 Cain
2981 4937 3036 4984 et
3069 4929 3206 4984 Abel
3234 4927 3436 4986 factum
3460 4941 3570 4998 esg
3611 4917 3826 5006 quando

2231 5019 2393 5076 unius
2439 5021 2764 5076 sacriﬁcium
2816 5022 3040 5092 respuit,
3088 5023 3308 5082 alterius
3343 5025 3576 5083 libenter
3617 5029 3826 5100 accepit

2233 5110 2385 5185 (Gen.
2418 5107 2513 5185 tv).

2300 5223 2458 5279 Beda:
2481 5223 2782 5295 presbyteri
2811 5224 2866 5279 in
2892 5223 3030 5280 libro
3053 5223 3427 5282 Hexaemeron
3453 5228 3508 5284 in
3537 5226 3822 5285 Genesin:

2231 5315 2301 5371 Et
2343 5332 2459 5371 ecce
2489 5315 2742 5371 miserunt
2778 5333 2993 5372 manum
3021 5317 3138 5383 uiri,
3173 5327 3221 5373 et
3251 5318 3686 5384 introdmmt,
3716 5332 3820 5377 etc.

2233 5403 2384 5476 (Gen.
2416 5407 2554 5479 xu).
2574 5403 2655 5460 Ad
2679 5408 3068 5479 sempiternum
3090 5419 3472 5480 praeparantur
3483 5403 3822 5478 incendium,

2230 5516 2339 5558 non
2378 5501 2824 5564 inconvenienter
2849 5503 3125 5562 insinuare
3155 5517 3202 5561 ο.

2225 5698 2493 5778 expositio
2521 5699 2796 5778 reperitur
2817 5700 2872 5756 in
2913 5699 3096 5778 Beda:
3122 5704 3312 5774 paucis
3341 5705 3506 5778 igitur
3533 5705 3718 5763 verbis
3747 5704 3812 5761 sd

2226 5770 2519 5827 clausulam
2555 5769 2903 5839 facientibus,
2933 5769 3178 5846 cogimur
3201 5790 3324 5832 esse
3345 5769 3612 5832 c'ontenti.
