4064 6346
211 439 354 526 mos

800 575 1028 635 CAPUT
1061 575 1197 633 XIII.

386 710 462 769 De
498 714 669 783 gratia
713 724 761 769 et
813 714 976 770 libero
1007 715 1248 781 arbitrio,
1298 731 1366 770 es
1403 714 1639 772 disarm.

211 849 224 860 ”
288 845 618 904 Venerabilis
642 848 938 906 Innocentii
963 863 1116 922 papae
1145 849 1211 906 de
1233 849 1404 905 libero
1437 851 1664 908 arbitrio
1699 851 1798 908 ista

207 929 338 995 sunt
369 941 532 995 verba
560 941 625 996 ad
641 941 1062 1014 Carthaginense
1084 943 1367 999 concilium
1394 942 1604 1014 (Innoc.
1638 943 1796 1014 epist.

208 1035 389 1106 XXXI).
445 1049 469 1077 ιι
499 1034 750 1090 Liberum
780 1037 948 1101 enim,
995 1036 1192 1107 inquit,
1248 1037 1532 1092 arbitrium
1557 1037 1685 1092 olim
1713 1035 1801 1092 ille

208 1139 521 1197 perpessus,
545 1127 670 1182 dum
698 1127 808 1182 suis
831 1127 1185 1183 inconsultius
1209 1128 1378 1183 utitur
1397 1130 1576 1194 bonis,
1601 1129 1800 1184 cadens

209 1209 266 1272 ln
288 1217 748 1289 prtevaricationis
776 1207 1038 1289 profunda
1059 1219 1354 1282 demersus,
1371 1227 1430 1274 'et
1452 1219 1583 1275 nihil
1613 1233 1799 1290 quem-

209 1299 503 1364 admodum
553 1309 747 1364 exinde
801 1321 1022 1379 surgere
1072 1318 1256 1378 posset
1304 1309 1538 1376 invenit,
1596 1321 1798 1378 suaque

209 1400 268 1455 in
288 1410 546 1456 aeternum
573 1399 822 1456 libertate
846 1402 1121 1472 deceptus,
1165 1399 1320 1469 hujus
1347 1401 1515 1456 ruina:
1537 1402 1798 1472 jacuisset

209 1507 522 1564 oppressus,
546 1492 648 1547 nisi
679 1505 800 1548 eum
822 1501 1008 1562 postea
1032 1492 1235 1547 Christi
1266 1507 1362 1563 per
1387 1507 1535 1548 suam
1567 1494 1795 1563 gratiam

211 1577 310 1658 [aL
363 1595 621 1653 Oppressa
668 1573 769 1636 nisi
797 1597 920 1636 eum
951 1591 1075 1652 post
1111 1581 1311 1638 Christi
1336 1599 1435 1654 pro
1463 1599 1557 1638 sua
1597 1583 1795 1657 gratia]

210 1669 509 1729 relevasset
561 1672 845 1736 adventus,
896 1673 985 1742 qui
1039 1686 1135 1743 per
1181 1687 1334 1728 novae
1374 1673 1796 1745 regenerationis

209 1763 665 1836 puriﬁcationem,
721 1764 1050 1833 praeteritum
1083 1778 1245 1819 omne
1283 1764 1472 1818 vitium
1514 1764 1596 1818 sui
1623 1763 1797 1834 bapti-

211 1857 404 1913 smatis
430 1857 648 1912 lavacro
677 1857 944 1927 purgavit.

1177 465 1392 526 EPIST.
1438 467 1528 522 AD
1561 463 1972 522 HINCMARUM
2013 466 2105 522 ET
2140 463 2543 524 PARDULUM.

3348 453 3484 523 1006

1817 584 1869 645 Α
1889 578 2116 650 justitia,
2150 585 2204 634 et
2225 581 2484 635 honorem
2509 556 2984 634 donatindebitum
3009 579 3204 650 gratia,
3237 595 3342 634 non
3372 595 3484 634 me-

1903 668 1993 722 riti
2020 669 2392 739 praerogativa,
2446 684 2552 724 non
2588 667 2683 722 fati
2727 669 3070 733 necessitate,
3126 683 3232 723 non
3261 669 3480 724 temeri-

1899 769 2010 817 tate
2037 763 2285 828 fortunte,
2336 765 2430 819 sed
2457 763 2746 818 altitudine
2781 764 3088 819 divitiarum
3115 765 3395 835 sapientiae
3423 767 3480 821 et

1901 852 2142 908 scientia;
2172 853 2292 918 Dei,
2317 867 2479 924 quam
2501 869 2609 908 non
2648 854 2838 925 aperit,
2873 855 2965 909 sed
2987 855 3226 910 clausam
3253 854 3482 910 miratur

1898 944 2204 1013 Apostolus,
2230 945 2470 1000 clamans
2511 961 2525 998 :
2563 944 2608 998 0
2635 943 2858 999 altitudo
2878 944 3176 999 divitiarum
3211 947 3481 1016 sapientia:

1899 1041 1948 1090 et
1966 1038 2196 1091 scientia:
2221 1036 2336 1102 Dei,
2371 1053 2528 1107 quam
2576 1035 2936 1090 inscrutabilia
2980 1045 3098 1090 sunt
3137 1036 3342 1105 judicia
3369 1038 3484 1108 ejus

1899 1137 1945 1188 et
1979 1131 2358 1200 investigabiles
2400 1131 2498 1186 vite
2527 1127 2685 1201 ejus!
2725 1130 2856 1196 Quis
2898 1132 3035 1185 enim
3084 1132 3322 1200 cognovit
3370 1148 3484 1185 sen-

1898 1221 2012 1276 sum
2035 1219 2268 1285 Domini,
2307 1230 2398 1275 aut
2423 1221 2536 1291 quis
2567 1220 2900 1274 consiliarius
2931 1220 3044 1290 ejus
3072 1220 3191 1290 fuit,
3243 1230 3332 1273 aut
3368 1222 3484 1290 quis

1897 1311 2043 1381 prior
2071 1312 2212 1364 dedit
2237 1311 2336 1376 illi,
2373 1322 2421 1366 et
2449 1311 2762 1366 retribuetur
2781 1312 2829 1364 ei
2853 1311 2877 1364 Ρ
2901 1311 3163 1377 Quoniam
3186 1327 3251 1365 ea:
3270 1313 3406 1382 ipso,
3434 1324 3484 1365 et

1897 1417 1988 1472 per
2013 1403 2202 1471 ipsum,
2230 1413 2278 1456 et
2305 1404 2358 1456 in
2377 1403 2491 1473 ipso
2517 1395 2644 1457 sunt
2671 1404 2870 1467 omnia,
2903 1403 3003 1473 ipsi
3023 1402 3191 1473 gloria
3208 1404 3264 1458 in
3290 1402 3486 1458 swcula

1898 1494 2228 1548 saeculorum.
2263 1495 2426 1549 Amen
2462 1494 2639 1566 (Rom.
2665 1496 2764 1564 χι).

1967 1584 2252 1655 Augustini
2297 1593 2484 1640 contra
2535 1585 2807 1654 Pelagium
2853 1586 3035 1641 libro:
3090 1585 3309 1658 (Contra
3347 1588 3486 1642 duas

1897 1679 2047 1746 epist.
2093 1675 2524 1748 Pelagianorum,
2555 1679 2590 1732 Ι.
2643 1695 2681 1743 ι,
2719 1695 2838 1750 cap.
2871 1679 2944 1748 2)
2973 1697 2984 1733 :
3017 1678 3232 1744 Dicunt,
3281 1680 3482 1750 inquit,

1897 1768 1976 1823 illi
2036 1770 2346 1835 Manichaei,
2418 1773 2612 1840 quibus
2673 1772 2833 1826 modo
2891 1788 2995 1827 non
3067 1773 3486 1827 communicavi-

1898 1873 2038 1924 mus,
2107 1859 2162 1914 id
2216 1868 2318 1923 est,
2389 1860 2484 1914 toti
2521 1860 2610 1914 isti
2663 1876 2784 1914 cum
2837 1861 3033 1930 quibus
3102 1861 3480 1925 dissentimus,

287 1950 365 2003 Ex
401 1948 626 2019 epistola
663 1947 919 2003 Afrorum
948 1948 1321 2018 episcoporum
1365 1948 1430 2002 ad
1459 1963 1653 2018 papam
1697 1947 1799 2001 Zo-
1826 1937 1875 2000 Β
1902 1951 2030 2020 quia
2070 1951 2229 2020 primi
2259 1951 2494 2006 hominis
2541 1959 2787 2020 peccato,
2845 1951 2896 2004 id
2921 1959 3004 2004 est
3040 1951 3190 2016 Adae,
3251 1950 3478 2005 liberum

211 2043 411 2098 simum
437 2060 452 2096 :
480 2042 916 2097 Manifestissime
941 2056 1132 2096 sensus
1153 2043 1353 2112 probus
1376 2041 1666 2106 invenitur,
1691 2055 1799 2095 non

210 2147 332 2191 esse
360 2134 586 2191 liberum
635 2133 943 2200 arbitrium,
981 2143 1114 2200 etc.,
1163 2143 1218 2188 et
1262 2133 1476 2206 operari
1523 2148 1622 2204 pro
1659 2134 1797 2188 bona

211 2226 489 2282 voluntate
512 2226 562 2279 δ.

285 2317 362 2371 Ex
405 2317 630 2389 cpistola
659 2317 946 2387 Augustini
982 2318 1048 2371 ad
1081 2316 1291 2371 Sixtum
1334 2316 1709 2387 presbyterum
1749 2324 1789 2369 ο.

213 2407 368 2478 Quod
395 2411 538 2464 enim
565 2419 756 2481 putant
783 2409 982 2465 auferri
1015 2409 1116 2464 sibi
1145 2409 1373 2463 liberum
1414 2407 1720 2471 arbitrium,
1752 2407 1798 2461 si

213 2516 316 2557 nec
344 2502 511 2573 ipsam
537 2503 732 2556 bonam
764 2502 1093 2557 voluntatem
1119 2502 1235 2556 sine
1263 2499 1531 2568 adjutorio
1575 2499 1666 2554 Dei
1706 2501 1799 2554 ho-

213 2593 415 2650 minem
446 2593 646 2649 habere
683 2593 1074 2657 consenserint,
1103 2608 1210 2648 non
1241 2592 1558 2663 intelligunt,
1599 2607 1703 2646 non
1743 2605 1802 2647 se

215 2683 436 2738 ﬁrmare
461 2681 690 2739 liberum
713 2685 994 2738 arbitrium
1019 2701 1032 2749 ;
1063 2685 1156 2740 sed
1185 2683 1461 2753 impellere
1486 2693 1545 2736 ut
1565 2697 1664 2753 per
1683 2683 1802 2737 ina-

215 2767 307 2828 nia
337 2773 567 2840 feratur,
599 2789 704 2830 non
732 2774 786 2829 in
815 2775 1060 2839 Domino,
1084 2774 1414 2844 tanquamin
1439 2783 1591 2844 petra
1616 2772 1799 2828 stabili

217 2865 512 2922 collocetur
555 2885 570 2922 :
607 2865 842 2922 Paratur
885 2869 1022 2922 enim
1049 2865 1287 2922 voluntas
1311 2887 1342 2920 a
1370 2865 1595 2920 Domino
1615 2865 1794 2936 (Prov.

215 2969 314 3013 vin
343 2959 502 3028 juxta
530 2956 703 3025 LXX;
741 2956 920 3029 Vulg.,
952 2957 1176 3012 Hauriet
1208 2956 1434 3012 salutem
1466 2971 1495 3010 a
1524 2955 1796 3026 Domino).

217 3048 378 3116 Quod
407 3058 587 3104 autem
627 3064 981 3118 personarum
1014 3059 1350 3118 acceptorem
1381 3049 1547 3102 Deum
1580 3063 1638 3102 se
1684 3061 1802 3101 cre-

216 3135 350 3196 dere
379 3140 710 3206 existimant,
753 3141 798 3195 si
837 3141 1098 3206 credant,‘
1130 3139 1270 3209 quod
1308 3140 1425 3194 sine
1455 3140 1576 3194 ullis
1603 3154 1803 3208 praece-

217 3226 473 3286 dentibus
497 3229 726 3296 meritis,
763 3230 918 3300 cujus
959 3231 1071 3284 vult
1099 3230 1411 3294 miseretur,
1462 3237 1517 3284 et
1558 3243 1694 3299 quos
1723 3229 1803 3282 di-

217 3328 439 3394 gnatur,
463 3327 642 3386 vocat,
674 3327 730 3374 et
750 3335 908 3389 quem
935 3320 1065 3385 vult,
1091 3320 1400 3391 religiosum
1427 3319 1570 3382 facit,
1611 3334 1799 3389 parum
1830 3303 1875 3364 (ἶ

201 3404 536 3479 attendunt;
557 3414 698 3483 quod
727 3413 904 3469 debita
933 3413 1191 3468 reddatur
1219 3429 1377 3484 paena
1405 3415 1676 3475 damnato,
1725 3414 1806 3468 in-

216 3495 399 3560 debita
438 3505 610 3575 gratia
640 3504 904 3571 liberato;
940 3514 1001 3558 ut
1030 3519 1129 3560 nec
1156 3505 1245 3559 ille
1275 3521 1334 3560 se
1365 3505 1640 3578 indignum
1667 3519 1802 3574 que-

217 3606 394 3663 ratur,
429 3611 529 3653 nec
551 3595 770 3669 dignum
798 3613 855 3654 se
883 3598 986 3653 iste
1017 3597 1307 3668 glorietur;
1332 3607 1495 3668 atque
1523 3597 1595 3652 ibi
1623 3598 1803 3668 potius

217 3692 588 3762 acceptionem
627 3690 824 3745 nullam
868 3689 982 3746 lleri
1015 3705 1388 3762 personarum,
1419 3691 1530 3745 ubi
1576 3706 1678 3744 una
1715 3705 1805 3745 ea-

219 3763 454 3862 demque
485 3799 664 3840 massa
698 3784 1061 3840 damnationis
1095 3793 1150 3840 et
1179 3787 1360 3856 potius
1386 3783 1700 3840 offensionis
1727 3784 1805 3839 in-

217 3873 408 3939 volvit,
431 3883 490 3928 ut
509 3873 770 3931 liberatus
797 3877 862 3930 de
883 3889 986 3930 non
1011 3875 1238 3931 liberato
1258 3876 1452 3942 discat,
1478 3877 1620 3946 quod
1641 3876 1804 3930 etiam

219 3967 326 4022 sibi
370 3965 686 4038 supplicium
731 3969 1066 4033 conveniret,
1118 3968 1222 4022 nisi
1257 3969 1429 4040 gratia
1471 3968 1802 4023 subveniret.

223 4060 284 4116 Si
325 4066 503 4112 autem
537 4059 730 4130 gratia,
777 4059 964 4129 utique
993 4058 1154 4114 nullis
1180 4059 1388 4114 meritis
1429 4057 1661 4123 reddita,
1713 4057 1806 4111 sed

219 4151 460 4225 gratuita
483 4151 722 4205 bonitate
739 4149 955 4204 donata.
991 4148 1097 4204 Sed
1125 4147 1381 4218 iniustum
1403 4157 1504 4215 est,
1536 4149 1806 4220 inquiunt,

220 4244 280 4298 in
305 4257 414 4296 una
447 4240 745 4312 eademque
793 4240 935 4296 mala
971 4253 1153 4304 causa,
1194 4239 1340 4295 hunc
1369 4240 1607 4304 liberari,
1657 4241 1805 4296 illum

219 4325 425 4407 puniri.
482 4331 682 4403 Nempe
720 4347 848 4402 ergo
885 4331 1088 4401 justum
1129 4339 1555 4402 est-utrumque
1604 4333 1804 4402 puniri.

221 4429 359 4498 Quis
393 4427 492 4482 hoc
521 4425 832 4498 negaverit?
857 4425 1254 4496 Agamusergo
1285 4425 1486 4496 gratias
1517 4423 1805 4491 Salvatori,

233 4523 352 4578 ium
393 4521 547 4575 nobis
573 4520 842 4576 redditum
873 4535 978 4574 non
1009 4519 1298 4582 cernimus,
1333 4517 1476 4589 quod
1504 4518 1556 4572 in
1583 4519 1807 4574 damna-

1901 2037 2184 2096 aﬂiitrium
2235 2041 2493 2110 perierit,
2559 2050 2614 2096 et
2659 2056 2816 2096 nemo
2862 2038 2974 2109 jam
3017 2049 3338 2110 potestatem
3390 2043 3486 2096 ha-

1897 2131 2022 2187 beat
2065 2131 2203 2185 bene
2232 2132 2467 2197 vivendi,
2514 2132 2608 2187 sed
2658 2145 2849 2187 omnes
2899 2132 2954 2185 in
2984 2141 3264 2202 peccatum
3295 2133 3480 2188 carnis

1900 2237 2012 2278 sure
2091 2223 2415 2278 necessitate
2495 2233 2775 2294 cogantur.
2845 2223 3173 2280 Mauichzeos
3253 2223 3486 2295 appellat

1901 2314 2228 2378 catholicos,
2271 2329 2422 2370 more
2469 2314 2612 2370 illius
2653 2312 2941 2380 Joviaiani,
2990 2314 3080 2384 qui
3117 2319 3244 2369 ante
3281 2328 3486 2384 paucos

1901 2423 2071 2463 annos
2116 2409 2402 2462 haereticus
2444 2423 2644 2470 novus,
2711 2407 3071 2478 virginitatem
3109 2417 3313 2461 sanctae
3381 2405 3490 2460 Ma-

1900 2499 1994 2554 ria:
2033 2500 2374 2563 destruebat,
2429 2507 2484 2553 et
2525 2497 2819 2568 virginitati
2867 2511 3035 2551 sacrae
3075 2496 3292 2566 nuptias
3345 2494 3479 2550 ﬁde-

1900 2591 2031 2647 lium
2077 2591 2411 2661 coaequabat.
2457 2589 2568 2646 Nec
2617 2591 2687 2644 oh
2715 2589 2862 2644 aliud
2913 2589 3017 2644 hoc
3056 2587 3347 2656 objiciebat
3393 2603 3498 2650 ca-g

1901 2685 2116 2740 tholicis
2145 2702 2159 2738 :
2192 2684 2294 2738 nisi
2325 2684 2451 2754 quia
2501 2697 2594 2738 eos
2646 2681 2818 2744 videri
2859 2681 3074 2736 volebat
3117 2688 3486 2744 accusatores,

1900 2775 1983 2830 vel
2013 2777 2359 2830 damnatores
2385 2788 2505 2830 esse
2542 2772 2872 2843 nuptiarum.
2901 2770 3154 2826 Liberum
3182 2777 3484 2840 autem_ar—

1901 2868 2123 2922 bitrium
2147 2866 2483 2922 defendendo
2504 2865 2862 2937 praecipitant,
2886 2872 2945 2916 ut
2987 2863 3053 2916 de
3085 2862 3178 2916 illo
3215 2862 3395 2930 potius
3419 2861 3488 2915 ad

1901 2955 2207 3013 faciendam
2228 2955 2516 3024 justitiam,
2552 2969 2713 3024 quam
2740 2955 2805 3008 de
2835 2951 3046 3006 Domini
3071 2949 3338 3028 adjutorio
3366 2963 3489 3004 con-

1903 3050 2122 3112 ﬂdatur,
2151 3055 2311 3115 atque
2334 3054 2392 3098 ut
2419 3046 2474 3099 in
2505 3059 2563 3099 se
2593 3045 2840 3114 quisque,
2870 3057 2977 3096 non
3005 3042 3057 3096 in
3106 3040 3334 3096 Domino
3370 3039 3485 3110 glo-

1903 3137 2092 3192 rietur.
2121 3135 2252 3202 Quis
2283 3143 2462 3190 autem
2503 3144 2747 3189 nostrum
2776 3135 2924 3187 dicat
2951 3132 3091 3202 quod
3125 3131 3283 3202 primi
3311 3131 3488 3186 homi-

1905 3229 1989 3284 nis
2011 3237 2233 3298 peccato
2276 3227 2499 3297 perierit
2539 3227 2768 3280 liberum
2807 3224 3088 3278 arbitrium
3140 3223 3207 3278 de
3253 3223 3491 3278 humano

1906 3339 2104 3398 genere
2138 3342 2150 3378 :
2189 3323 2414 3378 libertas
2443 3322 2659 3391 quidem
2683 3321 2846 3390 periit
2893 3333 2992 3390 per
3028 3327 3334 3389 peccatum,
3393 3317 3488 3372 sed

1907 3417 1997 3472 illa
2020 3433 2139 3486 quae
2171 3415 2223 3470 in
2253 3415 2505 3486 paradiso
2535 3413 2636 3469 fuit
2671 3411 2906 3468 habendi
2949 3411 3165 3482 plenam
3213 3425 3335 3465 cum
3383 3409 3488 3464 im-

1908 3509 2238 3565 mortalitate
2257 3506 2549 3576 justitiam,
2572 3513 2793 3576 propter
2833 3504 2976 3573 quod
3007 3511 3197 3557 natura
3253 3503 3488 3556 humana

1908 3608 2088 3664 divina
2119 3607 2324 3678 indiget
2350 3605 2544 3676 gratia,
2576 3605 2789 3659 dicente
2821 3603 3048 3658 Domino
3076 3599 3174 3654 :.Si
3204 3617 3290 3653 vos
3319 3597 3491 3654 Filius

1907 3697 2219 3762 liberaverit,
2246 3706 2367 3750 tunc
2388 3712 2502 3750 vere
2523 3694 2672 3748 liberi
2717 3693 2862 3748 eritis
2891 3691 3072 3763 (Joan.
3099 3689 3217 3760 vin)
3243 3706 3256 3754 ;
3307 3689 3494 3758 utique

1907 3790 2085 3854 liberi,
2137 3787 2204 3843 ad
2245 3789 2385 3842 bene
2419 3787 2670 3857 justeque
2719 3781 3030 3837 vivendum.
3073 3777 3209 3834 Nam
3263 3779 3491 3834 liberum

1909 3877 2195 3934 arbitrium
2232 3889 2402 3945 usque
2445 3874 2581 3928 adeo
2610 3873 2662 3927 in
2709 3876 2998 3943 peceatore
3044 3883 3150 3923 non
3199 3868 3384 3938 periit,
3435 3875 3496 3945 ut

1906 3983 2006 4039 per
2035 3965 2164 4020 illud
2188 3941 2414 4034 peccent
2441 3961 2674 4016 maxime
2707 3941 2918 4024 omnes,
2969 3958 3062 4028 qui
3102 3971 3224 4013 cum
3255 3941 3494 4012 delecta.-

1911 4059 2056 4114 tione
2087 4063 2330 4128 peccant,
2359 4063 2415 4109 et
2435 4067 2620 4108 amore
2650 4051 2858 4122 peccati
2886 4051 2989 4105 hoc
3022 4050 3102 4105 eis
3121 4047 3318 4119 placet,
3347 4048 3500 4117 quod

1909 4151 1988 4206 eis
2023 4149 2172 4204 libet.
2203 4144 2356 4202 Unde
2407 4153 2462 4200 et
2499 4142 2789 4213 Apostolus
2822 4159 2835 4195 :
2881 4140 3016 4230 Cain
3050 4139 3250 4205 essetis,
3298 4139 3492 4209 inquit,

1910 4242 2044 4298 servi
2076 4242 2294 4311 peccati,
2329 4237 2479 4292 liberi
2525 4235 2699 4306 fuistis
2742 4233 2964 4304 justitite
3001 4230 3180 4303 (Rom.
3210 4230 3308 4301 vt).
3356 4230 3496 4285 Ecce

1910 4335 2267 4391 ostenduntur
2293 4331 2454 4386 etiam
2478 4336 2699 4399 peccato
2725 4326 2949 4381 minime
2970 4325 3231 4396 potuisse,
3255 4323 3359 4379 nisi
3390 4321 3502 4384 alia

1910 4427 2160 4484 libertate
2187 4424 2411 4480 servire.
2434 4419 2614 4476 Liberi
2643 4435 2775 4491 ergo
2803 4417 3058 4487 ajustitia
3083 4433 3186 4471 non
3224 4425 3371 4481 sunt,
3391 4415 3495 4470 nisi

1914 4519 2142 4576 arbitrio
2195 4514 2543 4570 voluntatis:
2596 4511 2753 4566 liberi
2804 4518 2984 4564 autem
3037 4524 3065 4562 a
3104 4515 3326 4578 peccato
3389 4520 3496 4560 non

227 4615 374 4669 tione
405 4610 659 4666 similium
689 4611 852 4666 etiam
881 4609 1034 4665 nobis
1063 4609 1301 4665 debitum
1333 4596 1499 4664 fuisse
1529 4610 1811 4680 cognosci-
1837 4647 1890 4708 Β
1914 4610 2072 4674 ﬁunt,
2103 4606 2206 4661 nisi
2233 4605 2404 4677 gratia
2437 4600 2752 4657 Salvatoris.
2771 4599 3004 4708 Propter
3033 4593 3496 4708 qttodladmirabi-

222 4719 368 4761 mus.
399 4703 468 4760 Sl'
484 4703 625 4759 enim
651 4703 830 4758 omnis
853 4704 1014 4758 homo
1039 4703 1384 4766 liberaretur,
1407 4701 1594 4773 utique
1619 4701 1813 4758 lateret

222 4797 356 4871 quid
385 4804 606 4867 peccato
633 4809 731 4867 per
767 4795 1032 4866 justitiam
1068 4795 1352 4859 debeatur;
1381 4795 1423 4849 si
1466 4809 1643 4860 nemo,
1685 4794 1814 4864 quid

223 4889 402 4961 gratia
442 4888 772 4959 largiretur?
797 4885 868 4942 Ut
903 4901 1032 4956 ergo
1064 4885 1116 4939 in
1160 4886 1261 4940 hac
1302 4884 1613 4940 dilﬁcillima
1662 4900 1810 4954 qtae-

225 4985 407 5040 Stione
445 4983 625 5040 verbis
661 4982 839 5054 potius
878 4991 1095 5036 utamur
1122 4980 1365 5051 Apostoli
1403 4999 1415 5035 :
1455 4979 1644 5036 Valens
1673 4980 1814 5036 Deus

227 5076 498 5134 ostendere
539 5077 698 5141 iram,
738 5084 785 5129 et
813 5074 1167 5128 demonstrare
1200 5072 1482 5143 potentiam
1508 5088 1680 5138 suam,
1733 5081 1815 5125 at-

227 5170 346 5226 tulit
375 5171 432 5224 in
452 5169 615 5224 multa
645 5167 895 5239 patientia
921 5183 1046 5220 vasa
1076 5166 1192 5228 ine,
1220 5179 1337 5236 quae
1361 5162 1589 5234 perfecta
1612 5171 1733 5217 sunt
1758 5163 1814 5216 in

227 5261 573 5335 perditionem
596 5273 613 5312 ε
636 5267 760 5313 etut
793 5267 942 5311 notas
988 5255 1178 5325 faceret
1218 5255 1426 5309 divitias
1472 5253 1651 5326 glorite
1678 5270 1813 5320 sua,

229 5356 286 5410 in
317 5370 443 5408 vasa
487 5350 876 5412 misericordite,
925 5347 1008 5402 cui
1041 5364 1144 5402 non
1179 5356 1342 5418 potest
1383 5345 1686 5418 ﬁgmentum
1743 5343 1819 5400 di-

231 5449 396 5502 cere:
431 5444 606 5511 Quare
626 5444 702 5498 sic
723 5459 803 5497 me
829 5441 996 5513 fecisti
1019 5440 1043 5494 .7
1069 5455 1186 5494 cum
1213 5439 1400 5495 habeat
1421 5447 1726 5511 potestatem
1752 5455 1816 5494 ea:

230 5515 417 5592 eadem
463 5551 636 5589 massa
665 5533 844 5605 facere"
879 5530 1026 5586 aliud
1076 5547 1164 5585 vas
1197 5531 1253 5584 in
1277 5531 1550 5594 honorem,
1587 5528 1737 5583 aliud
1762 5529 1817 5584 in

232 5628 606 5684 contumeliam
628 5624 798 5698 (Rom.
827 5622 929 5696 ix).
961 5621 1064 5679 Ubi
1091 5622 1214 5691 quia
1228 5621 1480 5676 universa
1511 5620 1614 5675 ista
1637 5634 1817 5676 massa

233 5721 435 5778 merito
486 5720 738 5775 damnata
787 5725 900 5783 est,
941 5713 1319 5771 contumeliam
1367 5713 1602 5769 debitam
1644 5711 1822 5769 reddit

311 5871 337 5898 ιι
377 5856 505 5913 Haec
540 5855 680 5922 citat
706 5854 1045 5910 Hincmarus.

314 5929 343 5968 δ
383 5929 449 5983 Et
481 5927 566 5982 hic
603 5917 781 5981 deficit
826 5924 1211 5994 apographum,
1262 5936 1361 5975 nec
1386 5926 1564 5974 exstat
1599 5917 1824 5989 epistola

1916 4704 1984 4758 lis
2020 4701 2208 4755 doctor
2253 4698 2415 4752 etiam
2446 4696 2609 4750 verba
2658 4695 2774 4764 ipsa
2815 4692 3074 4747 discrevit
3114 4708 3128 4744 :
3179 4686 3311 4742 Cum
3359 4687 3506 4740 enim

1915 4793 2050 4850 servi
2085 4789 2281 4853 essetis,
2318 4787 2514 4857 inquit,
2561 4785 2780 4856 peccati,
2837 4782 2986 4838 liberi
3027 4781 3204 4852 fuistis
3247 4776 3493 4849 justitite.

1919 4884 2085 4950 Quem
2107 4897 2227 4952 ergo
2269 4879 2498 4948 fructum
2527 4874 2785 4930 habuistis
2827 4882 2950 4928 tunc
2996 4874 3050 4926 in
3089 4871 3170 4925 his
3213 4871 3266 4922 in
3312 4866 3498 4938 quibus

1918 4991 2057 5030 nunc
2077 4971 2415 5028 erubescitis?
2455 4967 2595 5022 Nam
2618 4967 2740 5037 finis
2776 4965 3007 5029 illorum,
3041 4979 3180 5018 mors
3209 4971 3304 5016 est.
3338 4957 3498 5014 Nunc

1918 5077 2092 5122 autem
2123 5065 2326 5119 liberati
2355 5079 2386 5116 a
2414 5070 2647 5132 peccato,
2669 5060 2805 5114 servi
2829 5067 3003 5112 autem
3026 5054 3152 5122 facti
3189 5052 3320 5116 Deo,
3348 5050 3502 5104 habe-

1915 5160 1982 5214 tis
2005 5158 2234 5228 fructum
2261 5153 2562 5209 vestrumin
2584 5151 3017 5220 sanctiﬁcatione,
3061 5146 3220 5215 ﬁnem
3268 5159 3386 5197 vero
3428 5142 3502 5196 vi-

1918 5252 2024 5302 tam
2064 5257 2332 5302 wlernam.
2362 5241 2585 5298 Liberos
2609 5243 2744 5297 dixit
2761 5238 3004 5311 justitia,
3032 5250 3137 5290 non
3161 5233 3441 5298 liberatos,
3469 5247 3498 5284 a

1916 5347 2144 5413 peccato
2167 5346 2345 5392 autem
2369 5351 2475 5390 non
2491 5334 2709 5397 liberos,
2729 5345 2795 5386 ne
2819 5329 2918 5385 sibi
2935 5329 3038 5383 hoc
3059 5325 3382 5391 tribuerent;
3406 5325 3501 5380 sed

1917 5428 2328 5501 vigilantissime
2343 5425 2531 5481 maluit
2543 5424 2722 5478 dicere
2732 5463 2745 5486 ,
2759 5421 3040 5482 liberatos,
3059 5417 3302 5473 referens
3315 5417 3418 5472 hoc
3427 5415 3500 5502 ad

1919 5523 2066 5580 illam
2081 5521 2295 5578 Domini
2309 5519 2632 5576 sententiam
2653 5532 2667 5568 :
2686 5513 2748 5570 Si
2762 5529 2846 5568 vos
2863 5509 2910 5566 F
2913 5511 3036 5566 ilius
3049 5511 3362 5574 liberaverit,
3383 5519 3502 5562 tunc

1919 5633 2035 5672 uere
2069 5616 2218 5670 liberi
2255 5614 2400 5670 eritis
2423 5610 2604 5684 (Joan.
2627 5609 2771 5679 rm).
2800 5605 2933 5662 Cum
2969 5603 3149 5676 itaque
3179 5619 3284 5659 non
3316 5603 3499 5657 vivant

1925 5705 2062 5763 bene
2085 5706 2348 5768 homines,
2379 5702 2482 5757 nisi
2512 5700 2686 5757 effecti
2711 5697 2806 5753 ﬁlii
2829 5697 2946 5762 Dei,
2977 5697 3104 5767 quid
3129 5703 3212 5751 est
3233 5694 3378 5764 quod
3400 5692 3500 5748 iste

2116 5929 2301 5978 incm.,
2333 5926 2422 5965 Ill).
2453 5926 2517 5966 uc
2539 5926 2814 5974 rrmuesh
2844 5926 2960 5978 cap.
2989 5926 3039 5962 υ.
3136 5964 3148 5977 ,
