4064 6346
680 398 823 458 1007

1682 393 1742 449 8.
1780 388 2157 450 PRUDENTII
2199 383 2579 444 TBECENSIS
2618 381 2922 440 EPISCOPI

679 518 852 576 libero
873 513 1101 588 arbitrio
1112 512 1228 570 vult
1252 513 1390 569 bene
1413 507 1625 565 vivendi
1653 507 1896 563 tribuere
1913 514 2260 577 potestatem,
2290 508 2341 566 Α
2366 501 2526 564 bona,
2557 498 2612 553 in
2634 497 2832 567 quibus
2856 493 3143 550 laudantur
3171 507 3268 564 per
3295 509 3514 566 quasque
3538 505 3700 570 gentes,
3715 517 3805 574 pm.

679 626 805 668 cum
833 611 950 666 haec
972 615 1214 678 potestas
1239 621 1346 661 non
1369 604 1545 667 detur,
1587 599 1692 655 nisi
1720 599 1896 670 gratia
1929 597 2027 652 Dei
2055 612 2153 666 per
2173 593 2262 650 Je-

681 719 800 760 sum
827 703 1103 760 Christum
1139 701 1423 756 Dominum
1463 709 1731 762 nostrum,
1760 696 1975 752 dicente
2021 693 2263 763 Evange-

678 793 755 850 lio
791 813 804 848 :
836 793 1100 864 Quotquot
1131 799 1303 845 autem
1327 796 1624 859 receperunt
1650 803 1790 854 eum,
1816 785 1956 841 dedit
1999 786 2073 840 eis
2115 792 2262 855 pote-

678 893 865 940 statem
893 883 1031 952 ﬁlios
1055 881 1152 935 Dei
1168 881 1284 949 ﬁeri
1314 877 1498 952 (Joan.
1531 878 1592 950 ι).

751 975 860 1031 Sed
887 990 953 1030 ne
976 972 1112 1028 forte
1133 957 1337 1037 dicant,
1363 972 1432 1026 ad
1461 971 1565 1026 hoc
1602 984 1722 1026 esse
1745 967 1960 1040 adjutus
2000 973 2059 1022 ut
2092 966 2261 1022 babe-

676 1079 799 1124 rent
833 1075 1160 1138 potcstatem
1188 1063 1306 1120 ﬁeri
1330 1063 1426 1119 ﬁlii
1460 1063 1586 1126 Dei;
1618 1071 1678 1119 ut
1700 1071 1879 1116 autem
1923 1061 2064 1115 hanc
2114 1057 2258 1113 acci-

673 1176 806 1232 pere
851 1167 1210 1222 mererentur,
1262 1157 1415 1227 prius
1461 1171 1581 1211 cum
1628 1155 1803 1210 libero
1838 1153 2063 1208 arbitrio
2109 1150 2258 1206 nulla

671 1250 842 1321 adjuti
868 1250 1042 1322 gratia
1070 1257 1414 1319 receperunt.
1461 1246 1585 1303 Haec
1631 1255 1716 1302 est
1761 1245 1960 1317 quippe
2005 1242 2256 1309 intentio,

671 1344 1035 1414 qna.gratiatn
1076 1343 1353 1398 destruere
1379 1341 1696 1406 moliuntur,
1740 1348 1801 1394 ut
1839 1353 1960 1394 eam
2008 1338 2126 1394 dari
2171 1352 2259 1394 se-

669 1435 907 1490 cundum
949 1434 1140 1489 merita
1184 1441 1370 1488 nostra
1403 1433 1766 1502 contendant.
1813 1430 1891 1486 Ne
1940 1429 2076 1486 forte
2125 1445 2257 1502 ergo

669 1526 813 1582 hanc
840 1525 1204 1596 evangelicam
1236 1525 1558 1581 sententiam
1597 1523 1678 1580 sic
1705 1522 1964 1586 dividant,
1993 1531 2052 1576 ut
2098 1521 2258 1576 meri-

670 1627 784 1672 tum
813 1626 1017 1689 ponant
1048 1617 1104 1672 in
1126 1632 1192 1673 eo
1213 1616 1356 1687 quod
1397 1616 1602 1671 dictum
1635 1623 1748 1671 est:
1784 1613 2047 1684 Quotquot
2081 1622 2255 1666 autem

671 1717 972 1778 receperunt
993 1721 1235 1771 eum;ac
1264 1707 1478 1771 deinde,
1525 1720 1632 1761 non
1678 1704 1848 1775 gratis
1897 1703 2099 1768 datam,
2156 1701 2252 1758 sed

668 1797 799 1852 huic
826 1797 1020 1853 merito
1048 1797 1311 1852 redditam
1343 1796 1593 1866 gratiam,
1625 1795 1678 1850 in
1702 1809 1767 1850 eo
1791 1795 1936 1864 quod
1959 1795 2205 1866 sequitur
2231 1809 2246 1848 :

2363 593 2626 663 cipueque
2649 591 2701 645 in
2730 596 2889 662 gente
2928 587 3195 653 Romana,
3241 589 3327 659 qui
3373 589 3593 658 prmelare
3617 592 3806 663 gloriosis.

2363 681 2605 750 simeque
2643 679 2935 742 vixerunt;
2968 677 3061 732 sed
3103 678 3367 747 quoniam,
3402 679 3526 733 sicut
3559 683 3807 740 veracissims

2363 769 2643 842 Scriptura
2668 769 2838 826 dicit:
2873 767 3038 824 Omne
3066 769 3205 840 quod
3246 785 3345 823 non
3386 779 3454 824 est
3488 787 3544 824 ex
3567 771 3665 838 ﬁde,
3687 790 3808 842 petra-

2360 873 2472 918 tum
2493 875 2566 918 est
2590 861 2761 936 (Rom.
2779 860 2914 934 xxv).
2944 859 3010 915 Et
3031 877 3046 914 :
3073 859 3199 915 Sine
3213 859 3314 929 ﬁde
3336 859 3609 930 impossibile
3625 871 3682 916 est
3698 866 3810 934 utique

2359 957 2562 1030 placere
2583 956 2689 1011 Deo
2717 955 2904 1027 (Hebr.
2932 953 3033 1023 XI),
3063 969 3170 1009 non
3191 953 3513 1010 hominibus:
3543 955 3650 1010 nihil
3669 956 3724 1011 sic
3742 959 3811 1028 agit

2359 1047 2448 1104 hic
2469 1049 2733 1119 princeps,
2759 1061 2918 1118 quam
2944 1054 3003 1100 ut
3021 1060 3128 1100 non
3157 1044 3398 1100 credatur
3422 1045 3470 1098 in
3493 1045 3650 1112 Deum,
3681 1063 3751 1104 nec
3769 1051 3811 1106 ad

2360 1141 2729 1204 Mediatorem,
2782 1153 2815 1193 a
2852 1153 2960 1208 quo
2997 1136 3277 1193 solvuntur
3321 1151 3470 1206 opera
3505 1137 3604 1206 ejus
3635 1141 3812 1196 credendo

2358 1234 2624 1289 veniatur.
2653 1231 2760 1288 Sed
2806 1231 2920 1301 ipse
2951 1228 3213 1285 Mediator
3249 1230 3403 1284 intrat
3440 1229 3490 1284 in
3519 1229 3688 1283 domum
3719 1230 3813 1300 {ouis

2359 1325 2510 1400 (Luc.
2527 1325 2625 1397 vI),
2652 1325 2704 1380 id
2723 1333 2808 1380 est
2827 1324 2880 1378 in
2911 1323 3014 1378 hoc
3032 1322 3288 1378 saeculum
3310 1321 3604 1386 mortalium,
3629 1323 3703 1377 sub
3722 1331 3815 1391 pote-

2358 1427 2496 1474 state
2524 1416 2744 1482 diaboli,
2768 1423 3030 1486 quantum
3060 1413 3127 1469 ad
3169 1413 3340 1484 ipsum
3369 1413 3613 1484 pertinet:
3640 1414 3814 1467 constitu-

2357 1517 2494 1576 tum,
2525 1509 2747 1580 de-ipso
2789 1508 2987 1580 quippe
3021 1506 3282 1578 scriptum
3319 1514 3420 1572 est,
3448 1505 3573 1576 quod
3603 1515 3815 1574 potestates

2355 1603 2541 1658 habeat
2578 1603 2758 1657 mortis
2805 1601 2989 1672 (Apoc.
3028 1598 3128 1671 Vl).
3177 1597 3351 1654 Intrat
3386 1599 3439 1653 in
3480 1599 3656 1652 domum
3686 1597 3814 1667 fortis:

2355 1685 2409 1749 id
2439 1703 2541 1759 est,
2571 1694 2623 1748 in
2658 1709 2756 1751 suo
2801 1693 3078 1750 dominatu
3116 1683 3378 1748 habentis
3397 1705 3550 1762 genus
3578 1691 3815 1759 humanm;

2353 1796 2407 1842 et
2439 1784 2592 1855 prius
2623 1784 2802 1856 alligat
2845 1801 2962 1840 eum
2984 1825 3000 1850 ,
3033 1783 3085 1838 id
3108 1792 3213 1849 est,
3256 1782 3372 1853 ejus
3400 1789 3591 1837 coercet
3613 1788 3656 1835 et
3679 1781 3820 1835 cohibet

667 1889 827 1945 Dedit
847 1889 921 1944 eis
940 1898 1244 1959 potestatem
1269 1885 1408 1957 ﬁlios
1433 1887 1526 1942 Dei
1547 1887 1662 1955 fieri
1676 1903 1698 1952 ;
1737 1887 1977 1957 nunquid
2031 1887 2075 1942 si
2105 1904 2255 1958 qua:-

2214 1904 2255 1944 ε-
2283 1871 2332 1932 Β
2359 1888 2704 1950 potestatem,
2759 1877 3042 1950 potestatis
3082 1892 3194 1933 sua:
3242 1874 3542 1931 fortioribus
3578 1872 3761 1938 vinculis,
3787 1881 3819 1925 et

671 1988 830 2036 ratur
856 1981 926 2036 ab
949 1979 1053 2046 eis,
1085 1979 1216 2050 quid
1241 1979 1332 2044 sit,
1362 1985 1660 2048 receperunt
1687 1993 1804 2032 eum
1828 1977 1853 2031 7
1891 1978 2086 2032 dicturi
2133 1983 2261 2033 sunt

666 2071 836 2136 aliud,
867 2071 996 2137 nisi,
1033 2069 1382 2126 crediderunt
1441 2068 1494 2122 in
1521 2067 1681 2122 eum?
1731 2067 1801 2123 Ut
1846 2067 2011 2138 igitur
2054 2075 2111 2122 et
2157 2067 2261 2123 hoc

671 2164 850 2220 sciant
882 2163 951 2218 ad
972 2163 1204 2234 gratiam
1233 2161 1528 2233 pertinere,
1556 2160 1738 2232 legant
1762 2159 1904 2229 quod
1929 2160 2006 2214 ait
2028 2158 2260 2228 Aposto-

666 2253 754 2310 lus
779 2270 793 2308 :
821 2253 894 2308 In“
919 2254 1064 2310 nullo
1087 2255 1438 2326 expavescatis
1464 2255 1529 2310 ab
1553 2255 1891 2319 aduersariis,
1940 2254 2152 2326 quidem
2179 2261 2259 2308 est

686 2346 772 2401 llis
793 2363 957 2401 causa
985 2346 1315 2417 perditionis,
1345 2356 1527 2400 uestra:
1575 2355 1750 2400 autem
1791 2343 1977 2400 salutis
2001 2361 2019 2398 :
2065 2353 2112 2398 et
2161 2344 2258 2399 hoc

670 2453 703 2490 a
727 2436 856 2502 Deo,
881 2437 1006 2508 quia
1029 2435 1170 2490 vobis
1195 2435 1451 2490 donatum
1473 2444 1549 2491 est
1590 2453 1686 2507 pro
1727 2433 1959 2501 Christo,
1998 2452 2102 2490 non
2141 2445 2259 2490 tan-

668 2538 781 2580 tum
813 2536 868 2580 ut
900 2526 1126 2580 credatis
1161 2527 1217 2580 in
1243 2542 1386 2591 eum,
1407 2526 1497 2581 sed
1521 2538 1577 2580 ut
1603 2528 1760 2581 etiam
1787 2525 2063 2596 patiamini
2083 2541 2177 2596 pro
2196 2541 2258 2580 eo

667 2605 840 2691 (Phil.
867 2617 931 2688 ι).
960 2618 1165 2689 Nempe
1194 2627 1486 2688 utrumque
1516 2619 1652 2674 dixit
1678 2633 1798 2675 esse
1831 2617 2106 2673 donatum.
2125 2616 2258 2672 Item

666 2709 810 2778 quod
840 2709 917 2764 ait
948 2727 960 2764 :
994 2708 1113 2763 Pam
1140 2709 1414 2779 fratribus,
1444 2718 1491 2763 et
1522 2709 1754 2764 charitas
1789 2725 1908 2762 cum
1941 2708 2048 2778 ﬁde
2091 2725 2124 2760 a
2146 2706 2257 2761 Deo

669 2797 834 2855 Patre
882 2810 930 2854 et
981 2799 1208 2855 Domino
1248 2798 1378 2855 Iesu
1427 2799 1635 2854 Christo
1680 2797 1844 2870 (Eph.
1906 2802 2004 2870 vi).
2053 2798 2260 2870 Legant

666 2890 832 2946 etiam
861 2891 1004 2961 quod
1033 2890 1146 2960 ipse
1183 2890 1444 2946 Dominus
1485 2891 1606 2945 ait:
1655 2889 1826 2943 Nemo
1873 2900 2042 2961 potest
2083 2889 2258 2943 venire

665 2980 736 3032 ad
758 2995 862 3045 me,
890 2981 991 3035 nisi
1017 2979 1176 3034 Pater
1195 2981 1286 3051 qui
1307 2980 1444 3034 misit
1466 2997 1548 3034 me
1567 2981 1786 3035 traxerit
1811 2997 1928 3035 eum
1951 2979 2133 3052 (Joan.
2155 2980 2254 3047 vr).

667 3068 770 3125 Ubi
823 3085 891 3124 ne
935 3069 1222 3140 quisquam
1277 3078 1430 3140 putet
1451 3069 1598 3126 aliud
1646 3085 1766 3125 esse
1806 3069 1988 3124 venire
2038 3069 2106 3123 ad
2147 3083 2254 3136 me,

670 3177 833 3232 quam
857 3161 1079 3217 credere
1107 3163 1164 3217 in
1198 3177 1307 3228 me,
1329 3163 1490 3232 paulo
1519 3172 1643 3234 post
1665 3179 1788 3218 cum
1812 3164 1878 3218 de
1906 3177 2003 3218 suo
2029 3176 2256 3232 corpore

2363 1970 2442 2026 sic
2459 1969 2624 2040 eripit
2665 1984 2793 2024 vasa
2839 1967 2978 2038 ejus,
3028 1982 3366 2040 quaecunque
3410 1965 3738 2038 praedestinavit
3761 1963 3822 2018 eti-

2360 2076 2512 2131 pere,
2535 2060 2822 2117 arbitrium
2853 2075 3041 2126 eorum
3059 2059 3128 2115 ab
3152 2057 3273 2129 ejus
3293 2066 3544 2130 potestate
3573 2055 3770 2121 liberans,
3786 2063 3823 2110 st

2361 2155 2452 2210 illo
2477 2171 2582 2210 non
2619 2154 2944 2224 impediente
2981 2153 3233 2220 credant,
3275 2152 3329 2207 in
3365 2153 3516 2208 istum
3549 2146 3823 2205 liberatolun-

2361 2255 2490 2302 tate.

2430 2337 2714 2411 Augustini
2737 2337 2805 2392 ad
2825 2335 3192 2401 Valentinum,
3222 2335 3290 2391 de
3315 2333 3502 2390 Libero
3525 2330 3718 2388 Arbitrio
3736 2328 3822 2398 (trp.

2361 2431 2450 2503 15)
2481 2446 2495 2486 :
2522 2431 2748 2501 Semper
2777 2437 2860 2486 est
2889 2437 3072 2485 autem
3097 2429 3153 2484 in
3177 2427 3338 2484 nobis
3360 2426 3584 2482 voluntas
3609 2419 3825 2488 libera,sod

2359 2538 2465 2580 non
2489 2537 2702 2592 semper
2736 2530 2818 2578 est
2844 2522 3006 2578 bona.
3034 2521 3144 2576 Aut
3163 2520 3316 2575 enim
3344 2535 3373 2575 a
3393 2518 3584 2588 justitia
3615 2516 3740 2570 libera
3759 2519 3824 2576 est,

2359 2613 2578 2683 quando
2599 2611 2769 2667 servit
2796 2619 3041 2682 peccato,
3078 2618 3134 2665 et
3162 2617 3294 2664 tunc
3323 2619 3408 2664 est
3441 2607 3600 2663 mala:
3623 2612 3730 2659 ants
3750 2614 3826 2673 peo-

2359 2713 2482 2762 cato
2530 2705 2702 2760 libera
2729 2712 2834 2769 est,
2878 2703 3093 2774 quando
3138 2702 3312 2758 servit
3355 2699 3584 2768 iustitiae,
3613 2705 3659 2751 et
3676 2699 3828 2748 tuncet

2358 2799 2519 2853 bona.
2545 2795 2732 2852 Gratia
2765 2810 2892 2851 vero
2917 2794 3014 2849 Dei
3040 2807 3260 2864 semper
3281 2800 3365 2850 est
3396 2791 3544 2870 bona,
3571 2797 3618 2845 et
3652 2803 3723 2859 per
3739 2785 3827 2841 bene

2359 2889 2419 2945 ﬁt
2440 2899 2496 2945 ut
2527 2890 2599 2946 sit
2617 2891 2779 2946 homo
2819 2889 2974 2944 bona:
2992 2886 3316 2954 voluntatis,
3337 2886 3428 2958 qui
3457 2885 3590 2956 prius
3605 2881 3688 2937 luit
3705 2878 3828 2934 volon-

2360 2981 2486 3036 tatis
2516 2980 2691 3035 malae.

2427 3071 2709 3143 Augustini
2756 3071 2822 3127 de
2870 3069 3224 3142 Correptione
3263 3076 3318 3125 et
3347 3066 3525 3124 Gratia
3547 3065 3660 3136 (cap.
3691 3061 3743 3132 l).
3773 3056 3829 3112 Li-

2357 3164 2546 3220 berum
2586 3164 2766 3234 itaque
2807 3162 3092 3218 arbitrium
3131 3169 3188 3217 et
3214 3161 3287 3218 ad
3327 3159 3520 3216 malum
3546 3164 3594 3212 et
3624 3153 3679 3208 ad
3697 3153 3830 3206 bonum

666 3260 724 3305 et
747 3251 1010 3323 sanguine
1035 3251 1371 3322 loqueretur,
1391 3262 1447 3308 et
1465 3253 1815 3309 scandalizati
1838 3261 2019 3308 essent
2038 3253 2256 3323 plurimi
2283 3236 2330 3300 (ἶ
2362 3255 2686 3319 faciendum,
2721 3263 2927 3310 certum
2957 3262 3045 3308 est
3088 3268 3188 3309 nos
3218 3253 3461 3308 habere:
3489 3249 3574 3305 sed
3599 3248 3644 3304 in
3667 3239 3831 3300 malob-

667 3343 723 3397 in
753 3357 1002 3397 sermone
1031 3341 1170 3414 ejus,
1193 3343 1300 3400 ait:
1324 3342 1492 3398 Verba
1507 3362 1624 3414 qua:
1645 3361 1737 3415 ego
1757 3343 1962 3399 locutus
1981 3361 2098 3399 sum
2113 3345 2255 3400 vobis

665 3434 884 3504 spiritus
908 3443 954 3486 et
985 3434 1088 3488 vita
1111 3444 1230 3488 sunt
1262 3448 1279 3486 :
1301 3435 1392 3489 sed
1415 3444 1534 3488 sunt
1558 3435 1772 3505 quidam
1791 3451 1856 3488 ea:
1877 3435 2016 3490 vobis
2036 3435 2124 3504 qui
2152 3451 2255 3489 non

664 3522 905 3575 credunt.
939 3521 1142 3577 Deinde
1173 3521 1450 3591 subiunxit
1472 3521 1814 3594 Evangelista
1845 3522 2084 3578 :Scicbat
2117 3525 2254 3578 enim

666 3613 824 3668 Jesus
853 3615 917 3667 ab
945 3614 1097 3668 initio
1124 3614 1215 3686 qui
1233 3624 1403 3670 essent
1433 3614 1720 3680 credentes,
1749 3623 1798 3669 et
1815 3615 1932 3686 quis
1964 3614 2254 3668 traditurus

665 3712 797 3756 esset
847 3720 1005 3770 eum,
1054 3713 1102 3758 et
1145 3704 1382 3759 dicebat:
1427 3701 1715 3774 Propterea
1759 3705 1871 3757 dixi
1921 3703 2080 3768 vobis,
2130 3705 2255 3774 quia

665 3809 817 3848 nemo
849 3805 1013 3865 potest
1035 3795 1205 3850 venire
1227 3795 1296 3849 ad
1318 3812 1422 3860 me,
1445 3794 1546 3848 nisi
1585 3793 1744 3848 Pater
1764 3795 1854 3862 qui
1877 3793 2018 3846 misit
2039 3809 2121 3846 me
2143 3803 2254 3846 tra-

662 3885 802 3938 xerit
830 3901 970 3940 eum.
1014 3885 1082 3940 Et
1109 3886 1210 3942 hoc
1233 3894 1454 3956 propter
1488 3884 1790 3948 credentes,
1815 3892 1870 3938 et
1897 3898 2002 3938 non
2029 3882 2255 3938 creden-

662 3986 771 4043 tes,
797 3993 856 4033 se
882 3980 1085 4036 dixisse
1135 3979 1524 4046 manifestavit,
1576 3994 1851 4049 exponens
1902 3978 2044 4048 quod
2095 3978 2251 4033 dixe-

661 4077 788 4122 rat:
819 4069 938 4124 Nisi
964 4070 1126 4126 Pater
1149 4075 1239 4143 qui
1274 4090 1356 4128 me
1379 4075 1544 4141 misit,
1577 4077 1794 4130 traxerit
1821 4092 1938 4129 eum
1965 4088 1984 4126 :
2019 4075 2252 4145 idipsum

664 4157 790 4212 aliis
819 4160 996 4216 verbis
1028 4164 1344 4233 repetendo,
1377 4165 1431 4218 in
1477 4180 1542 4221 eo
1585 4166 1726 4234 quod
1775 4165 1850 4218 ait
1883 4164 2024 4218 :nisi
2069 4164 2252 4219 datum

665 4250 824 4321 fuerit
845 4252 890 4305 ei
912 4269 944 4306 a
978 4251 1141 4309 Patre
1169 4271 1300 4310 meo.
1331 4256 1421 4311 Ille
1455 4258 1652 4328 quippe
1699 4257 1932 4312 trahitur
1981 4257 2047 4312 ad
2098 4256 2254 4312 Chri-

665 4355 835 4411 stum,
861 4349 948 4402 cui
988 4349 1148 4404 datur
1168 4359 1228 4404 ut
1248 4353 1435 4407 credat
1460 4352 1512 4405 in
1563 4351 1861 4406 Christum.
1915 4351 2082 4407 Datur
2121 4367 2252 4424 ergo

661 4444 906 4506 potestas
931 4447 989 4493 ut
1018 4438 1110 4492 lilii
1140 4439 1233 4494 Dei
1267 4440 1420 4505 ﬂant,
1447 4441 1537 4510 qui
1579 4442 1882 4497 creduntin
1930 4458 2076 4508 eum,
2127 4459 2249 4499 cum

664 4527 771 4584 hoc
834 4528 1008 4598 ipsum
1078 4531 1238 4586 datur
1281 4540 1342 4586 ut
1395 4531 1621 4587 credant
1667 4533 1717 4586 in
1769 4549 1924 4599 eum,
1977 4549 2099 4604 quae
2149 4549 2248 4604 po-

2357 3345 2552 3405 ciendo
2574 3346 2713 3402 liber
2739 3354 2824 3401 est
2847 3345 3074 3416 quisque
3100 3344 3330 3416 justitia:
3361 3352 3631 3410 servosque
3659 3330 3829 3406 peccati;

2354 3438 2411 3492 in
2435 3438 2578 3492 bono
2619 3445 2802 3490 autem
2833 3436 2971 3492 liber
2996 3449 3120 3490 esse
3165 3434 3351 3490 nullus
3380 3423 3580 3506 potest,
3608 3427 3692 3483 nisi
3727 3422 3832 3479 luerit

2354 3528 2614 3583 liberatus
2639 3526 2706 3582 ab
2751 3541 2819 3582 eo
2854 3527 2948 3597 qui
2986 3525 3158 3581 dixit:
3191 3523 3257 3580 Si
3285 3541 3373 3580 vos
3415 3521 3575 3577 Filius
3607 3512 3829 3574 liberaverit.

2355 3630 2478 3676 tunc
2503 3637 2618 3675 vere
2643 3619 2791 3674 liberi
2813 3620 2981 3674 eritis.
3012 3616 3122 3674 Nec
3146 3617 3223 3672 ita
3250 3626 3313 3673 ut
3345 3632 3467 3675 cum
3509 3613 3702 3685 quisque
3729 3602 3834 3660 lueril

2354 3729 2385 3768 a
2410 3711 2617 3783 peccati
2648 3711 2991 3766 damnatione
3031 3709 3321 3776 liberatus,
3370 3708 3480 3779 jam
3541 3719 3634 3760 non
3677 3697 3833 3766 indigeat

2355 3805 2437 3861 sui
2471 3802 2776 3859 liberatoris
2801 3801 3020 3866 auxilio,
3049 3801 3143 3857 sed
3174 3801 3248 3856 ita
3278 3801 3478 3875 potius,
3517 3806 3572 3854 ut
3595 3795 3652 3850 ab
3683 3791 3750 3846 illo
3776 3801 3835 3840 ar-

2355 3896 2508 3951 diens
2535 3911 2550 3950 :
2579 3893 2706 3949 Sine
2727 3910 2807 3949 me
2838 3892 2968 3947 nihil
2993 3893 3208 3962 potestis
3232 3891 3410 3962 facere
3443 3889 3607 3961 (Joan.
3628 3880 3722 3952 xv),
3743 3878 3836 3931 dicti

2354 3989 2404 4042 ei
2425 3996 2480 4041 et
2513 3987 2627 4057 ipse
2657 4003 2670 4039 :
2695 3985 2923 4054 Adjutor
2943 3999 3088 4038 meus
3109 4000 3183 4050 es,
3210 3999 3275 4038 ne
3300 3981 3617 4038 derelinquas
3639 3991 3702 4030 ιιι
3721 3963 3835 4039 im

2355 4079 2525 4150 xxvi).

2423 4169 2841 4241 Gregoriipapaa
2870 4169 2925 4224 in
2961 4165 3064 4224 Job
3101 4166 3240 4223 libro
3287 4183 3379 4223 xvr
3429 4167 3560 4238 (cap.
3587 4161 3661 4226 ill,
3694 4157 3735 4210 in
3762 4165 3836 4220 αφ·

2353 4278 2466 4318 xxu
2517 4260 2640 4332 Job)
2676 4277 2688 4314 :
2741 4258 3047 4315 Saluabitur
3088 4258 3382 4323 innocens;
3439 4253 3692 4311 salvabitur
3726 4251 3837 4332 aut!

2353 4330 2627 4408 munditia
2661 4366 2912 4406 manuum
2952 4365 3190 4404 suarum.
3229 4349 3364 4416 Quae
3413 4345 3606 4402 scilicet
3636 4330 3836 4395 sententia.

2353 4446 2398 4501 si
2423 4447 2488 4500 de
2509 4444 2746 4500 caelestis
2770 4442 2921 4514 regni
2947 4441 3304 4498 retributione
3327 4439 3655 4513 promittitur,
3680 4427 3837 4514 veritate

2355 4535 2592 4591 fulcitur.
2624 4534 2760 4602 Quia
2796 4513 2919 4590 com
2958 4533 3024 4588 de
3051 4534 3164 4590 Deo
3194 4533 3464 4603 scriptum
3491 4529 3594 4585 sit:
3621 4513 3836 4590 Quireddtl

662 4593 866 4685 ιιεειιειε,⁷
884 4621 988 4676 nisi
1039 4622 1197 4678 detur
1237 4639 1267 4678 a
1313 4623 1442 4688 Deo,
1475 4625 1616 4679 nulla
1641 4640 1762 4681 esse
1785 4593 1963 4696 potest
1984 4593 2052 4682 ex
2079 4593 2248 4682 lib-ero
2279 4593 2331 4654 Β
2356 4593 2959 4696 unicuiquevsecundum
2993 4640 3151 4694 opera
3195 4593 3327 4694 ejus.
3359 4623 3533 4694 (Rom.
3569 4619 3651 4690 tt).
3678 4612 3785 4668 illum
3805 4604 3838 4658 ί¹³

662 4711 914 4777 arbitrio,
944 4713 1072 4784 quia
1102 4728 1204 4770 nec
1225 4714 1455 4772 liberum
1486 4717 1539 4772 in
1569 4717 1709 4773 bono
1737 4718 1844 4776 erit
1881 4720 2024 4790 quod
2051 4719 2250 4774 libera-

663 4810 753 4857 tor
777 4818 886 4857 non
911 4802 1254 4873 liberaverit;
1285 4807 1382 4862 sed
1413 4809 1467 4863 in
1490 4807 1630 4862 malo
1672 4808 1900 4864 liberum
1947 4811 2111 4865 habet
2154 4826 2245 4865 ar-

660 4893 906 4960 bitrium,
933 4895 1022 4950 cui
1049 4895 1457 4954 delectationem
1489 4897 1709 4954 malitiae
1732 4899 1815 4954 vel
1859 4900 2126 4965 occultus,
2161 4899 2248 4956 vel

665 4986 988 5045 manifestus
1031 4991 1285 5061 deceptor
1342 4990 1558 5057 insevit,
1587 4991 1671 5046 vel
1711 4991 1815 5047 sibi
1857 4993 1970 5063 ipse
2020 5008 2247 5063 persua-

666 5075 757 5128 sit.

732 5167 1020 5236 Augustini
1059 5168 1126 5223 ad
1158 5167 1408 5225 Vitalem:
1449 5171 1602 5242 Rogo
1649 5179 1701 5228 te
1740 5173 1868 5242 quid
1912 5179 2167 5243 operatur
2189 5173 2242 5228 in

661 5258 787 5312 liliis
833 5245 1148 5315 diﬁldentiae
1194 5261 1467 5333 princeps,
1519 5262 1623 5318 nisi
1661 5277 1824 5332 opera
1863 5279 1962 5319 sua
1997 5263 2164 5328 mala,
2190 5271 2245 5320 et

663 5347 716 5398 in
749 5349 958 5416 primis,
990 5350 1334 5422 maximeque
1375 5353 1546 5424 ipsam
1580 5353 1937 5408 difﬁdentiam
1967 5362 2024 5410 et
2064 5353 2244 5410 infeli-

635 5437 886 5507 ,citatem
930 5455 1035 5510 qua
1065 5452 1194 5497 sunt
1233 5443 1437 5500 inimici
1485 5444 1634 5512 ﬁdei,
1679 5460 1777 5516 per
1799 5461 1962 5516 quam
2003 5446 2109 5502 scit
2147 5461 2246 5502 nos

667 5545 826 5598 posse
865 5533 1140 5601 mundari,
1197 5549 1356 5605 posse
1404 5539 1611 5606 sanari,
1659 5553 1814 5610 posse
1849 5537 2247 5610 perfectissime

669 5621 888 5688 ﬁberos,
927 5627 1070 5695 quod
1111 5629 1192 5683 eis
1219 5631 1571 5687 vehementer
1628 5632 1854 5697 invidet,
1895 5632 1951 5688 in
1981 5641 2246 5689 aeternum

669 5713 1158 5784 regnare‘lltaque
1205 5718 1415 5787 aliquos
1465 5735 1653 5774 eorum
1693 5736 1791 5792 per
1834 5737 1972 5792 quos
2013 5722 2246 5792 amplius

671 5798 917 5869 decipere
950 5801 1181 5870 aﬁ'ectat,
1216 5807 1343 5862 sinit
1371 5809 1573 5864 habere
1601 5811 1876 5878 nonnulla,
1905 5813 2050 5869 velut
2079 5829 2242 5884 opera

2350 4726 2596 4772 extremo
2615 4716 2865 4771 examine
2883 4715 3089 4786 justitia
3111 4715 3300 4770 interni
3333 4713 3536 4770 Iudicis
3557 4708 3716 4766 salvat,
3731 4708 3837 4770 σιαεω

2350 4809 2439 4864 hic
2464 4808 2579 4879 ejus
2629 4808 2801 4879 pietas
2846 4807 2916 4862 ab
2959 4806 3256 4862 immundis
3285 4805 3540 4876 operibus
3573 4802 3746 4856 liberat.
3779 4788 3837 4842 Sin

2350 4914 2480 4955 vero
2505 4899 2574 4954 ad
2607 4899 2712 4955 hoc
2752 4897 2953 4954 salvari
2995 4897 3226 4968 quisque
3244 4897 3323 4953 sic
3371 4893 3621 4952 munditia
3657 4891 3837 4943 ωηυυω

2352 5003 2570 5044 suarum
2605 4988 2862 5054 creditur,
2897 4995 2956 5043 ut
2978 4988 3091 5044 suis
3121 4989 3326 5044 viribus
3364 4989 3616 5042 innocens
3653 4980 3744 5041 litt.
3761 4985 3841 5043 Ρτο·

2348 5083 2436 5140 cnl
2467 5082 2627 5138 dubio
2656 5091 2873 5136 erratur
2900 5099 2913 5134 :
2945 5083 3070 5151 quia
3099 5083 3144 5136 si
3189 5097 3422 5153 superna
3453 5077 3611 5152 gratia
3636 5073 3839 5128 ηοοαιιαι

2348 5189 2454 5230 non
2477 5172 2755 5243 praevenit,
2771 5187 3047 5242 nunquam
3062 5171 3302 5243 proiecto
3325 5170 3556 5226 inveniet
3571 5178 3707 5238 quem
3719 5167 3839 5213 νᾶπυ’

2349 5272 2504 5318 neret
2532 5263 2892 5318 innocentem.
2922 5261 3074 5318 Unde
3101 5263 3318 5320 veridici
3344 5261 3504 5317 Mosis
3538 5271 3652 5313 voce
3672 5249 3838 5338 dicitur:

2352 5353 2648 5421 Nullusque
2687 5354 2826 5424 apud
2853 5363 2902 5409 te
2927 5371 3021 5425 per
3038 5371 3092 5408 se
3114 5355 3360 5408 innocens
3384 5363 3458 5407 est
3479 5347 3660 5423 (Exod.
3693 5343 3837 5400 $11")-

2356 5446 2599 5520 Superna
2630 5462 2760 5519 ergo
2788 5447 2962 5518 pietas
2987 5447 3140 5518 prius
3160 5447 3270 5518 agit
3293 5447 3350 5502 in
3390 5444 3541 5500 nobis
3579 5432 3750 5525 aliquid
3766 5427 3840 5525 sine

2354 5540 2530 5605 nobis,
2565 5549 2622 5595 ut
2642 5539 3008 5610 subsequente
3029 5553 3244 5608 quoque
3266 5543 3455 5592 nostro
3490 5533 3645 5589 libero
3663 5521 3838 5610 arbitria,

2352 5635 2554 5692 bonum
2580 5630 2722 5704 quod
2765 5605 2877 5700 jam
2923 5605 3226 5702 appetimus
3275 5638 3403 5703 agat
3436 5627 3715 5712 nobiscum,

2353 5732 2535 5778 tamen
2573 5737 2672 5793 per
2711 5722 3006 5793 impensam
3051 5723 3278 5792 gratiam
3328 5721 3382 5776 in
3440 5726 3664 5775 extremo
3699 5703 3840 5777 inditilo

2357 5815 2430 5870 ita
2466 5823 2773 5870 rcmunerat
2824 5814 2878 5869 in
2917 5814 3111 5881 nobis,
3159 5829 3223 5870 ac
3247 5813 3291 5870 si
3319 5811 3452 5870 solis
3483 5800 3836 5883 ρωοοεείεσαα
