4064 6346
240 277 403 356 tooa'

1098 299 1188 356 DE
1222 298 1903 359 PREDESTINATIONE
1941 299 2222 358 CONTRA
2261 299 2310 356 ⁴1.
2356 295 2651 358 SCOTUM.

3369 273 3518 361 'toio

239 413 420 470 nobis.
472 412 610 482 Quia
663 414 808 470 enim
837 414 1018 471 divina
1066 431 1165 472 nos
1214 417 1452 485 bonitas,
1481 427 1542 474 ut
1571 419 1828 474 innocen-
1856 421 1910 482 Α
1935 418 2006 473 tia
2033 417 2230 474 mentis
2258 415 2556 481 annitente,
2578 415 2744 470 etiam
2776 413 2830 470 in
2852 416 3110 487 praecepti
3128 416 3374 475 custodia
3400 433 3520 491 per-

240 515 323 561 tes
355 504 540 570 faciat.
583 505 862 575 praevenit,
890 504 1090 564 Paulus
1129 507 1243 563 ait:
1282 507 1470 565 Gratia
1511 521 1686 565 autem
1729 509 1826 564 Dei

237 611 353 650 eum
379 595 432 648 id
450 595 591 665 quod
610 611 724 649 sum
741 593 791 668 (1
809 594 932 650 Cor.
956 596 1068 668 xv).
1087 596 1156 652 Et
1175 597 1301 668 quia
1324 597 1570 673 eamdem
1592 599 1823 671 gratiam

237 697 485 744 nostrum
524 686 752 742 liberum
797 687 1084 744 arbitrium
1130 688 1396 759 sequitur,
1444 689 1689 761 adjungit
1716 709 1729 745 :
1758 689 1826 746 Et

235 779 410 851 gratia
439 778 554 848 ejus
579 779 634 832 in
658 795 739 833 me
767 795 933 833 vacua
957 795 1060 834 non
1091 779 1214 848 fuit,
1237 780 1331 835 sed
1360 781 1719 836 abundantius
1760 781 1829 835 il-

236 870 304 925 lis
319 869 559 924 omnibus
573 869 807 924 laboravi
823 866 1037 940 (Ibid.).
1053 869 1154 938 Qui
1170 871 1296 925 dum
1318 885 1377 926 se
1391 871 1456 926 de
1475 886 1534 927 se
1552 871 1684 926 nihil
1705 886 1828 930 esse

237 961 594 1033 conspiceret,
610 961 704 1026 ait,
725 957 848 1016 Non
868 969 1039 1016 autem
1055 978 1167 1032 ego.
1184 963 1250 1018 Et
1276 970 1456 1019 tamen
1477 963 1602 1034 quia
1621 978 1679 1019 se
1703 978 1826 1020 esse

237 1052 441 1124 aliquid
463 1068 584 1108 cum
607 1053 780 1125 gratia
812 1053 1036 1117 invenit,
1062 1053 1312 1124 adjunxit
1339 1055 1493 1112 :‘Sed
1521 1058 1696 1129 gratia
1729 1055 1825 1112 Dei

235 1160 462 1198 mecum.
507 1143 624 1200 Non
677 1143 822 1199 enim
873 1143 1080 1200 diceret
1115 1161 1338 1213 mecum,
1373 1147 1418 1202 si
1460 1163 1582 1202 cum
1619 1162 1826 1218 praeve-

235 1235 423 1290 niente
483 1235 680 1306 gratia,
725 1236 1060 1305 subsequens
1108 1236 1337 1294 liberum
1384 1238 1668 1294 arbitrium
1715 1254 1824 1296 non

238 1325 484 1381 haberet.
517 1325 588 1383 Ut
613 1342 743 1397 ergo
765 1342 825 1382 se
847 1327 965 1383 sine
986 1329 1161 1400 gratia
1194 1329 1328 1384 nihil
1350 1345 1470 1387 esse
1491 1330 1822 1398 ostenderet,

235 1417 368 1471 ait:
421 1414 545 1472 Non
589 1434 728 1490 ego;
768 1426 830 1473 ut
875 1434 1005 1475 vero
1052 1435 1110 1477 se
1162 1436 1285 1476 cum
1321 1423 1496 1494 gratia
1541 1430 1823 1493 operatum

235 1524 358 1565 esse
386 1524 483 1580 per
521 1509 750 1566 liberum
781 1511 1064 1567 arbitrium
1094 1513 1508 1581 demonstraret,
1537 1514 1818 1584 adjunxit:

236 1601 347 1657 Sed
358 1603 530 1673 gratia
549 1602 645 1656 Dei
670 1620 892 1659 mecum.
923 1604 1186 1661 Munditia
1209 1607 1390 1678 itaque
1417 1623 1672 1662 manuum
1698 1623 1823 1663 sua-

236 1709 357 1750 rum
408 1695 669 1752 innocens
698 1697 994 1754 salvabitur
1021 1715 1035 1764 ;
1063 1700 1191 1770 quia
1229 1700 1322 1771 qui
1365 1700 1453 1756 hic
1495 1700 1824 1772 praavenitur

1929 517 2222 574 severaret,
2255 508 2300 563 si
2357 507 2515 562 vellet
2542 507 2595 562 in
2625 521 2690 561 eo
2735 507 2876 578 quod
2915 515 3134 562 creatus
3181 508 3362 566 fuerat
3393 525 3520 584 per-

1929 597 2192 670 manere].
2256 597 2547 668 Postquam
2591 611 2723 652 vero
2753 596 3068 653 seductione
3113 599 3388 670 serpentis
3421 615 3521 671 per

1930 689 2096 746 Evam
2119 690 2330 752 cecidit,
2365 689 2567 745 bonum
2612 699 2822 746 natura:
2838 690 3076 761 perdidit
3101 692 3327 762 pariter,
3361 701 3417 748 ct
3439 694 3523 751 vi-

1928 797 2115 854 gorem
2145 783 2355 838 arbitrii
2379 801 2403 854 g:
2431 798 2537 838 non
2590 792 2766 840 tamen
2815 784 3158 853 electionem,
3189 801 3259 843 ne
3289 802 3396 843 non
3434 803 3522 846 es-

1928 881 2029 928 set
2049 889 2205 928 suum
2237 874 2380 943 quod
2407 874 2638 928 evitaret
2681 873 2802 946 [al.,
2833 874 3148 930 emendaret
3189 875 3519 950 peccatum],

1928 976 2028 1018 nec
2053 963 2248 1018 merito
2273 963 2662 1034 indulgeretur,
2694 965 2840 1034 quod
2889 979 2997 1020 non
3057 966 3284 1022 arbitrio
3333 967 3522 1026 diluis-

1927 1059 2025 1108 set.
2060 1051 2239 1108 Manet
2263 1053 2444 1123 itaque
2476 1054 2543 1108 ad
2573 1055 2922 1124 quazrendam
2957 1055 3187 1112 salutem
3220 1058 3431 1115 arbitrii
3456 1061 3524 1115 li-

1925 1145 2128 1213 bertas,
2155 1145 2208 1202 id
2226 1155 2331 1212 est,
2354 1147 2633 1202 rationalis
2653 1147 2921 1213 voluntas,
2941 1164 3000 1205 se
3021 1153 3346 1206 admonente
3369 1151 3520 1222 prius

1926 1234 2040 1290 Deo
2063 1243 2118 1290 et
2141 1235 2404 1289 invitante
2429 1236 2495 1290 ad
2521 1235 2772 1300 salutem,
2797 1246 2858 1292 ut
2880 1239 2964 1293 vel
2995 1238 3182 1310 eligat,
3208 1239 3294 1295 vel
3318 1255 3518 1309 sequa-

1924 1331 2034 1389 tur,
2056 1323 2142 1378 vel
2169 1332 2294 1394 agat
2317 1325 2604 1380 occasione
2630 1325 2822 1402 salutis’
2851 1343 2866 1392 ;
2907 1328 3012 1383 hoc
3039 1338 3122 1384 est
3160 1328 3516 1400 inspiratione

1925 1411 2042 1469 Dei.
2081 1414 2149 1470 Ut
2168 1424 2346 1471 autem
2377 1427 2742 1488 consequatur
2765 1420 2908 1488 quod
2939 1419 3109 1491 eligit,
3141 1421 3227 1477 vel
3259 1423 3403 1492 quod
3433 1437 3524 1478 se-

1925 1507 2128 1576 quitur,
2157 1507 2242 1563 vel
2261 1509 2404 1578 quod
2427 1511 2716 1566 occasione
2753 1512 2885 1582 agit,
2915 1511 3009 1569 Dei
3035 1528 3157 1570 esse
3194 1514 3365 1571 libere
3389 1531 3521 1572 con-

1926 1599 2161 1655 ﬁtemur.
2191 1601 2406 1657 Initium
2444 1619 2573 1675 ergo
2604 1604 2794 1661 salutis
2841 1615 3038 1662 nostra:
3068 1603 3180 1663 Deo
3218 1609 3522 1664 miserante

1925 1690 2208 1759 habemus,
2260 1702 2321 1748 ut
2366 1697 2775 1766 acquiescamus
2826 1697 3119 1755 salutifera:
3175 1699 3517 1772 inspirationi

236 1787 380 1843 dono
403 1795 464 1842 ut
489 1788 747 1845 innocens
769 1791 882 1858 fiat,
930 1806 1053 1846 cum
1083 1793 1151 1848 ad
1176 1790 1438 1848 iudicium
1480 1792 1714 1860 ducitur,
1747 1807 1814 1848 ex
1842 1791 1848 1851 ξ

1928 1792 2118 1841 nostra:
2165 1787 2445 1856 potestatis
2473 1797 2559 1843 est
2588 1804 2602 1853 ;
2637 1797 2695 1843 ut
2719 1789 3085 1860 adipiscamur
3101 1791 3246 1862 quod
3297 1794 3522 1863 acquie-

234 1876 431 1932 merito
464 1889 862 1935 remuneratur.

305 1987 571 2046 Gennadii
599 1987 835 2064 episc0pi
885 1990 1236 2052 Massiliensis
1262 1994 1376 2065 (lib.
1424 1994 1600 2066 Deﬁn.
1637 1994 1820 2050 eccles.

235 2081 514 2155 dogmat.).
545 2083 808 2142 Libertati
835 2087 1046 2144 arbitrii
1067 2089 1150 2144 sui
1173 2089 1498 2145 commissus
1524 2096 1609 2144 est
1638 2089 1820 2156 homo,

235 2173 422 2227 statim
452 2189 481 2229 a
511 2174 685 2244 prima
712 2176 895 2232 mundi
942 2178 1274 2245 conditione,
1316 2187 1398 2245 ut,
1425 2178 1573 2234 salva
1598 2179 1822 2251 vigilan-

235 2262 310 2318 tia
337 2263 553 2329 mentis,
573 2266 847 2321 adnitente
869 2268 1033 2323 etiam
1055 2268 1311 2340 praecepti
1336 2269 1606 2334 custodia,
1636 2284 1820 2340 perse-

234 2361 455 2407 veraret
498 2353 545 2408 si
593 2354 750 2411 vellet
780 2357 834 2410 in
865 2356 916 2411 id
946 2356 1090 2428 quod
1135 2366 1354 2413 creatus
1384 2357 1561 2414 fuerat
1603 2373 1818 2429 perma-

236 2455 367 2498 nere
398 2442 520 2516 [al.,
545 2447 726 2500 statim
753 2447 806 2502 in
829 2448 1002 2518 prima
1026 2450 1334 2506 conditione
1360 2459 1418 2504 ut
1443 2449 1556 2505 sola
1589 2450 1820 2522 vigilan-

269 2551 272 2558 Ι
309 2591 336 2620 ι
361 2579 535 2638 Pauca
579 2582 694 2638 haec
742 2584 907 2639 verba
947 2583 1210 2640 Gennadii
1253 2583 1562 2640 testimonio
1609 2581 1824 2652 subjicit

236 2653 626 2723 apographum,
684 2669 804 2723 qua:
841 2655 967 2724 quia
1005 2655 1174 2725 ipsius
1222 2653 1487 2711 Gcnnadii
1526 2669 1632 2710 non
1672 2662 1822 2720 sunt,

1925 1875 2124 1931 scendo
2169 1877 2523 1933 admonitioni
2578 1879 2846 1949 cupimus,
2890 1881 3057 1936 divini
3111 1890 3194 1937 cst
3225 1883 3468 1940 muneris
3495 1899 3517 1939 :

1923 1976 1984 2022 ut
2006 1983 2113 2022 non
2145 1967 2394 2023 labamur
2419 1969 2472 2024 in
2506 1970 2700 2040 adepto
2729 1969 2844 2043 [at.,
2878 1971 3119 2044 iudepto]
3157 1973 3346 2030 salutis
3388 1989 3514 2029 mu-

1923 2075 2072 2126 nere,
2098 2059 2406 2115 solitudinis
2430 2069 2627 2116 nostrze
2643 2069 2725 2117 est
2745 2062 2984 2119 caelestis
3000 2064 3204 2133 pariter
3221 2063 3478 2135 adjutorii
3499 2082 3515 2120 :

1924 2159 1979 2207 ut
2009 2152 2274 2222 labamur,
2301 2137 2584 2209 ootestatis
2611 2163 2810 2210 nostrae
2839 2163 2924 2210 est
2953 2163 3005 2212 et
3033 2156 3282 2227 ignavize.

2511 2262 2916 2321 CONCLUSIO.

1993 2353 2126 2408 Cum
2158 2353 2274 2424 ipso
2286 2353 2490 2424 pariter
2507 2363 2707 2410 :eterna
2723 2354 3052 2413 beatitudine
3078 2358 3509 2416 remunerandos

1924 2456 1978 2503 (ξι
1997 2457 2317 2520 regnaturos
2341 2457 2538 2520 exopto
2552 2460 2577 2490 ⁸
2604 2489 2618 2503 ο

1927 2582 2220 2655 Prudentio
2249 2581 2408 2655 viden
2418 2591 2504 2638 tur
2515 2583 2799 2639 tribuenda
2810 2624 2824 2647 ,
2838 2594 2893 2639 et
2907 2592 3094 2655 aperte
3109 2585 3511 2644 conclusionem

1925 2652 2166 2723 epistola:
2191 2653 2424 2723 sapiunt.
2779 2705 2800 2734 κ

243 2809 2733 2848 MM

2219 2823 3515 2855 Ἥ

969 2967 1647 3090 εΔΝατι
1719 2966 2760 3084 PBUDENTII

1494 3178 1876 3237 TRECENSIS
1914 3179 2222 3237 EPISCOPI

463 3294 898 3540 1m,
1014 3371 2767 3518 PRZEDESTINATI
2820 3376 3256 3524 ONE

889 3657 1139 3701 CONTRA
1177 3637 1552 3702 JOANNEM
1592 3635 1914 3701 SCOTUM
1960 3655 2391 3700 cocuozueuro
2435 3641 2968 3738 ERIGENAM/’

1815 3793 1914 3835 εει]

233 3917 434 3982 Liber
465 3915 732 3981 Joannis
776 3913 946 3979 Scoti
979 3920 1302 4002 correctus
1340 3934 1373 3978 a
1411 3910 1784 4002 Prudentia,
1817 3907 1955 4002 sive
1996 3927 2031 4002 a
2069 3913 2311 4002 caeteris
2365 3916 2678 4002 Patribus,
2719 3917 3052 3994 videlicet,
3109 3939 3140 3982 a
3177 3923 3508 4002 Gregorio,

1132 3995 1556 4074 Hieronymo,
1580 3987 1926 4069 Fulgentio
1955 3993 2147 4070 atque
2178 3995 2543 4072 Augustino
2569 4013 2617 4059 ι.

1683 4143 2067 4158 ——_—

1571 4250 2173 4329 PBEFATIO.

316 4483 784 4542 Reverendissimo
814 4483 964 4541 Patri
991 4491 1051 4542 et
1067 4484 1382 4542 beatissimo
1409 4487 1649 4558 pontifici
1682 4490 1824 4548 inter
1851 4497 1897 4560 C
1928 4493 2124 4550 misisti
2168 4493 2300 4548 mihi
2339 4489 2628 4562 Quamdam
2659 4488 2969 4544 schedulam
3010 4489 3193 4546 decem
3224 4501 3280 4547 et
3323 4506 3514 4548 novem

237 4583 490 4645 pastores
513 4574 715 4630 Christi
743 4575 1040 4630 eminentia
1065 4574 1190 4631 vitae
1214 4573 1584 4647 doctrinaeque
1607 4579 1832 4636 eximie-

239 4677 360 4724 tate
397 4669 700 4724 clarissimo
738 4667 1036 4725 GUBIIILONl
1058 4709 1074 4733 ,
1103 4667 1452 4726 PBUDENTIUS
1491 4681 1747 4729 aeternam
1775 4675 1828 4730 in

241 4763 478 4819 Domino
499 4762 750 4818 salutem.

317 4858 612 4923 Acocnws,
633 4863 794 4926 prout
813 4857 967 4913 decet
979 4865 1142 4928 atque
1160 4866 1395 4926 oportet,
1417 4859 1534 4916 zelo
1551 4861 1830 4918 catholica:

243 4949 372 5005 fidei
419 4958 474 5005 et
521 4963 662 5005 vera:
699 4948 982 5005 charitatis
1025 4946 1241 5014 affectu,
1280 4948 1445 5006 Pater
1495 4951 1826 5022 beatissime,

318 5117 345 5147 ι
368 5104 424 5159 In
467 5105 637 5189 prima
676 5106 869 5189 pagina
893 5104 1100 5189 codicis
1126 5105 1478 5189 manuscripti
1513 5105 1671 5189 hujus
1700 5121 1829 5189 ope-

243 5175 344 5238 ris,
391 5174 480 5244 qui
524 5177 576 5231 in
615 5174 944 5232 monasterio
977 5174 1359 5230 Altivillarensi
1395 5174 1644 5231 servatur
1666 5217 1681 5238 .
1714 5174 1830 5234 haec

243 5247 522 5316 reperitur
545 5247 885 5303 observatio:
917 5245 1015 5301 Hic
1045 5245 1204 5317 liber,
1239 5246 1331 5317 qui
1363 5247 1518 5316 quasi
1549 5249 1616 5301 ad
1637 5246 1825 5303 defen-

243 5317 455 5371 sionem
489 5317 610 5373 Ildei
649 5327 837 5372 contra
879 5316 1270 5372 infidelitatem
1295 5316 1550 5386 loquitur,
1590 5327 1644 5372 et
1673 5318 1828 5374 testi-

245 5387 432 5460 {Itonia
469 5387 878 5460 .Scripturarum
927 5395 982 5443 et
1017 5387 1406 5460 catholicorum
1440 5387 1661 5460 nomina
1702 5404 1826 5460 pro—

240 5456 380 5522 fert,
404 5467 562 5514 caute
601 5456 856 5530 legendus
887 5466 986 5530 est,
1017 5467 1072 5513 et
1105 5457 1303 5530 ineius
1327 5457 1556 5530 lectione
1582 5456 1825 5530 Apostoli

244 5539 337 5583 est
377 5526 984 5599 sequenda'sententia,
1019 5543 1124 5598 qua
1155 5529 1288 5582 dicit
1324 5545 1337 5581 :
1374 5526 1566 5599 Omnia
1592 5526 1824 5599 probate,

242 5599 390 5678 φιοά
417 5598 704 5678 frenante“
729 5609 912 5678 tenete.
945 5598 1086 5678 Nam
1105 5600 1433 5678 compositor
1453 5598 1827 5678 eju_s_Pruden-

244 5671 361 5725 tius
405 5670 471 5725 de
522 5671 840 5740 quibusdam
897 5668 1277 5740 ecclesiasticis
1327 5668 1666 5740 dogmatibus
1721 5685 1826 5725 non

245 5740 421 5796 sensit
439 5738 725 5808 catholice,
749 5741 890 5796 sicut
909 5739 1015 5796 alia
1031 5739 1148 5810 ejus
1164 5738 1364 5808 scripta
1385 5738 1777 5800 demonstrant.
1803 5761 1820 5792 ο

1932 4584 2166 4654 capitula
2213 4582 2582 4638 continentem
2626 4595 2692 4636 ex
2730 4577 2867 4636 libro
2903 4580 3181 4651 cujusdam
3236 4581 3384 4638 Scoti
3431 4599 3517 4638 se-

1931 4673 2095 4741 lecta,
2127 4689 2158 4728 a
2190 4683 2400 4740 nostro,
2447 4681 2508 4727 ut
2552 4671 2654 4736 ais,
2703 4687 2763 4728 se
2803 4671 3200 4741 quodammodo
3242 4671 3514 4728 intellectu

1932 4765 2271 4828 divertentia,
2302 4776 2501 4833 rogans
2525 4770 2580 4817 et
2602 4775 2827 4817 monens
2851 4770 2910 4817 ut
2935 4776 3270 4834 quaecunque
3301 4763 3354 4817 in
3379 4763 3464 4818 eis
3483 4780 3514 4817 a

1931 4870 2061 4912 vero
2090 4853 2455 4912 exorbitantia
2493 4851 2903 4922 comperissem,
2949 4852 3238 4922 unicuique
3263 4851 3328 4906 de
3365 4850 3517 4906 l'rbris

1931 4947 2256 5020 evangelicis
2285 4955 2341 5001 et
2369 4944 2764 5002 catholicorum
2785 4943 3065 5000 doctorum
3098 4942 3514 5000 auctoritatibus

2006 5105 2111 5159 Sed
2159 5103 2263 5161 hoc
2297 5103 2557 5175 judicium
2599 5104 2731 5158 tanti
2761 5104 2856 5159 viri
2889 5101 3310 5175 sanctimoniam
3349 5100 3503 5156 lima-

1934 5185 2152 5244 tamque
2192 5184 2244 5230 et
2287 5172 2473 5231 sanam
2503 5175 2805 5244 doctrinam
2828 5173 3071 5228 minuere
3101 5188 3206 5244 non
3228 5172 3418 5236 debet,
3440 5187 3509 5227 ex

1933 5240 2161 5317 alicujus
2208 5245 2441 5302 fortasse
2481 5246 2658 5316 capite
2684 5243 3006 5317 profectum,
3053 5240 3206 5317 cujus
3232 5252 3513 5317 _non_crat

1931 5332 1995 5374 ea
2038 5311 2307 5388 doctrinae
2367 5311 2659 5388 capaci'tas,
2686 5311 2770 5368 'ut
2814 5311 3066 5388 operibus
3111 5311 3176 5366 D.
3232 5311 3511 5368 Prudentii

1931 5387 2272 5465 perlegendis
2321 5381 2771 5465 pervidendisque
2810 5381 3122 5465 sufﬁceret,’
3153 5399 3276 5452 qua:
3310 5391 3511 5465 myste-

1935 5453 2031 5514 riis
2051 5453 2116 5513 ei
2147 5453 2598 5514 reconditissimis
2619 5453 2951 5524 the050phize
2977 5453 3155 5524 adytis
3175 5469 3239 5508 ac
3260 5453 3512 5523 penetra-

1933 5527 2074 5585 libus
2107 5529 2287 5599 petitis
2311 5526 2660 5599 refertissima
2688 5521 2832 5587 sunt,
2859 5521 3000 5599 quod
3017 5521 3304 5599 perSpicue
3332 5524 3511 5592 palam

1933 5601 2060 5663 erit,
2096 5593 2216 5654 cum
2247 5606 2576 5654 memoratus
2606 5595 2742 5650 liber
2766 5611 2796 5650 e
2825 5593 3062 5649 tenebris
3099 5593 3353 5649 in’lucem
3387 5608 3514 5664 pro-

1935 5673 2113 5726 dierit.
2147 5701 2220 5710 ——
2243 5669 2360 5723 NIC.
2385 5667 2658 5723 Caesar.
2685 5665 3078 5736 'l‘mcassnsus,
3113 5665 3166 5736 in
3193 5664 3509 5736 Promptum-

1936 5745 2015 5796 rio
2045 5742 2413 5810 antiquitatum
2441 5737 2756 5793 Tricastinae
2780 5737 3034 5804 diwcesis,
3058 5735 3150 5792 fol.
3187 5735 3308 5790 165.
