4064 6346
561 262 695 321 1011

1562 260 1620 315 S.
1654 258 2037 317 PRUDENTII
2075 257 2463 317 TRECENSIS
2499 257 2809 333 EPISCQPI

554 379 787 439 devianti
837 377 1071 450 capitulo
1111 393 1350 449 congrua
1389 367 1762 447 depromerem
1796 374 2010 430 abunde
2038 388 2136 430 rev
2161 378 2211 439 Δ
2233 376 2341 446 piis
2378 375 2677 434 lectoribus
2716 376 2927 434 credidi
2960 376 3341 449 iudicandum,
3384 377 3432 435 si
3458 378 3571 437 tuis
3598 381 3821 441 monitu

551 483 769 540 sponsa.
793 466 1253 545 Quibusdecursis
1272 465 1605 535 solliciteque
1619 463 1930 534 perspectis,
1956 464 2133 535 reperi

548 560 605 619 in
630 544 718 617 «eis
742 558 1044 631 Pelagiana:
1078 573 1285 614 venena
1312 556 1570 627 perﬁdiae,
1608 562 1664 611 et
1690 555 1983 627 aliqumies
2007 554 2130 612 Ori-

550 651 705 723 genis
765 650 1055 706 amentiam
1080 691 1095 715 ,
1155 648 1691 720 Collyrianorumque
1750 647 2133 707 haereticorum

549 740 933 807 furiositatem,
962 757 1190 813 quorum
1214 741 1411 798 merito
1439 756 1471 797 a
1500 738 1782 796 catholica:
1808 739 1933 796 ﬁdei
1954 740 2129 797 culto-

547 833 700 890 ribus
763 849 829 890 ac
888 832 1379 905 propugnatoribus
1445 832 1796 891 validissimis
1846 831 2129 907 confutati,

546 938 884 997 censuraque
912 923 1227 994 justissimae
1259 924 1568 981 severitatis
1596 923 1766 981 multo
1793 930 1918 981 ante
1943 933 2131 983 nostra

546 1022 789 1087 tempera
824 1016 1063 1073 damnati
1094 1025 1239 1075 sunt.

611 1107 901 1169 lntremui.
932 1107 1123 1177 fateor,
1165 1116 1216 1165 et
1249 1109 1442 1179 expavi
1478 1117 1557 1165 tot
1585 1109 1713 1165 olim
1751 1123 1969 1167 errores
2001 1125 2131 1169 cum

543 1198 656 1253 suis
683 1198 996 1255 auctoribus
1027 1198 1143 1269 jam
1187 1201 1396 1271 sopitos
1424 1200 1626 1257 nostris
1661 1202 1839 1257 denuo
1869 1202 2127 1272 tempori~

540 1289 640 1347 bus
681 1289 979 1360 pullulare,
1019 1298 1076 1345 et
1126 1290 1438 1349 deﬁcientes
1477 1292 1749 1363 quondam
1776 1291 1953 1351 fumos
1984 1307 2133 1353 nova

539 1396 755 1437 rursum
782 1382 1108 1439 acccnsione
1129 1397 1433 1454 erumpere,
1469 1384 1661 1454 suique
1690 1383 1964 1439 noxietate
1990 1382 2129 1438 mul-

538 1479 715 1529 torum
736 1472 921 1528 oculos
948 1472 1181 1543 caligare
1208 1491 1225 1527 :
1253 1472 1451 1545 quibus
1470 1482 1528 1528 ut
1544 1473 1789 1544 jusseras
1818 1473 2129 1533 refellendis

536 1579 661 1649 cum
700 1565 937 1621 animum
969 1582 1220 1636 pararem
1251 1566 1547 1637 appellere,
1581 1565 1782 1623 laboris
1806 1565 2125 1627 difﬁcultate

535 1659 860 1729 perterritus
887 1658 1250 1717 deliberabam
1275 1660 1488 1730 penitus
1512 1660 1893 1715 omittendum.
1922 1657 2123 1717 Verum

2236 468 2473 527 dictante
2521 470 2724 540 pietate
2768 469 3009 539 libenter
3056 469 3386 542 Mens.
3436 469 3671 531 oﬂ‘erarn
3728 488 3822 541 μη

2235 558 2598 631 viii-portione
2620 562 2673 617 in
2699 561 2925 619 donaria
2944 561 3285 621 tabernaculi
3306 562 3521 619 Domini
3549 563 3685 628 mei.
3705 579 3823 634 qui

2234 649 2456 721 possim,
2473 650 2786 721 relinquens
2804 652 3193 723 potioribusae
3210 653 3571 717 doctioribus,
3588 668 3825 724 qumque

2233 740 2428 799 melius
2450 728 2716 797 valuerint
2734 749 2791 798 et
2814 740 3083 799 voluerint
3100 740 3399 801 oﬂ‘erenda.
3422 740 3537 801 Nec
3559 758 3749 813 pastae.
3769 752 3827 803 It

2233 830 2310 885 ait
2336 829 2392 886 S.
2420 831 2801 904 Hieronymus,
2828 830 3056 891 alterius
3070 847 3225 905 apes,
3247 832 3474 893 alterius
3500 842 3826 905 minus

2231 920 2445 979 foedari.

2299 1012 2497 1069 Fidens
2550 1012 2714 1085 igitur
2752 1016 2815 1073 in
2848 1016 2968 1085 ejus
2990 1014 3168 1084 gratia
3200 1027 3309 1085 qua
3347 1015 3728 1083 praevertimur
3768 1022 3827 1079 at

2228 1106 2367 1167 bene
2392 1106 2639 1171 velimus,
2663 1105 3138 1175 subsequimurue
3159 1104 3361 1161 frustra
3385 1104 3651 1172 velimus,
3668 1119 3827 1163 revu-

2227 1199 2356 1257 lutis
2381 1199 2607 1257 Palmm
2635 1197 2893 1257 consonis
2917 1212 3017 1268 per
3039 1197 3224 1255 omnia
3246 1198 3484 1269 paginis,
3512 1198 3650 1268 quid
3670 1198 3825 1268 quis-
3874 1252 3882 1257 .

2226 1308 2333 1367 que
2354 1307 2541 1349 eorum
2568 1291 2797 1348 autidoti
2829 1301 3022 1349 contra
3042 1291 3234 1349 eadem
3263 1306 3470 1348 venena
3498 1290 3821 1355 confecerit.

2230 1387 2523 1458 decerpere
2548 1384 2784 1443 ﬁdeliter
2807 1384 3018 1453 curavi,
3046 1383 3273 1455 pristim
3294 1382 3565 1454 cujusque
3584 1383 3825 1442 docnt-il

2225 1480 2465 1545 nomine,
2516 1477 2765 1547 libroque
2812 1476 3018 1547 pariter
3063 1477 3331 1533 intimato.
3374 1474 3560 1533 Verba
3606 1488 3829 1546 quoque

2224 1570 2464 1640 ejusdem
2488 1568 2711 1626 Joannis
2738 1577 2799 1627 ut
2825 1570 2896 1627 ab
2918 1584 2987 1626 eo
3010 1569 3222 1640 digesta
3245 1578 3375 1627 sum
3402 1568 3661 1639 μαι-ωδε
3693 1567 3827 1627 ω

2226 1663 2460 1729 inserui,
2496 1661 2786 1732 praeposito
2818 1661 2984 1719 etiam
3010 1661 3233 1719 nomine
3259 1661 3431 1732 ipsius
3456 1675 3587 1716 cum
3618 1675 3829 1730 praeo-

537 1751 812 1825 moneutis
855 1750 1179 1811 auctoritate
1230 1765 1494 1822 perpensa
1522 1791 1540 1817 ,
1597 1751 1708 1805 dixi
1768 1751 1938 1807 satius
1997 1765 2123 1807 cum
2152 1734 2199 1797 Β
2226 1758 2387 1815 dente
2412 1756 2543 1813 illud
2572 1764 2699 1813 nota
2735 1772 2861 1827 quae
2882 1754 3072 1815 Gme
3098 1756 3297 1815 dicitur
3323 1759 3471 1819 θῆτα,
3507 1770 3681 1825 quam
3704 1770 3825 1813 sel-

534 1844 717 1901 fructu
761 1845 1124 1913 obedientiaa,
1175 1847 1279 1903 etsi
1325 1847 1503 1903 minus
1548 1847 1743 1918 pleno,
1785 1846 2125 1917 aliquatenus

534 1934 683 2001 labi,
737 1951 899 2006 quam
941 1944 1185 2008 paterna:
1221 1936 1539 1993 reverentiae
1586 1935 1876 1993 timiditate
1912 1938 2124 2008 stupida

537 2027 832 2109 contraire,

606 2120 895 2177 Animatus
936 2121 1121 2191 itaque
1164 2120 1374 2177 meritis
1406 2119 1669 2191 rogantis,
1708 2119 2127 2190 arationumque

536 2212 930 2269 instantissima
964 2212 1199 2283 puritate
1237 2211 1545 2276 scribentis,
1582 2211 1759 2267 visum
1801 2217 1885 2266 est
1927 2209 2125 2265 librum

536 2303 809 2370 eumdem,
842 2303 888 2359 si
929 2318 1035 2375 qua
1072 2300 1212 2359 forte
1241 2301 1471 2357 inveniri
1503 2309 1707 2373 posset,
1752 2301 1996 2373 diligenti
2026 2316 2121 2357 cu-

533 2391 778 2450 riositate
803 2392 1142 2465 perquirere,
1169 2390 1322 2461 cujus
1343 2393 1483 2449 serie
1520 2391 1825 2448 salebrosas
1849 2399 2123 2451 tantorum

534 2498 781 2539 errorum
833 2484 1099 2539 torsiones
1142 2481 1386 2560 valerem,
1431 2480 1644 2538 facilius
1694 2480 1893 2537 intueri
1949 2499 1962 2535 :
2014 2495 2124 2552 quo

533 2574 707 2646 φύει
741 2574 871 2641 Dei,
919 2575 1036 2630 sine
1074 2589 1181 2644 qua
1222 2573 1354 2629 nihil
1392 2589 1510 2629 sum
1546 2581 1605 2629 et
1634 2572 1766 2628 nihil
1799 2586 2038 2644 possum,
2062 2580 2125 2628 ut

532 2672 845 2734 optaveram
886 2673 1156 2730 assecuto,
1199 2664 1530 2736 deprehendi
1566 2674 1828 2736 quantum
1864 2663 2123 2720 divinitus

535 2755 830 2829 inspiratus
858 2755 1029 2827 potui,
1054 2755 1279 2828 Pelagii,
1306 2754 1563 2823 Caelestii,
1589 2770 1889 2829 eorumque
1921 2768 2118 2826 sequa-

534 2848 615 2904 cis
637 2864 702 2905 ac
732 2847 1036 2905 defensoris
1073 2849 1325 2905 acerrimi
1349 2847 1549 2903 Juliani
1570 2889 1587 2915 ,
1614 2863 1711 2918 per
1733 2849 1918 2904 omnia
1952 2854 2125 2903 secta-

534 2953 708 2999 torem
742 2940 1004 3000 Joanneni
1045 2942 1296 2997 videlicet
1330 2939 1551 2999 εσθαι-ιιι
1591 2948 1741 3001 tanta
1788 2940 2123 3011 impudentia

533 3033 850 3088 orthodoxa:
886 3031 1012 3087 ﬁdei
1041 3031 1403 3102 Patribusque
1426 3031 1710 3087 catholicis
1738 3030 2116 3098 oblatrantem,

2227 1847 2408 1903 tentiis
2436 1846 2759 1916 capitalibus
2796 1845 3229 1903 damnandorum
3259 1846 3423 1916 aliqni
3456 1846 3829 1916 praescribere

2223 1936 2489 1993 solebant.
2528 1937 2589 1991 in
2617 1935 2801 1992 multis
2829 1935 2974 1990 enim
3003 1951 3111 1991 non
3142 1936 3309 1993 verba
3340 1934 3458 2005 ejus
3496 1933 3821 2005 interponi,

2223 2042 2344 2098 quae
2372 2027 2696 2099 loquacitate
2718 2026 2886 2082 nimia
2908 2026 3210 2099 legentibus
3232 2027 3511 2084 fastidium
3539 2028 3823 2098 ingemat,

2223 2118 2319 2174 sed
2347 2118 2597 2174 sensibus
2623 2133 2811 2174 eorum
2838 2133 2937 2189 pro
2963 2127 3126 2189 captu
3158 2133 3293 2174 mete
3321 2116 3647 2189 pusillitatis
3667 2132 3823 2175 vera-

2223 2215 2360 2270 citer
2384 2212 2616 2271 obviavi.
2656 2212 2977 2283 Ubicunque
3011 2218 3191 2267 autem
3212 2211 3320 2267 mei
3344 2210 3621 2268 sermonis
3645 2211 3820 2265 inter-

2222 2304 2422 2377 positio
2467 2303 2836 2361 necessarium
2890 2302 3071 2360 locum
3121 2302 3346 2377 expetit,
3399 2316 3469 2357 ne
3507 2300 3645 2371 quid
3688 2299 3820 2355 mihi

2224 2397 2546 2461 tribuerem,
2572 2394 2619 2450 si
2641 2394 2772 2465 quid
2797 2392 2926 2450 boni
2952 2406 3189 2464 superna
3216 2391 3392 2465 gratia
3417 2405 3520 2461 per
3550 2404 3693 2445 mea
3721 2388 3820 2444 lin-

2224 2503 2342 2556 guae
2365 2500 2626 2558 organum
2646 2484 2978 2556 loqueretur,
3004 2491 3191 2539 notam
3213 2495 3585 2553 superponere
3610 2479 3819 2545 studui,

2224 2596 2345 2651 quae
2372 2578 2440 2634 ab
2469 2578 2812 2651 Astigrapbis
2843 2576 3101 2635 crisimon
3135 2583 3505 2645 nuncupatur,
3557 2570 3817 2644 quoniam

2222 2671 2369 2726 velut
2409 2682 2817 2741 monogramma
2858 2666 3094 2724 nominis
3138 2662 3341 2722 ειη-ἰειὶ
3385 2662 3634 2735 emgiare
3678 2676 3817 2731 quo-

2224 2762 2348 2818 dam
2380 2760 2538 2816 modo
2567 2760 2830 2826 cernitur,
2854 2767 2917 2815 ut
2936 2757 3055 2827 ejus
3078 2766 3249 2813 totum
3277 2752 3631 2814 ostenderem
3655 2752 3819 2825 quid-

2222 2853 2354 2925 quid
2380 2853 2731 2925 benignitatis
2770 2851 2938 2923 ipsius
2983 2850 3247 2924 larginuis
3283 2848 3663 2919 indebilisque
3702 2863 3817 2903 mu.

2220 2947 2451 3005 aeribus
2492 2947 2861 3013 imbiblssem,
2909 2943 3042 3000 illud
3066 2944 3232 3000 etiam
3262 2943 3580 2998 necessario
3607 2938 3816 2996 credidi

2218 3038 2663 3111 praemonendum
2682 3081 2696 3103 ,
2724 3044 2785 3093 ut
2810 3045 2914 3093 tua
2937 3035 3292 3093 beatitudinis
3323 3033 3665 3106 perspicacia
3692 3032 3820 3087 sub-

535 3140 599 3180 ac
626 3126 670 3179 si
709 3140 848 3181 unus
876 3124 1098 3196 spiritus
1140 3092 1411 3179 Julian-um
1451 3122 1824 3195 Joannemque
1854 3124 2117 3181 docuerit.
2148 3092 2194 3155 Ο
2223 3092 2394 3189 {inter
2413 3092 2749 3200 solliciteque
2774 3129 3037 3194 attendat,
3056 3126 3287 3199 quantis
3403 3092 3549 3180 idem
3576 3124 3817 3180 Joannes

534 3213 688 3270 Unus
716 3215 967 3284 idemque
988 3212 1223 3284 Spiritus
1242 3214 1297 3268 in
1316 3213 1397 3270 eis
1420 3213 1607 3281 fuerit,
1626 3230 1728 3270 nec
1748 3215 1932 3285 dispar
1952 3213 2123 3285 Spiri-

534 3322 622 3365 tus
645 3325 744 3380 per
764 3325 953 3366 eorum
979 3309 1209 3382 linguas,
1237 3317 1321 3366 tot
1332 3320 1633 3383 tantasque
1660 3309 2120 3383 blasphemiarum

536 3416 771 3456 nauseas
808 3402 1129 3461 evomuerit.
1180 3399 1317 3459 Nam
1346 3411 1407 3459 et
1449 3402 1739 3475 gratuitam
1766 3400 1863 3459 Dei
1890 3401 2121 3475 gratiam

534 3490 782 3562 pariliter
806 3492 1125 3563 impugnant
1143 3534 1156 3558 ,
1184 3502 1241 3549 et
1268 3493 1363 3550 Dei
1383 3494 1653 3567 justitiam
1683 3490 1936 3550 similiter
1961 3496 2124 3550 dene-

535 3591 686 3654 gant,
727 3592 783 3639 et
817 3584 1080 3657 originale
1115 3594 1419 3657 peccatum,
1451 3588 1592 3658 quod
1626 3597 1913 3645 nascentes
1954 3587 2124 3643 trabi-

532 3692 654 3732 mus
673 3716 689 3743 ,
718 3692 934 3749 quoque
963 3693 1071 3733 non
1108 3678 1212 3735 nisi
1250 3678 1455 3735 caelesti
1482 3681 1655 3751 gratia
1684 3694 1780 3752 per
1805 3681 2121 3752 mysterium

532 3768 874 3838 baptismatis
903 3768 1183 3836 solvimur,
1222 3770 1528 3826 indissimili
1552 3771 1871 3843 garrulitate
1911 3770 2121 3827 dissua-

484 3934 489 3939 ‘
533 3860 682 3923 dent,
712 3859 1045 3931 argutiisque
1085 3859 1386 3916 dialecticis
1409 3860 1682 3917 simillima
1712 3861 1952 3918 vanitate
1978 3859 2121 3916 desi-

531 3950 706 4020 piunt.
749 3950 1134 4008 [lectissimum
1163 3953 1329 4008 etiam
1360 3962 1673 4010 sanctarum
1715 3954 2123 4026 Scripturarum

532 4040 899 4110 intellectum,
940 4043 1272 4113 Patrumque
1310 4040 1703 4102 catholicorum
1757 4063 1978 4103 sensum
2030 4063 2122 4103 sa-

533 4130 815 4187 nissimum
855 4140 964 4188 tam
998 4135 1267 4190 concinna
1309 4136 1654 4192 varicositate
1702 4146 2020 4209 pervertunt
2057 4154 2123 4196 ac

533 4225 581 4280 si
611 4241 887 4295 nunquam
915 4229 1175 4286 adversus
1201 4246 1389 4288 eorum
1412 4247 1626 4288 errores
1651 4232 1929 4303 quidpiam
1954 4233 2124 4291 fuerit

536 4316 841 4372 actitatum.

2221 3223 2698 3281 contrarietatibus
2744 3224 3042 3294 impugnet,
3086 3219 3179 3290 qui
3223 3234 3289 3274 ea
3324 3232 3447 3288 qua
3475 3232 3624 3272 nunc
3670 3214 3819 3270 afﬁr-

2224 3324 2357 3382 mat,
2388 3326 2510 3385 post
2543 3315 2791 3386 denegat,
2828 3327 2951 3384 (piat
2983 3310 3146 3369 modo
3173 3310 3387 3382 loquaci
3413 3308 3661 3367 vanitate
3687 3307 3821 3362 diﬁ-

2224 3415 2389 3473 tetur,
2431 3405 2776 3481 postmodum
2827 3403 3152 3476 loquacitate
3200 3402 3527 3487 conﬁteatu-
3560 3401 3718 3457 Adeo
3760 3408 3822 3455 ut

2225 3508 2319 3554 aut
2362 3514 2470 3555 non
2506 3497 2702 3553 viderit
2749 3496 2882 3567 quid
2915 3495 3133 3562 dixerit,
3169 3503 3265 3550 aut
3314 3510 3344 3549 a
3380 3493 3533 3552 nullo
3579 3505 3819 3564 unquam

2224 3589 2398 3647 videri
2425 3588 2715 3659 putaverit.

2295 3680 2664 3752 Quaesoigitur
2675 3686 2736 3734 ut
2746 3678 2926 3734 omnia
2941 3677 3227 3751 vigilanter
3237 3675 3821 3746 studiosequeperme-

2222 3774 2366 3829 tiens
2383 3772 2645 3845 quidquid
2658 3770 2888 3827 ﬁdeliter
2899 3770 3104 3827 dictum
3113 3768 3468 3839 judicaveris,
3483 3767 3701 3823 auctori
3716 3765 3820 3822 Do-

2222 3867 2375 3927 mino
2387 3865 2589 3938 gratias
2603 3865 2810 3937 agendo
2823 3865 3064 3953 deputes.
3078 3861 3145 3919 Si
3161 3862 3291 3933 quid
3310 3874 3443 3953 vero
3462 3859 3635 3932 (quod

2222 3972 2381 4017 secus
2394 3952 3011 4026 reperies,imbecillitati
3029 3950 3507 4023 mezecompatiens
3519 3943 3821 4005 emendare

2223 4065 2293 4105 ne
2322 4048 2558 4104 diil‘eras.
2589 4046 2787 4116 Sicque
2812 4045 3044 4102 fructum
3070 4043 3173 4116 pia:
3206 4041 3511 4099 devotionis
3541 4039 3822 4112 duplicato

2222 4142 2409 4200 fenore
2449 4142 2823 4213 consequeris,
2859 4141 2904 4196 si
2942 4148 2997 4195 et
3024 4139 3168 4196 votis
3187 4139 3276 4212 pie
3295 4136 3543 4211 jubentis
3571 4137 3665 4208 pie
3686 4149 3821 4207 pro-

2220 4234 2332 4293 lata
2364 4233 2752 4305 respondeant,
2784 4240 2839 4288 et
2873 4231 2979 4288 alio
3003 4231 3227 4286 nitentia
3255 4230 3322 4286 ad
3350 4245 3508 4285 suum
3534 4226 3819 4283 tramitem

2223 4323 2542 4398 dirigantur.
2598 4322 2856 4379 Orantem
2908 4337 3007 4393 pro
3056 4320 3192 4376 meis
3251 4318 3630 4390 multipliciter
3680 4329 3820 4387 pra-

605 4404 814 4510 Quibus
847 4422 970 4463 cum
1008 4424 1038 4463 a
1076 4408 1347 4513 Patribus,
1388 4413 1765 4484 praecipueque
1804 4415 2119 4472 beatissimo
2142 4448 2199 4515 Ι)
2222 4415 2526 4479 valentibus
2568 4413 2764 4469 mentis
2794 4420 2849 4469 et
2882 4411 3125 4481 corporis
3149 4409 3559 4513 inﬁrmitatibus

531 4497 865 4569 Augustino,
898 4500 1389 4571 competentissime
1427 4501 1997 4576 abundautissimeque
2036 4520 2120 4563 re-
2142 4497 2195 4515 "
2225 4508 2418 4565 simam
2445 4503 2836 4560 Paternitatcm
2862 4502 3034 4571 Tuam
3060 4503 3234 4558 virtus
3271 4499 3666 4572 omnipotentis
3695 4511 3817 4569 gra-

533 4591 791 4661 sponsum
835 4589 1019 4660 fuerit,
1068 4602 1408 4667 nequaquam
1462 4611 1549 4652 me
1598 4599 2034 4672 praesumptionis
2082 4612 2114 4655 a

2223 4597 2313 4655 tia:
2335 4595 2432 4654 Dei
2454 4596 2726 4669 vigentem
2750 4610 2814 4651 ac
2836 4592 3092 4666 sospitem
3123 4606 3339 4648 servare
3368 4590 3645 4663 dignetur.

541 4766 3811 4813 Μ

1623 4948 2165 5068 INCIPIT
2251 4942 2711 5059 LIBER.

601 5263 660 5321 in
686 5264 903 5321 nomine
920 5262 1120 5335 Patris,
1152 5274 1208 5322 et
1231 5264 1378 5335 Filii,
1410 5271 1464 5321 et
1494 5260 1730 5336 Spiritus
1754 5259 1948 5327 sancti,
1977 5258 2114 5316 Pru-

534 5352 747 5413 dentius
767 5352 998 5413 famulus
1012 5354 1220 5413 Christi
1248 5355 1574 5426 familiaque
1601 5353 1737 5425 ejus.

1065 5465 1291 5523 CAPUT
1320 5463 1611 5521 PRIMUM.

538 5558 841 5625 Quadruuio
869 5559 1169 5631 regularum
1192 5559 1349 5614 totius
1380 5556 1721 5631 philosophia:
1747 5563 1976 5628 quatuor
1996 5570 2114 5611 om-

1008 5647 1123 5686 nem
1139 5627 1479 5707 qua’stionent
1498 5627 1648 5685 solui.

586 5686 977 5793 blasphemia
1020 5686 1165 5790 tuas,
1219 5698 1474 5790 Joannes,
1523 5729 1686 5793 atque
1730 5723 2111 5795 impudentius,

2221 5258 2421 5331 quibus
2440 5254 2498 5310 in
2524 5250 2619 5309 Dei
2641 5249 2930 5325 gratuitam
2953 5246 3182 5320 gratiam
3199 5243 3579 5317 iustitiamque
3600 5240 3815 5299 inlexi-

2220 5348 2387 5407 bilem
2424 5360 2624 5420 procax
2664 5338 2958 5407 inveberis,
2998 5352 3261 5411 percurso
3289 5344 3394 5391 tuae
3432 5332 3815 5407 perversitatis

2222 5440 2362 5497 libro
2381 5479 2397 5506 ,
2425 5452 2587 5510 quem
2612 5433 2712 5491 sub
2737 5431 2959 5488 nomine
2986 5427 3267 5500 cujusdam
3299 5425 3671 5485 Gottescalclai
3710 5424 3815 5481 ad.

2222 5547 2413 5589 versus
2434 5542 2624 5586 omnes
2643 5521 2935 5582 catholicos
2947 5518 3205 5587 eﬂudisti,
3220 5534 3286 5577 eo
3305 5518 3586 5575 molestius
3600 5514 3811 5585 saecli,

2222 5640 2331 5697 quo
2372 5632 2426 5679 te
2459 5619 2783 5676 familiarius
2813 5613 3202 5687 amplectebar,
3247 5609 3573 5685 peculiarius
3619 5607 3813 5679 dilige-

2224 5720 2347 5777 bam
2376 5732 2392 5775 :
2427 5713 2626 5789 quippe
2649 5709 2745 5785 qui
2774 5708 2833 5789 in
2869 5714 3078 5787 tantum
3116 5702 3352 5765 vesania
3374 5698 3723 5777 prorupa'is,
3751 5702 3835 5761 ut,
