4064 6346
261 306 401 368 1013

1085 305 1175 363 DE
1209 304 1886 366 PREDESTINATIONE
1918 302 2199 363 CONTRA
2233 303 2285 360 ε.
2321 301 2626 363 δϐθτυιί.

3375 304 3516 359 1014

257 423 632 498 gravissimam
669 429 980 480 sanctarum
1017 420 1424 492 Scripturarum
1455 421 1908 485 auctoritates-ﬁ
1935 402 2040 490 que
2062 418 2320 488 supplicis
2347 420 2502 484 'ﬁdei,
2527 429 2875 488 nequaquam
2910 416 3222 485 sophisticis
3253 415 3523 472 illusioni-

258 514 367 569 tuis
389 513 573 584 pravis
603 511 1138 588 interpretationibus
1167 513 1538 583 detorqueres,
1571 527 1840 583 salsaque

257 603 650 660 catholicorum
680 601 900 664 Patrum
935 591 1219 678 perversis"
1245 603 1559 662 invertenda
1593 603 1843 660 sensibus

259 695 520 751 edoceres
554 711 568 749 :
599 694 856 750 nimirum
885 694 1243 764 quadruvium
1267 695 1548 764 quoddam
1580 693 1736 749 nobis
1763 693 1846 748 in-

261 783 534 855 telligendi
578 781 888 854 Scripturas
928 783 1213 856 afﬁngens,
1253 785 1400 854 quod
1417 792 1610 853 patres
1647 785 1844 849 nostri,

259 875 510 932 videlicet
545 890 735 931 omnes
773 875 1022 932 catholici
1069 883 1407 940 tractaturos,
1447 876 1630 932 divina
1657 875 1860 930 humu--

261 982 438 1035 naque
452 966 716 1036 sapientia
739 965 1135 1036 prteftdgentes,
1159 982 1282 1022 cum
1296 968 1460 1024 amita
1481 967 1856 1026 eruditissime
1875 1013 1877 1016 ‹

261 1055 794 1128 luculentissimeque
831 1058 1044 1114 C(Blitus
1078 1059 1268 1127 imbuti
1305 1059 1642 1128 exponendo.
1682 1065 1861 1128 attine-

264 1146 598 1219 intelligendi
625 1149 838 1220 regulas
851 1148 1153 1220 modosque
1174 1149 1502 1206 locutionum
1525 1149 1848 1220 multiplices

266 1239 558 1308 aperiendo
583 1239 920 1310 reliquerint,
947 1241 1001 1295 in
1027 1240 1222 1310 quibus
1247 1241 1446 1296 nullam
1466 1240 1851 1311 tuiquadruvii

266 1329 602 1384 mentionem
660 1321 853 1385 fecisse
898 1329 1212 1400 probantur,
1260 1332 1478 1400 penitus
1516 1340 1854 1399 citiitetttpso-

267 1433 395 1477 runt
421 1439 435 1477 :
469 1431 827 1493 proponentcs
853 1422 1011 1479 nobis
1035 1423 1288 1479 videlicet
1305 1433 1360 1481 et
1380 1423 1548 1480 multo
1581 1423 1850 1486 meliores,

268 1511 572 1566 sanctiores
615 1511 990 1583 doctioresque
1033 1515 1168 1580 vias,
1225 1530 1453 1585 quarum
1497 1513 1856 1584 opitulatione

269 1600 506 1668 subnixi,
553 1609 606 1657 et
638 1604 984 1673 strOpharum
1027 1613 1246 1682 tuarum.
1283 1605 1598 1662 feculentias
1627 1606 1878 1672 evitare,

269 1698 324 1745 et
345 1690 635 1761 puritatem
654 1692 1067 1768 simplicissima:
1089 1697 1213 1752 ﬁdei
1227 1696 1544 1754 clarissimis
1557 1715 1623 1756 ac
1646 1699 1858 1756 suavis-

1939 515 2061 574 bus,
2079 513 2182 567 sed
2205 510 2604 581 Scripturarum
2631 518 2943 564 sanctarum
2965 507 3383 562 evidentissimis
3399 506 3524 562 allev

1941 603 2246 672 ga-tiottibus
2273 609 2607 655 uterentur:
2647 613 2769 668 quae
2801 597 3054 668 quoniam
3099 597 3266 651 multa
3303 605 3433 653 sunt
3471 605 3526 653 et

1939 705 2050 751 tam
2079 695 2358 750 notissima
2389 701 2451 746 ut
2475 693 2602 748 huic
2627 692 2777 762 operi
2807 699 3000 746 cuncta
3030 689 3272 744 inserere
3302 689 3524 762 longum

1945 801 2010 841 ac
2027 786 2354 856 superﬂuum
2371 783 2669 853 iudicetur,
2697 784 2859 837 unius
2882 790 3086 837 tantum
3107 781 3281 837 Patris
3309 790 3528 838 senten-

1947 876 2078 930 tiam
2120 877 2418 946 ponendam
2467 875 2736 938 duximus,
2766 873 2918 942 cujus
2959 873 3335 944 astipulatione
3379 873 3528 943 ﬁdei,

1947 967 2161 1022 caneris
2180 967 2484 1022 nullatenus
2511 965 2804 1022 credulitas
2825 966 3130 1037 derogetur.
3347 957 3362 972 ’

2019 1057 2129 1112 Leo
2162 1055 2445 1127 epiScopus
2471 1057 2634 1112 Leoni
2651 1057 2892 1128 Augusto
2922 1057 3091 1128 (epist.
3124 1056 3247 1126 164)
3279 1071 3294 1110 :
3331 1055 3534 1131 [Multis

1951 1147 2395 1203 manifestissime
2413 1148 2751 1203 documentis
2771 1147 3058 1221 probatum
3087 1163 3208 1203 esse
3240 1149 3370 1203 mihi
3400 1165 3534 1222 gau-

1954 1239 2088 1293 dens
2117 1244 2379 1306 quantum
2407 1237 2699 1292 universali
2723 1237 2978 1293 Ecclesiae
2999 1237 3294 1294 consulatis
3319 1238 3534 1307 affectu,

1955 1327 2242 1397 praceptis
2279 1327 2500 1396 pietatis
2519 1337 2736 1393 vestrae,
2773 1327 2862 1382 ubi
2889 1327 3123 1396 primum
3149 1327 3321 1394 licuit,
3345 1343 3540 1399 parere

1956 1433 2064 1474 non
2106 1417 2308 1484 distuli,
2344 1419 2580 1488 dirigens
2624 1417 2980 1474 Donatianum
3021 1427 3080 1472 et
3127 1417 3534 1487 Geminianum,

1959 1510 2156 1567 fratres
2205 1519 2262 1568 et
2299 1513 2645 1583 coepiscOpos
2684 1528 2854 1578 meos,
2899 1515 2988 1584 qui
3030 1513 3176 1582 apud
3221 1529 3316 1568 vos
3351 1525 3543 1584 preces

1961 1619 2096 1658 mete
2153 1603 2524 1660 sollicitudinis
2561 1613 2943 1674 exsequentes,
2991 1621 3089 1676 pro
3149 1607 3328 1676 quiete
3383 1608 3537 1662 vobis

1962 1693 2222 1749 doctrina:
2275 1694 2608 1763 Evangelica:
2661 1695 3063 1766 supplicarent,
3122 1707 3179 1751 et
3238 1696 3544 1752 libertatem

271 1778 427 1834 simis
474 1778 710 1836 fontibus
754 1782 972 1840 haurire
1010 1792 1065 1840 et
1117 1786 1404 1857 propinare
1449 1788 1508 1844 in
1549 1789 1768 1845 nomine
1800 1797 1860 1846 et

1968 1781 2109 1848 ﬁdei,
2152 1783 2207 1837 in
2237 1797 2344 1854 qua
2373 1785 2666 1839 secundum
2701 1786 3058 1841 erud-itionem
3093 1785 3332 1857 Spiritus
3365 1787 3546 1842 sancti

272 1869 546 1939 adiutorio
569 1868 948 1944 auxiliatricis,
984 1877 1094 1934 imo
1122 1881 1512 1952 praeventricis,
1541 1883 1732 1954 gratiae
1758 1881 1857 1940 Dei

271 1973 565 2030 possimus.

827 2071 1054 2115 JOANNES
1086 2074 1306 2118 SCOTUS.

347 2160 746 2235 (Cap.i,num.l
757 2173 932 2236 ,ηοω
943 2173 1028 2244 .)Θ
1041 2174 1336 2232 Conﬁcitur
1349 2178 1474 2234 inde
1485 2193 1670 2235 veram
1684 2179 1860 2250 philo-

274 2254 522 2323 sophiam
542 2272 662 2315 esse
679 2275 863 2318 veram
891 2265 1228 2336 religionem,
1249 2271 1660 2340 convenimque
1672 2287 1860 2328 veram

275 2346 590 2418 religionem
613 2366 736 2408 esse
758 2369 942 2414 veram
964 2358 1379 2430 phiiosophiam,
1393 2379 1513 2432 quae
1533 2366 1660 2421 dum
1685 2365 1862 2422 multi-

276 2434 466 2494 fariam
496 2439 830 2515 diversisque
852 2447 1025 2502 modis
1052 2449 1343 2516 dividatur,
1382 2452 1466 2508 bis
1497 2455 1653 2509 binas
1673 2463 1860 2510 tamen

275 2538 460 2597 partes
485 2533 808 2606 principales
833 2539 906 2596 ad
927 2555 1152 2598 omnem
1171 2546 1524 2613 quaestionem
1549 2547 1858 2603 solvendam

275 2624 616 2680 necessarias
649 2626 854 2686 habere
881 2631 1238 2702 dignoscitur,
1265 2651 1403 2706 quas
1427 2635 1632 2694 Graecis
1659 2640 1862 2708 placuit

277 2714 564 2772 nominare
583 2729 889 2793 Atutprrmi.
1158 2767 1174 2794 ,
1197 2729 1548 2793 ’Δποδεικτηιή
1567 2773 1580 2796 ,
1609 2733 1890 2792 ’Δναλυτι-’
1929 2791 1946 2807 ,

275 2812 362 2871 κὴ,
394 2808 718 2882 easdemque
738 2814 993 2887 latialiter
1007 2833 1299 2889 possumus
1319 2825 1503 2880 dicere
1525 2827 1860 2894 divisoriam,

277 2895 640 2968 difﬁnitivam,
667 2902 1166 2976 demonstrativam,
1201 2915 1549 2971 resolutivam
1585 2937 1599 2970 :
1633 2933 1862 2988 quarum

279 2988 426 3042 enim
455 2991 630 3060 prima
674 3010 842 3056 unum
867 2998 924 3052 in
957 3001 1126 3056 multa
1157 3004 1444 3061 dividendo
1472 3017 1736 3078 segregat,
1775 3023 1864 3063 se-

279 3079 458 3133 cunda
494 3097 660 3138 unum
690 3085 758 3141 de
785 3088 969 3150 multis
987 3090 1295 3150 deﬁniendo
1325 3095 1554 3168 colligit,
1581 3099 1741 3152 tertia
1770 3113 1868 3168 per

280 3171 600 3240 manifesta,
655 3178 869 3235 occulta
917 3182 1337 3243 demonstrando
1391 3190 1603 3258 aperit,
1670 3202 1864 3261 quarta

278 3263 580 3332 composita
621 3266 678 3321 in
715 3269 982 3342 simplicia
1025 3278 1327 3347 separando
1369 3280 1643 3348 resoltrit,,
1677 3297 1865 3340 eorum

279 3353 446 3445 etiam
476 3359 722 3430 exempla
757 3361 812 3422 in
857 3378 1114 3434 processu
1155 3367 1316 3438 hujus
1351 3374 1555 3442 operis,
1603 3383 1866 3445 quantum

278 3441 399 3513 ipsa
447 3445 559 3515 lux,
599 3466 722 3521 quae
762 3453 1030 3514 illuminat
1067 3474 1164 3515 cor
1197 3441 1555 3530 qumrontium
1582 3441 1666 3531 se,
1711 3467 1868 3524 nobis

279 3539 489 3634 aditum
543 3560 759 3615 rerum,
811 3567 948 3620 quas
1003 3569 1268 3612 conamur
1305 3559 1542 3630 ingredi,
1593 3565 1870 3634 aperuerit

277 3633 654 3692 ostendimus:
687 3639 772 3695 his
807 3642 954 3714 enim
987 3653 1246 3717 tanqu
1276 3650 1392 3708 utili
1419 3653 1661 3722 quodam
1700 3656 1870 3712 hone-

279 3729 476 3819 stoque
513 3725 764 3788 humanae.
797 3736 1234 3802 ratiocinationis
1265 3746 1565 3814 quadruvio
1591 3749 1660 3804 ad
1694 3751 1868 3819 ipsam

277 3813 594 3884 disputandi
623 3822 994 3896 disciplinam,
1019 3846 1141 3901 quin
1163 3842 1247 3892 est
1273 3837 1490 3905 veritas,
1519 3840 1698 3896 omnis
1713 3813 1776 3896 in
1802 3857 1868 3897 ea

278 3907 528 3966 eruditus
549 3915 824 3986 perveniri
849 3934 959 3976 non
977 3920 1208 3980 dubitat.

911 4067 1231 4134 conneq'rto.

365 4163 409 4234 ει-
439 4159 650 4230 Quanta
694 4164 838 4220 enim
872 4175 1062 4246 contra
1101 4168 1342 4246 diversas
1373 4169 1606 4229 haereses
1635 4174 1872 4246 majores

283 4256 460 4311 nostri
499 4255 729 4328 egerint,
771 4251 1290 4340 testantur'concilia
1319 4262 1506 4322 multis
1531 4265 1698 4322 totius
1719 4265 1872 4335 orbis

282 4348 536 4404 Patribus
561 4357 750 4404 sancto
773 4347 975 4422 Spiritu
1001 4341 1316 4427 aggregata,
1341 4363 1612 4412 testantur
1637 4365 1758 4428 acta
1781 4373 1872 4430 εγ..

283 4439 524 4506 nodica,
579 4448 904 4498 attestantur
955 4445 1119 4500 etiam
1177 4433 1462 4502 doctorum
1511 4449 1870 4520 probabilium

282 4532 486 4602 scripta
544 4533 822 4600 veridica,
881 4529 1075 4606 quibus
1132 4539 1452 4594 auctoritate
1520 4538 1874 4610 insuperabili

283 4620 608 4692 simplicitas
642 4629 804 4694 atque
841 4623 1087 4680 soliditas
1114 4626 1180 4682 de
1218 4643 1278 4682 re
1307 4627 1427 4683 ﬁdei
1459 4627 1678 4684 defensa
1706 4639 1870 4702 atque

284 4709 674 4769 invincibiliter
715 4715 1011 4785 approbata
1042 4731 1151 4771 non
1194 4718 1268 4772 tui
1295 4718 1578 4787 quadruvii
1616 4720 1766 4776 tricis
1792 4723 1874 4780 in-

283 4805 470 4860 voluta
496 4820 559 4860 ac
577 4804 816 4862 deterius
845 4805 1117 4877 implicata
1144 4808 1498 4880 dignoscitur.
1525 4810 1656 4864 Nam
1684 4826 1870 4884 quem-

286 4899 579 4954 admodum
609 4908 879 4973 gestorum
917 4901 1106 4958 ordine
1135 4901 1465 4973 Patrumque
1505 4903 1704 4960 litteris
1741 4906 1874 4962 ﬁde-
1909 4969 1911 4972 ,

257 4943 416 5030 llilnr
443 4992 732 5030 crint-amur
760 5011 772 5023 -
800 5009 921 5030 num
951 5003 1002 5030 nr
1023 4995 1160 5030 onml
1189 4995 1422 5030 Ninmnm
1444 4997 1508 5030 ιη’
1527 5013 1688 5030 nnaanc
1711 4997 1870 5030 {‘I‘ol,

289 4992 416 5046 liter
443 4992 732 5050 edocemur
760 5011 773 5048 :
799 5009 923 5050 cum
951 5003 1006 5050 et
1022 4995 1164 5066 apud
1187 4995 1424 5052 Nicaeam
1444 4997 1508 5053 et'
1527 5013 1694 5068 penes
1711 4997 1874 5054 Chal-

289 5074 573 5150 cedonem,
608 5083 879 5154 Ephesum
897 5125 912 5152 ,
941 5084 1474 5160 Constantinopolim,
1502 5088 1870 5158 Antiochiam,

237 5223 250 5234 ,
288 5172 768 5246 Mesopotamiam,
814 5173 1092 5246 Africam,
1149 5175 1418 5246 Romam,
1485 5180 1700 5252 aliaque
1752 5181 1872 5238 loca

290 5267 708 5338 quamplurima,
740 5269 1000 5326 adversus
1019 5272 1296 5330 catholica:
1311 5272 1434 5330 ﬁdei
1447 5273 1871 5346 impugnatores,

289 5357 522 5414 diversis
559 5360 775 5431 quidem
804 5363 1012 5432 modis',
1054 5366 1148 5420 sed
1184 5365 1373 5424 eadem
1409 5367 1536 5424 ﬁdei
1564 5367 1876 5434 sinceritate

288 5450 620 5506 unanimiter
643 5463 915 5524 ageretur,
937 5464 994 5510 et
1015 5455 1155 5512 inter
1183 5455 1600 5514 conﬂictandum
1624 5474 1754 5530 pars
1779 5459 1875 5515 ad-

287 5556 451 5596 versa
487 5541 802 5613 dialecticis,
837 5546 948 5602 imo
982 5549 1292 5619 sophisticis
1319 5549 1755 5608 conclusionibus
1791 5551 1878 5607 ni-

292 5637 524 5710 teretur,
567 5635 738 5690 sancti
773 5636 960 5708 procul
1011 5638 1173 5694 dubio
1220 5639 1454 5712 Spiritus
1501 5642 1875 5700 incordatione

291 5703 608 5814 al‘Patribus
639 5703 857 5812 cautum
885 5737 1052 5788 estut
1078 5703 1386 5802 defensores
1419 5743 1880 5808 propugnatores!

1895 3133 1942 3196 C

1962 1875 2080 1945 ipse
2121 1877 2390 1946 praecipue
2433 1877 2659 1942 emines,
2693 1879 3032 1945 obtinerent;
3087 1881 3315 1948 repulsis
3353 1879 3545 1950 procul

1962 1967 2204 2023 hostibus
2219 1967 2422 2023 Christi
2439 1968 2531 2036 qui
2553 1968 2768 2023 etiamsi
2793 1968 3090 2024 voluissent
3114 1968 3349 2028 furorem
3387 1984 3547 2024 suum

1964 2068 2168 2130 tegere,
2216 2075 2325 2116 non
2365 2053 2615 2126 laterent,
2673 2062 2800 2130 quia
2842 2062 2945 2118 alia
2989 2073 3077 2117 est
3122 2061 3389 2117 Dominici
3434 2076 3550 2132 gre-

1963 2151 2048 2222 gis
2093 2159 2277 2208 sancta
2317 2151 2668 2222 simplicitas,
2715 2151 2818 2208 alia
2853 2153 2954 2208 sub
3001 2153 3198 2208 vestitu
3249 2153 3432 2209 ovium
3480 2152 3552 2206 si-

1963 2243 2188 2299 mulatio
2221 2243 2503 2300 latentium
2539 2245 2866 2312 bestiarum;
2911 2261 3011 2302 nec
3039 2257 3267 2318 possunt
3291 2249 3404 2318 jam
3447 2261 3546 2318 per

1967 2333 2294 2404 hypocrisim
2342 2333 2604 2404 irrepere,
2631 2349 2766 2405 quos
2796 2345 2960 2392 tanta:
3003 2337 3156 2392 furor
3181 2336 3553 2393 manifestavit

1965 2424 2210 2480 insania.
2261 2425 2510 2495 Agnosco
2555 2426 2739 2496 igitur,
2779 2429 3103 2484 venerabilis
3148 2429 3464 2500 imperator,
3496 2430 3554 2485 in

1966 2525 2230 2584 quantum
2273 2517 2440 2574 totius
2475 2518 2661 2574 mundi
2703 2520 3013 2590 praesidium
3049 2523 3230 2576 divina
3267 2523 3342 2577 sis
3374 2523 3555 2593 provi-

1969 2607 2150 2664 dentia
2199 2619 2558 2680 preparatus,
2585 2619 2642 2665 et
2666 2612 2796 2682 quid
2829 2613 3016 2668 auxilii
3050 2615 3207 2669 matri
3238 2623 3341 2670 tuae
3365 2613 3553 2670 Eccle-

1970 2699 2067 2754 siae
2091 2701 2310 2767 debeas,
2343 2717 2464 2772 quae
2491 2711 2548 2758 te
2576 2701 2686 2758 tilio
2723 2706 2959 2761 maxime
2985 2707 3266 2779 gloriatur,
3293 2707 3552 2778 intellige.

1975 2789 2094 2846 Non
2146 2791 2397 2848 sinuntur
2445 2803 2635 2849 contra
2677 2796 2917 2850 dextera
2947 2799 3333 2868 omnipotentis
3365 2799 3555 2853 trium-

1971 2885 2110 2954 phos
2151 2884 2407 2942 redivivis
2452 2899 2737 2957 assurgere
2781 2888 3016 2943 motibus
3060 2889 3328 2944 exstincta
3375 2899 3554 2945 certa-

1972 2976 2139 3037 mina.
2179 2977 2479 3046 praesertim
2519 2992 2642 3034 cum
2681 2978 2737 3033 id
2766 2979 3034 3036 damnatis
3070 2979 3390 3049 jamdudum
3445 2983 3557 3038 hae-

1975 3067 2264 3124 reticorum
2297 3068 2522 3124 ausibus
2549 3071 2772 3126 omnino
2800 3087 2908 3126 non
2942 3072 3122 3140 liceat,
3147 3085 3201 3128 et
3233 3074 3319 3130 hic
3346 3074 3559 3132 fructus

1973 3159 2084 3229 piis
2129 3159 2406 3214 laboribus
2457 3160 2739 3228 debeatur,
2775 3165 3036 3219 momnis
3084 3164 3342 3221 Ecclesiae
3390 3164 3559 3236 pleni-

1973 3249 2106 3304 tudo
2145 3249 2200 3303 iu
2249 3264 2360 3304 sum
2399 3249 2625 3306 unitatis
2666 3251 2942 3309 soliditate
2987 3267 3177 3311 secura
3206 3265 3550 3326 permaneat,

1972 3341 2214 3412 nihilque
2257 3357 2480 3413 prorsus
2525 3345 2590 3402 de
2631 3345 2769 3403 bene
2825 3349 3140 3420 compositis
3192 3357 3556 3405 retractetur:

1971 3435 2094 3504 quia
2113 3444 2234 3504 post
2254 3435 2522 3506 legitimas
2543 3445 2600 3492 et
2620 3437 2879 3495 divinitus
2899 3440 3188 3511 inspiratas
3216 3439 3560 3496 constitutio-

1971 3541 2070 3582 ncs
2112 3525 2248 3582 velle
2291 3527 2579 3598 confligere
2613 3545 2720 3585 non
2759 3531 2972 3601 pacifici
3009 3541 3091 3587 est
3117 3531 3310 3596 animi,
3343 3531 3436 3586 sed
3467 3545 3554 3586 re-

1971 3617 2146 3684 bellis,
2183 3619 2396 3676 dicente
2417 3619 2714 3688 Apostolo:
2748 3620 2876 3676 Noli
2905 3623 3070 3677 verbis
3105 3623 3414 3677 contendere
3436 3635 3456 3674 :
3483 3621 3553 3676 ad

1972 3709 2104 3764 nihil
2149 3719 2226 3766 est
2261 3710 2410 3774 utile,
2441 3711 2542 3766 nisi
2583 3712 2652 3765 ad
2696 3714 3076 3768 subiret-sionem
3109 3713 3436 3767 audientium
3468 3711 3558 3783 (II

1977 3797 2110 3863 Tim.
2146 3801 2326 3876 mil).
2355 3801 2492 3857 Nam
2525 3802 2569 3856 si
2600 3803 2850 3858 humanis
2875 3804 3318 3876 persuasiOnibus
3344 3819 3561 3876 semper

1975 3891 2280 3963 disceptare
2325 3894 2398 3948 sit
2447 3894 2714 3959 liberum,
2759 3911 3037 3967 nunquam
3083 3899 3268 3954 deesse
3304 3905 3558 3966 poterunt

1975 3985 2068 4054 qui
2114 3985 2330 4039 veritati
2381 3986 2619 4041 audeant
2667 3986 2946 4055 reluctari,
2975 3998 3030 4046 et
3055 3991 3120 4046 de
3149 3990 3434 4044 mundanae
3463 4005 3557 4044 sa-

1972 4074 2190 4143 pientiae
2237 4074 2564 4146 loquacitate
2607 4077 2880 4132 conﬁdere
2907 4095 2920 4132 :
2948 4093 3072 4133 cum
3103 4079 3552 4134 hanc-nocentis

1973 4171 2168 4225 simam
2210 4166 2524 4239 vanitatem,
2555 4181 2816 4244 quantum
2857 4174 3049 4230 debeat
3087 4173 3218 4230 ﬁdes
3240 4173 3549 4229 Christiana

1973 4265 2166 4329 vitare,
2183 4279 2248 4318 ex
2279 4264 2391 4336 ipsa
2417 4265 2627 4322 Domini
2657 4267 2824 4322 nostri
2850 4266 2974 4322 Jcsu
2999 4268 3197 4324 Christi
3224 4267 3561 4323 institutione

1977 4363 2292 4428 cognoscat,
2327 4358 2419 4430 qui
2474 4374 2664 4415 omnes
2703 4360 2952 4416 nationes
2994 4359 3061 4414 ad
3108 4359 3558 4414 illuminationem

1980 4450 2104 4506 fidei
2148 4465 2462 4518 vocaturos,
2497 4469 2599 4508 non
2637 4453 2703 4508 de
2729 4454 3065 4526 philosophis
3092 4462 3186 4508 aut
3228 4454 3296 4508 de
3327 4453 3560 4508 oratori-

1975 4541 2100 4610 bus,
2131 4542 2221 4613 qui
2253 4543 2592 4615 przedicando
2617 4544 2911 4616 Evangelio
2936 4543 3348 4608 famularentur,
3373 4543 3557 4611 elegit,

1976 4631 2071 4687 sed
2099 4632 2166 4686 de
2194 4631 2490 4688 humilibus
2530 4641 2583 4688 et
2618 4633 2999 4703 piscatoribus,
3034 4650 3132 4705 per
3167 4649 3302 4703 quos
3343 4647 3402 4686 se
3439 4646 3554 4685 ma-

1976 4723 2280 4792 nifestaret,
2306 4726 2616 4796 assumpsit,
2645 4743 2712 4782 ne
2735 4727 2982 4796 doctrina
3007 4726 3264 4790 cmlestis,
3287 4740 3404 4795 quae
3427 4732 3549 4778 erat

1976 4817 2134 4887 plena
2154 4809 2435 4884 virtutum,
2459 4816 2659 4872 auxilio
2685 4817 2960 4874 videretur
2983 4817 3224 4887 indigere
3247 4815 3553 4870 verborum.

1979 4907 2134 4964 Unde
2157 4907 2446 4979 Apostolus
2463 4917 2811 4978 protestatur,
2855 4918 2909 4965 et
2931 4909 3063 4965 dicit
3089 4925 3100 4960 :
3138 4906 3261 4962 Non
3289 4906 3427 4960 enim
3453 4905 3554 4958 mi-

1977 5002 2047 5056 sit
2060 5018 2138 5055 me
2164 4999 2399 5056 Christus
2423 5001 2705 5073 baptizare,
2739 5002 2829 5058 sed
2849 5000 3234 5074 euangelizare;
3271 5015 3372 5053 non
3397 4998 3451 5052 in
3471 5015 3559 5053 δα·
3609 5057 3612 5062 _

1974 5094 2169 5165 pientia
2196 5093 2354 5158 verbi,
2389 5111 2451 5149 ne
2482 5104 2760 5150 evacuetur
2785 5110 2915 5148 crux
2936 5091 3129 5147 Christi
3153 5107 3171 5146 :
3191 5091 3398 5146 verbum
3419 5089 3558 5144 enim

1979 5185 2150 5241 crucis
2171 5185 2500 5256 pereuntibus
2519 5185 2727 5257 quidem
2749 5184 2972 5240 stultitia
2994 5192 3102 5248 est;
3141 5181 3224 5236 his
3265 5190 3437 5235 autem
3467 5181 3560 5252 qui

1979 5275 2113 5331 salvi
2143 5276 2276 5346 ﬁunt
2309 5277 2472 5330 virtus
2500 5275 2596 5329 Dei
2617 5285 2713 5330 est.
2741 5273 3005 5342 Scriptum
3027 5281 3100 5326 est
3126 5271 3262 5325 enim
3285 5286 3302 5324 :
3327 5267 3558 5324 Perdant

1978 5367 2292 5438 sapientiam
2315 5366 2644 5438 sapientium,
2669 5373 2716 5419 et
2745 5364 3074 5434 prudentiam
3101 5361 3437 5434 prudentium
3475 5376 3559 5416 re-

1977 5458 2228 5530 pro‘babo.
2279 5455 2377 5511 Ubi
2414 5457 2660 5528 sapiens?
2716 5455 2804 5509 ubi
2847 5451 3071 5508 Scriba?
3109 5452 3197 5506 ubi
3239 5451 3564 5522 conquisitor

1979 5551 2142 5622 hujus
2172 5551 2396 5605 swculi?
2437 5551 2626 5604 Nonne
2671 5548 2884 5602 stultam
2916 5547 3036 5619 fecit
3057 5547 3201 5602 Deus
3247 5547 3560 5616 sapientiam

1982 5643 2142 5713 hujus
2168 5641 2350 5696 mundi
2377 5638 2429 5712 (Ι
2444 5639 2564 5696 Cor.
2595 5655 2636 5707 ι,
2663 5640 2876 5713 17-20)?
2899 5640 3231 5712 Argumenta
3262 5638 3406 5694 enim
3438 5638 3562 5722 rhe-

1983 5737 2178 5803 torica,
2224 5743 2280 5790 et
2327 5733 2592 5790 institutae
2635 5735 2706 5792 ab
2747 5733 3056 5792 hominibus
3093 5731 3344 5790 versutia:
3384 5729 3564 5802 dispu-
