4064 6346
592 351 732 410 10ιό

1587 345 1664 422 8.,
1685 341 2059 404 PBUDENTII
2097 339 2479 400 TRECENSIS
2512 341 2820 402 EPISCOPI

3676 353 3774 410 10M

591 466 744 522 tandi
776 463 830 518 in
859 475 927 518 eo
950 461 1222 534 praecipue
1251 459 1574 534 gloriantur,
1602 459 1652 516 si
1683 459 1740 516 in
1767 458 1933 514 rebus
1960 456 2187 514 incertis
2213 457 2272 518 Α
2291 455 2515 511 crudum
2563 457 2713 528 quid,
2767 472 2934 529 neque
2979 465 3183 542 coctum
3225 475 3362 530 aqua
3411 458 3588 532 (Exod.
3617 481 3696 533 xu,
3717 463 3784 542 9).‘

591 567 652 626 et,
675 556 992 628 opinionum
1031 553 1299 609 varietate
1332 550 1574 608 confusis
1609 550 1679 606 ad
1705 548 1812 608 hoc
1841 548 2178 606 audientium

594 650 817 703 trahant
866 660 1118 711 sensum,
1163 643 1306 712 quod
1350 642 1702 699 asserendum
1750 640 1968 714 ingenio
2017 649 2180 709 atque

592 737 812 806 eloquio
863 750 964 790 suo
1007 734 1235 805 quisque
1282 732 1575 803 delegerit;
1626 740 1683 788 et
1727 731 1802 787 ita
1839 730 1904 785 lit
1935 738 1999 786 ut
2036 729 2181 800 quod

597 828 806 898 majore
845 823 1099 880 facundia
1125 821 1456 887 defenditur,
1501 820 1684 876 verius
1707 818 2024 876 aestimetur.
2073 816 2182 874 Sed

593 920 797 976 Christi
842 915 1193 988 Evangelium
1246 915 1349 970 hac
1389 922 1507 969 arte
1547 929 1656 970 non
1699 912 1926 984 indiget,
1974 911 2030 966 in
2075 924 2184 980 quo

594 1011 842 1066 doctrina
871 1007 1118 1064 veritatis
1144 1021 1244 1061 sua
1275 1005 1396 1062 luce
1430 1005 1826 1070 manifestatur,
1855 1017 1959 1059 nec
1987 1001 2184 1073 quaeri-

596 1110 685 1157 tur
714 1100 843 1172 quid
870 1098 1092 1155 auribus
1115 1096 1347 1168 placeat,
1375 1096 1468 1152 ubi
1492 1111 1636 1152 verae
1661 1091 2016 1170 fideiqsullicit
2042 1091 2186 1149 scire

597 1192 722 1263 quis
748 1189 988 1263 doceat.]

670 1284 710 1352 -ι-
735 1280 867 1335 Item
894 1287 1018 1352 post
1045 1279 1246 1349 aliqua,
1296 1276 1408 1333 Leo
1435 1275 1630 1347 (ibid.).
1665 1273 1907 1348 [Utatur,
1933 1274 2182 1338 obsecro,

595 1374 894 1430 Clementia
923 1373 1040 1428 Tua
1063 1370 1446 1443 praedictorum
1475 1370 1703 1426 fratrum
1729 1383 1974 1426 meorum
1999 1382 2186 1439 sugge-

594 1468 886 1533 stionibus,
919 1482 1088 1538 quos,
1121 1467 1264 1522 sicut
1302 1463 1620 1535 jamdudum
1658 1465 1712 1520 in
1749 1464 2030 1536 praemissa
2071 1463 2185 1534 epi-

596 1559 734 1614 stola
771 1574 890 1614 sum
923 1557 1159 1624 locutus,
1189 1571 1296 1613 non
1336 1556 1708 1627 disputaturos
1742 1571 1865 1611 cum
1891 1554 2184 1619 damnatis,

595 1651 692 1706 sed
742 1649 1140 1720 supplicaturos
1177 1647 1333 1704 vobis
1361 1662 1466 1716 pro
1508 1646 1789 1704 catholica:
1819 1653 2028 1702 tantum
2061 1644 2188 1702 fidei

596 1739 900 1796 stabilitate
922 1739 1146 1813 direxi.]

2281 545 2424 603 Ecce
2440 545 2554 618 jam
2576 563 2676 604 nos
2698 547 2815 618 ipsa
2839 547 3008 604 verba
3034 539 3274 606 historiae
3303 551 3371 608 ab
3397 553 3639 613 intellectu
3656 539 3780 619 histo.

2284 637 2400 694 rico
2429 637 2716 708 repellunt,
2767 638 3034 709 nunquid,
3077 639 3271 697 fratres
3300 645 3599 712 charissimi,
3633 649 3784 710 Israeli-

2284 728 2426 784 ticus
2451 728 2542 785 ille
2578 729 2811 802 populus
2835 730 2889 785 in
2938 729 3177 803 Egypto
3228 735 3540 792 constitutus
3572 745 3784 800 comedere

2285 834 2482 892 agnum
2531 821 2758 878 crudum
2801 831 3180 889 consueverat,
3231 833 3290 879 ut
3320 825 3369 880 ei
3399 825 3480 882 lex
3522 829 3784 891 dicativo:

2285 913 2563 970 comedetis
2590 931 2656 970 ea:
2681 932 2742 970 eo
2779 915 3002 971 crudum
3037 915 3186 988 quid,
3232 917 3322 972 ubi
3351 926 3408 974 et
3432 919 3654 978 additur:
3675 941 3787 996 neque

2287 1013 2490 1059 coctum
2511 1021 2669 1076 aqua.
2689 1004 2824 1078 [Sed
2842 1006 2972 1077 quid
2989 1022 3152 1078 aqua,
3169 1007 3272 1064 nisi
3288 1009 3562 1066 humanam
3578 1012 3788 1072 scientiam

2287 1095 2555 1167 designat,
2580 1097 2736 1168 juxta
2763 1098 2870 1155 hoc
2903 1099 3046 1172 quod
3072 1115 3172 1170 per
3201 1100 3534 1158 Salomonem
3558 1104 3644 1162 sub
3674 1107 3792 1163 bare-

2286 1186 2521 1244 ticorum
2563 1203 2697 1244 voce
2729 1189 2970 1246 dicitur:
2997 1191 3156 1263 Aquae
3186 1192 3394 1263 furtiua:
3437 1193 3668 1250 dulciora
3706 1209 3787 1252 sunt

2289 1277 2474 1354 (Prov.
2499 1298 2576 1350 rx,
2597 1283 2681 1352 7),
2708 1285 2836 1356 quid
2861 1287 3043 1342 cruda:
3075 1289 3200 1359 agni
3223 1303 3420 1346 carnes
3441 1290 3537 1346 nisi
3565 1291 3794 1350 inconside-

2288 1380 2466 1427 ratam
2493 1388 2558 1430 ac
2577 1374 2694 1430 sine
2722 1377 3029 1432 reverentia
3059 1377 3404 1450 cogitationis
3444 1381 3660 1438 relictam
3695 1383 3793 1440 illius

2289 1462 2691 1544 humanitatem
2718 1465 3017 1536 significant
3045 1481 3066 1521 :
3096 1481 3258 1523 omne
3287 1469 3433 1524 enim
3469 1471 3599 1540 quod
3645 1472 3795 1529 subtili-

2291 1565 2377 1614 ter
2401 1557 2723 1627 cogitamus,
2746 1558 2904 1631 quasi
2927 1569 3110 1616 mente
3131 1561 3413 1632 coquimus
3445 1578 3461 1616 :
3489 1565 3575 1620 sed
3593 1566 3692 1635 agni
3709 1582 3796 1622 caro

2291 1665 2395 1708 nec
2413 1651 2581 1707 cruda
2598 1651 2805 1709 edenda
2826 1661 2928 1717 est,
2945 1667 3048 1709 nec
3068 1667 3208 1724 aqua
3222 1663 3397 1721 cocta,
3414 1656 3531 1728 quia
3553 1656 3797 1730 Redemptor

2293 1750 2483 1799 noster
2506 1759 2684 1816 neque
2700 1761 2870 1816 purus
2891 1746 3054 1803 homo
3083 1747 3437 1806 aestimandus
3457 1757 3554 1816 est,
3577 1766 3716 1822 neque
3731 1766 3797 1821 per

665 1833 706 1904 -ι-
733 1833 865 1888 ltem
889 1833 957 1888 ad
981 1834 1233 1892 eumdem
1247 1832 1357 1889 Leo
1383 1831 1579 1904 (Epist.
1601 1830 1748 1902 162).
1778 1829 2190 1902 [Detestandllm
2218 1833 2270 1895 B
2295 1833 2588 1892 humanam
2613 1837 2937 1908 sapientiam
2966 1839 3202 1909 qualiter
3225 1839 3496 1896 incarnari
3515 1840 3639 1898 Deus
3675 1844 3798 1912 potuit

593 1943 726 1998 ergo
771 1928 929 1984 nobis
976 1936 1065 1984 est
1109 1935 1634 1998 perseveranterwe
1679 1924 1958 1980 vitandum
1977 1962 1994 1989 ,
2040 1921 2189 1992 quod

592 2017 746 2073 fraus
773 2018 1033 2090 haeretica
1070 2017 1263 2074 nititur
1295 2018 1566 2083 obtinere,
1607 2031 1708 2072 nec
1751 2016 1806 2072 in
1832 2014 2070 2085 aliquam
2099 2013 2185 2068 di-

595 2109 988 2178 sceptationem
1020 2109 1108 2179 pie
1139 2118 1195 2166 et
1235 2109 1395 2180 plene
1419 2107 1639 2164 deﬁnita
1689 2105 1992 2164 revocanda
2035 2112 2184 2170 sunt,

593 2213 666 2254 ne
702 2199 771 2254 ad
807 2197 1094 2254 arbitrium
1134 2199 1512 2260 damnatorum
1551 2198 1653 2270 ipsi
1685 2198 1752 2254 de
1786 2197 1872 2253 his
1901 2196 2186 2252 videamur

521 2287 528 2292 ’
593 2287 893 2359 ambigere,
924 2303 1045 2358 quae
1075 2287 1423 2344 manifestum
1451 2296 1536 2344 est
1570 2303 1668 2358 per
1693 2287 1878 2344 omnia
1909 2287 2187 2358 propheti-

595 2380 679 2456 cis
725 2388 780 2434 et
825 2380 1152 2452 evangelicis
1198 2389 1362 2454 atque
1415 2380 1725 2452 apostolicis
1767 2379 2187 2436 auctoritatibus

592 2485 920 2526 consonare.
959 2471 1112 2528 Unde
1149 2471 1195 2527 si
1226 2472 1320 2542 qui
1348 2479 1474 2526 sunt
1497 2470 1590 2541 qui
1622 2472 1690 2526 ab
1709 2470 1805 2526 his
1827 2485 1949 2541 qua:
1969 2469 2186 2527 caelitus

594 2572 725 2630 sunt
773 2564 1089 2630 constituta,
1117 2563 1460 2630 dissentiunt,
1499 2563 1611 2619 suis
1639 2563 1986 2634 opinionibus
2017 2562 2185 2619 relin-

595 2662 852 2725 quantur,
880 2663 936 2710 et
961 2656 1030 2711 ab
1056 2655 1264 2711 unitate
1289 2654 1546 2731 Ecclesiae
1574 2670 1699 2710 cum
1727 2668 1790 2711 ea
1819 2668 1985 2726 quam
2012 2653 2190 2724 elege-

593 2754 721 2830 runt
766 2747 1127 2818 perversitate
1165 2747 1464 2804 discedant.
1502 2745 1642 2802 Nam
1686 2745 1835 2802 nullo
1876 2747 2040 2804 modo
2067 2745 2186 2802 ﬁeri

594 2847 776 2908 potest
802 2847 864 2895 ut
891 2841 982 2910 qui
1012 2840 1212 2896 divinis
1241 2840 1443 2896 audent
1474 2840 1850 2896 contradicere
1877 2855 2188 2897 sacramen-

592 2929 689 2996 tis,
724 2929 904 2999 aliqua
933 2931 1089 2989 nobis
1133 2932 1514 2988 communione
1554 2933 1848 2989 socientur.
1877 2931 2091 2990 lactent
2126 2948 2188 2991 se

609 3039 648 3078 n
676 3025 758 3080 sui
787 3023 986 3096 eloquii
1025 3026 1284 3091 vanitate,
1314 3025 1462 3082 etde
1485 3027 2018 3098 argumentationum
2061 3041 2188 3082 sua-

591 3133 716 3192 rum
742 3119 1004 3184 versutia,
1028 3133 1152 3189 quae
1181 3117 1398 3176 inimica
1427 3127 1514 3177 est
1539 3119 1685 3188 ﬁdei,
1713 3119 2013 3191 glorientur
2040 3138 2055 3174 :
2082 3134 2186 3175 no-

2292 1926 2630 1996 cogitandus.
2681 1926 2874 1985 Omnis
2899 1929 3045 1984 enim
3068 1929 3161 2000 qui
3191 1930 3594 2003 Redemptorem
3617 1940 3799 1988 nostrum

2287 2033 2485 2089 purum
2507 2019 2783 2076 hominem
2803 2019 3000 2087 credit,
3041 2021 3172 2091 quid
3202 2020 3311 2077 iste
3357 2021 3498 2077 aliud
3539 2037 3676 2092 quam
3715 2021 3800 2094 agni

2289 2125 2484 2167 carnes
2510 2113 2708 2168 crudas
2735 2112 2991 2178 comedit,
3039 2127 3176 2182 quas
3223 2112 3476 2170 videlicet
3511 2129 3706 2184 coquere
3735 2128 3800 2184 per

2289 2201 2602 2259 Divinitatis
2663 2202 2781 2274 ejus
2823 2203 3239 2276 intelligentiam
3299 2203 3680 2260 noluit:orunis
3712 2217 3801 2259 vero

2289 2292 2384 2363 qui
2410 2293 2801 2348 incarnationis
2829 2293 2946 2364 ejus
2977 2294 3234 2366 mysteria
3257 2294 3416 2365 juxta
3454 2294 3707 2350 humanam
3740 2307 3798 2348 sa-

2287 2382 2549 2452 pientiam
2595 2383 2868 2440 discutere
2895 2393 3149 2452 conatur,
3191 2399 3395 2442 carnes
3439 2387 3553 2458 agni
3589 2400 3701 2455 aqua
3727 2384 3805 2437 vult

2288 2487 2546 2544 coquere,
2578 2473 2631 2529 id
2677 2481 2762 2529 est
2797 2474 3217 2546 dispensationis
3265 2475 3386 2546 ejus
3427 2476 3704 2548 mysterium
3738 2489 3805 2554 per

2289 2565 2607 2623 dissolutam
2634 2565 2750 2622 vult
2776 2566 3058 2622 scientiam
3080 2575 3397 2638 penetrare.
3441 2567 3538 2636 Qui
3566 2567 3702 2636 igitur
3733 2578 3803 2634 pa-

2289 2655 2488 2714 schalis
2508 2657 2690 2728 gaudii
2717 2656 3119 2716 solemnitatem
3142 2658 3424 2716 celebrare
3465 2658 3716 2723 desiderat,
3746 2671 3806 2728 ag-

2287 2762 2420 2804 num
2446 2763 2622 2819 neque
2641 2762 2783 2820 aqua
2811 2758 3031 2820 coquat,
3075 2764 3252 2821 neque
3282 2749 3508 2806 crudum
3529 2747 3750 2811 comedat,
3764 2753 3805 2799 ut

2287 2852 2465 2908 neque
2489 2853 2591 2908 per
2633 2839 2929 2896 humanam
2973 2839 3300 2912 sapientiam
3332 2839 3713 2912 profunditatem
3745 2836 3804 2892 in-

2288 2928 2626 2984 carnationis
2651 2929 2796 2986 illius
2816 2938 3107 3000 penetrare
3135 2939 3380 3002 appetat,
3427 2945 3591 3002 neque
3637 2929 3683 2984 in
3717 2941 3804 2980 eum

2287 3023 2547 3088 tanquam
2570 3019 2626 3074 in
2647 3019 2924 3076 hominem
2948 3035 3146 3092 purum
3175 3019 3400 3088 credat;
3437 3019 3532 3076 sed
3569 3031 3696 3075 assas
3729 3013 3806 3086 igni

2287 3123 2485 3166 carnes
2513 3111 2785 3179 comedat,
2815 3120 2877 3169 ut
2905 3112 3212 3186 dispensari
3235 3113 3422 3170 omnia
3446 3127 3541 3185 per
3559 3111 3705 3169 sancti
3721 3106 3806 3180 Spi-

591 3189 678 3262 bis
702 3207 880 3278 placet
907 3187 1149 3279 Apostoli
1187 3209 1410 3266 obedire
1455 3187 1744 3282 praeceptis
1784 3210 2058 3267 dicentis:
2091 3209 2186 3265 Vi-

2295 3199 2429 3258 ritus
2453 3203 2750 3273 potentiam
2773 3203 2931 3261 sciat.
2969 3203 2992 3278 ]

595 3299 712 3376 dcte
745 3317 807 3354 ne
834 3301 952 3371 quis
979 3316 1068 3355 vos
1092 3300 1318 3372 decipiat
1353 3318 1446 3372 per
1473 3301 1856 3374 philosophiam
1894 3315 1944 3358 et
1970 3304 2185 3359 inanem

595 3391 950 3446 seductionem
975 3391 1242 3448 hominum
1266 3390 1402 3465 (Col.
1432 3409 1494 3460 ll,
1517 3392 1621 3466 8).]
1646 3392 1686 3465 ἰ·
1709 3392 1918 3461 Quibus
1951 3393 2186 3450 auctori-

595 3491 712 3546 tate
767 3490 823 3537 et
870 3483 1082 3539 ratione
1133 3483 1502 3540 indubitanter
1545 3483 1792 3554 prolatis,
1839 3494 2048 3541 certum
2099 3493 2186 3542 est

595 3595 788 3636 omnes
821 3577 1104 3636 catholicae
1137 3577 1266 3634 lidei
1301 3576 1705 3649 astipulatores,
1735 3576 1909 3647 magis
1939 3575 2186 3648 Scriptu-

600 3689 790 3730 rarum
835 3681 1148 3730 sanctarum
1181 3671 1516 3743 Patrumque
1555 3670 1749 3728 lucidis
1790 3669 2185 3742 explanationi-

595 3765 718 3831 hus,
779 3781 942 3836 quam
1023 3779 1177 3820 vanae
1235 3762 1580 3835 inﬂantisque
1636 3764 1877 3820 scientia:
1938 3763 2186 3820 colludiis

599 3858 866 3928 agendum
917 3855 1217 3923 censuisse,
1263 3855 1461 3926 quibus
1505 3853 1816 3911 Christiana
1865 3843 2224 3925 simplicitas

596 3949 911 4018 oil'cnditur,
938 3959 992 4006 et
1023 3950 1275 4006 humana:
1290 3947 1568 4017 jactantiae
1602 3949 1800 4020 typhus
1827 3956 2076 4022 augetur.

1049 4097 1052 4100 ~
1145 4077 1372 4120 JOANNES
1395 4076 1615 4120 SCO'I‘US.

675 4173 829 4244 (Cap.
860 4173 912 4238 1,
939 4189 1090 4228 num.
1115 4173 1170 4237 2,
1202 4183 1338 4230 sect.
1365 4172 1446 4246 2.)
1492 4184 1534 4232 Θ
1557 4173 1724 4246 Cujus
1764 4175 2056 4247 disciplime
2105 4193 2189 4234 re-

598 4264 736 4336 gulis
759 4265 1046 4318 necessario
1080 4265 1159 4318 uti
1170 4264 1440 4336 jubemur,
1467 4266 1595 4320 dum
1624 4267 1871 4322 adversus
1911 4269 2189 4339 quemdam

603 4354 999 4425 saphrophilum
1023 4355 1229 4411 nomine
1261 4355 1698 4423 Gottescalchum,
1731 4375 1844 4414 sua:
1863 4360 2116 4417 htereseos
2139 4371 2190 4416 et

601 4447 920 4500 inventorem
945 4445 1102 4499 simul
1121 4456 1169 4501 et
1193 4459 1528 4514 assertorem,
1582 4449 1918 4520 fautoresque
1962 4451 2095 4522 ejus,
2143 4451 2190 4507 si

603 4551 781 4594 tamen
807 4549 927 4594 sunt
955 4540 1151 4604 nescio,
1180 4547 1336 4610 atque
1356 4540 1556 4593 utinam
1598 4557 1662 4594 ne
1702 4540 1828 4605 sint,
1881 4541 2192 4612 respondere
2215 4545 2272 4608 D

604 4629 987 4702 compellimur.
1032 4629 1349 4708 lubentibus
1376 4629 1608 4685 videlicet
1634 4631 1908 4687 catholicae
1939 4629 2192 4708 Ecclesia:

605 4722 1020 4793 uigilantissimis
1054 4721 1328 4788 Patribus,
1351 4721 1406 4776 in
1431 4738 1652 4789 quorum
1673 4723 1797 4778 ovili
1816 4722 1921 4778 tale
1942 4739 2195 4778 venenum

604 4830 810 4884 serpere
829 4813 1080 4880 molitur;
1131 4813 1383 4867 annuenli
1423 4813 1714 4884 prtesertim
1757 4812 2197 4868 orthodoxissimo

605 4907 839 4978 principe
878 4906 1091 4961 domino
1138 4903 1418 4960 venerabili
1459 4902 1671 4971 Carolo,
1718 4904 1870 4974 cujus
1909 4904 2200 4958 maximum

607 4998 839 5053 studium
866 5007 940 5054 est
963 4999 1046 5070 pie
1065 5005 1299 5068 recteque
1318 4996 1384 5052 de
1404 4996 1515 5052 Deo
1543 4997 1768 5061 sentire;
1788 5012 1950 5066 prava
1993 4996 2202 5051 haereti-

611 5105 792 5144 corum
813 5090 1060 5161 dogmata
1081 5089 1216 5144 veris
1236 5087 1526 5151 rationibus
1544 5098 1949 5158 sanctorumque
1974 5086 2200 5143 Patrum

611 5180 924 5234 auctoritate
953 5179 1224 5250 refellere;
1275 5179 1344 5234 ad
1386 5177 1633 5233 ultimum
1665 5179 1870 5248 penitus
1905 5179 2199 5234 eradicare.

619 5256 704 5324 Ne
730 5272 891 5342 igitur
919 5271 1216 5342 defensores
1242 5271 1474 5326 veritatis
1503 5271 1724 5325 inermes
1767 5287 1886 5325 cum
1929 5273 2206 5328 assertori-
2289 5309 2292 5312 η

618 5361 714 5415 bus
741 5361 990 5433 falsitatis
1020 5363 1296 5434 conﬂigere
1317 5363 1606 5430 videamur,
1656 5379 1759 5418 non
1803 5362 2088 5438 incongrue
2125 5381 2206 5423 re-

618 5452 758 5524 gulis
778 5453 1140 5524 disputatoria:
1171 5455 1304 5508 artis
1325 5465 1550 5510 utemur.

1262 5581 1561 5622 COBBECTIO

699 5679 740 5745 -ι-
782 5678 1074 5750 Gregorius
1130 5682 1184 5735 in
1226 5681 1448 5736 homilia
1490 5682 1730 5751 paschali
1777 5683 1979 5752 (homil.
2021 5683 2114 5751 22,
2155 5686 2212 5740 in

627 5761 859 5825 Subhato
888 5767 1132 5838 Paschaz,
1153 5778 1246 5827 sub
1287 5772 1468 5842 ﬁnem)
1509 5785 1526 5826 :
1570 5772 1693 5828 Non
1721 5774 1999 5832 comedetis
2035 5791 2100 5833 ex
2147 5792 2210 5832 eo

2361 3317 2403 3388 -ι-
2439 3315 2702 3385 Quamvis
2730 3331 2840 3374 non
2866 3317 3178 3390 ignoremus
3204 3327 3481 3391 pmcepto
3510 3315 3692 3374 Domini
3715 3326 3809 3368 vasa

2289 3423 2458 3466 aurea
2483 3416 2647 3480 atque
2667 3417 2946 3482 argentea,
2967 3411 3313 3482 vestiumque
3340 3427 3407 3468 ac
3431 3422 3727 3484 gemmarum
3745 3420 3810 3460 ra-

2289 3499 2432 3556 riam
2452 3499 2908 3571 pulchritudinem
2935 3501 3004 3558 ah
3021 3500 3255 3576 Egytiis
3279 3511 3525 3559 mutuata
3554 3501 3721 3575 (Exod.
3752 3513 3809 3562 nl.

2288 3589 2407 3662 22),
2429 3587 2548 3660 ejus
2574 3589 2928 3649 tabernaculo
2970 3590 3140 3650 fuisse
3156 3592 3366 3662 oblata,
3409 3603 3597 3650 etesse
3630 3588 3814 3647 devotius

2290 3681 2567 3741 oll‘erenda
2593 3682 2790 3757 (Exod.
2820 3699 2923 3751 χιι,
2951 3683 3044 3754 55)
3069 3701 3083 3740 :
3105 3699 3298 3740 verum
3349 3683 3405 3741 id
3461 3684 3815 3756 quotiescunque

2292 3784 2484 3832 contra
2520 3789 2616 3832 eos
2644 3775 2732 3846 agi
2758 3775 3058 3832 necessitas
3076 3789 3288 3832 summa
3316 3776 3517 3850 coegit,
3556 3773 3640 3846 qui
3673 3769 3818 3827 talibus

2292 3865 2468 3923 inﬂati
2496 3867 2868 3939 gloriabantur
2889 3867 2944 3922 in
2972 3865 3306 3923 vanitatibus
3349 3867 3484 3933 suis,
3529 3874 3582 3923 et
3620 3857 3819 3932 simplici-

2291 3967 2457 4015 tatem
2486 3967 2688 4016 nostrre
2707 3958 2834 4016 fidei
2856 3957 3138 4015 stultitiam
3165 3957 3520 4029 deputabant,
3541 3952 3736 4025 essequ
3753 3960 3820 4020 ΡΝ

2292 4058 2537 4121 tempore
2558 4065 2666 4106 non
2687 4058 2773 4105 est
2791 4049 3101 4116 inhibitum,
3141 4048 3237 4106 sed
3251 4049 3482 4107 ﬁdeliter
3499 4046 3822 4119 pmdeuterqm

2295 4157 2328 4196 a
2375 4141 2632 4197 Patribus
2683 4147 3028 4210 usurpatum.
3091 4139 3173 4196 Tu
3223 4148 3411 4197 autem
3458 4134 3747 4196 acontrario
3777 4129 3822 4185 de

2294 4229 2403 4286 ﬁde
2431 4230 2693 4287 adversus
2721 4228 2904 4286 lideles
2929 4229 3093 4286 nullis
3131 4229 3556 4302 sophismatibus
3596 4225 3824 4283 innitentes

2295 4321 2668 4392 impudentius
2690 4321 2962 4389 scribens,
2984 4335 3156 4391 quare
3176 4321 3244 4377 ad
3265 4322 3563 4393 sophistica
3588 4327 3638 4374 te
3676 4313 3823 4371 delira-

2296 4422 2478 4470 menta
2508 4413 2788 4470 verteris?
2817 4412 2876 4469 In
2905 4422 3163 4486 promptu
3207 4422 3293 4470 est
3323 4412 3576 4469 nimirum
3607 4401 3825 4480 iactantis

2297 4503 2544 4570 studens,
2576 4511 2632 4558 et
2671 4517 2778 4558 non
2818 4500 2935 4572 jam
2974 4502 3345 4574 philosophus,
3397 4501 3490 4558 sed
3531 4497 3826 4570 philocompos

2301 4595 2474 4652 videri
2495 4604 2776 4664 appetens,
2805 4609 2868 4649 ea
2889 4593 3047 4649 nobis
3087 4594 3337 4665 ingerere
3397 4588 3632 4662 delegiin
3672 4597 3766 4655 qua:
3805 4591 3826 4630 ι

2303 4683 2452 4742 nullo
2482 4692 2725 4739 nostrum
2745 4683 2832 4740 vel
2856 4683 3104 4755 intelligi,
3132 4683 3218 4739 vel
3237 4680 3588 4754 deprehendi,
3617 4675 3690 4731 vel
3723 4678 3828 4726 certe

2307 4775 2580 4833 confutari
2605 4790 2766 4845 posse
2795 4774 3126 4830 credideras.
3164 4773 3234 4829 Et
3271 4773 3400 4828 dum
3445 4770 3623 4828 studes
3668 4763 3828 4837 placere

2309 4866 2641 4932 hominibus,
2665 4865 2862 4938 quibus
2890 4865 2942 4922 id
2967 4865 3116 4922 cordi
3159 4880 3279 4922 esse
3329 4879 3554 4922 noveras
3595 4860 3657 4932 (si
3697 4864 3829 4910 tam

2311 4967 2437 5015 sunt
2463 4958 2653 5028 aliqui,
2696 4958 2840 5030 quod
2871 4965 3084 5013 avertat
3124 4957 3340 5014 Veritas
3388 4945 3730 5026 sempiterna),
3765 4954 3830 4996 ne-

2309 5066 2584 5124 quaquam
2620 5050 2703 5107 vel
2747 5049 2963 5115 cavisti,
3015 5049 3100 5107 vel
3135 5048 3439 5106 formidasti
3470 5045 3542 5101 illi
3585 5038 3828 5110 displiterra

2310 5142 2380 5198 de
2405 5156 2515 5212 quo
2537 5155 2701 5213 super
2722 5140 2921 5198 talibus
2940 5140 3213 5211 Propheta
3251 5137 3563 5195 intentando
3605 5124 3828 5204 praedicit:
3928 5165 3929 5213 ἦ

2313 5232 2578 5302 Quoniam
2609 5232 2752 5288 Deus
2772 5233 3044 5304 dissipavit
3073 5249 3191 5288 ossa
3218 5247 3418 5296 eorum,
3471 5229 3556 5301 qui
3597 5216 3830 5304 hominibus

2309 5325 2518 5397 placent
2538 5325 2746 5394 confusi
2767 5303 2913 5389 sunt,
2939 5326 3186 5396 quoniam
3217 5323 3358 5378 Deus
3379 5320 3562 5393 spreuit
3588 5332 3666 5370 eos
3701 5303 3830 5379 (Ρωίο
3928 5303 3929 5346 l

2316 5416 2514 5488 ιιι,.6).
2544 5415 2656 5472 Nec
2689 5416 2929 5473 metuisti
2951 5431 3076 5472 cum
3095 5415 3285 5471 Achan
3312 5427 3525 5469 auream
3549 5404 3752 5478 regulam
3785 5407 3830 5491 cf
3928 5403 3929 5454 ξ

2251 5543 2258 5554 .
2315 5506 2732 5563 Hiericonthino
2755 5505 3102 5562 anathemate
3127 5514 3317 5560 contra
3367 5499 3644 5558 inhibitum
3686 5495 3833 5545 αδδιτις

2317 5595 2615 5653 Dominicis
2635 5595 2838 5653 inferre
2863 5597 2998 5669 (Jos.
3023 5612 3123 5664 vn,
3145 5595 3262 5665 21),
3281 5591 3604 5664 iamiamque
3623 5595 3731 5639 cum
3750 5577 3832 5669 ipso

2318 5679 2645 5742 sententiam
2669 5665 3396 5748 divinaeanimadversionis,
3448 5678 3552 5736 nisi
3589 5673 3730 5730 citius
3763 5665 3834 5718 ΙΝ·

2318 5776 2525 5835 militer
2553 5777 2924 5850 resipiscendo
2959 5775 3302 5849 ptenitueris,
3346 5771 3536 5832 merito
3571 5763 3831 5826 subiturus;
