  <div class='ocr_page' id='page_1' title='image "/cluster/home/n/w/nwhite01/storage/ocr_20150623/115/hvd.32044015466873/512.png"; bbox 0 0 4064 6346; ppageno 0'>
   <div class='ocr_carea' id='block_1_1' title="bbox 212 386 3485 463">
    <p class='ocr_par' dir='ltr' id='par_1_1' title="bbox 212 386 3485 463">
     <span class='ocr_line' id='line_1_1' title="bbox 212 386 3485 463; baseline -0.005 0"><span class='ocrx_word' id='word_1_1' title='bbox 212 408 348 463; x_wconf 73' lang='grc'><strong>1017</strong></span> <span class='ocrx_word' id='word_1_2' title='bbox 1068 397 1156 452; x_wconf 87' lang='lat' dir='ltr'><strong>DE</strong></span> <span class='ocrx_word' id='word_1_3' title='bbox 1192 389 1867 452; x_wconf 63' lang='lat' dir='ltr'><strong>PREDESTINATIONE</strong></span> <span class='ocrx_word' id='word_1_4' title='bbox 1906 391 2184 448; x_wconf 82' lang='lat' dir='ltr'><strong>CONTRA</strong></span> <span class='ocrx_word' id='word_1_5' title='bbox 2223 390 2273 447; x_wconf 78' lang='lat' dir='ltr'><strong>J.</strong></span> <span class='ocrx_word' id='word_1_6' title='bbox 2316 386 2617 448; x_wconf 79' lang='lat' dir='ltr'><strong>SCOTUM.</strong></span> <span class='ocrx_word' id='word_1_7' title='bbox 2874 414 2877 417; x_wconf 57' lang='grc' dir='ltr'>λ</span> <span class='ocrx_word' id='word_1_8' title='bbox 3348 389 3485 447; x_wconf 73' lang='grc'><strong>1018</strong></span> 
     </span>
    </p>
   </div>
   <div class='ocr_carea' id='block_1_2' title="bbox 210 503 3491 598">
    <p class='ocr_par' dir='ltr' id='par_1_2' title="bbox 210 503 3491 598">
     <span class='ocr_line' id='line_1_2' title="bbox 210 503 3491 598; baseline -0.005 -18"><span class='ocrx_word' id='word_1_9' title='bbox 210 523 519 598; x_wconf 81' lang='lat' dir='ltr'><strong>quicunque</strong></span> <span class='ocrx_word' id='word_1_10' title='bbox 553 518 699 573; x_wconf 85' lang='lat' dir='ltr'><strong>enim</strong></span> <span class='ocrx_word' id='word_1_11' title='bbox 750 514 1091 588; x_wconf 81' lang='lat' dir='ltr'><strong>prepheticas</strong></span> <span class='ocrx_word' id='word_1_12' title='bbox 1141 512 1226 569; x_wconf 93' lang='lat' dir='ltr'><strong>vel</strong></span> <span class='ocrx_word' id='word_1_13' title='bbox 1268 512 1592 583; x_wconf 89' lang='lat' dir='ltr'><strong>apostolicas</strong></span> <span class='ocrx_word' id='word_1_14' title='bbox 1643 510 1799 566; x_wconf 90' lang='lat' dir='ltr'><strong>nobis</strong></span> <span class='ocrx_word' id='word_1_15' title='bbox 1824 510 1879 581; x_wconf 69' lang='grc' dir='ltr'>Α</span> <span class='ocrx_word' id='word_1_16' title='bbox 1902 508 2120 578; x_wconf 90' lang='lat' dir='ltr'><strong>quimur</strong></span> <span class='ocrx_word' id='word_1_17' title='bbox 2137 507 2366 578; x_wconf 76' lang='lat' dir='ltr'><strong>obrepit,</strong></span> <span class='ocrx_word' id='word_1_18' title='bbox 2392 507 2546 578; x_wconf 89' lang='lat' dir='ltr'><strong>quasi</strong></span> <span class='ocrx_word' id='word_1_19' title='bbox 2588 505 2792 576; x_wconf 88' lang='lat' dir='ltr'><strong>antiqui</strong></span> <span class='ocrx_word' id='word_1_20' title='bbox 2841 520 2937 576; x_wconf 89' lang='lat' dir='ltr'><strong>per</strong></span> <span class='ocrx_word' id='word_1_21' title='bbox 2982 503 3232 561; x_wconf 86' lang='lat' dir='ltr'><strong>nebulam</strong></span> <span class='ocrx_word' id='word_1_22' title='bbox 3290 507 3491 564; x_wconf 83' lang='lat' dir='ltr'><strong>somnii</strong></span> 
     </span>
    </p>
   </div>
   <div class='ocr_carea' id='block_1_3' title="bbox 209 602 1792 688">
    <p class='ocr_par' dir='ltr' id='par_1_3' title="bbox 209 602 1792 688">
     <span class='ocr_line' id='line_1_3' title="bbox 209 602 1792 688; baseline -0.013 -12"><span class='ocrx_word' id='word_1_23' title='bbox 209 616 423 676; x_wconf 74' lang='lat' dir='ltr'><strong>litteras</strong></span> <span class='ocrx_word' id='word_1_24' title='bbox 460 613 745 684; x_wconf 78' lang='lat' dir='ltr'><strong>diligenter</strong></span> <span class='ocrx_word' id='word_1_25' title='bbox 771 607 994 666; x_wconf 85' lang='lat' dir='ltr'><strong>scrutati</strong></span> <span class='ocrx_word' id='word_1_26' title='bbox 1030 614 1176 688; x_wconf 81' lang='lat' dir='ltr'><strong>sunt,</strong></span> <span class='ocrx_word' id='word_1_27' title='bbox 1201 605 1462 660; x_wconf 89' lang='lat' dir='ltr'><strong>vivaciter</strong></span> <span class='ocrx_word' id='word_1_28' title='bbox 1510 602 1792 658; x_wconf 86' lang='lat' dir='ltr'><strong>intellexe-</strong></span> 
     </span>
    </p>
   </div>
   <div class='ocr_carea' id='block_1_4' title="bbox 209 693 1795 774">
    <p class='ocr_par' dir='ltr' id='par_1_4' title="bbox 209 693 1795 774">
     <span class='ocr_line' id='line_1_4' title="bbox 209 693 1795 774; baseline -0.012 -7"><span class='ocrx_word' id='word_1_29' title='bbox 209 718 363 774; x_wconf 84' lang='lat' dir='ltr'><strong>runt,</strong></span> <span class='ocrx_word' id='word_1_30' title='bbox 394 705 627 762; x_wconf 83' lang='lat' dir='ltr'><strong>fideliter</strong></span> <span class='ocrx_word' id='word_1_31' title='bbox 646 702 968 767; x_wconf 89' lang='lat' dir='ltr'><strong>enodarunt,</strong></span> <span class='ocrx_word' id='word_1_32' title='bbox 996 698 1244 755; x_wconf 88' lang='lat' dir='ltr'><strong>abstrusa</strong></span> <span class='ocrx_word' id='word_1_33' title='bbox 1276 697 1603 767; x_wconf 85' lang='lat' dir='ltr'><strong>aperientes,</strong></span> <span class='ocrx_word' id='word_1_34' title='bbox 1634 693 1795 765; x_wconf 90' lang='lat' dir='ltr'><strong>plana</strong></span> 
     </span>
    </p>
   </div>
   <div class='ocr_carea' id='block_1_5' title="bbox 210 787 1797 862">
    <p class='ocr_par' dir='ltr' id='par_1_5' title="bbox 210 787 1797 862">
     <span class='ocr_line' id='line_1_5' title="bbox 210 787 1797 862; baseline -0.01 -5"><span class='ocrx_word' id='word_1_35' title='bbox 210 807 559 862; x_wconf 86' lang='lat' dir='ltr'><strong>exornantes,</strong></span> <span class='ocrx_word' id='word_1_36' title='bbox 584 794 945 851; x_wconf 90' lang='lat' dir='ltr'><strong>nodosissima</strong></span> <span class='ocrx_word' id='word_1_37' title='bbox 981 791 1348 855; x_wconf 87' lang='lat' dir='ltr'><strong>enucleantes,</strong></span> <span class='ocrx_word' id='word_1_38' title='bbox 1393 788 1680 860; x_wconf 77' lang='lat' dir='ltr'><strong>allegorica</strong></span> <span class='ocrx_word' id='word_1_39' title='bbox 1703 787 1797 842; x_wconf 88' lang='lat' dir='ltr'><strong>de-</strong></span> 
     </span>
    </p>
   </div>
   <div class='ocr_carea' id='block_1_6' title="bbox 209 879 1797 963">
    <p class='ocr_par' dir='ltr' id='par_1_6' title="bbox 209 879 1797 963">
     <span class='ocr_line' id='line_1_6' title="bbox 209 879 1797 963; baseline -0.008 -15"><span class='ocrx_word' id='word_1_40' title='bbox 209 899 480 963; x_wconf 78' lang='lat' dir='ltr'><strong>tegentes,</strong></span> <span class='ocrx_word' id='word_1_41' title='bbox 501 889 606 944; x_wconf 89' lang='lat' dir='ltr'><strong>hoc</strong></span> <span class='ocrx_word' id='word_1_42' title='bbox 624 886 965 960; x_wconf 90' lang='lat' dir='ltr'><strong>potissimum</strong></span> <span class='ocrx_word' id='word_1_43' title='bbox 986 891 1320 955; x_wconf 87' lang='lat' dir='ltr'><strong>sategerunt,</strong></span> <span class='ocrx_word' id='word_1_44' title='bbox 1344 890 1404 937; x_wconf 91' lang='lat' dir='ltr'><strong>ut</strong></span> <span class='ocrx_word' id='word_1_45' title='bbox 1425 881 1516 936; x_wconf 91' lang='lat' dir='ltr'><strong>illo</strong></span> <span class='ocrx_word' id='word_1_46' title='bbox 1539 879 1797 952; x_wconf 87' lang='lat' dir='ltr'><strong>loquendi</strong></span> 
     </span>
    </p>
   </div>
   <div class='ocr_carea' id='block_1_7' title="bbox 209 972 1794 1052">
    <p class='ocr_par' dir='ltr' id='par_1_7' title="bbox 209 972 1794 1052">
     <span class='ocr_line' id='line_1_7' title="bbox 209 972 1794 1052; baseline -0.008 -14"><span class='ocrx_word' id='word_1_47' title='bbox 209 996 411 1052; x_wconf 90' lang='lat' dir='ltr'><strong>genere</strong></span> <span class='ocrx_word' id='word_1_48' title='bbox 438 995 600 1051; x_wconf 90' lang='lat' dir='ltr'><strong>quam</strong></span> <span class='ocrx_word' id='word_1_49' title='bbox 637 978 872 1034; x_wconf 80' lang='lat' dir='ltr'><strong>maxime</strong></span> <span class='ocrx_word' id='word_1_50' title='bbox 899 984 1200 1042; x_wconf 87' lang='lat' dir='ltr'><strong>uterentur,</strong></span> <span class='ocrx_word' id='word_1_51' title='bbox 1249 990 1357 1046; x_wconf 92' lang='lat' dir='ltr'><strong>quo</strong></span> <span class='ocrx_word' id='word_1_52' title='bbox 1410 974 1572 1028; x_wconf 90' lang='lat' dir='ltr'><strong>etiam</strong></span> <span class='ocrx_word' id='word_1_53' title='bbox 1602 988 1633 1026; x_wconf 90' lang='lat' dir='ltr'><strong>a</strong></span> <span class='ocrx_word' id='word_1_54' title='bbox 1659 972 1794 1026; x_wconf 91' lang='lat' dir='ltr'><strong>sim-</strong></span> 
     </span>
    </p>
   </div>
   <div class='ocr_carea' id='block_1_8' title="bbox 209 1061 1795 1144">
    <p class='ocr_par' dir='ltr' id='par_1_8' title="bbox 209 1061 1795 1144">
     <span class='ocr_line' id='line_1_8' title="bbox 209 1061 1795 1144; baseline -0.008 -16"><span class='ocrx_word' id='word_1_55' title='bbox 209 1072 528 1144; x_wconf 91' lang='lat' dir='ltr'><strong>plicioribus</strong></span> <span class='ocrx_word' id='word_1_56' title='bbox 548 1071 753 1140; x_wconf 83' lang='lat' dir='ltr'><strong>absque</strong></span> <span class='ocrx_word' id='word_1_57' title='bbox 774 1067 926 1140; x_wconf 90' lang='lat' dir='ltr'><strong>gravi</strong></span> <span class='ocrx_word' id='word_1_58' title='bbox 953 1066 1291 1132; x_wconf 88' lang='lat' dir='ltr'><strong>ditlicultate,</strong></span> <span class='ocrx_word' id='word_1_59' title='bbox 1344 1080 1465 1136; x_wconf 60' lang='lat' dir='ltr'><strong>qua</strong></span> <span class='ocrx_word' id='word_1_60' title='bbox 1506 1063 1594 1120; x_wconf 89' lang='lat' dir='ltr'><strong>vel</strong></span> <span class='ocrx_word' id='word_1_61' title='bbox 1638 1061 1795 1118; x_wconf 84' lang='lat' dir='ltr'><strong>audi-</strong></span> 
     </span>
    </p>
   </div>
   <div class='ocr_carea' id='block_1_9' title="bbox 209 1161 1129 1231">
    <p class='ocr_par' dir='ltr' id='par_1_9' title="bbox 209 1161 1129 1231">
     <span class='ocr_line' id='line_1_9' title="bbox 209 1161 1129 1231; baseline -0.01 -13"><span class='ocrx_word' id='word_1_62' title='bbox 209 1170 351 1224; x_wconf 85' lang='lat' dir='ltr'><strong>rent,</strong></span> <span class='ocrx_word' id='word_1_63' title='bbox 384 1161 467 1216; x_wconf 87' lang='lat' dir='ltr'><strong>vel</strong></span> <span class='ocrx_word' id='word_1_64' title='bbox 492 1161 751 1231; x_wconf 73' lang='lat' dir='ltr'><strong>legerent,</strong></span> <span class='ocrx_word' id='word_1_65' title='bbox 781 1164 1129 1228; x_wconf 88' lang='lat' dir='ltr'><strong>caperentur.</strong></span> 
     </span>
    </p>
   </div>
   <div class='ocr_carea' id='block_1_10' title="bbox 282 1241 1794 1321">
    <p class='ocr_par' dir='ltr' id='par_1_10' title="bbox 282 1241 1794 1321">
     <span class='ocr_line' id='line_1_10' title="bbox 282 1241 1794 1321; baseline -0.008 -13"><span class='ocrx_word' id='word_1_66' title='bbox 282 1250 437 1321; x_wconf 86' lang='lat' dir='ltr'><strong>Quod</strong></span> <span class='ocrx_word' id='word_1_67' title='bbox 462 1265 586 1306; x_wconf 92' lang='lat' dir='ltr'><strong>cum</strong></span> <span class='ocrx_word' id='word_1_68' title='bbox 613 1249 682 1304; x_wconf 92' lang='lat' dir='ltr'><strong>ab</strong></span> <span class='ocrx_word' id='word_1_69' title='bbox 709 1248 960 1304; x_wconf 91' lang='lat' dir='ltr'><strong>omnibus</strong></span> <span class='ocrx_word' id='word_1_70' title='bbox 984 1245 1206 1317; x_wconf 85' lang='lat' dir='ltr'><strong>provide</strong></span> <span class='ocrx_word' id='word_1_71' title='bbox 1235 1243 1399 1298; x_wconf 91' lang='lat' dir='ltr'><strong>fuerit</strong></span> <span class='ocrx_word' id='word_1_72' title='bbox 1427 1241 1794 1306; x_wconf 89' lang='lat' dir='ltr'><strong>observatum,</strong></span> 
     </span>
    </p>
   </div>
   <div class='ocr_carea' id='block_1_11' title="bbox 208 1334 1799 1415">
    <p class='ocr_par' dir='ltr' id='par_1_11' title="bbox 208 1334 1799 1415">
     <span class='ocr_line' id='line_1_11' title="bbox 208 1334 1799 1415; baseline -0.009 -15"><span class='ocrx_word' id='word_1_73' title='bbox 208 1343 482 1415; x_wconf 77' lang='lat' dir='ltr'><strong>przecipue</strong></span> <span class='ocrx_word' id='word_1_74' title='bbox 502 1340 797 1398; x_wconf 86' lang='lat' dir='ltr'><strong>beatissimi</strong></span> <span class='ocrx_word' id='word_1_75' title='bbox 821 1346 983 1410; x_wconf 88' lang='lat' dir='ltr'><strong>atque</strong></span> <span class='ocrx_word' id='word_1_76' title='bbox 1036 1334 1337 1393; x_wconf 84' lang='lat' dir='ltr'><strong>doctissimi</strong></span> <span class='ocrx_word' id='word_1_77' title='bbox 1393 1334 1569 1389; x_wconf 87' lang='lat' dir='ltr'><strong>Patris</strong></span> <span class='ocrx_word' id='word_1_78' title='bbox 1616 1334 1799 1405; x_wconf 80' lang='lat' dir='ltr'><strong>Augu-</strong></span> 
     </span>
    </p>
   </div>
   <div class='ocr_carea' id='block_1_12' title="bbox 208 1423 1798 1499">
    <p class='ocr_par' dir='ltr' id='par_1_12' title="bbox 208 1423 1798 1499">
     <span class='ocr_line' id='line_1_12' title="bbox 208 1423 1798 1499; baseline -0.006 -10"><span class='ocrx_word' id='word_1_79' title='bbox 208 1431 698 1499; x_wconf 69' lang='lat' dir='ltr'><strong>stini,venerand;e</strong></span> <span class='ocrx_word' id='word_1_80' title='bbox 719 1429 997 1485; x_wconf 83' lang='lat' dir='ltr'><strong>memoriae</strong></span> <span class='ocrx_word' id='word_1_81' title='bbox 1020 1427 1258 1499; x_wconf 88' lang='lat' dir='ltr'><strong>episcopi</strong></span> <span class='ocrx_word' id='word_1_82' title='bbox 1280 1426 1551 1497; x_wconf 84' lang='lat' dir='ltr'><strong>opusculis</strong></span> <span class='ocrx_word' id='word_1_83' title='bbox 1584 1423 1798 1496; x_wconf 89' lang='lat' dir='ltr'><strong>specia-</strong></span> 
     </span>
    </p>
   </div>
   <div class='ocr_carea' id='block_1_13' title="bbox 207 1518 1801 1591">
    <p class='ocr_par' dir='ltr' id='par_1_13' title="bbox 207 1518 1801 1591">
     <span class='ocr_line' id='line_1_13' title="bbox 207 1518 1801 1591; baseline -0.005 -12"><span class='ocrx_word' id='word_1_84' title='bbox 207 1522 316 1579; x_wconf 91' lang='lat' dir='ltr'><strong>lius</strong></span> <span class='ocrx_word' id='word_1_85' title='bbox 344 1522 625 1589; x_wconf 90' lang='lat' dir='ltr'><strong>elucescit,</strong></span> <span class='ocrx_word' id='word_1_86' title='bbox 677 1536 797 1591; x_wconf 79' lang='lat' dir='ltr'><strong>quae</strong></span> <span class='ocrx_word' id='word_1_87' title='bbox 823 1520 889 1576; x_wconf 91' lang='lat' dir='ltr'><strong>de</strong></span> <span class='ocrx_word' id='word_1_88' title='bbox 919 1520 1173 1575; x_wconf 90' lang='lat' dir='ltr'><strong>Doctrina</strong></span> <span class='ocrx_word' id='word_1_89' title='bbox 1225 1518 1531 1573; x_wconf 89' lang='lat' dir='ltr'><strong>Christiana</strong></span> <span class='ocrx_word' id='word_1_90' title='bbox 1581 1531 1801 1585; x_wconf 83' lang='lat' dir='ltr'><strong>compo-</strong></span> 
     </span>
    </p>
   </div>
   <div class='ocr_carea' id='block_1_14' title="bbox 208 1606 1799 1685">
    <p class='ocr_par' dir='ltr' id='par_1_14' title="bbox 208 1606 1799 1685">
     <span class='ocr_line' id='line_1_14' title="bbox 208 1606 1799 1685; baseline -0.006 -16"><span class='ocrx_word' id='word_1_91' title='bbox 208 1615 341 1680; x_wconf 85' lang='lat' dir='ltr'><strong>suit,</strong></span> <span class='ocrx_word' id='word_1_92' title='bbox 372 1614 427 1669; x_wconf 89' lang='lat' dir='ltr'><strong>in</strong></span> <span class='ocrx_word' id='word_1_93' title='bbox 457 1613 654 1685; x_wconf 89' lang='lat' dir='ltr'><strong>quibus</strong></span> <span class='ocrx_word' id='word_1_94' title='bbox 679 1611 768 1667; x_wconf 89' lang='lat' dir='ltr'><strong>vel</strong></span> <span class='ocrx_word' id='word_1_95' title='bbox 797 1610 1034 1665; x_wconf 81' lang='lat' dir='ltr'><strong>maxime</strong></span> <span class='ocrx_word' id='word_1_96' title='bbox 1062 1618 1278 1665; x_wconf 87' lang='lat' dir='ltr'><strong>tuorum</strong></span> <span class='ocrx_word' id='word_1_97' title='bbox 1300 1609 1504 1678; x_wconf 82' lang='lat' dir='ltr'><strong>tibique</strong></span> <span class='ocrx_word' id='word_1_98' title='bbox 1538 1606 1799 1661; x_wconf 91' lang='lat' dir='ltr'><strong>similium</strong></span> 
     </span>
    </p>
   </div>
   <div class='ocr_carea' id='block_1_15' title="bbox 210 1698 1802 1776">
    <p class='ocr_par' dir='ltr' id='par_1_15' title="bbox 210 1698 1802 1776">
     <span class='ocr_line' id='line_1_15' title="bbox 210 1698 1802 1776; baseline -0.006 -14"><span class='ocrx_word' id='word_1_99' title='bbox 210 1708 470 1776; x_wconf 80' lang='lat' dir='ltr'><strong>figmenta</strong></span> <span class='ocrx_word' id='word_1_100' title='bbox 500 1713 876 1775; x_wconf 89' lang='lat' dir='ltr'><strong>portentorum</strong></span> <span class='ocrx_word' id='word_1_101' title='bbox 902 1703 1137 1758; x_wconf 87' lang='lat' dir='ltr'><strong>cavenda</strong></span> <span class='ocrx_word' id='word_1_102' title='bbox 1160 1710 1214 1757; x_wconf 94' lang='lat' dir='ltr'><strong>et</strong></span> <span class='ocrx_word' id='word_1_103' title='bbox 1240 1700 1495 1771; x_wconf 91' lang='lat' dir='ltr'><strong>fugienda</strong></span> <span class='ocrx_word' id='word_1_104' title='bbox 1544 1698 1802 1754; x_wconf 88' lang='lat' dir='ltr'><strong>eruditis-</strong></span> 
     </span>
    </p>
   </div>
   <div class='ocr_carea' id='block_1_16' title="bbox 210 1787 1802 1862">
    <p class='ocr_par' dir='ltr' id='par_1_16' title="bbox 210 1787 1802 1862">
     <span class='ocr_line' id='line_1_16' title="bbox 210 1787 1802 1862; baseline -0.007 -10"><span class='ocrx_word' id='word_1_105' title='bbox 210 1796 353 1853; x_wconf 86' lang='lat' dir='ltr'><strong>sima</strong></span> <span class='ocrx_word' id='word_1_106' title='bbox 381 1796 684 1851; x_wconf 86' lang='lat' dir='ltr'><strong>humilitate</strong></span> <span class='ocrx_word' id='word_1_107' title='bbox 707 1791 1114 1862; x_wconf 90' lang='lat' dir='ltr'><strong>humillimaque</strong></span> <span class='ocrx_word' id='word_1_108' title='bbox 1164 1789 1468 1846; x_wconf 87' lang='lat' dir='ltr'><strong>eruditione</strong></span> <span class='ocrx_word' id='word_1_109' title='bbox 1516 1797 1572 1843; x_wconf 90' lang='lat' dir='ltr'><strong>et</strong></span> <span class='ocrx_word' id='word_1_110' title='bbox 1623 1787 1802 1844; x_wconf 81' lang='lat' dir='ltr'><strong>sanxit</strong></span> 
     </span>
    </p>
   </div>
   <div class='ocr_carea' id='block_1_17' title="bbox 1894 598 3490 669">
    <p class='ocr_par' dir='ltr' id='par_1_17' title="bbox 1894 598 3490 669">
     <span class='ocr_line' id='line_1_17' title="bbox 1894 598 3490 669; baseline 0.001 -14"><span class='ocrx_word' id='word_1_111' title='bbox 1894 601 2266 657; x_wconf 88' lang='lat' dir='ltr'><strong>recordamur.</strong></span> <span class='ocrx_word' id='word_1_112' title='bbox 2289 599 2435 667; x_wconf 82' lang='lat' dir='ltr'><strong>Quid</strong></span> <span class='ocrx_word' id='word_1_113' title='bbox 2454 608 2634 655; x_wconf 91' lang='lat' dir='ltr'><strong>autem</strong></span> <span class='ocrx_word' id='word_1_114' title='bbox 2666 598 2984 669; x_wconf 86' lang='lat' dir='ltr'><strong>profecerim</strong></span> <span class='ocrx_word' id='word_1_115' title='bbox 3014 612 3081 653; x_wconf 90' lang='lat' dir='ltr'><strong>ex</strong></span> <span class='ocrx_word' id='word_1_116' title='bbox 3111 598 3304 668; x_wconf 80' lang='lat' dir='ltr'><strong>linguae</strong></span> <span class='ocrx_word' id='word_1_117' title='bbox 3347 599 3490 657; x_wconf 87' lang='lat' dir='ltr'><strong>illius</strong></span> 
     </span>
    </p>
   </div>
   <div class='ocr_carea' id='block_1_18' title="bbox 1895 688 3490 765">
    <p class='ocr_par' dir='ltr' id='par_1_18' title="bbox 1895 688 3490 765">
     <span class='ocr_line' id='line_1_18' title="bbox 1895 688 3490 765; baseline -0.001 -19"><span class='ocrx_word' id='word_1_118' title='bbox 1895 690 2218 765; x_wconf 77' lang='lat' dir='ltr'><strong>infatigabili</strong></span> <span class='ocrx_word' id='word_1_119' title='bbox 2246 692 2446 758; x_wconf 91' lang='lat' dir='ltr'><strong>studio,</strong></span> <span class='ocrx_word' id='word_1_120' title='bbox 2473 690 2700 745; x_wconf 91' lang='lat' dir='ltr'><strong>aliorum</strong></span> <span class='ocrx_word' id='word_1_121' title='bbox 2738 689 2943 760; x_wconf 91' lang='lat' dir='ltr'><strong>judicio</strong></span> <span class='ocrx_word' id='word_1_122' title='bbox 2986 688 3321 759; x_wconf 91' lang='lat' dir='ltr'><strong>derelinquo.</strong></span> <span class='ocrx_word' id='word_1_123' title='bbox 3377 689 3490 761; x_wconf 86' lang='lat' dir='ltr'><strong>Ego</strong></span> 
     </span>
    </p>
   </div>
   <div class='ocr_carea' id='block_1_19' title="bbox 1894 778 3493 855">
    <p class='ocr_par' dir='ltr' id='par_1_19' title="bbox 1894 778 3493 855">
     <span class='ocr_line' id='line_1_19' title="bbox 1894 778 3493 855; baseline -0.001 -18"><span class='ocrx_word' id='word_1_124' title='bbox 1894 784 2022 852; x_wconf 91' lang='lat' dir='ltr'><strong>quid</strong></span> <span class='ocrx_word' id='word_1_125' title='bbox 2056 784 2109 837; x_wconf 93' lang='lat' dir='ltr'><strong>in</strong></span> <span class='ocrx_word' id='word_1_126' title='bbox 2136 798 2221 837; x_wconf 92' lang='lat' dir='ltr'><strong>me</strong></span> <span class='ocrx_word' id='word_1_127' title='bbox 2249 781 2365 855; x_wconf 92' lang='lat' dir='ltr'><strong>[al.,</strong></span> <span class='ocrx_word' id='word_1_128' title='bbox 2390 781 2532 855; x_wconf 87' lang='lat' dir='ltr'><strong>mea]</strong></span> <span class='ocrx_word' id='word_1_129' title='bbox 2561 780 2836 836; x_wconf 88' lang='lat' dir='ltr'><strong>amiserim</strong></span> <span class='ocrx_word' id='word_1_130' title='bbox 2858 780 2992 837; x_wconf 89' lang='lat' dir='ltr'><strong>scio.</strong></span> <span class='ocrx_word' id='word_1_131' title='bbox 3046 779 3272 836; x_wconf 83' lang='lat' dir='ltr'><strong>Accedit</strong></span> <span class='ocrx_word' id='word_1_132' title='bbox 3298 778 3363 834; x_wconf 87' lang='lat' dir='ltr'><strong>ad</strong></span> <span class='ocrx_word' id='word_1_133' title='bbox 3388 780 3493 835; x_wconf 91' lang='lat' dir='ltr'><strong>hoc</strong></span> 
     </span>
    </p>
   </div>
   <div class='ocr_carea' id='block_1_20' title="bbox 1896 869 3494 944">
    <p class='ocr_par' dir='ltr' id='par_1_20' title="bbox 1896 869 3494 944">
     <span class='ocr_line' id='line_1_20' title="bbox 1896 869 3494 944; baseline -0.001 -17"><span class='ocrx_word' id='word_1_134' title='bbox 1896 873 2024 944; x_wconf 91' lang='lat' dir='ltr'><strong>quia</strong></span> <span class='ocrx_word' id='word_1_135' title='bbox 2053 882 2281 944; x_wconf 88' lang='lat' dir='ltr'><strong>propter</strong></span> <span class='ocrx_word' id='word_1_136' title='bbox 2308 873 2586 928; x_wconf 88' lang='lat' dir='ltr'><strong>oculorum</strong></span> <span class='ocrx_word' id='word_1_137' title='bbox 2618 880 2673 928; x_wconf 92' lang='lat' dir='ltr'><strong>et</strong></span> <span class='ocrx_word' id='word_1_138' title='bbox 2699 872 2865 927; x_wconf 90' lang='lat' dir='ltr'><strong>totius</strong></span> <span class='ocrx_word' id='word_1_139' title='bbox 2911 870 3214 943; x_wconf 88' lang='lat' dir='ltr'><strong>corpusculi</strong></span> <span class='ocrx_word' id='word_1_140' title='bbox 3264 869 3494 925; x_wconf 81' lang='lat' dir='ltr'><strong>inﬁrmi—</strong></span> 
     </span>
    </p>
   </div>
   <div class='ocr_carea' id='block_1_21' title="bbox 1898 961 3492 1036">
    <p class='ocr_par' dir='ltr' id='par_1_21' title="bbox 1898 961 3492 1036">
     <span class='ocr_line' id='line_1_21' title="bbox 1898 961 3492 1036; baseline -0.004 -15"><span class='ocrx_word' id='word_1_141' title='bbox 1898 974 2066 1021; x_wconf 87' lang='lat' dir='ltr'><strong>tatem</strong></span> <span class='ocrx_word' id='word_1_142' title='bbox 2104 981 2269 1020; x_wconf 92' lang='lat' dir='ltr'><strong>manu</strong></span> <span class='ocrx_word' id='word_1_143' title='bbox 2295 980 2414 1020; x_wconf 92' lang='lat' dir='ltr'><strong>mea</strong></span> <span class='ocrx_word' id='word_1_144' title='bbox 2442 966 2556 1036; x_wconf 88' lang='lat' dir='ltr'><strong>ipse</strong></span> <span class='ocrx_word' id='word_1_145' title='bbox 2581 981 2689 1021; x_wconf 93' lang='lat' dir='ltr'><strong>non</strong></span> <span class='ocrx_word' id='word_1_146' title='bbox 2714 964 2915 1030; x_wconf 91' lang='lat' dir='ltr'><strong>scribo,</strong></span> <span class='ocrx_word' id='word_1_147' title='bbox 2949 979 3049 1019; x_wconf 91' lang='lat' dir='ltr'><strong>nec</strong></span> <span class='ocrx_word' id='word_1_148' title='bbox 3083 963 3267 1019; x_wconf 86' lang='lat' dir='ltr'><strong>labore</strong></span> <span class='ocrx_word' id='word_1_149' title='bbox 3288 971 3343 1017; x_wconf 87' lang='lat' dir='ltr'><strong>et</strong></span> <span class='ocrx_word' id='word_1_150' title='bbox 3367 961 3492 1017; x_wconf 88' lang='lat' dir='ltr'><strong>dili-</strong></span> 
     </span>
    </p>
   </div>
   <div class='ocr_carea' id='block_1_22' title="bbox 1896 1040 3494 1127">
    <p class='ocr_par' dir='ltr' id='par_1_22' title="bbox 1896 1040 3494 1127">
     <span class='ocr_line' id='line_1_22' title="bbox 1896 1040 3494 1127; baseline -0.002 -17"><span class='ocrx_word' id='word_1_151' title='bbox 1896 1056 2079 1127; x_wconf 81' lang='lat' dir='ltr'><strong>gentia</strong></span> <span class='ocrx_word' id='word_1_152' title='bbox 2110 1071 2465 1125; x_wconf 91' lang='lat' dir='ltr'><strong>compensare</strong></span> <span class='ocrx_word' id='word_1_153' title='bbox 2490 1071 2630 1127; x_wconf 90' lang='lat' dir='ltr'><strong>queo</strong></span> <span class='ocrx_word' id='word_1_154' title='bbox 2660 1055 2857 1125; x_wconf 87' lang='lat' dir='ltr'><strong>eloquii</strong></span> <span class='ocrx_word' id='word_1_155' title='bbox 2893 1053 3236 1119; x_wconf 86' lang='lat' dir='ltr'><strong>tarditatem;</strong></span> <span class='ocrx_word' id='word_1_156' title='bbox 3262 1040 3404 1123; x_wconf 81' lang='lat' dir='ltr'><strong>quod</strong></span> <span class='ocrx_word' id='word_1_157' title='bbox 3427 1053 3494 1107; x_wconf 90' lang='lat' dir='ltr'><strong>de</strong></span> 
     </span>
    </p>
   </div>
   <div class='ocr_carea' id='block_1_23' title="bbox 1897 1145 3493 1220">
    <p class='ocr_par' dir='ltr' id='par_1_23' title="bbox 1897 1145 3493 1220">
     <span class='ocr_line' id='line_1_23' title="bbox 1897 1145 3493 1220; baseline -0.001 -19"><span class='ocrx_word' id='word_1_158' title='bbox 1897 1146 2124 1220; x_wconf 80' lang='lat' dir='ltr'><strong>Virgilio</strong></span> <span class='ocrx_word' id='word_1_159' title='bbox 2145 1163 2359 1219; x_wconf 90' lang='lat' dir='ltr'><strong>quoque</strong></span> <span class='ocrx_word' id='word_1_160' title='bbox 2387 1148 2625 1215; x_wconf 90' lang='lat' dir='ltr'><strong>tradunt,</strong></span> <span class='ocrx_word' id='word_1_161' title='bbox 2654 1148 2782 1218; x_wconf 91' lang='lat' dir='ltr'><strong>quia</strong></span> <span class='ocrx_word' id='word_1_162' title='bbox 2802 1146 2971 1203; x_wconf 87' lang='lat' dir='ltr'><strong>libros</strong></span> <span class='ocrx_word' id='word_1_163' title='bbox 3000 1161 3127 1203; x_wconf 91' lang='lat' dir='ltr'><strong>suos</strong></span> <span class='ocrx_word' id='word_1_164' title='bbox 3171 1145 3225 1201; x_wconf 91' lang='lat' dir='ltr'><strong>in</strong></span> <span class='ocrx_word' id='word_1_165' title='bbox 3270 1146 3493 1201; x_wconf 89' lang='lat' dir='ltr'><strong>modum</strong></span> 
     </span>
    </p>
   </div>
   <div class='ocr_carea' id='block_1_24' title="bbox 1897 1233 3493 1309">
    <p class='ocr_par' dir='ltr' id='par_1_24' title="bbox 1897 1233 3493 1309">
     <span class='ocr_line' id='line_1_24' title="bbox 1897 1233 3493 1309; baseline -0.003 -17"><span class='ocrx_word' id='word_1_166' title='bbox 1897 1252 2152 1294; x_wconf 87' lang='lat' dir='ltr'><strong>ursorum</strong></span> <span class='ocrx_word' id='word_1_167' title='bbox 2180 1237 2386 1293; x_wconf 82' lang='lat' dir='ltr'><strong>fetuum</strong></span> <span class='ocrx_word' id='word_1_168' title='bbox 2425 1238 2675 1309; x_wconf 88' lang='lat' dir='ltr'><strong>lingendo</strong></span> <span class='ocrx_word' id='word_1_169' title='bbox 2729 1236 3056 1308; x_wconf 77' lang='lat' dir='ltr'><strong>figuraverat</strong></span> <span class='ocrx_word' id='word_1_170' title='bbox 3099 1233 3222 1308; x_wconf 88' lang='lat' dir='ltr'><strong>[al.,</strong></span> <span class='ocrx_word' id='word_1_171' title='bbox 3265 1233 3493 1289; x_wconf 89' lang='lat' dir='ltr'><strong>labendo</strong></span> 
     </span>
    </p>
   </div>
   <div class='ocr_carea' id='block_1_25' title="bbox 1898 1322 3495 1399">
    <p class='ocr_par' dir='ltr' id='par_1_25' title="bbox 1898 1322 3495 1399">
     <span class='ocr_line' id='line_1_25' title="bbox 1898 1322 3495 1399; baseline -0.003 -17"><span class='ocrx_word' id='word_1_172' title='bbox 1898 1326 2254 1399; x_wconf 82' lang='lat' dir='ltr'><strong>ﬁguraverit].</strong></span> <span class='ocrx_word' id='word_1_173' title='bbox 2281 1328 2479 1383; x_wconf 76' lang='lat' dir='ltr'><strong>Verum</strong></span> <span class='ocrx_word' id='word_1_174' title='bbox 2503 1328 2679 1385; x_wconf 89' lang='lat' dir='ltr'><strong>accito</strong></span> <span class='ocrx_word' id='word_1_175' title='bbox 2704 1327 2939 1391; x_wconf 89' lang='lat' dir='ltr'><strong>notario,</strong></span> <span class='ocrx_word' id='word_1_176' title='bbox 2994 1332 3088 1380; x_wconf 92' lang='lat' dir='ltr'><strong>aut</strong></span> <span class='ocrx_word' id='word_1_177' title='bbox 3125 1325 3307 1380; x_wconf 90' lang='lat' dir='ltr'><strong>statim</strong></span> <span class='ocrx_word' id='word_1_178' title='bbox 3348 1322 3495 1378; x_wconf 90' lang='lat' dir='ltr'><strong>dicto</strong></span> 
     </span>
    </p>
   </div>
   <div class='ocr_carea' id='block_1_26' title="bbox 1899 1416 3495 1491">
    <p class='ocr_par' dir='ltr' id='par_1_26' title="bbox 1899 1416 3495 1491">
     <span class='ocr_line' id='line_1_26' title="bbox 1899 1416 3495 1491; baseline -0.001 -17"><span class='ocrx_word' id='word_1_179' title='bbox 1899 1419 2257 1491; x_wconf 88' lang='lat' dir='ltr'><strong>quodcunque</strong></span> <span class='ocrx_word' id='word_1_180' title='bbox 2284 1420 2338 1474; x_wconf 92' lang='lat' dir='ltr'><strong>in</strong></span> <span class='ocrx_word' id='word_1_181' title='bbox 2362 1420 2589 1475; x_wconf 90' lang='lat' dir='ltr'><strong>buccam</strong></span> <span class='ocrx_word' id='word_1_182' title='bbox 2622 1420 2852 1485; x_wconf 89' lang='lat' dir='ltr'><strong>venerit,</strong></span> <span class='ocrx_word' id='word_1_183' title='bbox 2877 1427 2970 1473; x_wconf 90' lang='lat' dir='ltr'><strong>aut</strong></span> <span class='ocrx_word' id='word_1_184' title='bbox 3010 1418 3055 1474; x_wconf 91' lang='lat' dir='ltr'><strong>si</strong></span> <span class='ocrx_word' id='word_1_185' title='bbox 3096 1416 3373 1488; x_wconf 89' lang='lat' dir='ltr'><strong>paululum</strong></span> <span class='ocrx_word' id='word_1_186' title='bbox 3394 1431 3495 1473; x_wconf 84' lang='lat' dir='ltr'><strong>vo-</strong></span> 
     </span>
    </p>
   </div>
   <div class='ocr_carea' id='block_1_27' title="bbox 1901 1510 3495 1582">
    <p class='ocr_par' dir='ltr' id='par_1_27' title="bbox 1901 1510 3495 1582">
     <span class='ocr_line' id='line_1_27' title="bbox 1901 1510 3495 1582; baseline -0.001 -16"><span class='ocrx_word' id='word_1_187' title='bbox 1901 1511 2054 1567; x_wconf 87' lang='lat' dir='ltr'><strong>luero</strong></span> <span class='ocrx_word' id='word_1_188' title='bbox 2084 1512 2347 1582; x_wconf 89' lang='lat' dir='ltr'><strong>cogitare,</strong></span> <span class='ocrx_word' id='word_1_189' title='bbox 2386 1512 2577 1567; x_wconf 87' lang='lat' dir='ltr'><strong>melius</strong></span> <span class='ocrx_word' id='word_1_190' title='bbox 2618 1510 2822 1582; x_wconf 90' lang='lat' dir='ltr'><strong>aliquid</strong></span> <span class='ocrx_word' id='word_1_191' title='bbox 2859 1510 3197 1581; x_wconf 87' lang='lat' dir='ltr'><strong>prolaturus,</strong></span> <span class='ocrx_word' id='word_1_192' title='bbox 3231 1518 3360 1566; x_wconf 90' lang='lat' dir='ltr'><strong>tunc</strong></span> <span class='ocrx_word' id='word_1_193' title='bbox 3405 1522 3495 1564; x_wconf 86' lang='lat' dir='ltr'><strong>me</strong></span> 
     </span>
    </p>
   </div>
   <div class='ocr_carea' id='block_1_28' title="bbox 1901 1606 3495 1682">
    <p class='ocr_par' dir='ltr' id='par_1_28' title="bbox 1901 1606 3495 1682">
     <span class='ocr_line' id='line_1_28' title="bbox 1901 1606 3495 1682; baseline -0.004 -15"><span class='ocrx_word' id='word_1_194' title='bbox 1901 1613 2101 1668; x_wconf 90' lang='lat' dir='ltr'><strong>tacitus</strong></span> <span class='ocrx_word' id='word_1_195' title='bbox 2140 1612 2227 1667; x_wconf 92' lang='lat' dir='ltr'><strong>ille</strong></span> <span class='ocrx_word' id='word_1_196' title='bbox 2252 1610 2617 1682; x_wconf 84' lang='lat' dir='ltr'><strong>reprehendit,</strong></span> <span class='ocrx_word' id='word_1_197' title='bbox 2665 1624 2884 1665; x_wconf 87' lang='lat' dir='ltr'><strong>manum</strong></span> <span class='ocrx_word' id='word_1_198' title='bbox 2920 1607 3213 1673; x_wconf 85' lang='lat' dir='ltr'><strong>contrahit,</strong></span> <span class='ocrx_word' id='word_1_199' title='bbox 3258 1606 3495 1661; x_wconf 83' lang='lat' dir='ltr'><strong>frontem</strong></span> 
     </span>
    </p>
   </div>
   <div class='ocr_carea' id='block_1_29' title="bbox 1902 1698 3499 1777">
    <p class='ocr_par' dir='ltr' id='par_1_29' title="bbox 1902 1698 3499 1777">
     <span class='ocr_line' id='line_1_29' title="bbox 1902 1698 3499 1777; baseline -0.004 -17"><span class='ocrx_word' id='word_1_200' title='bbox 1902 1714 2080 1777; x_wconf 85' lang='lat' dir='ltr'><strong>rugat,</strong></span> <span class='ocrx_word' id='word_1_201' title='bbox 2134 1713 2189 1760; x_wconf 89' lang='lat' dir='ltr'><strong>et</strong></span> <span class='ocrx_word' id='word_1_202' title='bbox 2236 1720 2294 1759; x_wconf 88' lang='lat' dir='ltr'><strong>se</strong></span> <span class='ocrx_word' id='word_1_203' title='bbox 2339 1704 2540 1759; x_wconf 81' lang='lat' dir='ltr'><strong>frustra</strong></span> <span class='ocrx_word' id='word_1_204' title='bbox 2607 1702 2797 1758; x_wconf 87' lang='lat' dir='ltr'><strong>adesse</strong></span> <span class='ocrx_word' id='word_1_205' title='bbox 2869 1710 2981 1757; x_wconf 89' lang='lat' dir='ltr'><strong>toto</strong></span> <span class='ocrx_word' id='word_1_206' title='bbox 3040 1708 3194 1773; x_wconf 90' lang='lat' dir='ltr'><strong>gestu</strong></span> <span class='ocrx_word' id='word_1_207' title='bbox 3254 1698 3499 1769; x_wconf 89' lang='lat' dir='ltr'><strong>corporis</strong></span> 
     </span>
    </p>
   </div>
   <div class='ocr_carea' id='block_1_30' title="bbox 1904 1786 3493 1852">
    <p class='ocr_par' dir='ltr' id='par_1_30' title="bbox 1904 1786 3493 1852">
     <span class='ocr_line' id='line_1_30' title="bbox 1904 1786 3493 1852; baseline -0.006 0"><span class='ocrx_word' id='word_1_208' title='bbox 1904 1804 2260 1852; x_wconf 88' lang='lat' dir='ltr'><strong>contestatur.</strong></span> <span class='ocrx_word' id='word_1_209' title='bbox 2292 1792 2479 1849; x_wconf 87' lang='lat' dir='ltr'><strong>Oratio</strong></span> <span class='ocrx_word' id='word_1_210' title='bbox 2508 1800 2691 1848; x_wconf 89' lang='lat' dir='ltr'><strong>autem</strong></span> <span class='ocrx_word' id='word_1_211' title='bbox 2714 1792 2841 1847; x_wconf 91' lang='lat' dir='ltr'><strong>licet</strong></span> <span class='ocrx_word' id='word_1_212' title='bbox 2864 1791 2931 1847; x_wconf 90' lang='lat' dir='ltr'><strong>de</strong></span> <span class='ocrx_word' id='word_1_213' title='bbox 2955 1791 3108 1846; x_wconf 62' lang='lat' dir='ltr'><strong>bona:</strong></span> <span class='ocrx_word' id='word_1_214' title='bbox 3157 1787 3351 1845; x_wconf 89' lang='lat' dir='ltr'><strong>indolis</strong></span> <span class='ocrx_word' id='word_1_215' title='bbox 3407 1786 3493 1842; x_wconf 86' lang='lat' dir='ltr'><strong>in-</strong></span> 
     </span>
    </p>
   </div>
   <div class='ocr_carea' id='block_1_31' title="bbox 207 1871 3501 1959">
    <p class='ocr_par' dir='ltr' id='par_1_31' title="bbox 207 1871 3501 1959">
     <span class='ocr_line' id='line_1_31' title="bbox 207 1871 3501 1959; baseline -0.006 -6"><span class='ocrx_word' id='word_1_216' title='bbox 207 1894 270 1942; x_wconf 73' lang='lat' dir='ltr'><strong>el</strong></span> <span class='ocrx_word' id='word_1_217' title='bbox 288 1885 491 1942; x_wconf 72' lang='grc' dir='ltr'><strong>ἀοουίῐ·</strong></span> <span class='ocrx_word' id='word_1_218' title='bbox 526 1884 745 1941; x_wconf 71' lang='lat' dir='ltr'><strong>Necnon</strong></span> <span class='ocrx_word' id='word_1_219' title='bbox 775 1884 830 1939; x_wconf 82' lang='grc' dir='ltr'><strong>ίη</strong></span> <span class='ocrx_word' id='word_1_220' title='bbox 859 1882 964 1938; x_wconf 66' lang='lat' dir='ltr'><strong>illis</strong></span> <span class='ocrx_word' id='word_1_221' title='bbox 984 1896 1121 1952; x_wconf 69' lang='lat' dir='ltr'><strong>quos</strong></span> <span class='ocrx_word' id='word_1_222' title='bbox 1146 1881 1502 1951; x_wconf 66' lang='grc' dir='ltr'><strong>(ιυωειίοηυω</strong></span> <span class='ocrx_word' id='word_1_223' title='bbox 1526 1878 1611 1934; x_wconf 73' lang='grc' dir='ltr'><strong>νει</strong></span> <span class='ocrx_word' id='word_1_224' title='bbox 1658 1878 1805 1934; x_wconf 69' lang='lat'><strong>1000&#39;-</strong></span> <span class='ocrx_word' id='word_1_225' title='bbox 1833 1871 1882 1931; x_wconf 77' lang='grc' dir='ltr'><strong>Β</strong></span> <span class='ocrx_word' id='word_1_226' title='bbox 1908 1888 2066 1959; x_wconf 88' lang='lat' dir='ltr'><strong>genio</strong></span> <span class='ocrx_word' id='word_1_227' title='bbox 2089 1886 2159 1941; x_wconf 91' lang='lat' dir='ltr'><strong>sit</strong></span> <span class='ocrx_word' id='word_1_228' title='bbox 2186 1884 2447 1957; x_wconf 88' lang='lat' dir='ltr'><strong>profecta,</strong></span> <span class='ocrx_word' id='word_1_229' title='bbox 2478 1892 2531 1940; x_wconf 93' lang='lat' dir='ltr'><strong>et</strong></span> <span class='ocrx_word' id='word_1_230' title='bbox 2560 1884 2815 1939; x_wconf 88' lang='lat' dir='ltr'><strong>distincta</strong></span> <span class='ocrx_word' id='word_1_231' title='bbox 2845 1881 3263 1948; x_wconf 87' lang='lat' dir='ltr'><strong>inventionibus,</strong></span> <span class='ocrx_word' id='word_1_232' title='bbox 3309 1889 3364 1936; x_wconf 92' lang='lat' dir='ltr'><strong>et</strong></span> <span class='ocrx_word' id='word_1_233' title='bbox 3408 1892 3501 1933; x_wconf 86' lang='lat' dir='ltr'><strong>or-</strong></span> 
     </span>
    </p>
   </div>
   <div class='ocr_carea' id='block_1_32' title="bbox 215 1970 1807 2043">
    <p class='ocr_par' dir='ltr' id='par_1_32' title="bbox 215 1970 1807 2043">
     <span class='ocr_line' id='line_1_32' title="bbox 215 1970 1807 2043; baseline -0.003 -13"><span class='ocrx_word' id='word_1_234' title='bbox 215 1975 427 2031; x_wconf 91' lang='lat' dir='ltr'><strong>tionum</strong></span> <span class='ocrx_word' id='word_1_235' title='bbox 459 1973 814 2043; x_wconf 83' lang='lat' dir='ltr'><strong>Heptateuchi</strong></span> <span class='ocrx_word' id='word_1_236' title='bbox 866 1971 1114 2028; x_wconf 90' lang='lat' dir='ltr'><strong>mirabile</strong></span> <span class='ocrx_word' id='word_1_237' title='bbox 1159 1970 1519 2027; x_wconf 85' lang='lat' dir='ltr'><strong>elucidatione</strong></span> <span class='ocrx_word' id='word_1_238' title='bbox 1555 1977 1807 2025; x_wconf 86' lang='lat' dir='ltr'><strong>exaratos</strong></span> 
     </span>
    </p>
   </div>
   <div class='ocr_carea' id='block_1_33' title="bbox 211 2062 1811 2135">
    <p class='ocr_par' dir='ltr' id='par_1_33' title="bbox 211 2062 1811 2135">
     <span class='ocr_line' id='line_1_33' title="bbox 211 2062 1811 2135; baseline -0.003 -13"><span class='ocrx_word' id='word_1_239' title='bbox 211 2066 437 2122; x_wconf 90' lang='lat' dir='ltr'><strong>nomine</strong></span> <span class='ocrx_word' id='word_1_240' title='bbox 463 2066 632 2120; x_wconf 87' lang='lat' dir='ltr'><strong>voluit</strong></span> <span class='ocrx_word' id='word_1_241' title='bbox 660 2065 972 2135; x_wconf 62' lang='lat' dir='ltr'><strong>prienotari.</strong></span> <span class='ocrx_word' id='word_1_242' title='bbox 1014 2064 1368 2121; x_wconf 88' lang='lat' dir='ltr'><strong>Beatissimus</strong></span> <span class='ocrx_word' id='word_1_243' title='bbox 1413 2077 1629 2133; x_wconf 89' lang='lat' dir='ltr'><strong>quoque</strong></span> <span class='ocrx_word' id='word_1_244' title='bbox 1681 2062 1811 2123; x_wconf 54' lang='lat' dir='ltr'><strong>ilice</strong></span> 
     </span>
    </p>
   </div>
   <div class='ocr_carea' id='block_1_34' title="bbox 212 2154 1809 2232">
    <p class='ocr_par' dir='ltr' id='par_1_34' title="bbox 212 2154 1809 2232">
     <span class='ocr_line' id='line_1_34' title="bbox 212 2154 1809 2232; baseline -0.005 -16"><span class='ocrx_word' id='word_1_245' title='bbox 212 2167 498 2232; x_wconf 82' lang='lat' dir='ltr'><strong>ronymu’s,</strong></span> <span class='ocrx_word' id='word_1_246' title='bbox 531 2167 610 2213; x_wconf 89' lang='lat' dir='ltr'><strong>tot</strong></span> <span class='ocrx_word' id='word_1_247' title='bbox 632 2158 937 2230; x_wconf 91' lang='lat' dir='ltr'><strong>linguarum</strong></span> <span class='ocrx_word' id='word_1_248' title='bbox 975 2166 1139 2228; x_wconf 89' lang='lat' dir='ltr'><strong>atque</strong></span> <span class='ocrx_word' id='word_1_249' title='bbox 1162 2156 1424 2212; x_wconf 88' lang='lat' dir='ltr'><strong>librorum</strong></span> <span class='ocrx_word' id='word_1_250' title='bbox 1470 2156 1670 2210; x_wconf 90' lang='lat' dir='ltr'><strong>litteris</strong></span> <span class='ocrx_word' id='word_1_251' title='bbox 1722 2154 1809 2209; x_wconf 88' lang='lat' dir='ltr'><strong>in-</strong></span> 
     </span>
    </p>
   </div>
   <div class='ocr_carea' id='block_1_35' title="bbox 212 2247 1808 2322">
    <p class='ocr_par' dir='ltr' id='par_1_35' title="bbox 212 2247 1808 2322">
     <span class='ocr_line' id='line_1_35' title="bbox 212 2247 1808 2322; baseline -0.004 -16"><span class='ocrx_word' id='word_1_252' title='bbox 212 2250 662 2322; x_wconf 90' lang='lat' dir='ltr'><strong>comparabiliter</strong></span> <span class='ocrx_word' id='word_1_253' title='bbox 698 2249 961 2316; x_wconf 88' lang='lat' dir='ltr'><strong>eruditus,</strong></span> <span class='ocrx_word' id='word_1_254' title='bbox 1015 2250 1069 2304; x_wconf 95' lang='lat' dir='ltr'><strong>in</strong></span> <span class='ocrx_word' id='word_1_255' title='bbox 1099 2249 1373 2313; x_wconf 88' lang='lat' dir='ltr'><strong>omnibus,</strong></span> <span class='ocrx_word' id='word_1_256' title='bbox 1428 2259 1536 2302; x_wconf 88' lang='lat' dir='ltr'><strong>tam</strong></span> <span class='ocrx_word' id='word_1_257' title='bbox 1585 2247 1639 2301; x_wconf 91' lang='lat' dir='ltr'><strong>in</strong></span> <span class='ocrx_word' id='word_1_258' title='bbox 1678 2261 1808 2317; x_wconf 90' lang='lat' dir='ltr'><strong>pro-</strong></span> 
     </span>
    </p>
   </div>
   <div class='ocr_carea' id='block_1_36' title="bbox 212 2337 1807 2414">
    <p class='ocr_par' dir='ltr' id='par_1_36' title="bbox 212 2337 1807 2414">
     <span class='ocr_line' id='line_1_36' title="bbox 212 2337 1807 2414; baseline -0.004 -16"><span class='ocrx_word' id='word_1_259' title='bbox 212 2342 449 2414; x_wconf 88' lang='lat' dir='ltr'><strong>pheticis</strong></span> <span class='ocrx_word' id='word_1_260' title='bbox 478 2358 641 2414; x_wconf 87' lang='lat' dir='ltr'><strong>quam</strong></span> <span class='ocrx_word' id='word_1_261' title='bbox 684 2340 1013 2413; x_wconf 89' lang='lat' dir='ltr'><strong>apostolicis,</strong></span> <span class='ocrx_word' id='word_1_262' title='bbox 1058 2339 1551 2411; x_wconf 79' lang='lat' dir='ltr'><strong>explanationibus,</strong></span> <span class='ocrx_word' id='word_1_263' title='bbox 1604 2338 1657 2393; x_wconf 91' lang='lat' dir='ltr'><strong>id</strong></span> <span class='ocrx_word' id='word_1_264' title='bbox 1706 2337 1807 2393; x_wconf 92' lang='lat' dir='ltr'><strong>sibi</strong></span> 
     </span>
    </p>
   </div>
   <div class='ocr_carea' id='block_1_37' title="bbox 217 2429 1810 2504">
    <p class='ocr_par' dir='ltr' id='par_1_37' title="bbox 217 2429 1810 2504">
     <span class='ocr_line' id='line_1_37' title="bbox 217 2429 1810 2504; baseline -0.002 -17"><span class='ocrx_word' id='word_1_265' title='bbox 217 2447 566 2504; x_wconf 79' lang='lat' dir='ltr'><strong>summopere</strong></span> <span class='ocrx_word' id='word_1_266' title='bbox 593 2433 758 2487; x_wconf 89' lang='lat' dir='ltr'><strong>studii</strong></span> <span class='ocrx_word' id='word_1_267' title='bbox 797 2432 963 2487; x_wconf 87' lang='lat' dir='ltr'><strong>fuisse</strong></span> <span class='ocrx_word' id='word_1_268' title='bbox 992 2432 1238 2487; x_wconf 90' lang='lat' dir='ltr'><strong>crebrius</strong></span> <span class='ocrx_word' id='word_1_269' title='bbox 1279 2430 1587 2499; x_wconf 90' lang='lat' dir='ltr'><strong>replicando</strong></span> <span class='ocrx_word' id='word_1_270' title='bbox 1640 2429 1810 2485; x_wconf 87' lang='lat' dir='ltr'><strong>incul-</strong></span> 
     </span>
    </p>
   </div>
   <div class='ocr_carea' id='block_1_38' title="bbox 216 2521 1811 2596">
    <p class='ocr_par' dir='ltr' id='par_1_38' title="bbox 216 2521 1811 2596">
     <span class='ocr_line' id='line_1_38' title="bbox 216 2521 1811 2596; baseline -0.003 -16"><span class='ocrx_word' id='word_1_271' title='bbox 216 2534 332 2591; x_wconf 88' lang='lat' dir='ltr'><strong>cat,</strong></span> <span class='ocrx_word' id='word_1_272' title='bbox 357 2524 516 2581; x_wconf 88' lang='lat' dir='ltr'><strong>malle</strong></span> <span class='ocrx_word' id='word_1_273' title='bbox 539 2540 635 2596; x_wconf 89' lang='lat' dir='ltr'><strong>per</strong></span> <span class='ocrx_word' id='word_1_274' title='bbox 659 2541 718 2581; x_wconf 87' lang='lat' dir='ltr'><strong>se</strong></span> <span class='ocrx_word' id='word_1_275' title='bbox 742 2533 1050 2580; x_wconf 88' lang='lat' dir='ltr'><strong>sanctarum</strong></span> <span class='ocrx_word' id='word_1_276' title='bbox 1078 2522 1484 2593; x_wconf 88' lang='lat' dir='ltr'><strong>Scripturarum</strong></span> <span class='ocrx_word' id='word_1_277' title='bbox 1529 2522 1670 2577; x_wconf 89' lang='lat' dir='ltr'><strong>dicta</strong></span> <span class='ocrx_word' id='word_1_278' title='bbox 1724 2521 1811 2575; x_wconf 88' lang='lat' dir='ltr'><strong>iu-</strong></span> 
     </span>
    </p>
   </div>
   <div class='ocr_carea' id='block_1_39' title="bbox 216 2613 1812 2687">
    <p class='ocr_par' dir='ltr' id='par_1_39' title="bbox 216 2613 1812 2687">
     <span class='ocr_line' id='line_1_39' title="bbox 216 2613 1812 2687; baseline -0.003 -17"><span class='ocrx_word' id='word_1_279' title='bbox 216 2615 388 2687; x_wconf 88' lang='lat' dir='ltr'><strong>telligi</strong></span> <span class='ocrx_word' id='word_1_280' title='bbox 431 2632 590 2686; x_wconf 89' lang='lat' dir='ltr'><strong>quam</strong></span> <span class='ocrx_word' id='word_1_281' title='bbox 626 2616 907 2672; x_wconf 90' lang='lat' dir='ltr'><strong>rhetorum</strong></span> <span class='ocrx_word' id='word_1_282' title='bbox 945 2614 1332 2672; x_wconf 89' lang='lat' dir='ltr'><strong>controversiis</strong></span> <span class='ocrx_word' id='word_1_283' title='bbox 1381 2613 1666 2668; x_wconf 86' lang='lat' dir='ltr'><strong>inservire.</strong></span> <span class='ocrx_word' id='word_1_284' title='bbox 1726 2613 1812 2667; x_wconf 92' lang='lat' dir='ltr'><strong>ln-</strong></span> 
     </span>
    </p>
   </div>
   <div class='ocr_carea' id='block_1_40' title="bbox 219 2703 1813 2776">
    <p class='ocr_par' dir='ltr' id='par_1_40' title="bbox 219 2703 1813 2776">
     <span class='ocr_line' id='line_1_40' title="bbox 219 2703 1813 2776; baseline -0.004 -13"><span class='ocrx_word' id='word_1_285' title='bbox 219 2714 468 2763; x_wconf 86' lang='lat' dir='ltr'><strong>structus</strong></span> <span class='ocrx_word' id='word_1_286' title='bbox 490 2706 743 2763; x_wconf 88' lang='lat' dir='ltr'><strong>videlicet</strong></span> <span class='ocrx_word' id='word_1_287' title='bbox 769 2706 1032 2763; x_wconf 87' lang='lat' dir='ltr'><strong>tremendi</strong></span> <span class='ocrx_word' id='word_1_288' title='bbox 1058 2705 1258 2776; x_wconf 85' lang='lat' dir='ltr'><strong>judicis</strong></span> <span class='ocrx_word' id='word_1_289' title='bbox 1278 2703 1526 2768; x_wconf 83' lang='lat' dir='ltr'><strong>verbere,</strong></span> <span class='ocrx_word' id='word_1_290' title='bbox 1555 2719 1661 2774; x_wconf 90' lang='lat' dir='ltr'><strong>quo</strong></span> <span class='ocrx_word' id='word_1_291' title='bbox 1686 2718 1813 2773; x_wconf 88' lang='lat' dir='ltr'><strong>pro-</strong></span> 
     </span>
    </p>
   </div>
   <div class='ocr_carea' id='block_1_41' title="bbox 219 2796 1813 2870">
    <p class='ocr_par' dir='ltr' id='par_1_41' title="bbox 219 2796 1813 2870">
     <span class='ocr_line' id='line_1_41' title="bbox 219 2796 1813 2870; baseline -0.003 -17"><span class='ocrx_word' id='word_1_292' title='bbox 219 2806 350 2870; x_wconf 86' lang='lat' dir='ltr'><strong>pter</strong></span> <span class='ocrx_word' id='word_1_293' title='bbox 374 2799 598 2854; x_wconf 90' lang='lat' dir='ltr'><strong>nimiam</strong></span> <span class='ocrx_word' id='word_1_294' title='bbox 618 2798 899 2854; x_wconf 89' lang='lat' dir='ltr'><strong>Ciceronis</strong></span> <span class='ocrx_word' id='word_1_295' title='bbox 947 2797 1233 2853; x_wconf 88' lang='lat' dir='ltr'><strong>lectionem</strong></span> <span class='ocrx_word' id='word_1_296' title='bbox 1267 2797 1533 2853; x_wconf 90' lang='lat' dir='ltr'><strong>adductus</strong></span> <span class='ocrx_word' id='word_1_297' title='bbox 1588 2796 1813 2851; x_wconf 89' lang='lat' dir='ltr'><strong>acriter-</strong></span> 
     </span>
    </p>
   </div>
   <div class='ocr_carea' id='block_1_42' title="bbox 221 2886 1815 2961">
    <p class='ocr_par' dir='ltr' id='par_1_42' title="bbox 221 2886 1815 2961">
     <span class='ocr_line' id='line_1_42' title="bbox 221 2886 1815 2961; baseline -0.003 -16"><span class='ocrx_word' id='word_1_298' title='bbox 221 2903 335 2961; x_wconf 89' lang='lat' dir='ltr'><strong>que</strong></span> <span class='ocrx_word' id='word_1_299' title='bbox 363 2905 557 2956; x_wconf 66' lang='lat' dir='ltr'><strong>caesus,</strong></span> <span class='ocrx_word' id='word_1_300' title='bbox 578 2890 794 2945; x_wconf 90' lang='lat' dir='ltr'><strong>tandem</strong></span> <span class='ocrx_word' id='word_1_301' title='bbox 815 2888 1285 2946; x_wconf 89' lang='lat' dir='ltr'><strong>circumstantium</strong></span> <span class='ocrx_word' id='word_1_302' title='bbox 1323 2888 1573 2959; x_wconf 89' lang='lat' dir='ltr'><strong>precibus</strong></span> <span class='ocrx_word' id='word_1_303' title='bbox 1618 2886 1815 2942; x_wconf 87' lang='lat' dir='ltr'><strong>libera-</strong></span> 
     </span>
    </p>
   </div>
   <div class='ocr_carea' id='block_1_43' title="bbox 224 2978 1812 3052">
    <p class='ocr_par' dir='ltr' id='par_1_43' title="bbox 224 2978 1812 3052">
     <span class='ocr_line' id='line_1_43' title="bbox 224 2978 1812 3052; baseline -0.001 -15"><span class='ocrx_word' id='word_1_304' title='bbox 224 2990 316 3037; x_wconf 90' lang='lat' dir='ltr'><strong>tus</strong></span> <span class='ocrx_word' id='word_1_305' title='bbox 331 2980 614 3050; x_wconf 76' lang='lat' dir='ltr'><strong>iuraverat</strong></span> <span class='ocrx_word' id='word_1_306' title='bbox 634 2998 693 3040; x_wconf 88' lang='lat' dir='ltr'><strong>se</strong></span> <span class='ocrx_word' id='word_1_307' title='bbox 714 2978 992 3039; x_wconf 87' lang='lat' dir='ltr'><strong>Ciceronis</strong></span> <span class='ocrx_word' id='word_1_308' title='bbox 1019 2981 1189 3037; x_wconf 88' lang='lat' dir='ltr'><strong>libros</strong></span> <span class='ocrx_word' id='word_1_309' title='bbox 1211 2995 1488 3052; x_wconf 88' lang='lat' dir='ltr'><strong>nunquam</strong></span> <span class='ocrx_word' id='word_1_310' title='bbox 1517 2979 1582 3035; x_wconf 93' lang='lat' dir='ltr'><strong>de</strong></span> <span class='ocrx_word' id='word_1_311' title='bbox 1616 2988 1812 3036; x_wconf 76' lang='lat' dir='ltr'><strong>caetero</strong></span> 
     </span>
    </p>
   </div>
   <div class='ocr_carea' id='block_1_44' title="bbox 223 3071 1815 3146">
    <p class='ocr_par' dir='ltr' id='par_1_44' title="bbox 223 3071 1815 3146">
     <span class='ocr_line' id='line_1_44' title="bbox 223 3071 1815 3146; baseline -0.002 -15"><span class='ocrx_word' id='word_1_312' title='bbox 223 3075 638 3143; x_wconf 85' lang='lat' dir='ltr'><strong>meditaturum,</strong></span> <span class='ocrx_word' id='word_1_313' title='bbox 671 3090 947 3146; x_wconf 88' lang='lat' dir='ltr'><strong>nunquam</strong></span> <span class='ocrx_word' id='word_1_314' title='bbox 978 3073 1265 3139; x_wconf 90' lang='lat' dir='ltr'><strong>lecturum,</strong></span> <span class='ocrx_word' id='word_1_315' title='bbox 1295 3073 1426 3145; x_wconf 86' lang='lat' dir='ltr'><strong>quin</strong></span> <span class='ocrx_word' id='word_1_316' title='bbox 1473 3071 1711 3143; x_wconf 86' lang='lat' dir='ltr'><strong>Epistola</strong></span> <span class='ocrx_word' id='word_1_317' title='bbox 1746 3072 1815 3128; x_wconf 91' lang='lat' dir='ltr'><strong>ad</strong></span> 
     </span>
    </p>
   </div>
   <div class='ocr_carea' id='block_1_45' title="bbox 224 3162 1815 3237">
    <p class='ocr_par' dir='ltr' id='par_1_45' title="bbox 224 3162 1815 3237">
     <span class='ocr_line' id='line_1_45' title="bbox 224 3162 1815 3237; baseline -0.001 -16"><span class='ocrx_word' id='word_1_318' title='bbox 224 3163 453 3221; x_wconf 83' lang='lat' dir='ltr'><strong>Galatas</strong></span> <span class='ocrx_word' id='word_1_319' title='bbox 489 3173 858 3237; x_wconf 89' lang='lat' dir='ltr'><strong>contemptum</strong></span> <span class='ocrx_word' id='word_1_320' title='bbox 906 3163 1130 3235; x_wconf 89' lang='lat' dir='ltr'><strong>hujusce</strong></span> <span class='ocrx_word' id='word_1_321' title='bbox 1178 3162 1557 3234; x_wconf 88' lang='lat' dir='ltr'><strong>disputationis</strong></span> <span class='ocrx_word' id='word_1_322' title='bbox 1598 3163 1671 3219; x_wconf 90' lang='lat' dir='ltr'><strong>ita</strong></span> <span class='ocrx_word' id='word_1_323' title='bbox 1723 3163 1815 3220; x_wconf 87' lang='lat' dir='ltr'><strong>de-</strong></span> 
     </span>
    </p>
   </div>
   <div class='ocr_carea' id='block_1_46' title="bbox 223 3256 730 3327">
    <p class='ocr_par' dir='ltr' id='par_1_46' title="bbox 223 3256 730 3327">
     <span class='ocr_line' id='line_1_46' title="bbox 223 3256 730 3327; baseline -0.008 -13"><span class='ocrx_word' id='word_1_324' title='bbox 223 3258 497 3327; x_wconf 83' lang='lat' dir='ltr'><strong>prompsit</strong></span> <span class='ocrx_word' id='word_1_325' title='bbox 526 3256 730 3313; x_wconf 88' lang='lat' dir='ltr'><strong>dicens.</strong></span> 
     </span>
    </p>
   </div>
   <div class='ocr_carea' id='block_1_47' title="bbox 303 3343 1814 3420">
    <p class='ocr_par' dir='ltr' id='par_1_47' title="bbox 303 3343 1814 3420">
     <span class='ocr_line' id='line_1_47' title="bbox 303 3343 1814 3420; baseline -0.002 -16"><span class='ocrx_word' id='word_1_326' title='bbox 303 3347 665 3420; x_wconf 79' lang='lat' dir='ltr'><strong>Hieronymus</strong></span> <span class='ocrx_word' id='word_1_327' title='bbox 690 3348 926 3419; x_wconf 65' lang='lat' dir='ltr'><strong>(prorem.</strong></span> <span class='ocrx_word' id='word_1_328' title='bbox 946 3347 1039 3401; x_wconf 93' lang='lat' dir='ltr'><strong>lib.</strong></span> <span class='ocrx_word' id='word_1_329' title='bbox 1061 3361 1123 3402; x_wconf 84' lang='lat' dir='ltr'><strong>ut</strong></span> <span class='ocrx_word' id='word_1_330' title='bbox 1144 3347 1345 3401; x_wconf 68' lang='lat' dir='ltr'><strong>Comm.</strong></span> <span class='ocrx_word' id='word_1_331' title='bbox 1371 3346 1542 3417; x_wconf 84' lang='lat' dir='ltr'><strong>Epist.</strong></span> <span class='ocrx_word' id='word_1_332' title='bbox 1559 3345 1629 3401; x_wconf 88' lang='lat' dir='ltr'><strong>ad</strong></span> <span class='ocrx_word' id='word_1_333' title='bbox 1648 3343 1814 3418; x_wconf 85' lang='lat' dir='ltr'><strong>Gal.).</strong></span> 
     </span>
    </p>
   </div>
   <div class='ocr_carea' id='block_1_48' title="bbox 229 3436 1820 3513">
    <p class='ocr_par' dir='ltr' id='par_1_48' title="bbox 229 3436 1820 3513">
     <span class='ocr_line' id='line_1_48' title="bbox 229 3436 1820 3513; baseline -0.001 -20"><span class='ocrx_word' id='word_1_334' title='bbox 229 3436 502 3513; x_wconf 81' lang='lat' dir='ltr'><strong>[Tertium</strong></span> <span class='ocrx_word' id='word_1_335' title='bbox 524 3439 595 3495; x_wconf 87' lang='lat' dir='ltr'><strong>ad</strong></span> <span class='ocrx_word' id='word_1_336' title='bbox 629 3438 873 3503; x_wconf 87' lang='lat' dir='ltr'><strong>Galatas,</strong></span> <span class='ocrx_word' id='word_1_337' title='bbox 910 3454 943 3493; x_wconf 92' lang='grc' dir='ltr'>ο</span> <span class='ocrx_word' id='word_1_338' title='bbox 963 3437 1128 3493; x_wconf 88' lang='lat' dir='ltr'><strong>Paula</strong></span> <span class='ocrx_word' id='word_1_339' title='bbox 1168 3445 1225 3491; x_wconf 90' lang='lat' dir='ltr'><strong>et</strong></span> <span class='ocrx_word' id='word_1_340' title='bbox 1270 3436 1640 3504; x_wconf 82' lang='lat' dir='ltr'><strong>Eustochium,</strong></span> <span class='ocrx_word' id='word_1_341' title='bbox 1671 3438 1820 3495; x_wconf 83' lang='lat' dir='ltr'><strong>volu-</strong></span> 
     </span>
    </p>
   </div>
   <div class='ocr_carea' id='block_1_49' title="bbox 228 3526 1820 3602">
    <p class='ocr_par' dir='ltr' id='par_1_49' title="bbox 228 3526 1820 3602">
     <span class='ocr_line' id='line_1_49' title="bbox 228 3526 1820 3602; baseline 0.001 -17"><span class='ocrx_word' id='word_1_342' title='bbox 228 3544 361 3586; x_wconf 87' lang='lat' dir='ltr'><strong>men</strong></span> <span class='ocrx_word' id='word_1_343' title='bbox 390 3529 494 3585; x_wconf 87' lang='lat' dir='ltr'><strong>hoc</strong></span> <span class='ocrx_word' id='word_1_344' title='bbox 518 3530 804 3585; x_wconf 87' lang='lat' dir='ltr'><strong>condimus</strong></span> <span class='ocrx_word' id='word_1_345' title='bbox 841 3527 962 3602; x_wconf 91' lang='lat' dir='ltr'><strong>[al.,</strong></span> <span class='ocrx_word' id='word_1_346' title='bbox 993 3526 1289 3601; x_wconf 90' lang='lat' dir='ltr'><strong>cudimus],</strong></span> <span class='ocrx_word' id='word_1_347' title='bbox 1335 3543 1441 3584; x_wconf 92' lang='lat' dir='ltr'><strong>non</strong></span> <span class='ocrx_word' id='word_1_348' title='bbox 1493 3530 1666 3597; x_wconf 86' lang='lat' dir='ltr'><strong>ignari</strong></span> <span class='ocrx_word' id='word_1_349' title='bbox 1722 3529 1820 3586; x_wconf 79' lang='lat' dir='ltr'><strong>im-</strong></span> 
     </span>
    </p>
   </div>
   <div class='ocr_carea' id='block_1_50' title="bbox 228 3618 1821 3690">
    <p class='ocr_par' dir='ltr' id='par_1_50' title="bbox 228 3618 1821 3690">
     <span class='ocr_line' id='line_1_50' title="bbox 228 3618 1821 3690; baseline -0.002 -13"><span class='ocrx_word' id='word_1_350' title='bbox 228 3620 547 3677; x_wconf 85' lang='lat' dir='ltr'><strong>becillitatis</strong></span> <span class='ocrx_word' id='word_1_351' title='bbox 574 3628 794 3686; x_wconf 62' lang='lat' dir='ltr'><strong>nostrae,</strong></span> <span class='ocrx_word' id='word_1_352' title='bbox 826 3627 881 3675; x_wconf 90' lang='lat' dir='ltr'><strong>et</strong></span> <span class='ocrx_word' id='word_1_353' title='bbox 904 3619 1062 3674; x_wconf 90' lang='lat' dir='ltr'><strong>exilis</strong></span> <span class='ocrx_word' id='word_1_354' title='bbox 1090 3618 1292 3690; x_wconf 88' lang='lat' dir='ltr'><strong>ingenii</strong></span> <span class='ocrx_word' id='word_1_355' title='bbox 1321 3619 1554 3675; x_wconf 90' lang='lat' dir='ltr'><strong>rivulum</strong></span> <span class='ocrx_word' id='word_1_356' title='bbox 1580 3620 1670 3675; x_wconf 89' lang='lat' dir='ltr'><strong>vix</strong></span> <span class='ocrx_word' id='word_1_357' title='bbox 1695 3635 1821 3690; x_wconf 88' lang='lat' dir='ltr'><strong>par-</strong></span> 
     </span>
    </p>
   </div>
   <div class='ocr_carea' id='block_1_51' title="bbox 229 3709 1820 3786">
    <p class='ocr_par' dir='ltr' id='par_1_51' title="bbox 229 3709 1820 3786">
     <span class='ocr_line' id='line_1_51' title="bbox 229 3709 1820 3786; baseline -0.003 -15"><span class='ocrx_word' id='word_1_358' title='bbox 229 3730 306 3771; x_wconf 86' lang='lat' dir='ltr'><strong>vo</strong></span> <span class='ocrx_word' id='word_1_359' title='bbox 343 3722 676 3786; x_wconf 87' lang='lat' dir='ltr'><strong>strepentem</strong></span> <span class='ocrx_word' id='word_1_360' title='bbox 707 3728 984 3770; x_wconf 91' lang='lat' dir='ltr'><strong>murmure</strong></span> <span class='ocrx_word' id='word_1_361' title='bbox 1014 3713 1330 3768; x_wconf 84' lang='lat' dir='ltr'><strong>sentientes.</strong></span> <span class='ocrx_word' id='word_1_362' title='bbox 1358 3709 1477 3767; x_wconf 80' lang='lat' dir='ltr'><strong>Jam</strong></span> <span class='ocrx_word' id='word_1_363' title='bbox 1503 3711 1650 3765; x_wconf 91' lang='lat' dir='ltr'><strong>enim</strong></span> <span class='ocrx_word' id='word_1_364' title='bbox 1688 3720 1743 3766; x_wconf 92' lang='lat' dir='ltr'><strong>et</strong></span> <span class='ocrx_word' id='word_1_365' title='bbox 1765 3711 1820 3766; x_wconf 92' lang='lat' dir='ltr'><strong>in</strong></span> 
     </span>
    </p>
   </div>
   <div class='ocr_carea' id='block_1_52' title="bbox 229 3801 1823 3875">
    <p class='ocr_par' dir='ltr' id='par_1_52' title="bbox 229 3801 1823 3875">
     <span class='ocr_line' id='line_1_52' title="bbox 229 3801 1823 3875; baseline -0.004 -13"><span class='ocrx_word' id='word_1_366' title='bbox 229 3804 497 3862; x_wconf 85' lang='lat' dir='ltr'><strong>Ecclesiis</strong></span> <span class='ocrx_word' id='word_1_367' title='bbox 546 3806 649 3861; x_wconf 90' lang='lat' dir='ltr'><strong>ista</strong></span> <span class='ocrx_word' id='word_1_368' title='bbox 698 3812 1031 3875; x_wconf 59' lang='lat' dir='ltr'><strong>quaeruntur,</strong></span> <span class='ocrx_word' id='word_1_369' title='bbox 1088 3802 1395 3873; x_wconf 90' lang='lat' dir='ltr'><strong>omissaque</strong></span> <span class='ocrx_word' id='word_1_370' title='bbox 1453 3801 1823 3872; x_wconf 88' lang='lat' dir='ltr'><strong>apostolorum</strong></span> 
     </span>
    </p>
   </div>
   <div class='ocr_carea' id='block_1_53' title="bbox 230 3892 1822 3966">
    <p class='ocr_par' dir='ltr' id='par_1_53' title="bbox 230 3892 1822 3966">
     <span class='ocr_line' id='line_1_53' title="bbox 230 3892 1822 3966; baseline -0.004 -13"><span class='ocrx_word' id='word_1_371' title='bbox 230 3896 605 3966; x_wconf 79' lang='lat' dir='ltr'><strong>simplicitate,</strong></span> <span class='ocrx_word' id='word_1_372' title='bbox 637 3904 692 3953; x_wconf 91' lang='lat' dir='ltr'><strong>et</strong></span> <span class='ocrx_word' id='word_1_373' title='bbox 717 3896 950 3966; x_wconf 88' lang='lat' dir='ltr'><strong>puritate</strong></span> <span class='ocrx_word' id='word_1_374' title='bbox 970 3894 1280 3960; x_wconf 89' lang='lat' dir='ltr'><strong>verborum,</strong></span> <span class='ocrx_word' id='word_1_375' title='bbox 1325 3893 1481 3963; x_wconf 90' lang='lat' dir='ltr'><strong>quasi</strong></span> <span class='ocrx_word' id='word_1_376' title='bbox 1531 3894 1597 3948; x_wconf 86' lang='lat' dir='ltr'><strong>ad</strong></span> <span class='ocrx_word' id='word_1_377' title='bbox 1653 3892 1822 3948; x_wconf 84' lang='lat' dir='ltr'><strong>Athe-</strong></span> 
     </span>
    </p>
   </div>
   <div class='ocr_carea' id='block_1_54' title="bbox 232 3984 1826 4056">
    <p class='ocr_par' dir='ltr' id='par_1_54' title="bbox 232 3984 1826 4056">
     <span class='ocr_line' id='line_1_54' title="bbox 232 3984 1826 4056; baseline -0.004 -12"><span class='ocrx_word' id='word_1_378' title='bbox 232 4003 419 4045; x_wconf 63' lang='lat' dir='ltr'><strong>simum</strong></span> <span class='ocrx_word' id='word_1_379' title='bbox 446 3998 501 4044; x_wconf 91' lang='lat' dir='ltr'><strong>et</strong></span> <span class='ocrx_word' id='word_1_380' title='bbox 526 3989 594 4044; x_wconf 91' lang='lat' dir='ltr'><strong>ad</strong></span> <span class='ocrx_word' id='word_1_381' title='bbox 622 3987 890 4044; x_wconf 90' lang='lat' dir='ltr'><strong>auditoria</strong></span> <span class='ocrx_word' id='word_1_382' title='bbox 936 3986 1276 4049; x_wconf 90' lang='lat' dir='ltr'><strong>convenitur,</strong></span> <span class='ocrx_word' id='word_1_383' title='bbox 1333 3993 1395 4040; x_wconf 91' lang='lat' dir='ltr'><strong>ut</strong></span> <span class='ocrx_word' id='word_1_384' title='bbox 1448 3984 1671 4056; x_wconf 86' lang='lat' dir='ltr'><strong>plausus</strong></span> <span class='ocrx_word' id='word_1_385' title='bbox 1718 3984 1826 4038; x_wconf 86' lang='lat' dir='ltr'><strong>cir-</strong></span> 
     </span>
    </p>
   </div>
   <div class='ocr_carea' id='block_1_55' title="bbox 234 4075 1826 4143">
    <p class='ocr_par' dir='ltr' id='par_1_55' title="bbox 234 4075 1826 4143">
     <span class='ocr_line' id='line_1_55' title="bbox 234 4075 1826 4143; baseline -0.003 -8"><span class='ocrx_word' id='word_1_386' title='bbox 234 4079 626 4135; x_wconf 88' lang='lat' dir='ltr'><strong>cumstantium</strong></span> <span class='ocrx_word' id='word_1_387' title='bbox 655 4079 1009 4143; x_wconf 89' lang='lat' dir='ltr'><strong>suscitentur,</strong></span> <span class='ocrx_word' id='word_1_388' title='bbox 1039 4085 1102 4131; x_wconf 91' lang='lat' dir='ltr'><strong>ut</strong></span> <span class='ocrx_word' id='word_1_389' title='bbox 1148 4076 1323 4133; x_wconf 91' lang='lat' dir='ltr'><strong>oratio</strong></span> <span class='ocrx_word' id='word_1_390' title='bbox 1357 4075 1645 4131; x_wconf 72' lang='lat' dir='ltr'><strong>rhetoricae</strong></span> <span class='ocrx_word' id='word_1_391' title='bbox 1691 4075 1826 4131; x_wconf 90' lang='lat' dir='ltr'><strong>artis</strong></span> 
     </span>
    </p>
   </div>
   <div class='ocr_carea' id='block_1_56' title="bbox 234 4165 1828 4239">
    <p class='ocr_par' dir='ltr' id='par_1_56' title="bbox 234 4165 1828 4239">
     <span class='ocr_line' id='line_1_56' title="bbox 234 4165 1828 4239; baseline -0.002 -15"><span class='ocrx_word' id='word_1_392' title='bbox 234 4165 423 4224; x_wconf 75' lang='lat' dir='ltr'><strong>fucata</strong></span> <span class='ocrx_word' id='word_1_393' title='bbox 447 4170 750 4236; x_wconf 89' lang='lat' dir='ltr'><strong>mendacio,</strong></span> <span class='ocrx_word' id='word_1_394' title='bbox 783 4168 937 4239; x_wconf 89' lang='lat' dir='ltr'><strong>quasi</strong></span> <span class='ocrx_word' id='word_1_395' title='bbox 963 4166 1206 4237; x_wconf 63' lang='lat' dir='ltr'><strong>quaedam</strong></span> <span class='ocrx_word' id='word_1_396' title='bbox 1239 4165 1583 4222; x_wconf 91' lang='lat' dir='ltr'><strong>meretricula</strong></span> <span class='ocrx_word' id='word_1_397' title='bbox 1634 4180 1828 4236; x_wconf 89' lang='lat' dir='ltr'><strong>proce-</strong></span> 
     </span>
    </p>
   </div>
   <div class='ocr_carea' id='block_1_57' title="bbox 236 4255 1828 4328">
    <p class='ocr_par' dir='ltr' id='par_1_57' title="bbox 236 4255 1828 4328">
     <span class='ocr_line' id='line_1_57' title="bbox 236 4255 1828 4328; baseline -0.002 -15"><span class='ocrx_word' id='word_1_398' title='bbox 236 4256 339 4313; x_wconf 85' lang='lat' dir='ltr'><strong>dat</strong></span> <span class='ocrx_word' id='word_1_399' title='bbox 366 4256 421 4312; x_wconf 91' lang='lat' dir='ltr'><strong>in</strong></span> <span class='ocrx_word' id='word_1_400' title='bbox 445 4258 737 4328; x_wconf 89' lang='lat' dir='ltr'><strong>publicum,</strong></span> <span class='ocrx_word' id='word_1_401' title='bbox 768 4273 874 4313; x_wconf 93' lang='lat' dir='ltr'><strong>non</strong></span> <span class='ocrx_word' id='word_1_402' title='bbox 913 4265 1023 4312; x_wconf 89' lang='lat' dir='ltr'><strong>tam</strong></span> <span class='ocrx_word' id='word_1_403' title='bbox 1073 4256 1350 4312; x_wconf 91' lang='lat' dir='ltr'><strong>eruditura</strong></span> <span class='ocrx_word' id='word_1_404' title='bbox 1395 4255 1619 4326; x_wconf 88' lang='lat' dir='ltr'><strong>populos</strong></span> <span class='ocrx_word' id='word_1_405' title='bbox 1665 4270 1828 4325; x_wconf 87' lang='lat' dir='ltr'><strong>quam</strong></span> 
     </span>
    </p>
   </div>
   <div class='ocr_carea' id='block_1_58' title="bbox 236 4346 1832 4420">
    <p class='ocr_par' dir='ltr' id='par_1_58' title="bbox 236 4346 1832 4420">
     <span class='ocr_line' id='line_1_58' title="bbox 236 4346 1832 4420; baseline 0 -17"><span class='ocrx_word' id='word_1_406' title='bbox 236 4346 484 4404; x_wconf 83' lang='lat' dir='ltr'><strong>favorem</strong></span> <span class='ocrx_word' id='word_1_407' title='bbox 514 4349 693 4420; x_wconf 92' lang='lat' dir='ltr'><strong>populi</strong></span> <span class='ocrx_word' id='word_1_408' title='bbox 722 4350 1035 4420; x_wconf 60' lang='lat' dir='ltr'><strong>quaesitura,</strong></span> <span class='ocrx_word' id='word_1_409' title='bbox 1074 4357 1129 4402; x_wconf 92' lang='lat' dir='ltr'><strong>et</strong></span> <span class='ocrx_word' id='word_1_410' title='bbox 1170 4348 1224 4402; x_wconf 88' lang='lat' dir='ltr'><strong>in</strong></span> <span class='ocrx_word' id='word_1_411' title='bbox 1255 4346 1472 4402; x_wconf 88' lang='lat' dir='ltr'><strong>modum</strong></span> <span class='ocrx_word' id='word_1_412' title='bbox 1501 4346 1740 4416; x_wconf 83' lang='lat' dir='ltr'><strong>psalterii</strong></span> <span class='ocrx_word' id='word_1_413' title='bbox 1776 4355 1832 4403; x_wconf 93' lang='lat' dir='ltr'><strong>et</strong></span> 
     </span>
    </p>
   </div>
   <div class='ocr_carea' id='block_1_59' title="bbox 238 4437 1824 4506">
    <p class='ocr_par' dir='ltr' id='par_1_59' title="bbox 238 4437 1824 4506">
     <span class='ocr_line' id='line_1_59' title="bbox 238 4437 1824 4506; baseline -0.004 -10"><span class='ocrx_word' id='word_1_414' title='bbox 238 4438 393 4496; x_wconf 67' lang='lat' dir='ltr'><strong>tibia</strong></span> <span class='ocrx_word' id='word_1_415' title='bbox 422 4438 578 4496; x_wconf 90' lang='lat' dir='ltr'><strong>dulce</strong></span> <span class='ocrx_word' id='word_1_416' title='bbox 598 4440 866 4506; x_wconf 83' lang='lat' dir='ltr'><strong>canentis,</strong></span> <span class='ocrx_word' id='word_1_417' title='bbox 913 4454 1105 4494; x_wconf 88' lang='lat' dir='ltr'><strong>sensus</strong></span> <span class='ocrx_word' id='word_1_418' title='bbox 1129 4437 1431 4492; x_wconf 89' lang='lat' dir='ltr'><strong>demulceat</strong></span> <span class='ocrx_word' id='word_1_419' title='bbox 1459 4437 1824 4504; x_wconf 90' lang='lat' dir='ltr'><strong>audientium;</strong></span> 
     </span>
    </p>
   </div>
   <div class='ocr_carea' id='block_1_60' title="bbox 239 4530 1827 4605">
    <p class='ocr_par' dir='ltr' id='par_1_60' title="bbox 239 4530 1827 4605">
     <span class='ocr_line' id='line_1_60' title="bbox 239 4530 1827 4605; baseline -0.003 -14"><span class='ocrx_word' id='word_1_420' title='bbox 239 4543 306 4591; x_wconf 91' lang='lat' dir='ltr'><strong>ut</strong></span> <span class='ocrx_word' id='word_1_421' title='bbox 327 4548 455 4591; x_wconf 85' lang='lat' dir='ltr'><strong>vere</strong></span> <span class='ocrx_word' id='word_1_422' title='bbox 477 4533 608 4591; x_wconf 91' lang='lat' dir='ltr'><strong>illud</strong></span> <span class='ocrx_word' id='word_1_423' title='bbox 633 4534 909 4605; x_wconf 66' lang='lat' dir='ltr'><strong>prophetae</strong></span> <span class='ocrx_word' id='word_1_424' title='bbox 934 4530 1235 4587; x_wconf 81' lang='lat' dir='ltr'><strong>Ezechielis</strong></span> <span class='ocrx_word' id='word_1_425' title='bbox 1264 4530 1465 4586; x_wconf 90' lang='lat' dir='ltr'><strong>nostris</strong></span> <span class='ocrx_word' id='word_1_426' title='bbox 1492 4530 1827 4600; x_wconf 87' lang='lat' dir='ltr'><strong>temporibus</strong></span> 
     </span>
    </p>
   </div>
   <div class='ocr_carea' id='block_1_61' title="bbox 240 4620 1832 4698">
    <p class='ocr_par' dir='ltr' id='par_1_61' title="bbox 240 4620 1832 4698">
     <span class='ocr_line' id='line_1_61' title="bbox 240 4620 1832 4698; baseline -0.003 -17"><span class='ocrx_word' id='word_1_427' title='bbox 240 4626 416 4698; x_wconf 88' lang='lat' dir='ltr'><strong>possit</strong></span> <span class='ocrx_word' id='word_1_428' title='bbox 434 4626 630 4696; x_wconf 90' lang='lat' dir='ltr'><strong>aptari,</strong></span> <span class='ocrx_word' id='word_1_429' title='bbox 659 4626 869 4681; x_wconf 89' lang='lat' dir='ltr'><strong>dicente</strong></span> <span class='ocrx_word' id='word_1_430' title='bbox 892 4624 1119 4680; x_wconf 89' lang='lat' dir='ltr'><strong>Domino</strong></span> <span class='ocrx_word' id='word_1_431' title='bbox 1141 4622 1209 4677; x_wconf 92' lang='lat' dir='ltr'><strong>ad</strong></span> <span class='ocrx_word' id='word_1_432' title='bbox 1250 4637 1372 4677; x_wconf 89' lang='lat' dir='ltr'><strong>eum</strong></span> <span class='ocrx_word' id='word_1_433' title='bbox 1403 4620 1509 4676; x_wconf 84' lang='lat' dir='ltr'><strong>:Et</strong></span> <span class='ocrx_word' id='word_1_434' title='bbox 1556 4620 1728 4691; x_wconf 85' lang='lat' dir='ltr'><strong>factus</strong></span> <span class='ocrx_word' id='word_1_435' title='bbox 1778 4639 1832 4678; x_wconf 91' lang='lat' dir='ltr'><strong>es</strong></span> 
     </span>
    </p>
   </div>
   <div class='ocr_carea' id='block_1_62' title="bbox 241 4711 1834 4788">
    <p class='ocr_par' dir='ltr' id='par_1_62' title="bbox 241 4711 1834 4788">
     <span class='ocr_line' id='line_1_62' title="bbox 241 4711 1834 4788; baseline -0.004 -15"><span class='ocrx_word' id='word_1_436' title='bbox 241 4720 320 4774; x_wconf 88' lang='lat' dir='ltr'><strong>eis</strong></span> <span class='ocrx_word' id='word_1_437' title='bbox 349 4720 501 4788; x_wconf 86' lang='lat' dir='ltr'><strong>quasi</strong></span> <span class='ocrx_word' id='word_1_438' title='bbox 529 4734 628 4772; x_wconf 73' lang='lat' dir='ltr'><strong>vox</strong></span> <span class='ocrx_word' id='word_1_439' title='bbox 652 4718 868 4772; x_wconf 74' lang='lat' dir='ltr'><strong>cithara:</strong></span> <span class='ocrx_word' id='word_1_440' title='bbox 896 4730 1053 4770; x_wconf 87' lang='lat' dir='ltr'><strong>suave</strong></span> <span class='ocrx_word' id='word_1_441' title='bbox 1091 4713 1324 4767; x_wconf 88' lang='lat' dir='ltr'><strong>canentis</strong></span> <span class='ocrx_word' id='word_1_442' title='bbox 1365 4720 1413 4765; x_wconf 86' lang='lat' dir='ltr'><strong>et</strong></span> <span class='ocrx_word' id='word_1_443' title='bbox 1460 4711 1584 4766; x_wconf 90' lang='lat' dir='ltr'><strong>bene</strong></span> <span class='ocrx_word' id='word_1_444' title='bbox 1625 4728 1834 4782; x_wconf 84' lang='lat' dir='ltr'><strong>compo-</strong></span> 
     </span>
    </p>
   </div>
   <div class='ocr_carea' id='block_1_63' title="bbox 244 4799 1833 4873">
    <p class='ocr_par' dir='ltr' id='par_1_63' title="bbox 244 4799 1833 4873">
     <span class='ocr_line' id='line_1_63' title="bbox 244 4799 1833 4873; baseline -0.004 -9"><span class='ocrx_word' id='word_1_445' title='bbox 244 4810 385 4864; x_wconf 73' lang='lat' dir='ltr'><strong>sitw.</strong></span> <span class='ocrx_word' id='word_1_446' title='bbox 416 4808 483 4862; x_wconf 85' lang='lat' dir='ltr'><strong>Et</strong></span> <span class='ocrx_word' id='word_1_447' title='bbox 511 4809 723 4862; x_wconf 89' lang='lat' dir='ltr'><strong>audient</strong></span> <span class='ocrx_word' id='word_1_448' title='bbox 748 4805 899 4862; x_wconf 84' lang='lat' dir='ltr'><strong>verba</strong></span> <span class='ocrx_word' id='word_1_449' title='bbox 937 4815 1028 4859; x_wconf 86' lang='lat' dir='ltr'><strong>tua</strong></span> <span class='ocrx_word' id='word_1_450' title='bbox 1071 4812 1119 4858; x_wconf 90' lang='lat' dir='ltr'><strong>et</strong></span> <span class='ocrx_word' id='word_1_451' title='bbox 1160 4819 1263 4858; x_wconf 88' lang='lat' dir='ltr'><strong>non</strong></span> <span class='ocrx_word' id='word_1_452' title='bbox 1299 4801 1494 4872; x_wconf 80' lang='lat' dir='ltr'><strong>facient</strong></span> <span class='ocrx_word' id='word_1_453' title='bbox 1523 4817 1583 4855; x_wconf 89' lang='lat' dir='ltr'><strong>ea</strong></span> <span class='ocrx_word' id='word_1_454' title='bbox 1615 4799 1833 4873; x_wconf 80' lang='lat' dir='ltr'><strong>(Ezech.</strong></span> 
     </span>
    </p>
   </div>
   <div class='ocr_carea' id='block_1_64' title="bbox 246 4891 1835 4969">
    <p class='ocr_par' dir='ltr' id='par_1_64' title="bbox 246 4891 1835 4969">
     <span class='ocr_line' id='line_1_64' title="bbox 246 4891 1835 4969; baseline -0.007 -12"><span class='ocrx_word' id='word_1_455' title='bbox 246 4901 667 4965; x_wconf 77' lang='lat' dir='ltr'><strong>xxxm,32,sec.</strong></span> <span class='ocrx_word' id='word_1_456' title='bbox 684 4897 875 4969; x_wconf 80' lang='lat' dir='ltr'><strong>LXX).</strong></span> <span class='ocrx_word' id='word_1_457' title='bbox 902 4896 1100 4952; x_wconf 86' lang='lat' dir='ltr'><strong>Verum</strong></span> <span class='ocrx_word' id='word_1_458' title='bbox 1123 4893 1254 4964; x_wconf 91' lang='lat' dir='ltr'><strong>quid</strong></span> <span class='ocrx_word' id='word_1_459' title='bbox 1277 4893 1471 4965; x_wconf 81' lang='lat' dir='ltr'><strong>agam?</strong></span> <span class='ocrx_word' id='word_1_460' title='bbox 1495 4891 1835 4948; x_wconf 75' lang='lat' dir='ltr'><strong>Taceamne?</strong></span> 
     </span>
    </p>
   </div>
   <div class='ocr_carea' id='block_1_65' title="bbox 249 4981 1839 5058">
    <p class='ocr_par' dir='ltr' id='par_1_65' title="bbox 249 4981 1839 5058">
     <span class='ocr_line' id='line_1_65' title="bbox 249 4981 1839 5058; baseline -0.004 -14"><span class='ocrx_word' id='word_1_461' title='bbox 249 4987 360 5045; x_wconf 89' lang='lat' dir='ltr'><strong>Sed</strong></span> <span class='ocrx_word' id='word_1_462' title='bbox 383 4990 645 5058; x_wconf 89' lang='lat' dir='ltr'><strong>scriptum</strong></span> <span class='ocrx_word' id='word_1_463' title='bbox 672 4997 756 5044; x_wconf 91' lang='lat' dir='ltr'><strong>est</strong></span> <span class='ocrx_word' id='word_1_464' title='bbox 786 5003 800 5042; x_wconf 89' lang='lat'><strong>:</strong></span> <span class='ocrx_word' id='word_1_465' title='bbox 828 4985 951 5041; x_wconf 89' lang='lat' dir='ltr'><strong>Non</strong></span> <span class='ocrx_word' id='word_1_466' title='bbox 1000 4983 1271 5056; x_wconf 87' lang='lat' dir='ltr'><strong>apparebis</strong></span> <span class='ocrx_word' id='word_1_467' title='bbox 1310 4982 1365 5037; x_wconf 86' lang='lat' dir='ltr'><strong>in</strong></span> <span class='ocrx_word' id='word_1_468' title='bbox 1414 4991 1690 5052; x_wconf 83' lang='lat' dir='ltr'><strong>conspectu</strong></span> <span class='ocrx_word' id='word_1_469' title='bbox 1738 4981 1839 5037; x_wconf 89' lang='lat' dir='ltr'><strong>Dei</strong></span> 
     </span>
    </p>
   </div>
   <div class='ocr_carea' id='block_1_66' title="bbox 250 5069 1841 5150">
    <p class='ocr_par' dir='ltr' id='par_1_66' title="bbox 250 5069 1841 5150">
     <span class='ocr_line' id='line_1_66' title="bbox 250 5069 1841 5150; baseline -0.006 -14"><span class='ocrx_word' id='word_1_470' title='bbox 250 5082 332 5136; x_wconf 84' lang='lat' dir='ltr'><strong>tui</strong></span> <span class='ocrx_word' id='word_1_471' title='bbox 357 5097 552 5135; x_wconf 83' lang='lat' dir='ltr'><strong>vacuus</strong></span> <span class='ocrx_word' id='word_1_472' title='bbox 584 5077 781 5150; x_wconf 76' lang='lat' dir='ltr'><strong>(Exod.</strong></span> <span class='ocrx_word' id='word_1_473' title='bbox 813 5092 968 5141; x_wconf 85' lang='lat' dir='ltr'><strong>xxm,</strong></span> <span class='ocrx_word' id='word_1_474' title='bbox 993 5074 1107 5148; x_wconf 82' lang='lat' dir='ltr'><strong>l5).</strong></span> <span class='ocrx_word' id='word_1_475' title='bbox 1149 5074 1216 5129; x_wconf 85' lang='lat' dir='ltr'><strong>Et</strong></span> <span class='ocrx_word' id='word_1_476' title='bbox 1244 5071 1410 5128; x_wconf 87' lang='lat' dir='ltr'><strong>Isaias</strong></span> <span class='ocrx_word' id='word_1_477' title='bbox 1449 5071 1612 5143; x_wconf 88' lang='lat' dir='ltr'><strong>(sicut</strong></span> <span class='ocrx_word' id='word_1_478' title='bbox 1639 5072 1695 5127; x_wconf 93' lang='lat' dir='ltr'><strong>in</strong></span> <span class='ocrx_word' id='word_1_479' title='bbox 1733 5069 1841 5126; x_wconf 77' lang='lat' dir='ltr'><strong>lie-</strong></span> 
     </span>
    </p>
   </div>
   <div class='ocr_carea' id='block_1_67' title="bbox 252 5161 1839 5236">
    <p class='ocr_par' dir='ltr' id='par_1_67' title="bbox 252 5161 1839 5236">
     <span class='ocr_line' id='line_1_67' title="bbox 252 5161 1839 5236; baseline -0.006 -9"><span class='ocrx_word' id='word_1_480' title='bbox 252 5171 418 5228; x_wconf 84' lang='lat' dir='ltr'><strong>braeis</strong></span> <span class='ocrx_word' id='word_1_481' title='bbox 440 5179 620 5226; x_wconf 86' lang='lat' dir='ltr'><strong>tamen</strong></span> <span class='ocrx_word' id='word_1_482' title='bbox 657 5170 889 5225; x_wconf 89' lang='lat' dir='ltr'><strong>habetur</strong></span> <span class='ocrx_word' id='word_1_483' title='bbox 914 5164 1298 5236; x_wconf 88' lang='lat' dir='ltr'><strong>voluminibus)</strong></span> <span class='ocrx_word' id='word_1_484' title='bbox 1340 5163 1645 5236; x_wconf 89' lang='lat' dir='ltr'><strong>ingemiscit</strong></span> <span class='ocrx_word' id='word_1_485' title='bbox 1683 5180 1696 5217; x_wconf 90' lang='lat'><strong>:</strong></span> <span class='ocrx_word' id='word_1_486' title='bbox 1745 5161 1839 5218; x_wconf 71' lang='lat' dir='ltr'><strong>Va:</strong></span> 
     </span>
    </p>
   </div>
   <div class='ocr_carea' id='block_1_68' title="bbox 254 5251 1841 5332">
    <p class='ocr_par' dir='ltr' id='par_1_68' title="bbox 254 5251 1841 5332">
     <span class='ocr_line' id='line_1_68' title="bbox 254 5251 1841 5332; baseline -0.004 -16"><span class='ocrx_word' id='word_1_487' title='bbox 254 5262 620 5327; x_wconf 71' lang='lat' dir='ltr'><strong>mihimisero,</strong></span> <span class='ocrx_word' id='word_1_488' title='bbox 667 5261 791 5332; x_wconf 84' lang='lat' dir='ltr'><strong>quin</strong></span> <span class='ocrx_word' id='word_1_489' title='bbox 835 5260 977 5314; x_wconf 88' lang='lat' dir='ltr'><strong>tacui</strong></span> <span class='ocrx_word' id='word_1_490' title='bbox 1036 5256 1170 5329; x_wconf 83' lang='lat' dir='ltr'><strong>(lsa.</strong></span> <span class='ocrx_word' id='word_1_491' title='bbox 1200 5255 1379 5327; x_wconf 78' lang='lat' dir='ltr'><strong>v1,5).</strong></span> <span class='ocrx_word' id='word_1_492' title='bbox 1436 5253 1687 5324; x_wconf 82' lang='lat' dir='ltr'><strong>Loquar?</strong></span> <span class='ocrx_word' id='word_1_493' title='bbox 1732 5251 1841 5309; x_wconf 84' lang='lat' dir='ltr'><strong>Sed</strong></span> 
     </span>
    </p>
   </div>
   <div class='ocr_carea' id='block_1_69' title="bbox 255 5347 1844 5429">
    <p class='ocr_par' dir='ltr' id='par_1_69' title="bbox 255 5347 1844 5429">
     <span class='ocr_line' id='line_1_69' title="bbox 255 5347 1844 5429; baseline -0.004 -18"><span class='ocrx_word' id='word_1_494' title='bbox 255 5356 435 5412; x_wconf 88' lang='lat' dir='ltr'><strong>omnis</strong></span> <span class='ocrx_word' id='word_1_495' title='bbox 468 5354 591 5429; x_wconf 88' lang='lat' dir='ltr'><strong>[al.,</strong></span> <span class='ocrx_word' id='word_1_496' title='bbox 625 5354 863 5429; x_wconf 89' lang='lat' dir='ltr'><strong>omnem]</strong></span> <span class='ocrx_word' id='word_1_497' title='bbox 900 5353 1167 5411; x_wconf 89' lang='lat' dir='ltr'><strong>sermonis</strong></span> <span class='ocrx_word' id='word_1_498' title='bbox 1209 5350 1530 5423; x_wconf 88' lang='lat' dir='ltr'><strong>elegantiam</strong></span> <span class='ocrx_word' id='word_1_499' title='bbox 1581 5358 1638 5405; x_wconf 90' lang='lat' dir='ltr'><strong>et</strong></span> <span class='ocrx_word' id='word_1_500' title='bbox 1667 5347 1844 5404; x_wconf 87' lang='lat' dir='ltr'><strong>Latini</strong></span> 
     </span>
    </p>
   </div>
   <div class='ocr_carea' id='block_1_70' title="bbox 259 5438 1843 5519">
    <p class='ocr_par' dir='ltr' id='par_1_70' title="bbox 259 5438 1843 5519">
     <span class='ocr_line' id='line_1_70' title="bbox 259 5438 1843 5519; baseline -0.006 -15"><span class='ocrx_word' id='word_1_501' title='bbox 259 5447 462 5519; x_wconf 88' lang='lat' dir='ltr'><strong>eloquii</strong></span> <span class='ocrx_word' id='word_1_502' title='bbox 491 5454 827 5503; x_wconf 90' lang='lat' dir='ltr'><strong>venustatem</strong></span> <span class='ocrx_word' id='word_1_503' title='bbox 850 5445 1050 5501; x_wconf 90' lang='lat' dir='ltr'><strong>stridor</strong></span> <span class='ocrx_word' id='word_1_504' title='bbox 1073 5442 1320 5500; x_wconf 91' lang='lat' dir='ltr'><strong>lectionis</strong></span> <span class='ocrx_word' id='word_1_505' title='bbox 1353 5440 1633 5497; x_wconf 61' lang='lat' dir='ltr'><strong>Hebraicis</strong></span> <span class='ocrx_word' id='word_1_506' title='bbox 1667 5438 1843 5495; x_wconf 90' lang='lat' dir='ltr'><strong>sordi-</strong></span> 
     </span>
    </p>
   </div>
   <div class='ocr_carea' id='block_1_71' title="bbox 263 5531 1846 5609">
    <p class='ocr_par' dir='ltr' id='par_1_71' title="bbox 263 5531 1846 5609">
     <span class='ocr_line' id='line_1_71' title="bbox 263 5531 1846 5609; baseline -0.007 -13"><span class='ocrx_word' id='word_1_507' title='bbox 263 5539 431 5596; x_wconf 86' lang='lat' dir='ltr'><strong>davit.</strong></span> <span class='ocrx_word' id='word_1_508' title='bbox 475 5538 655 5595; x_wconf 81' lang='lat' dir='ltr'><strong>Nostis</strong></span> <span class='ocrx_word' id='word_1_509' title='bbox 676 5539 819 5595; x_wconf 89' lang='lat' dir='ltr'><strong>enim</strong></span> <span class='ocrx_word' id='word_1_510' title='bbox 842 5547 897 5594; x_wconf 88' lang='lat' dir='ltr'><strong>et</strong></span> <span class='ocrx_word' id='word_1_511' title='bbox 919 5538 1045 5609; x_wconf 71' lang='lat' dir='ltr'><strong>ipsa:</strong></span> <span class='ocrx_word' id='word_1_512' title='bbox 1066 5537 1207 5608; x_wconf 89' lang='lat' dir='ltr'><strong>quod</strong></span> <span class='ocrx_word' id='word_1_513' title='bbox 1228 5534 1514 5605; x_wconf 85' lang='lat' dir='ltr'><strong>plusquam</strong></span> <span class='ocrx_word' id='word_1_514' title='bbox 1539 5531 1846 5604; x_wconf 91' lang='lat' dir='ltr'><strong>quindecim</strong></span> 
     </span>
    </p>
   </div>
   <div class='ocr_carea' id='block_1_72' title="bbox 262 5624 1842 5702">
    <p class='ocr_par' dir='ltr' id='par_1_72' title="bbox 262 5624 1842 5702">
     <span class='ocr_line' id='line_1_72' title="bbox 262 5624 1842 5702; baseline -0.006 -14"><span class='ocrx_word' id='word_1_515' title='bbox 262 5631 393 5688; x_wconf 71' lang='lat' dir='ltr'><strong>anni</strong></span> <span class='ocrx_word' id='word_1_516' title='bbox 429 5641 555 5687; x_wconf 89' lang='lat' dir='ltr'><strong>sunt</strong></span> <span class='ocrx_word' id='word_1_517' title='bbox 578 5648 642 5688; x_wconf 83' lang='lat' dir='ltr'><strong>ex</strong></span> <span class='ocrx_word' id='word_1_518' title='bbox 670 5646 778 5702; x_wconf 86' lang='lat' dir='ltr'><strong>quo</strong></span> <span class='ocrx_word' id='word_1_519' title='bbox 803 5631 855 5685; x_wconf 92' lang='lat' dir='ltr'><strong>in</strong></span> <span class='ocrx_word' id='word_1_520' title='bbox 883 5645 1075 5685; x_wconf 91' lang='lat' dir='ltr'><strong>manus</strong></span> <span class='ocrx_word' id='word_1_521' title='bbox 1122 5644 1273 5682; x_wconf 89' lang='lat' dir='ltr'><strong>meas</strong></span> <span class='ocrx_word' id='word_1_522' title='bbox 1299 5642 1574 5697; x_wconf 88' lang='lat' dir='ltr'><strong>nunquam</strong></span> <span class='ocrx_word' id='word_1_523' title='bbox 1617 5624 1842 5690; x_wconf 85' lang='lat' dir='ltr'><strong>Tullius,</strong></span> 
     </span>
    </p>
   </div>
   <div class='ocr_carea' id='block_1_73' title="bbox 268 5713 1849 5791">
    <p class='ocr_par' dir='ltr' id='par_1_73' title="bbox 268 5713 1849 5791">
     <span class='ocr_line' id='line_1_73' title="bbox 268 5713 1849 5791; baseline -0.004 -16"><span class='ocrx_word' id='word_1_524' title='bbox 268 5736 543 5791; x_wconf 88' lang='lat' dir='ltr'><strong>nunquam</strong></span> <span class='ocrx_word' id='word_1_525' title='bbox 571 5720 737 5786; x_wconf 76' lang='lat' dir='ltr'><strong>Maro,</strong></span> <span class='ocrx_word' id='word_1_526' title='bbox 771 5733 1039 5788; x_wconf 87' lang='lat' dir='ltr'><strong>nunquam</strong></span> <span class='ocrx_word' id='word_1_527' title='bbox 1063 5716 1342 5789; x_wconf 91' lang='lat' dir='ltr'><strong>gentilium</strong></span> <span class='ocrx_word' id='word_1_528' title='bbox 1378 5716 1684 5771; x_wconf 89' lang='lat' dir='ltr'><strong>litterarum</strong></span> <span class='ocrx_word' id='word_1_529' title='bbox 1728 5713 1849 5785; x_wconf 82' lang='lat' dir='ltr'><strong>qui-</strong></span> 
     </span>
    </p>
   </div>
   <div class='ocr_carea' id='block_1_74' title="bbox 267 5803 1845 5880">
    <p class='ocr_par' dir='ltr' id='par_1_74' title="bbox 267 5803 1845 5880">
     <span class='ocr_line' id='line_1_74' title="bbox 267 5803 1845 5880; baseline -0.004 -10"><span class='ocrx_word' id='word_1_530' title='bbox 267 5810 401 5870; x_wconf 84' lang='lat' dir='ltr'><strong>libet</strong></span> <span class='ocrx_word' id='word_1_531' title='bbox 424 5821 614 5868; x_wconf 81' lang='lat' dir='ltr'><strong>auctor</strong></span> <span class='ocrx_word' id='word_1_532' title='bbox 633 5811 874 5871; x_wconf 83' lang='lat' dir='ltr'><strong>ascendit</strong></span> <span class='ocrx_word' id='word_1_533' title='bbox 907 5819 1002 5868; x_wconf 88' lang='lat' dir='ltr'><strong>:et</strong></span> <span class='ocrx_word' id='word_1_534' title='bbox 1021 5810 1066 5868; x_wconf 85' lang='lat' dir='ltr'><strong>si</strong></span> <span class='ocrx_word' id='word_1_535' title='bbox 1093 5808 1224 5880; x_wconf 90' lang='lat' dir='ltr'><strong>quid</strong></span> <span class='ocrx_word' id='word_1_536' title='bbox 1259 5805 1402 5867; x_wconf 82' lang='lat' dir='ltr'><strong>forte</strong></span> <span class='ocrx_word' id='word_1_537' title='bbox 1430 5806 1556 5866; x_wconf 89' lang='lat' dir='ltr'><strong>inde</strong></span> <span class='ocrx_word' id='word_1_538' title='bbox 1599 5808 1726 5866; x_wconf 88' lang='lat' dir='ltr'><strong>dum</strong></span> <span class='ocrx_word' id='word_1_539' title='bbox 1768 5803 1845 5863; x_wconf 87' lang='lat' dir='ltr'><strong>lo-</strong></span> 
     </span>
    </p>
   </div>
   <div class='ocr_carea' id='block_1_75' title="bbox 1909 1972 3499 2034">
    <p class='ocr_par' dir='ltr' id='par_1_75' title="bbox 1909 1972 3499 2034">
     <span class='ocr_line' id='line_1_75' title="bbox 1909 1972 3499 2034; baseline -0.006 0"><span class='ocrx_word' id='word_1_540' title='bbox 1909 1987 2039 2034; x_wconf 88' lang='lat' dir='ltr'><strong>nata</strong></span> <span class='ocrx_word' id='word_1_541' title='bbox 2076 1977 2207 2033; x_wconf 82' lang='lat' dir='ltr'><strong>ﬂore</strong></span> <span class='ocrx_word' id='word_1_542' title='bbox 2229 1978 2516 2032; x_wconf 90' lang='lat' dir='ltr'><strong>verborum</strong></span> <span class='ocrx_word' id='word_1_543' title='bbox 2542 1994 2555 2030; x_wconf 91' lang='lat'><strong>:</strong></span> <span class='ocrx_word' id='word_1_544' title='bbox 2582 1986 2761 2030; x_wconf 89' lang='lat' dir='ltr'><strong>tamen</strong></span> <span class='ocrx_word' id='word_1_545' title='bbox 2790 1974 2895 2030; x_wconf 89' lang='lat' dir='ltr'><strong>nisi</strong></span> <span class='ocrx_word' id='word_1_546' title='bbox 2924 1974 3165 2029; x_wconf 90' lang='lat' dir='ltr'><strong>auctoris</strong></span> <span class='ocrx_word' id='word_1_547' title='bbox 3210 1972 3293 2028; x_wconf 91' lang='lat' dir='ltr'><strong>sui</strong></span> <span class='ocrx_word' id='word_1_548' title='bbox 3334 1985 3499 2026; x_wconf 89' lang='lat' dir='ltr'><strong>manu</strong></span> 
     </span>
    </p>
   </div>
   <div class='ocr_carea' id='block_1_76' title="bbox 1908 2062 3497 2138">
    <p class='ocr_par' dir='ltr' id='par_1_76' title="bbox 1908 2062 3497 2138">
     <span class='ocr_line' id='line_1_76' title="bbox 1908 2062 3497 2138; baseline -0.005 -14"><span class='ocrx_word' id='word_1_549' title='bbox 1908 2069 2091 2124; x_wconf 90' lang='lat' dir='ltr'><strong>limata</strong></span> <span class='ocrx_word' id='word_1_550' title='bbox 2119 2067 2282 2123; x_wconf 86' lang='lat' dir='ltr'><strong>fuerit</strong></span> <span class='ocrx_word' id='word_1_551' title='bbox 2301 2075 2356 2122; x_wconf 92' lang='lat' dir='ltr'><strong>et</strong></span> <span class='ocrx_word' id='word_1_552' title='bbox 2376 2066 2564 2138; x_wconf 90' lang='lat' dir='ltr'><strong>polita,</strong></span> <span class='ocrx_word' id='word_1_553' title='bbox 2588 2081 2696 2121; x_wconf 91' lang='lat' dir='ltr'><strong>non</strong></span> <span class='ocrx_word' id='word_1_554' title='bbox 2723 2072 2806 2121; x_wconf 90' lang='lat' dir='ltr'><strong>est</strong></span> <span class='ocrx_word' id='word_1_555' title='bbox 2830 2063 3023 2130; x_wconf 87' lang='lat' dir='ltr'><strong>nitida,</strong></span> <span class='ocrx_word' id='word_1_556' title='bbox 3039 2078 3146 2119; x_wconf 93' lang='lat' dir='ltr'><strong>non</strong></span> <span class='ocrx_word' id='word_1_557' title='bbox 3168 2063 3333 2119; x_wconf 80' lang='lat' dir='ltr'><strong>habet</strong></span> <span class='ocrx_word' id='word_1_558' title='bbox 3356 2062 3497 2117; x_wconf 88' lang='lat' dir='ltr'><strong>mix-</strong></span> 
     </span>
    </p>
   </div>
   <div class='ocr_carea' id='block_1_77' title="bbox 1909 2156 3501 2231">
    <p class='ocr_par' dir='ltr' id='par_1_77' title="bbox 1909 2156 3501 2231">
     <span class='ocr_line' id='line_1_77' title="bbox 1909 2156 3501 2231; baseline -0.001 -17"><span class='ocrx_word' id='word_1_559' title='bbox 1909 2167 2018 2216; x_wconf 92' lang='lat' dir='ltr'><strong>tam</strong></span> <span class='ocrx_word' id='word_1_560' title='bbox 2047 2176 2170 2217; x_wconf 91' lang='lat' dir='ltr'><strong>cum</strong></span> <span class='ocrx_word' id='word_1_561' title='bbox 2200 2160 2394 2215; x_wconf 89' lang='lat' dir='ltr'><strong>decore</strong></span> <span class='ocrx_word' id='word_1_562' title='bbox 2416 2160 2763 2231; x_wconf 88' lang='lat' dir='ltr'><strong>gravitatem,</strong></span> <span class='ocrx_word' id='word_1_563' title='bbox 2808 2158 2902 2214; x_wconf 90' lang='lat' dir='ltr'><strong>sed</strong></span> <span class='ocrx_word' id='word_1_564' title='bbox 2930 2157 2982 2213; x_wconf 91' lang='lat' dir='ltr'><strong>in</strong></span> <span class='ocrx_word' id='word_1_565' title='bbox 3007 2158 3228 2213; x_wconf 88' lang='lat' dir='ltr'><strong>modum</strong></span> <span class='ocrx_word' id='word_1_566' title='bbox 3271 2156 3501 2212; x_wconf 91' lang='lat' dir='ltr'><strong>divitum</strong></span> 
     </span>
    </p>
   </div>
   <div class='ocr_carea' id='block_1_78' title="bbox 1910 2248 3505 2323">
    <p class='ocr_par' dir='ltr' id='par_1_78' title="bbox 1910 2248 3505 2323">
     <span class='ocr_line' id='line_1_78' title="bbox 1910 2248 3505 2323; baseline -0.002 -16"><span class='ocrx_word' id='word_1_567' title='bbox 1910 2253 2256 2316; x_wconf 87' lang='lat' dir='ltr'><strong>rusticorum,</strong></span> <span class='ocrx_word' id='word_1_568' title='bbox 2308 2251 2499 2323; x_wconf 82' lang='lat' dir='ltr'><strong>Opibus</strong></span> <span class='ocrx_word' id='word_1_569' title='bbox 2535 2251 2648 2306; x_wconf 88' lang='lat' dir='ltr'><strong>suis</strong></span> <span class='ocrx_word' id='word_1_570' title='bbox 2687 2250 2859 2322; x_wconf 88' lang='lat' dir='ltr'><strong>magis</strong></span> <span class='ocrx_word' id='word_1_571' title='bbox 2880 2248 3127 2321; x_wconf 84' lang='lat' dir='ltr'><strong>arguitur</strong></span> <span class='ocrx_word' id='word_1_572' title='bbox 3155 2263 3315 2318; x_wconf 90' lang='lat' dir='ltr'><strong>quam</strong></span> <span class='ocrx_word' id='word_1_573' title='bbox 3342 2263 3505 2304; x_wconf 89' lang='lat' dir='ltr'><strong>orna-</strong></span> 
     </span>
    </p>
   </div>
   <div class='ocr_carea' id='block_1_79' title="bbox 1908 2340 3505 2412">
    <p class='ocr_par' dir='ltr' id='par_1_79' title="bbox 1908 2340 3505 2412">
     <span class='ocr_line' id='line_1_79' title="bbox 1908 2340 3505 2412; baseline -0.003 -12"><span class='ocrx_word' id='word_1_574' title='bbox 1908 2347 2034 2400; x_wconf 87' lang='lat' dir='ltr'><strong>tur?</strong></span> <span class='ocrx_word' id='word_1_575' title='bbox 2054 2346 2323 2412; x_wconf 84' lang='lat' dir='ltr'><strong>Quorsum</strong></span> <span class='ocrx_word' id='word_1_576' title='bbox 2336 2344 2472 2399; x_wconf 88' lang='lat' dir='ltr'><strong>ista?</strong></span> <span class='ocrx_word' id='word_1_577' title='bbox 2510 2341 2773 2399; x_wconf 83' lang='lat' dir='ltr'><strong>Videlicet</strong></span> <span class='ocrx_word' id='word_1_578' title='bbox 2787 2351 2845 2398; x_wconf 93' lang='lat' dir='ltr'><strong>ut</strong></span> <span class='ocrx_word' id='word_1_579' title='bbox 2862 2350 2917 2398; x_wconf 92' lang='lat' dir='ltr'><strong>et</strong></span> <span class='ocrx_word' id='word_1_580' title='bbox 2932 2341 3086 2397; x_wconf 89' lang='lat' dir='ltr'><strong>vobis</strong></span> <span class='ocrx_word' id='word_1_581' title='bbox 3109 2349 3165 2397; x_wconf 92' lang='lat' dir='ltr'><strong>et</strong></span> <span class='ocrx_word' id='word_1_582' title='bbox 3180 2340 3396 2397; x_wconf 64' lang='lat' dir='ltr'><strong>caeteris</strong></span> <span class='ocrx_word' id='word_1_583' title='bbox 3408 2340 3505 2412; x_wconf 85' lang='lat' dir='ltr'><strong>qui</strong></span> 
     </span>
    </p>
   </div>
   <div class='ocr_carea' id='block_1_80' title="bbox 1909 2433 3509 2507">
    <p class='ocr_par' dir='ltr' id='par_1_80' title="bbox 1909 2433 3509 2507">
     <span class='ocr_line' id='line_1_80' title="bbox 1909 2433 3509 2507; baseline -0.003 -15"><span class='ocrx_word' id='word_1_584' title='bbox 1909 2436 2049 2492; x_wconf 87' lang='lat' dir='ltr'><strong>forte</strong></span> <span class='ocrx_word' id='word_1_585' title='bbox 2068 2436 2248 2507; x_wconf 91' lang='lat' dir='ltr'><strong>legere</strong></span> <span class='ocrx_word' id='word_1_586' title='bbox 2265 2433 2555 2499; x_wconf 90' lang='lat' dir='ltr'><strong>voluerint,</strong></span> <span class='ocrx_word' id='word_1_587' title='bbox 2583 2434 2653 2489; x_wconf 90' lang='lat' dir='ltr'><strong>sit</strong></span> <span class='ocrx_word' id='word_1_588' title='bbox 2671 2448 2989 2504; x_wconf 87' lang='lat' dir='ltr'><strong>responsum</strong></span> <span class='ocrx_word' id='word_1_589' title='bbox 3013 2449 3029 2499; x_wconf 92' lang='lat'><strong>;</strong></span> <span class='ocrx_word' id='word_1_590' title='bbox 3052 2447 3140 2488; x_wconf 91' lang='lat' dir='ltr'><strong>me</strong></span> <span class='ocrx_word' id='word_1_591' title='bbox 3154 2447 3259 2488; x_wconf 90' lang='lat' dir='ltr'><strong>non</strong></span> <span class='ocrx_word' id='word_1_592' title='bbox 3277 2447 3509 2505; x_wconf 85' lang='lat' dir='ltr'><strong>panegy-</strong></span> 
     </span>
    </p>
   </div>
   <div class='ocr_carea' id='block_1_81' title="bbox 1909 2524 3501 2593">
    <p class='ocr_par' dir='ltr' id='par_1_81' title="bbox 1909 2524 3501 2593">
     <span class='ocr_line' id='line_1_81' title="bbox 1909 2524 3501 2593; baseline -0.003 -9"><span class='ocrx_word' id='word_1_593' title='bbox 1909 2529 2081 2584; x_wconf 88' lang='lat' dir='ltr'><strong>ricum</strong></span> <span class='ocrx_word' id='word_1_594' title='bbox 2096 2536 2189 2582; x_wconf 90' lang='lat' dir='ltr'><strong>aut</strong></span> <span class='ocrx_word' id='word_1_595' title='bbox 2200 2526 2626 2583; x_wconf 89' lang='lat' dir='ltr'><strong>controversiam</strong></span> <span class='ocrx_word' id='word_1_596' title='bbox 2639 2526 2904 2593; x_wconf 88' lang='lat' dir='ltr'><strong>scribere,</strong></span> <span class='ocrx_word' id='word_1_597' title='bbox 2920 2524 3015 2581; x_wconf 90' lang='lat' dir='ltr'><strong>sed</strong></span> <span class='ocrx_word' id='word_1_598' title='bbox 3029 2526 3501 2592; x_wconf 88' lang='lat' dir='ltr'><strong>commentarium;</strong></span> 
     </span>
    </p>
   </div>
   <div class='ocr_carea' id='block_1_82' title="bbox 1913 2614 3501 2686">
    <p class='ocr_par' dir='ltr' id='par_1_82' title="bbox 1913 2614 3501 2686">
     <span class='ocr_line' id='line_1_82' title="bbox 1913 2614 3501 2686; baseline -0.004 -13"><span class='ocrx_word' id='word_1_599' title='bbox 1913 2618 1967 2673; x_wconf 90' lang='lat' dir='ltr'><strong>id</strong></span> <span class='ocrx_word' id='word_1_600' title='bbox 1996 2627 2098 2684; x_wconf 89' lang='lat' dir='ltr'><strong>est,</strong></span> <span class='ocrx_word' id='word_1_601' title='bbox 2132 2618 2235 2673; x_wconf 92' lang='lat' dir='ltr'><strong>hoc</strong></span> <span class='ocrx_word' id='word_1_602' title='bbox 2257 2617 2457 2672; x_wconf 86' lang='lat' dir='ltr'><strong>habere</strong></span> <span class='ocrx_word' id='word_1_603' title='bbox 2501 2615 2860 2686; x_wconf 90' lang='lat' dir='ltr'><strong>propositum,</strong></span> <span class='ocrx_word' id='word_1_604' title='bbox 2906 2629 3013 2669; x_wconf 92' lang='lat' dir='ltr'><strong>non</strong></span> <span class='ocrx_word' id='word_1_605' title='bbox 3058 2623 3121 2669; x_wconf 92' lang='lat' dir='ltr'><strong>ut</strong></span> <span class='ocrx_word' id='word_1_606' title='bbox 3167 2629 3285 2669; x_wconf 90' lang='lat' dir='ltr'><strong>mea</strong></span> <span class='ocrx_word' id='word_1_607' title='bbox 3334 2614 3501 2669; x_wconf 90' lang='lat' dir='ltr'><strong>verba</strong></span> 
     </span>
    </p>
   </div>
   <div class='ocr_carea' id='block_1_83' title="bbox 1911 2701 3505 2775">
    <p class='ocr_par' dir='ltr' id='par_1_83' title="bbox 1911 2701 3505 2775">
     <span class='ocr_line' id='line_1_83' title="bbox 1911 2701 3505 2775; baseline -0.003 -14"><span class='ocrx_word' id='word_1_608' title='bbox 1911 2706 2221 2772; x_wconf 90' lang='lat' dir='ltr'><strong>laudentur,</strong></span> <span class='ocrx_word' id='word_1_609' title='bbox 2255 2706 2349 2761; x_wconf 91' lang='lat' dir='ltr'><strong>sed</strong></span> <span class='ocrx_word' id='word_1_610' title='bbox 2389 2714 2450 2760; x_wconf 90' lang='lat' dir='ltr'><strong>ut</strong></span> <span class='ocrx_word' id='word_1_611' title='bbox 2484 2721 2605 2775; x_wconf 65' lang='lat' dir='ltr'><strong>qua:</strong></span> <span class='ocrx_word' id='word_1_612' title='bbox 2642 2704 2710 2759; x_wconf 89' lang='lat' dir='ltr'><strong>ab</strong></span> <span class='ocrx_word' id='word_1_613' title='bbox 2746 2703 2849 2759; x_wconf 90' lang='lat' dir='ltr'><strong>alio</strong></span> <span class='ocrx_word' id='word_1_614' title='bbox 2889 2705 3027 2759; x_wconf 90' lang='lat' dir='ltr'><strong>bene</strong></span> <span class='ocrx_word' id='word_1_615' title='bbox 3064 2704 3206 2759; x_wconf 91' lang='lat' dir='ltr'><strong>dicta</strong></span> <span class='ocrx_word' id='word_1_616' title='bbox 3243 2710 3398 2767; x_wconf 90' lang='lat' dir='ltr'><strong>sunt,</strong></span> <span class='ocrx_word' id='word_1_617' title='bbox 3430 2701 3505 2757; x_wconf 90' lang='lat' dir='ltr'><strong>ita</strong></span> 
     </span>
    </p>
   </div>
   <div class='ocr_carea' id='block_1_84' title="bbox 1915 2794 3508 2869">
    <p class='ocr_par' dir='ltr' id='par_1_84' title="bbox 1915 2794 3508 2869">
     <span class='ocr_line' id='line_1_84' title="bbox 1915 2794 3508 2869; baseline -0.003 -16"><span class='ocrx_word' id='word_1_618' title='bbox 1915 2799 2291 2869; x_wconf 88' lang='lat' dir='ltr'><strong>intelligantur</strong></span> <span class='ocrx_word' id='word_1_619' title='bbox 2339 2806 2398 2853; x_wconf 91' lang='lat' dir='ltr'><strong>ut</strong></span> <span class='ocrx_word' id='word_1_620' title='bbox 2438 2798 2581 2852; x_wconf 91' lang='lat' dir='ltr'><strong>dicta</strong></span> <span class='ocrx_word' id='word_1_621' title='bbox 2625 2804 2771 2852; x_wconf 89' lang='lat' dir='ltr'><strong>sunt.</strong></span> <span class='ocrx_word' id='word_1_622' title='bbox 2815 2794 2988 2852; x_wconf 85' lang='lat' dir='ltr'><strong>Ollicii</strong></span> <span class='ocrx_word' id='word_1_623' title='bbox 3029 2796 3135 2851; x_wconf 90' lang='lat' dir='ltr'><strong>mei</strong></span> <span class='ocrx_word' id='word_1_624' title='bbox 3166 2802 3251 2849; x_wconf 88' lang='lat' dir='ltr'><strong>est</strong></span> <span class='ocrx_word' id='word_1_625' title='bbox 3275 2796 3508 2850; x_wconf 83' lang='lat' dir='ltr'><strong>obscura</strong></span> 
     </span>
    </p>
   </div>
   <div class='ocr_carea' id='block_1_85' title="bbox 1913 2885 3509 2959">
    <p class='ocr_par' dir='ltr' id='par_1_85' title="bbox 1913 2885 3509 2959">
     <span class='ocr_line' id='line_1_85' title="bbox 1913 2885 3509 2959; baseline -0.005 -13"><span class='ocrx_word' id='word_1_626' title='bbox 1913 2890 2215 2956; x_wconf 91' lang='lat' dir='ltr'><strong>disserere,</strong></span> <span class='ocrx_word' id='word_1_627' title='bbox 2267 2888 2553 2944; x_wconf 87' lang='lat' dir='ltr'><strong>manifesta</strong></span> <span class='ocrx_word' id='word_1_628' title='bbox 2585 2887 2977 2958; x_wconf 88' lang='lat' dir='ltr'><strong>perstringere,</strong></span> <span class='ocrx_word' id='word_1_629' title='bbox 3012 2886 3069 2941; x_wconf 93' lang='lat' dir='ltr'><strong>in</strong></span> <span class='ocrx_word' id='word_1_630' title='bbox 3100 2885 3278 2942; x_wconf 88' lang='lat' dir='ltr'><strong>dubiis</strong></span> <span class='ocrx_word' id='word_1_631' title='bbox 3315 2885 3509 2959; x_wconf 78' lang='lat' dir='ltr'><strong>immo-</strong></span> 
     </span>
    </p>
   </div>
   <div class='ocr_carea' id='block_1_86' title="bbox 1914 2977 3509 3051">
    <p class='ocr_par' dir='ltr' id='par_1_86' title="bbox 1914 2977 3509 3051">
     <span class='ocr_line' id='line_1_86' title="bbox 1914 2977 3509 3051; baseline -0.005 -13"><span class='ocrx_word' id='word_1_632' title='bbox 1914 2982 2045 3038; x_wconf 88' lang='lat' dir='ltr'><strong>rari.</strong></span> <span class='ocrx_word' id='word_1_633' title='bbox 2081 2981 2236 3038; x_wconf 88' lang='lat' dir='ltr'><strong>Unde</strong></span> <span class='ocrx_word' id='word_1_634' title='bbox 2266 2990 2321 3036; x_wconf 92' lang='lat' dir='ltr'><strong>et</strong></span> <span class='ocrx_word' id='word_1_635' title='bbox 2351 2996 2382 3035; x_wconf 88' lang='lat' dir='ltr'><strong>a</strong></span> <span class='ocrx_word' id='word_1_636' title='bbox 2408 2980 2678 3051; x_wconf 90' lang='lat' dir='ltr'><strong>plerisque</strong></span> <span class='ocrx_word' id='word_1_637' title='bbox 2708 2977 3224 3034; x_wconf 90' lang='lat' dir='ltr'><strong>commentariorum</strong></span> <span class='ocrx_word' id='word_1_638' title='bbox 3251 2990 3389 3046; x_wconf 88' lang='lat' dir='ltr'><strong>opus</strong></span> <span class='ocrx_word' id='word_1_639' title='bbox 3417 2990 3509 3031; x_wconf 86' lang='lat' dir='ltr'><strong>ex-</strong></span> 
     </span>
    </p>
   </div>
   <div class='ocr_carea' id='block_1_87' title="bbox 1913 3071 3510 3146">
    <p class='ocr_par' dir='ltr' id='par_1_87' title="bbox 1913 3071 3510 3146">
     <span class='ocr_line' id='line_1_87' title="bbox 1913 3071 3510 3146; baseline -0.003 -17"><span class='ocrx_word' id='word_1_640' title='bbox 1913 3075 2154 3146; x_wconf 91' lang='lat' dir='ltr'><strong>planatio</strong></span> <span class='ocrx_word' id='word_1_641' title='bbox 2182 3075 2511 3130; x_wconf 82' lang='lat' dir='ltr'><strong>nominatur.</strong></span> <span class='ocrx_word' id='word_1_642' title='bbox 2541 3073 2598 3128; x_wconf 86' lang='lat' dir='ltr'><strong>Si</strong></span> <span class='ocrx_word' id='word_1_643' title='bbox 2624 3073 2747 3143; x_wconf 91' lang='lat' dir='ltr'><strong>quis</strong></span> <span class='ocrx_word' id='word_1_644' title='bbox 2776 3071 3141 3142; x_wconf 89' lang='lat' dir='ltr'><strong>eloquentiam</strong></span> <span class='ocrx_word' id='word_1_645' title='bbox 3168 3071 3384 3141; x_wconf 74' lang='lat' dir='ltr'><strong>quaerit,</strong></span> <span class='ocrx_word' id='word_1_646' title='bbox 3415 3077 3510 3124; x_wconf 91' lang='lat' dir='ltr'><strong>aut</strong></span> 
     </span>
    </p>
   </div>
   <div class='ocr_carea' id='block_1_88' title="bbox 1921 3162 3511 3234">
    <p class='ocr_par' dir='ltr' id='par_1_88' title="bbox 1921 3162 3511 3234">
     <span class='ocr_line' id='line_1_88' title="bbox 1921 3162 3511 3234; baseline -0.004 -11"><span class='ocrx_word' id='word_1_647' title='bbox 1921 3167 2405 3223; x_wconf 91' lang='lat' dir='ltr'><strong>declamationibus</strong></span> <span class='ocrx_word' id='word_1_648' title='bbox 2430 3166 2751 3232; x_wconf 88' lang='lat' dir='ltr'><strong>delectatur,</strong></span> <span class='ocrx_word' id='word_1_649' title='bbox 2790 3164 2955 3220; x_wconf 87' lang='lat' dir='ltr'><strong>habet</strong></span> <span class='ocrx_word' id='word_1_650' title='bbox 2989 3164 3043 3219; x_wconf 92' lang='lat' dir='ltr'><strong>in</strong></span> <span class='ocrx_word' id='word_1_651' title='bbox 3073 3172 3303 3234; x_wconf 87' lang='lat' dir='ltr'><strong>utraque</strong></span> <span class='ocrx_word' id='word_1_652' title='bbox 3327 3162 3511 3233; x_wconf 88' lang='lat' dir='ltr'><strong>lingua</strong></span> 
     </span>
    </p>
   </div>
   <div class='ocr_carea' id='block_1_89' title="bbox 1924 3252 3512 3322">
    <p class='ocr_par' dir='ltr' id='par_1_89' title="bbox 1924 3252 3512 3322">
     <span class='ocr_line' id='line_1_89' title="bbox 1924 3252 3512 3322; baseline -0.005 -7"><span class='ocrx_word' id='word_1_653' title='bbox 1924 3259 2342 3315; x_wconf 87' lang='lat' dir='ltr'><strong>Demosthenem</strong></span> <span class='ocrx_word' id='word_1_654' title='bbox 2374 3266 2429 3313; x_wconf 93' lang='lat' dir='ltr'><strong>et</strong></span> <span class='ocrx_word' id='word_1_655' title='bbox 2460 3255 2691 3312; x_wconf 89' lang='lat' dir='ltr'><strong>Tullium</strong></span> <span class='ocrx_word' id='word_1_656' title='bbox 2711 3296 2726 3322; x_wconf 96' lang='lat'><strong>,</strong></span> <span class='ocrx_word' id='word_1_657' title='bbox 2755 3254 3105 3311; x_wconf 86' lang='lat' dir='ltr'><strong>Polemonem</strong></span> <span class='ocrx_word' id='word_1_658' title='bbox 3138 3263 3194 3310; x_wconf 91' lang='lat' dir='ltr'><strong>et</strong></span> <span class='ocrx_word' id='word_1_659' title='bbox 3220 3252 3512 3321; x_wconf 64' lang='lat' dir='ltr'><strong>Quintilia~</strong></span> 
     </span>
    </p>
   </div>
   <div class='ocr_carea' id='block_1_90' title="bbox 1922 3339 3513 3405">
    <p class='ocr_par' dir='ltr' id='par_1_90' title="bbox 1922 3339 3513 3405">
     <span class='ocr_line' id='line_1_90' title="bbox 1922 3339 3513 3405; baseline -0.006 0"><span class='ocrx_word' id='word_1_660' title='bbox 1922 3365 2074 3405; x_wconf 89' lang='lat' dir='ltr'><strong>num.</strong></span> <span class='ocrx_word' id='word_1_661' title='bbox 2124 3348 2366 3405; x_wconf 89' lang='lat' dir='ltr'><strong>Ecclesia</strong></span> <span class='ocrx_word' id='word_1_662' title='bbox 2413 3346 2613 3403; x_wconf 90' lang='lat' dir='ltr'><strong>Christi</strong></span> <span class='ocrx_word' id='word_1_663' title='bbox 2671 3361 2780 3401; x_wconf 93' lang='lat' dir='ltr'><strong>non</strong></span> <span class='ocrx_word' id='word_1_664' title='bbox 2833 3346 2899 3401; x_wconf 92' lang='lat' dir='ltr'><strong>de</strong></span> <span class='ocrx_word' id='word_1_665' title='bbox 2943 3343 3233 3400; x_wconf 86' lang='lat' dir='ltr'><strong>Academia</strong></span> <span class='ocrx_word' id='word_1_666' title='bbox 3288 3350 3344 3398; x_wconf 92' lang='lat' dir='ltr'><strong>et</strong></span> <span class='ocrx_word' id='word_1_667' title='bbox 3387 3339 3513 3397; x_wconf 72' lang='lat' dir='ltr'><strong>licia</strong></span> 
     </span>
    </p>
   </div>
   <div class='ocr_carea' id='block_1_91' title="bbox 1924 3430 3515 3515">
    <p class='ocr_par' dir='ltr' id='par_1_91' title="bbox 1924 3430 3515 3515">
     <span class='ocr_line' id='line_1_91' title="bbox 1924 3430 3515 3515; baseline -0.007 -18"><span class='ocrx_word' id='word_1_668' title='bbox 1924 3439 2165 3515; x_wconf 88' lang='lat' dir='ltr'><strong>[Lyceo],</strong></span> <span class='ocrx_word' id='word_1_669' title='bbox 2198 3440 2292 3497; x_wconf 87' lang='lat' dir='ltr'><strong>sed</strong></span> <span class='ocrx_word' id='word_1_670' title='bbox 2317 3439 2383 3495; x_wconf 92' lang='lat' dir='ltr'><strong>de</strong></span> <span class='ocrx_word' id='word_1_671' title='bbox 2406 3439 2497 3493; x_wconf 89' lang='lat' dir='ltr'><strong>vili</strong></span> <span class='ocrx_word' id='word_1_672' title='bbox 2524 3436 2786 3509; x_wconf 89' lang='lat' dir='ltr'><strong>plebicula</strong></span> <span class='ocrx_word' id='word_1_673' title='bbox 2811 3443 3138 3507; x_wconf 90' lang='lat' dir='ltr'><strong>congregata</strong></span> <span class='ocrx_word' id='word_1_674' title='bbox 3156 3443 3259 3489; x_wconf 90' lang='lat' dir='ltr'><strong>est.</strong></span> <span class='ocrx_word' id='word_1_675' title='bbox 3280 3430 3435 3489; x_wconf 90' lang='lat' dir='ltr'><strong>Unde</strong></span> <span class='ocrx_word' id='word_1_676' title='bbox 3459 3438 3515 3487; x_wconf 90' lang='lat' dir='ltr'><strong>et</strong></span> 
     </span>
    </p>
   </div>
   <div class='ocr_carea' id='block_1_92' title="bbox 1921 3523 3513 3603">
    <p class='ocr_par' dir='ltr' id='par_1_92' title="bbox 1921 3523 3513 3603">
     <span class='ocr_line' id='line_1_92' title="bbox 1921 3523 3513 3603; baseline -0.009 -14"><span class='ocrx_word' id='word_1_677' title='bbox 1921 3532 2249 3603; x_wconf 81' lang='lat' dir='ltr'><strong>Apostolus:</strong></span> <span class='ocrx_word' id='word_1_678' title='bbox 2287 3528 2488 3595; x_wconf 82' lang='lat' dir='ltr'><strong>Videte,</strong></span> <span class='ocrx_word' id='word_1_679' title='bbox 2521 3528 2714 3599; x_wconf 92' lang='lat' dir='ltr'><strong>inquit,</strong></span> <span class='ocrx_word' id='word_1_680' title='bbox 2747 3526 3070 3582; x_wconf 84' lang='lat' dir='ltr'><strong>vocationem</strong></span> <span class='ocrx_word' id='word_1_681' title='bbox 3110 3533 3355 3588; x_wconf 79' lang='lat' dir='ltr'><strong>vestram,</strong></span> <span class='ocrx_word' id='word_1_682' title='bbox 3399 3523 3513 3592; x_wconf 85' lang='lat' dir='ltr'><strong>fra-</strong></span> 
     </span>
    </p>
   </div>
   <div class='ocr_carea' id='block_1_93' title="bbox 1922 3614 3513 3695">
    <p class='ocr_par' dir='ltr' id='par_1_93' title="bbox 1922 3614 3513 3695">
     <span class='ocr_line' id='line_1_93' title="bbox 1922 3614 3513 3695; baseline -0.01 -14"><span class='ocrx_word' id='word_1_683' title='bbox 1922 3635 2049 3692; x_wconf 83' lang='lat' dir='ltr'><strong>tres,</strong></span> <span class='ocrx_word' id='word_1_684' title='bbox 2085 3623 2209 3695; x_wconf 84' lang='lat' dir='ltr'><strong>quia</strong></span> <span class='ocrx_word' id='word_1_685' title='bbox 2235 3638 2339 3676; x_wconf 89' lang='lat' dir='ltr'><strong>non</strong></span> <span class='ocrx_word' id='word_1_686' title='bbox 2365 3618 2517 3673; x_wconf 87' lang='lat' dir='ltr'><strong>multi</strong></span> <span class='ocrx_word' id='word_1_687' title='bbox 2555 3618 2813 3689; x_wconf 81' lang='lat' dir='ltr'><strong>sapientes</strong></span> <span class='ocrx_word' id='word_1_688' title='bbox 2841 3614 3127 3670; x_wconf 86' lang='lat' dir='ltr'><strong>secundum</strong></span> <span class='ocrx_word' id='word_1_689' title='bbox 3151 3627 3381 3677; x_wconf 84' lang='lat' dir='ltr'><strong>carnem,</strong></span> <span class='ocrx_word' id='word_1_690' title='bbox 3408 3626 3513 3665; x_wconf 86' lang='lat' dir='ltr'><strong>non</strong></span> 
     </span>
    </p>
   </div>
   <div class='ocr_carea' id='block_1_94' title="bbox 1923 3704 3514 3790">
    <p class='ocr_par' dir='ltr' id='par_1_94' title="bbox 1923 3704 3514 3790">
     <span class='ocr_line' id='line_1_94' title="bbox 1923 3704 3514 3790; baseline -0.012 -14"><span class='ocrx_word' id='word_1_691' title='bbox 1923 3720 2077 3777; x_wconf 87' lang='lat' dir='ltr'><strong>multi</strong></span> <span class='ocrx_word' id='word_1_692' title='bbox 2096 3726 2350 3790; x_wconf 88' lang='lat' dir='ltr'><strong>potentes,</strong></span> <span class='ocrx_word' id='word_1_693' title='bbox 2377 3732 2482 3769; x_wconf 89' lang='lat' dir='ltr'><strong>non</strong></span> <span class='ocrx_word' id='word_1_694' title='bbox 2502 3711 2654 3767; x_wconf 89' lang='lat' dir='ltr'><strong>multi</strong></span> <span class='ocrx_word' id='word_1_695' title='bbox 2675 3709 2907 3773; x_wconf 82' lang='lat' dir='ltr'><strong>nobiles;</strong></span> <span class='ocrx_word' id='word_1_696' title='bbox 2945 3707 3035 3762; x_wconf 87' lang='lat' dir='ltr'><strong>sed</strong></span> <span class='ocrx_word' id='word_1_697' title='bbox 3058 3722 3177 3777; x_wconf 62' lang='lat' dir='ltr'><strong>quia</strong></span> <span class='ocrx_word' id='word_1_698' title='bbox 3206 3704 3366 3760; x_wconf 87' lang='lat' dir='ltr'><strong>stulta</strong></span> <span class='ocrx_word' id='word_1_699' title='bbox 3391 3712 3514 3757; x_wconf 86' lang='lat' dir='ltr'><strong>sunt</strong></span> 
     </span>
    </p>
   </div>
   <div class='ocr_carea' id='block_1_95' title="bbox 1923 3796 3514 3882">
    <p class='ocr_par' dir='ltr' id='par_1_95' title="bbox 1923 3796 3514 3882">
     <span class='ocr_line' id='line_1_95' title="bbox 1923 3796 3514 3882; baseline -0.011 -16"><span class='ocrx_word' id='word_1_700' title='bbox 1923 3812 2084 3882; x_wconf 78' lang='lat' dir='ltr'><strong>hujus</strong></span> <span class='ocrx_word' id='word_1_701' title='bbox 2130 3806 2313 3863; x_wconf 87' lang='lat' dir='ltr'><strong>mundi</strong></span> <span class='ocrx_word' id='word_1_702' title='bbox 2360 3805 2509 3874; x_wconf 86' lang='lat' dir='ltr'><strong>elegit</strong></span> <span class='ocrx_word' id='word_1_703' title='bbox 2562 3802 2728 3866; x_wconf 87' lang='lat' dir='ltr'><strong>Deus,</strong></span> <span class='ocrx_word' id='word_1_704' title='bbox 2773 3810 2831 3852; x_wconf 89' lang='lat' dir='ltr'><strong>ut</strong></span> <span class='ocrx_word' id='word_1_705' title='bbox 2873 3796 3163 3867; x_wconf 87' lang='lat' dir='ltr'><strong>confundat</strong></span> <span class='ocrx_word' id='word_1_706' title='bbox 3208 3796 3464 3865; x_wconf 80' lang='lat' dir='ltr'><strong>sapientes</strong></span> <span class='ocrx_word' id='word_1_707' title='bbox 3494 3809 3514 3848; x_wconf 93' lang='lat'><strong><em>:</em></strong></span> 
     </span>
    </p>
   </div>
   <div class='ocr_carea' id='block_1_96' title="bbox 1924 3884 3517 3969">
    <p class='ocr_par' dir='ltr' id='par_1_96' title="bbox 1924 3884 3517 3969">
     <span class='ocr_line' id='line_1_96' title="bbox 1924 3884 3517 3969; baseline -0.012 -14"><span class='ocrx_word' id='word_1_708' title='bbox 1924 3913 1972 3956; x_wconf 90' lang='lat' dir='ltr'><strong>et</strong></span> <span class='ocrx_word' id='word_1_709' title='bbox 2006 3899 2215 3969; x_wconf 83' lang='lat' dir='ltr'><strong>inﬁrma</strong></span> <span class='ocrx_word' id='word_1_710' title='bbox 2248 3894 2431 3950; x_wconf 83' lang='lat' dir='ltr'><strong>mundi</strong></span> <span class='ocrx_word' id='word_1_711' title='bbox 2470 3891 2621 3963; x_wconf 84' lang='lat' dir='ltr'><strong>elegit</strong></span> <span class='ocrx_word' id='word_1_712' title='bbox 2648 3890 2810 3953; x_wconf 86' lang='lat' dir='ltr'><strong>Deus.</strong></span> <span class='ocrx_word' id='word_1_713' title='bbox 2837 3898 2895 3943; x_wconf 87' lang='lat' dir='ltr'><strong>ut</strong></span> <span class='ocrx_word' id='word_1_714' title='bbox 2920 3887 3205 3957; x_wconf 86' lang='lat' dir='ltr'><strong>confundat</strong></span> <span class='ocrx_word' id='word_1_715' title='bbox 3238 3884 3431 3956; x_wconf 87' lang='lat' dir='ltr'><strong>fortia;</strong></span> <span class='ocrx_word' id='word_1_716' title='bbox 3466 3892 3517 3937; x_wconf 87' lang='lat' dir='ltr'><strong>et</strong></span> 
     </span>
    </p>
   </div>
   <div class='ocr_carea' id='block_1_97' title="bbox 1926 3973 3512 4062">
    <p class='ocr_par' dir='ltr' id='par_1_97' title="bbox 1926 3973 3512 4062">
     <span class='ocr_line' id='line_1_97' title="bbox 1926 3973 3512 4062; baseline -0.012 -17"><span class='ocrx_word' id='word_1_717' title='bbox 1926 3988 2180 4062; x_wconf 85' lang='lat' dir='ltr'><strong>ignobilia</strong></span> <span class='ocrx_word' id='word_1_718' title='bbox 2209 3985 2370 4055; x_wconf 83' lang='lat' dir='ltr'><strong>hujus</strong></span> <span class='ocrx_word' id='word_1_719' title='bbox 2400 3982 2586 4038; x_wconf 87' lang='lat' dir='ltr'><strong>mundi</strong></span> <span class='ocrx_word' id='word_1_720' title='bbox 2614 3990 2664 4035; x_wconf 91' lang='lat' dir='ltr'><strong>et</strong></span> <span class='ocrx_word' id='word_1_721' title='bbox 2708 3976 3119 4049; x_wconf 84' lang='lat' dir='ltr'><strong>contemptibilia</strong></span> <span class='ocrx_word' id='word_1_722' title='bbox 3161 3974 3311 4046; x_wconf 85' lang='lat' dir='ltr'><strong>elegit</strong></span> <span class='ocrx_word' id='word_1_723' title='bbox 3349 3973 3512 4038; x_wconf 85' lang='lat' dir='ltr'><strong>Deus,</strong></span> 
     </span>
    </p>
   </div>
   <div class='ocr_carea' id='block_1_98' title="bbox 1926 4063 3515 4151">
    <p class='ocr_par' dir='ltr' id='par_1_98' title="bbox 1926 4063 3515 4151">
     <span class='ocr_line' id='line_1_98' title="bbox 1926 4063 3515 4151; baseline -0.011 -16"><span class='ocrx_word' id='word_1_724' title='bbox 1926 4090 1973 4136; x_wconf 89' lang='lat' dir='ltr'><strong>et</strong></span> <span class='ocrx_word' id='word_1_725' title='bbox 1995 4095 2111 4151; x_wconf 73' lang='lat' dir='ltr'><strong>qua:</strong></span> <span class='ocrx_word' id='word_1_726' title='bbox 2142 4093 2246 4132; x_wconf 90' lang='lat' dir='ltr'><strong>non</strong></span> <span class='ocrx_word' id='word_1_727' title='bbox 2277 4084 2423 4140; x_wconf 87' lang='lat' dir='ltr'><strong>sunt,</strong></span> <span class='ocrx_word' id='word_1_728' title='bbox 2447 4087 2504 4128; x_wconf 80' lang='lat' dir='ltr'><strong>ut</strong></span> <span class='ocrx_word' id='word_1_729' title='bbox 2524 4088 2586 4127; x_wconf 88' lang='lat' dir='ltr'><strong>ea</strong></span> <span class='ocrx_word' id='word_1_730' title='bbox 2616 4088 2733 4143; x_wconf 67' lang='lat' dir='ltr'><strong>qua</strong></span> <span class='ocrx_word' id='word_1_731' title='bbox 2766 4078 2885 4125; x_wconf 88' lang='lat' dir='ltr'><strong>sunt</strong></span> <span class='ocrx_word' id='word_1_732' title='bbox 2927 4068 3215 4123; x_wconf 84' lang='lat' dir='ltr'><strong>destrueret</strong></span> <span class='ocrx_word' id='word_1_733' title='bbox 3248 4065 3300 4138; x_wconf 87' lang='grc' dir='ltr'><strong>(Ι</strong></span> <span class='ocrx_word' id='word_1_734' title='bbox 3323 4063 3445 4119; x_wconf 85' lang='lat' dir='ltr'><strong>Cor.</strong></span> <span class='ocrx_word' id='word_1_735' title='bbox 3474 4080 3515 4130; x_wconf 84' lang='grc' dir='ltr'><strong>ι,</strong></span> 
     </span>
    </p>
   </div>
   <div class='ocr_carea' id='block_1_99' title="bbox 1927 4156 3518 4239">
    <p class='ocr_par' dir='ltr' id='par_1_99' title="bbox 1927 4156 3518 4239">
     <span class='ocr_line' id='line_1_99' title="bbox 1927 4156 3518 4239; baseline -0.009 -12"><span class='ocrx_word' id='word_1_736' title='bbox 1927 4171 2016 4235; x_wconf 87' lang='lat'><strong>26,</strong></span> <span class='ocrx_word' id='word_1_737' title='bbox 2041 4167 2267 4239; x_wconf 86' lang='lat'><strong>27,28).</strong></span> <span class='ocrx_word' id='word_1_738' title='bbox 2308 4166 2445 4234; x_wconf 88' lang='lat' dir='ltr'><strong>Quia</strong></span> <span class='ocrx_word' id='word_1_739' title='bbox 2487 4165 2631 4220; x_wconf 90' lang='lat' dir='ltr'><strong>enim</strong></span> <span class='ocrx_word' id='word_1_740' title='bbox 2672 4178 2738 4219; x_wconf 91' lang='lat' dir='ltr'><strong>ex</strong></span> <span class='ocrx_word' id='word_1_741' title='bbox 2767 4169 3143 4217; x_wconf 91' lang='lat' dir='ltr'><strong>creaturarum</strong></span> <span class='ocrx_word' id='word_1_742' title='bbox 3172 4156 3383 4222; x_wconf 91' lang='lat' dir='ltr'><strong>ordine,</strong></span> <span class='ocrx_word' id='word_1_743' title='bbox 3424 4171 3518 4212; x_wconf 53' lang='lat' dir='ltr'><strong>va.</strong></span> 
     </span>
    </p>
   </div>
   <div class='ocr_carea' id='block_1_100' title="bbox 1930 4246 3515 4326">
    <p class='ocr_par' dir='ltr' id='par_1_100' title="bbox 1930 4246 3515 4326">
     <span class='ocr_line' id='line_1_100' title="bbox 1930 4246 3515 4326; baseline -0.009 -10"><span class='ocrx_word' id='word_1_744' title='bbox 1930 4262 2147 4326; x_wconf 89' lang='lat' dir='ltr'><strong>rietate,</strong></span> <span class='ocrx_word' id='word_1_745' title='bbox 2181 4255 2507 4321; x_wconf 89' lang='lat' dir='ltr'><strong>constantia,</strong></span> <span class='ocrx_word' id='word_1_746' title='bbox 2540 4268 2648 4309; x_wconf 91' lang='lat' dir='ltr'><strong>non</strong></span> <span class='ocrx_word' id='word_1_747' title='bbox 2674 4257 3001 4323; x_wconf 88' lang='lat' dir='ltr'><strong>cognoverat</strong></span> <span class='ocrx_word' id='word_1_748' title='bbox 3030 4246 3265 4304; x_wconf 89' lang='lat' dir='ltr'><strong>mundus</strong></span> <span class='ocrx_word' id='word_1_749' title='bbox 3292 4260 3391 4317; x_wconf 89' lang='lat' dir='ltr'><strong>per</strong></span> <span class='ocrx_word' id='word_1_750' title='bbox 3425 4260 3515 4302; x_wconf 89' lang='lat' dir='ltr'><strong>sa-</strong></span> 
     </span>
    </p>
   </div>
   <div class='ocr_carea' id='block_1_101' title="bbox 1930 4337 3518 4424">
    <p class='ocr_par' dir='ltr' id='par_1_101' title="bbox 1930 4337 3518 4424">
     <span class='ocr_line' id='line_1_101' title="bbox 1930 4337 3518 4424; baseline -0.011 -16"><span class='ocrx_word' id='word_1_751' title='bbox 1930 4351 2190 4424; x_wconf 89' lang='lat' dir='ltr'><strong>pientiam</strong></span> <span class='ocrx_word' id='word_1_752' title='bbox 2216 4348 2406 4413; x_wconf 91' lang='lat' dir='ltr'><strong>Deum,</strong></span> <span class='ocrx_word' id='word_1_753' title='bbox 2438 4344 2639 4416; x_wconf 89' lang='lat' dir='ltr'><strong>placuit</strong></span> <span class='ocrx_word' id='word_1_754' title='bbox 2677 4345 2788 4399; x_wconf 86' lang='lat' dir='ltr'><strong>Deo</strong></span> <span class='ocrx_word' id='word_1_755' title='bbox 2813 4357 2910 4413; x_wconf 92' lang='lat' dir='ltr'><strong>per</strong></span> <span class='ocrx_word' id='word_1_756' title='bbox 2939 4338 3225 4396; x_wconf 89' lang='lat' dir='ltr'><strong>stultitiam</strong></span> <span class='ocrx_word' id='word_1_757' title='bbox 3253 4337 3518 4410; x_wconf 73' lang='lat' dir='ltr'><strong>praedica-</strong></span> 
     </span>
    </p>
   </div>
   <div class='ocr_carea' id='block_1_102' title="bbox 1934 4428 3520 4502">
    <p class='ocr_par' dir='ltr' id='par_1_102' title="bbox 1934 4428 3520 4502">
     <span class='ocr_line' id='line_1_102' title="bbox 1934 4428 3520 4502; baseline -0.009 -5"><span class='ocrx_word' id='word_1_758' title='bbox 1934 4442 2098 4499; x_wconf 87' lang='lat' dir='ltr'><strong>tionis</strong></span> <span class='ocrx_word' id='word_1_759' title='bbox 2148 4439 2327 4496; x_wconf 88' lang='lat' dir='ltr'><strong>salvos</strong></span> <span class='ocrx_word' id='word_1_760' title='bbox 2373 4437 2551 4493; x_wconf 88' lang='lat' dir='ltr'><strong>facere</strong></span> <span class='ocrx_word' id='word_1_761' title='bbox 2596 4434 2922 4499; x_wconf 88' lang='lat' dir='ltr'><strong>credentes;</strong></span> <span class='ocrx_word' id='word_1_762' title='bbox 2986 4447 3095 4488; x_wconf 92' lang='lat' dir='ltr'><strong>non</strong></span> <span class='ocrx_word' id='word_1_763' title='bbox 3151 4430 3206 4486; x_wconf 91' lang='lat' dir='ltr'><strong>in</strong></span> <span class='ocrx_word' id='word_1_764' title='bbox 3254 4428 3520 4502; x_wconf 89' lang='lat' dir='ltr'><strong>sapientia</strong></span> 
     </span>
    </p>
   </div>
   <div class='ocr_carea' id='block_1_103' title="bbox 1937 4517 3520 4596">
    <p class='ocr_par' dir='ltr' id='par_1_103' title="bbox 1937 4517 3520 4596">
     <span class='ocr_line' id='line_1_103' title="bbox 1937 4517 3520 4596; baseline -0.011 -8"><span class='ocrx_word' id='word_1_765' title='bbox 1937 4532 2120 4596; x_wconf 89' lang='lat' dir='ltr'><strong>verbi,</strong></span> <span class='ocrx_word' id='word_1_766' title='bbox 2164 4540 2225 4584; x_wconf 90' lang='lat' dir='ltr'><strong>ut</strong></span> <span class='ocrx_word' id='word_1_767' title='bbox 2274 4544 2382 4584; x_wconf 93' lang='lat' dir='ltr'><strong>non</strong></span> <span class='ocrx_word' id='word_1_768' title='bbox 2432 4532 2724 4582; x_wconf 87' lang='lat' dir='ltr'><strong>evacuetur</strong></span> <span class='ocrx_word' id='word_1_769' title='bbox 2779 4521 2911 4596; x_wconf 87' lang='lat' dir='ltr'><strong>[al.,</strong></span> <span class='ocrx_word' id='word_1_770' title='bbox 2952 4517 3337 4591; x_wconf 88' lang='lat' dir='ltr'><strong>evacuaretur]</strong></span> <span class='ocrx_word' id='word_1_771' title='bbox 3386 4533 3520 4573; x_wconf 79' lang='lat' dir='ltr'><strong>crux</strong></span> 
     </span>
    </p>
   </div>
   <div class='ocr_carea' id='block_1_104' title="bbox 1935 4605 3520 4685">
    <p class='ocr_par' dir='ltr' id='par_1_104' title="bbox 1935 4605 3520 4685">
     <span class='ocr_line' id='line_1_104' title="bbox 1935 4605 3520 4685; baseline -0.012 -6"><span class='ocrx_word' id='word_1_772' title='bbox 1935 4623 2157 4681; x_wconf 87' lang='lat' dir='ltr'><strong>Christi.</strong></span> <span class='ocrx_word' id='word_1_773' title='bbox 2206 4620 2309 4676; x_wconf 87' lang='lat' dir='ltr'><strong>Ubi</strong></span> <span class='ocrx_word' id='word_1_774' title='bbox 2373 4619 2516 4675; x_wconf 89' lang='lat' dir='ltr'><strong>enim</strong></span> <span class='ocrx_word' id='word_1_775' title='bbox 2577 4616 2780 4683; x_wconf 89' lang='lat' dir='ltr'><strong>scriba,</strong></span> <span class='ocrx_word' id='word_1_776' title='bbox 2829 4614 2920 4669; x_wconf 86' lang='lat' dir='ltr'><strong>ubi</strong></span> <span class='ocrx_word' id='word_1_777' title='bbox 2970 4610 3377 4685; x_wconf 87' lang='lat' dir='ltr'><strong>grammaticus,</strong></span> <span class='ocrx_word' id='word_1_778' title='bbox 3426 4605 3520 4661; x_wconf 90' lang='lat' dir='ltr'><strong>ubi</strong></span> 
     </span>
    </p>
   </div>
   <div class='ocr_carea' id='block_1_105' title="bbox 1936 4699 3523 4772">
    <p class='ocr_par' dir='ltr' id='par_1_105' title="bbox 1936 4699 3523 4772">
     <span class='ocr_line' id='line_1_105' title="bbox 1936 4699 3523 4772; baseline -0.014 -1"><span class='ocrx_word' id='word_1_779' title='bbox 1936 4728 2227 4772; x_wconf 90' lang='lat' dir='ltr'><strong>causarum</strong></span> <span class='ocrx_word' id='word_1_780' title='bbox 2278 4709 2605 4766; x_wconf 86' lang='lat' dir='ltr'><strong>naturalium</strong></span> <span class='ocrx_word' id='word_1_781' title='bbox 2656 4704 3029 4763; x_wconf 83' lang='lat' dir='ltr'><strong>scrutatores?</strong></span> <span class='ocrx_word' id='word_1_782' title='bbox 3058 4701 3171 4756; x_wconf 87' lang='lat' dir='ltr'><strong>Nec</strong></span> <span class='ocrx_word' id='word_1_783' title='bbox 3210 4699 3265 4754; x_wconf 92' lang='lat' dir='ltr'><strong>in</strong></span> <span class='ocrx_word' id='word_1_784' title='bbox 3294 4712 3523 4768; x_wconf 87' lang='lat' dir='ltr'><strong>persua-</strong></span> 
     </span>
    </p>
   </div>
   <div class='ocr_carea' id='block_1_106' title="bbox 1938 4785 3521 4873">
    <p class='ocr_par' dir='ltr' id='par_1_106' title="bbox 1938 4785 3521 4873">
     <span class='ocr_line' id='line_1_106' title="bbox 1938 4785 3521 4873; baseline -0.014 -10"><span class='ocrx_word' id='word_1_785' title='bbox 1938 4805 2186 4863; x_wconf 86' lang='lat' dir='ltr'><strong>sibilibus</strong></span> <span class='ocrx_word' id='word_1_786' title='bbox 2212 4801 2491 4873; x_wconf 62' lang='lat' dir='ltr'><strong>sapientiae</strong></span> <span class='ocrx_word' id='word_1_787' title='bbox 2515 4799 2715 4864; x_wconf 88' lang='lat' dir='ltr'><strong>verbis,</strong></span> <span class='ocrx_word' id='word_1_788' title='bbox 2748 4796 2843 4851; x_wconf 91' lang='lat' dir='ltr'><strong>sed</strong></span> <span class='ocrx_word' id='word_1_789' title='bbox 2877 4795 2931 4851; x_wconf 93' lang='lat' dir='ltr'><strong>in</strong></span> <span class='ocrx_word' id='word_1_790' title='bbox 2958 4791 3271 4850; x_wconf 88' lang='lat' dir='ltr'><strong>ostensione</strong></span> <span class='ocrx_word' id='word_1_791' title='bbox 3303 4785 3521 4841; x_wconf 88' lang='lat' dir='ltr'><strong>virtutis</strong></span> 
     </span>
    </p>
   </div>
   <div class='ocr_carea' id='block_1_107' title="bbox 1938 4875 3524 4964">
    <p class='ocr_par' dir='ltr' id='par_1_107' title="bbox 1938 4875 3524 4964">
     <span class='ocr_line' id='line_1_107' title="bbox 1938 4875 3524 4964; baseline -0.015 -12"><span class='ocrx_word' id='word_1_792' title='bbox 1938 4905 1994 4952; x_wconf 91' lang='lat' dir='ltr'><strong>et</strong></span> <span class='ocrx_word' id='word_1_793' title='bbox 2022 4893 2265 4964; x_wconf 89' lang='lat' dir='ltr'><strong>spiritus,</strong></span> <span class='ocrx_word' id='word_1_794' title='bbox 2289 4899 2349 4945; x_wconf 93' lang='lat' dir='ltr'><strong>ut</strong></span> <span class='ocrx_word' id='word_1_795' title='bbox 2376 4888 2509 4946; x_wconf 84' lang='lat' dir='ltr'><strong>lldes</strong></span> <span class='ocrx_word' id='word_1_796' title='bbox 2537 4886 2872 4944; x_wconf 85' lang='lat' dir='ltr'><strong>credentium</strong></span> <span class='ocrx_word' id='word_1_797' title='bbox 2904 4898 3011 4939; x_wconf 91' lang='lat' dir='ltr'><strong>non</strong></span> <span class='ocrx_word' id='word_1_798' title='bbox 3040 4887 3187 4935; x_wconf 89' lang='lat' dir='ltr'><strong>esset</strong></span> <span class='ocrx_word' id='word_1_799' title='bbox 3224 4877 3277 4932; x_wconf 92' lang='lat' dir='ltr'><strong>in</strong></span> <span class='ocrx_word' id='word_1_800' title='bbox 3309 4875 3524 4947; x_wconf 80' lang='lat' dir='ltr'><strong>sapien-</strong></span> 
     </span>
    </p>
   </div>
   <div class='ocr_carea' id='block_1_108' title="bbox 1941 4968 3525 5049">
    <p class='ocr_par' dir='ltr' id='par_1_108' title="bbox 1941 4968 3525 5049">
     <span class='ocr_line' id='line_1_108' title="bbox 1941 4968 3525 5049; baseline -0.013 -7"><span class='ocrx_word' id='word_1_801' title='bbox 1941 4989 2013 5043; x_wconf 92' lang='lat' dir='ltr'><strong>tia</strong></span> <span class='ocrx_word' id='word_1_802' title='bbox 2052 4985 2354 5049; x_wconf 90' lang='lat' dir='ltr'><strong>hominum,</strong></span> <span class='ocrx_word' id='word_1_803' title='bbox 2406 4981 2501 5037; x_wconf 91' lang='lat' dir='ltr'><strong>sed</strong></span> <span class='ocrx_word' id='word_1_804' title='bbox 2546 4981 2599 5035; x_wconf 92' lang='lat' dir='ltr'><strong>in</strong></span> <span class='ocrx_word' id='word_1_805' title='bbox 2645 4979 2844 5033; x_wconf 91' lang='lat' dir='ltr'><strong>virtute</strong></span> <span class='ocrx_word' id='word_1_806' title='bbox 2887 4974 3001 5030; x_wconf 88' lang='lat' dir='ltr'><strong>Dei.</strong></span> <span class='ocrx_word' id='word_1_807' title='bbox 3054 4968 3420 5039; x_wconf 89' lang='lat' dir='ltr'><strong>Quamobrem</strong></span> <span class='ocrx_word' id='word_1_808' title='bbox 3468 4974 3525 5023; x_wconf 90' lang='lat' dir='ltr'><strong>et</strong></span> 
     </span>
    </p>
   </div>
   <div class='ocr_carea' id='block_1_109' title="bbox 1941 5057 3523 5150">
    <p class='ocr_par' dir='ltr' id='par_1_109' title="bbox 1941 5057 3523 5150">
     <span class='ocr_line' id='line_1_109' title="bbox 1941 5057 3523 5150; baseline -0.014 -16"><span class='ocrx_word' id='word_1_809' title='bbox 1941 5079 2060 5150; x_wconf 89' lang='lat' dir='ltr'><strong>ipse</strong></span> <span class='ocrx_word' id='word_1_810' title='bbox 2077 5073 2371 5147; x_wconf 82' lang='lat' dir='ltr'><strong>Apostolus</strong></span> <span class='ocrx_word' id='word_1_811' title='bbox 2391 5072 2458 5127; x_wconf 92' lang='lat' dir='ltr'><strong>ad</strong></span> <span class='ocrx_word' id='word_1_812' title='bbox 2484 5072 2700 5126; x_wconf 90' lang='lat' dir='ltr'><strong>eosdem</strong></span> <span class='ocrx_word' id='word_1_813' title='bbox 2725 5065 3035 5123; x_wconf 88' lang='lat' dir='ltr'><strong>Corinthios</strong></span> <span class='ocrx_word' id='word_1_814' title='bbox 3068 5061 3410 5150; x_wconf 84' lang='lat' dir='ltr'><strong>loquebatur.</strong></span> <span class='ocrx_word' id='word_1_815' title='bbox 3454 5057 3523 5112; x_wconf 85' lang='lat' dir='ltr'><strong>Et</strong></span> 
     </span>
    </p>
   </div>
   <div class='ocr_carea' id='block_1_110' title="bbox 1942 5147 3524 5241">
    <p class='ocr_par' dir='ltr' id='par_1_110' title="bbox 1942 5147 3524 5241">
     <span class='ocr_line' id='line_1_110' title="bbox 1942 5147 3524 5241; baseline -0.016 -17"><span class='ocrx_word' id='word_1_816' title='bbox 1942 5147 2037 5241; x_wconf 73' lang='lat' dir='ltr'><strong>ego</strong></span> <span class='ocrx_word' id='word_1_817' title='bbox 2058 5166 2265 5223; x_wconf 82' lang='lat' dir='ltr'><strong>veniens</strong></span> <span class='ocrx_word' id='word_1_818' title='bbox 2288 5164 2357 5217; x_wconf 90' lang='lat' dir='ltr'><strong>ad</strong></span> <span class='ocrx_word' id='word_1_819' title='bbox 2386 5178 2496 5227; x_wconf 80' lang='lat' dir='ltr'><strong>vos,</strong></span> <span class='ocrx_word' id='word_1_820' title='bbox 2543 5160 2757 5230; x_wconf 83' lang='lat' dir='ltr'><strong>fratres,</strong></span> <span class='ocrx_word' id='word_1_821' title='bbox 2789 5154 2901 5210; x_wconf 79' lang='lat' dir='ltr'><strong>veni</strong></span> <span class='ocrx_word' id='word_1_822' title='bbox 2934 5170 3039 5207; x_wconf 90' lang='lat' dir='ltr'><strong>non</strong></span> <span class='ocrx_word' id='word_1_823' title='bbox 3069 5167 3163 5223; x_wconf 88' lang='lat' dir='ltr'><strong>per</strong></span> <span class='ocrx_word' id='word_1_824' title='bbox 3184 5147 3524 5205; x_wconf 83' lang='lat' dir='ltr'><strong>subtilitatem</strong></span> 
     </span>
    </p>
   </div>
   <div class='ocr_carea' id='block_1_111' title="bbox 1946 5242 3523 5335">
    <p class='ocr_par' dir='ltr' id='par_1_111' title="bbox 1946 5242 3523 5335">
     <span class='ocr_line' id='line_1_111' title="bbox 1946 5242 3523 5335; baseline -0.015 -19"><span class='ocrx_word' id='word_1_825' title='bbox 1946 5261 2067 5335; x_wconf 90' lang='lat' dir='ltr'><strong>[al.,</strong></span> <span class='ocrx_word' id='word_1_826' title='bbox 2095 5253 2488 5324; x_wconf 73' lang='lat' dir='ltr'><strong>sublimitatem]</strong></span> <span class='ocrx_word' id='word_1_827' title='bbox 2528 5251 2780 5308; x_wconf 85' lang='lat' dir='ltr'><strong>sermonis</strong></span> <span class='ocrx_word' id='word_1_828' title='bbox 2819 5258 2866 5303; x_wconf 90' lang='lat' dir='ltr'><strong>et</strong></span> <span class='ocrx_word' id='word_1_829' title='bbox 2893 5245 3163 5318; x_wconf 65' lang='lat' dir='ltr'><strong>sapientia</strong></span> <span class='ocrx_word' id='word_1_830' title='bbox 3202 5242 3523 5297; x_wconf 87' lang='lat' dir='ltr'><strong>annuntians</strong></span> 
     </span>
    </p>
   </div>
   <div class='ocr_carea' id='block_1_112' title="bbox 1944 5329 3525 5405">
    <p class='ocr_par' dir='ltr' id='par_1_112' title="bbox 1944 5329 3525 5405">
     <span class='ocr_line' id='line_1_112' title="bbox 1944 5329 3525 5405; baseline -0.014 1"><span class='ocrx_word' id='word_1_831' title='bbox 1944 5329 2088 5405; x_wconf 62' lang='lat' dir='ltr'><strong>uobis</strong></span> <span class='ocrx_word' id='word_1_832' title='bbox 2124 5347 2475 5403; x_wconf 87' lang='lat' dir='ltr'><strong>testimonium</strong></span> <span class='ocrx_word' id='word_1_833' title='bbox 2510 5340 2741 5397; x_wconf 86' lang='lat' dir='ltr'><strong>Domini.</strong></span> <span class='ocrx_word' id='word_1_834' title='bbox 2796 5337 2919 5392; x_wconf 87' lang='lat' dir='ltr'><strong>Non</strong></span> <span class='ocrx_word' id='word_1_835' title='bbox 2957 5336 3095 5390; x_wconf 83' lang='lat' dir='ltr'><strong>enim</strong></span> <span class='ocrx_word' id='word_1_836' title='bbox 3124 5332 3362 5405; x_wconf 75' lang='lat' dir='ltr'><strong>judicavi</strong></span> <span class='ocrx_word' id='word_1_837' title='bbox 3393 5329 3525 5384; x_wconf 81' lang='lat' dir='ltr'><strong>scire</strong></span> 
     </span>
    </p>
   </div>
   <div class='ocr_carea' id='block_1_113' title="bbox 1945 5423 3526 5509">
    <p class='ocr_par' dir='ltr' id='par_1_113' title="bbox 1945 5423 3526 5509">
     <span class='ocr_line' id='line_1_113' title="bbox 1945 5423 3526 5509; baseline -0.015 -13"><span class='ocrx_word' id='word_1_838' title='bbox 1945 5457 2026 5497; x_wconf 87' lang='lat' dir='ltr'><strong>me</strong></span> <span class='ocrx_word' id='word_1_839' title='bbox 2048 5439 2246 5509; x_wconf 84' lang='lat' dir='ltr'><strong>aliquid</strong></span> <span class='ocrx_word' id='word_1_840' title='bbox 2276 5438 2410 5492; x_wconf 90' lang='lat' dir='ltr'><strong>inter</strong></span> <span class='ocrx_word' id='word_1_841' title='bbox 2432 5452 2535 5498; x_wconf 84' lang='lat' dir='ltr'><strong>vos,</strong></span> <span class='ocrx_word' id='word_1_842' title='bbox 2566 5429 2948 5487; x_wconf 84' lang='lat' dir='ltr'><strong>nisiChristum</strong></span> <span class='ocrx_word' id='word_1_843' title='bbox 2963 5426 3144 5482; x_wconf 72' lang='lat' dir='ltr'><strong>Iesum</strong></span> <span class='ocrx_word' id='word_1_844' title='bbox 3170 5435 3217 5479; x_wconf 88' lang='lat' dir='ltr'><strong>et</strong></span> <span class='ocrx_word' id='word_1_845' title='bbox 3244 5423 3382 5477; x_wconf 79' lang='lat' dir='ltr'><strong>hunc</strong></span> <span class='ocrx_word' id='word_1_846' title='bbox 3405 5436 3526 5474; x_wconf 81' lang='lat' dir='ltr'><strong>cru-</strong></span> 
     </span>
    </p>
   </div>
   <div class='ocr_carea' id='block_1_114' title="bbox 1945 5510 3528 5600">
    <p class='ocr_par' dir='ltr' id='par_1_114' title="bbox 1945 5510 3528 5600">
     <span class='ocr_line' id='line_1_114' title="bbox 1945 5510 3528 5600; baseline -0.014 -15"><span class='ocrx_word' id='word_1_847' title='bbox 1945 5532 2159 5600; x_wconf 76' lang='lat' dir='ltr'><strong>ciﬁxum</strong></span> <span class='ocrx_word' id='word_1_848' title='bbox 2183 5528 2234 5599; x_wconf 87' lang='grc' dir='ltr'><strong>(Ι</strong></span> <span class='ocrx_word' id='word_1_849' title='bbox 2259 5527 2377 5582; x_wconf 91' lang='lat' dir='ltr'><strong>Cor.</strong></span> <span class='ocrx_word' id='word_1_850' title='bbox 2397 5542 2459 5589; x_wconf 87' lang='grc' dir='ltr'><strong>ιι,</strong></span> <span class='ocrx_word' id='word_1_851' title='bbox 2485 5526 2537 5588; x_wconf 85' lang='lat' dir='ltr'><strong>l,</strong></span> <span class='ocrx_word' id='word_1_852' title='bbox 2557 5522 2636 5593; x_wconf 87' lang='lat'><strong>2).</strong></span> <span class='ocrx_word' id='word_1_853' title='bbox 2656 5522 2719 5575; x_wconf 80' lang='lat' dir='ltr'><strong>Et</strong></span> <span class='ocrx_word' id='word_1_854' title='bbox 2742 5533 2807 5573; x_wconf 91' lang='lat' dir='ltr'><strong>ne</strong></span> <span class='ocrx_word' id='word_1_855' title='bbox 2831 5517 3058 5573; x_wconf 80' lang='lat' dir='ltr'><strong>l&#39;ursitan</strong></span> <span class='ocrx_word' id='word_1_856' title='bbox 3084 5521 3389 5587; x_wconf 89' lang='lat' dir='ltr'><strong>putaretur,</strong></span> <span class='ocrx_word' id='word_1_857' title='bbox 3412 5510 3528 5565; x_wconf 65' lang='lat' dir='ltr'><strong>haec</strong></span> 
     </span>
    </p>
   </div>
   <div class='ocr_carea' id='block_1_115' title="bbox 1947 5609 3525 5684">
    <p class='ocr_par' dir='ltr' id='par_1_115' title="bbox 1947 5609 3525 5684">
     <span class='ocr_line' id='line_1_115' title="bbox 1947 5609 3525 5684; baseline -0.014 -8"><span class='ocrx_word' id='word_1_858' title='bbox 1947 5620 2150 5684; x_wconf 88' lang='lat' dir='ltr'><strong>dicens,</strong></span> <span class='ocrx_word' id='word_1_859' title='bbox 2179 5631 2299 5673; x_wconf 88' lang='lat' dir='ltr'><strong>esse</strong></span> <span class='ocrx_word' id='word_1_860' title='bbox 2338 5613 2658 5683; x_wconf 81' lang='lat' dir='ltr'><strong>insipientiae</strong></span> <span class='ocrx_word' id='word_1_861' title='bbox 2682 5609 3026 5680; x_wconf 73' lang='lat' dir='ltr'><strong>prredicator,</strong></span> <span class='ocrx_word' id='word_1_862' title='bbox 3050 5614 3229 5662; x_wconf 89' lang='lat' dir='ltr'><strong>mente</strong></span> <span class='ocrx_word' id='word_1_863' title='bbox 3259 5615 3525 5675; x_wconf 64' lang='lat' dir='ltr'><strong>praesaga,</strong></span> 
     </span>
    </p>
   </div>
   <div class='ocr_carea' id='block_1_116' title="bbox 1946 5693 3524 5782">
    <p class='ocr_par' dir='ltr' id='par_1_116' title="bbox 1946 5693 3524 5782">
     <span class='ocr_line' id='line_1_116' title="bbox 1946 5693 3524 5782; baseline -0.012 -17"><span class='ocrx_word' id='word_1_864' title='bbox 1946 5711 2091 5782; x_wconf 90' lang='lat' dir='ltr'><strong>quod</strong></span> <span class='ocrx_word' id='word_1_865' title='bbox 2116 5708 2313 5779; x_wconf 87' lang='lat' dir='ltr'><strong>opponi</strong></span> <span class='ocrx_word' id='word_1_866' title='bbox 2345 5713 2573 5777; x_wconf 85' lang='lat' dir='ltr'><strong>poterat,</strong></span> <span class='ocrx_word' id='word_1_867' title='bbox 2607 5703 2822 5759; x_wconf 88' lang='lat' dir='ltr'><strong>evertit.</strong></span> <span class='ocrx_word' id='word_1_868' title='bbox 2879 5700 2984 5757; x_wconf 84' lang='lat' dir='ltr'><strong>Sed</strong></span> <span class='ocrx_word' id='word_1_869' title='bbox 3012 5698 3298 5771; x_wconf 84' lang='lat' dir='ltr'><strong>loquimur,</strong></span> <span class='ocrx_word' id='word_1_870' title='bbox 3331 5693 3524 5764; x_wconf 82' lang='lat' dir='ltr'><strong>inquit,</strong></span> 
     </span>
    </p>
   </div>
   <div class='ocr_carea' id='block_1_117' title="bbox 1948 5791 3531 5874">
    <p class='ocr_par' dir='ltr' id='par_1_117' title="bbox 1948 5791 3531 5874">
     <span class='ocr_line' id='line_1_117' title="bbox 1948 5791 3531 5874; baseline -0.011 -14"><span class='ocrx_word' id='word_1_871' title='bbox 1948 5800 2048 5860; x_wconf 83' lang='lat' dir='ltr'><strong>Dei</strong></span> <span class='ocrx_word' id='word_1_872' title='bbox 2066 5800 2377 5874; x_wconf 89' lang='lat' dir='ltr'><strong>sapientiam</strong></span> <span class='ocrx_word' id='word_1_873' title='bbox 2401 5799 2454 5854; x_wconf 89' lang='lat' dir='ltr'><strong>in</strong></span> <span class='ocrx_word' id='word_1_874' title='bbox 2480 5795 2740 5867; x_wconf 75' lang='lat' dir='ltr'><strong>mysterio,</strong></span> <span class='ocrx_word' id='word_1_875' title='bbox 2768 5810 2887 5869; x_wconf 77' lang='lat' dir='ltr'><strong>qute</strong></span> <span class='ocrx_word' id='word_1_876' title='bbox 2907 5791 3213 5851; x_wconf 84' lang='lat' dir='ltr'><strong>abscondita</strong></span> <span class='ocrx_word' id='word_1_877' title='bbox 3233 5798 3343 5857; x_wconf 84' lang='lat' dir='ltr'><strong>est;</strong></span> <span class='ocrx_word' id='word_1_878' title='bbox 3371 5799 3531 5859; x_wconf 76' lang='lat' dir='ltr'><strong>quam</strong></span> 
     </span>
    </p>
   </div>
  </div>
