4064 6346
584 299 721 358 1019

1595 309 1649 364 S.
1690 309 2063 367 PRUDENTII
2102 308 2485 367 TRECENSIS
2520 309 2828 369 EPISCOPI

3713 318 3847 376 ίωυ

581 432 731 495 nemo
755 419 1047 489 principum
1071 422 1228 492 hujus
1256 421 1434 477 seculi
1459 416 1692 493 cognovit
1734 422 1900 497 (Ibid.
1924 442 1981 503 Av.
2005 424 2058 489 7,
2083 424 2159 495 8).
2190 426 2242 486 Α
2267 420 2439 479 Grzeci
2493 424 2669 494 topica
2716 424 2922 491 dicunt,
2972 431 3025 483 et
3060 424 3125 481 ad
3175 436 3349 484 artem
3396 428 3745 486 dialecticam
3793 440 3846 487 et

578 506 1016 583 Qudtusquisque
1058 529 1200 569 nunc
1234 514 1576 568 Aristotelem
1614 513 1781 587 legit?
1821 516 2008 585 quanti
2040 516 2161 570 Pla-
2228 512 2234 519 ”

576 600 724 654 tonis
758 601 845 657 vel
880 600 1052 660 libros
1088 619 1285 659 novere
1325 600 1409 659 vel
1450 604 1689 659 nomen?
1728 602 1829 660 Vix
1864 606 1919 663 in
1948 605 2160 678 angulis

577 690 737 748 otiosi
767 709 863 750 eos
897 711 1055 752 senes
1095 696 1357 753 recolunt.
1392 695 1718 753 Rusticanos
1743 714 1874 754 vero
1910 701 2135 770 etpisca

576 793 723 840 tores
763 795 979 842 nostros
1016 795 1162 843 totus
1191 787 1340 843 orbis
1384 787 1648 859 loquitur,
1678 790 1964 857 universus
2001 806 2152 846 mun-

576 878 676 933 dus
702 888 878 934 sonat.
909 876 1093 949 Itaque
1122 872 1383 937 sermone
1413 879 1641 952 simplici
1669 880 1935 952 simplicia
1965 896 2156 937 eorum

577 970 735 1025 verba
778 971 1025 1040 ponenda
1068 980 1197 1026 sunt
1242 970 1366 1045 [al.,
1424 970 1753 1047 pandenda].
1815 974 2022 1042 Verba,
2074 974 2158 1029 in-

573 1074 756 1130 quam,
778 1076 887 1116 non
909 1076 1120 1119 sensus.
1156 1063 1422 1120 Caeterum
1452 1064 1522 1132 si,
1563 1067 1846 1123 orantibus
1882 1068 2057 1135 vobis,
2088 1066 2157 1123 il-

573 1146 682 1205 lum
708 1151 908 1220 possim
928 1153 982 1208 in
1003 1155 1335 1224 exponendis
1355 1156 1608 1228 Epistolis
1626 1172 1814 1214 eorum
1830 1159 2027 1216 habere
2042 1160 2156 1232 spi-

572 1238 755 1308 ritum,
771 1256 931 1312 quem
948 1242 1020 1298 illi
1054 1244 1109 1299 in
1138 1245 1390 1302 dictando
1408 1246 1711 1303 habuerunt
1730 1268 1745 1304 :
1762 1258 1890 1305 tunc
1911 1250 2156 1307 videritis

571 1334 774 1386 tantam
808 1332 1148 1405 maiestatem
1171 1347 1228 1393 et
1252 1337 1592 1394 latitudinem
1622 1340 1676 1395 in
1698 1341 1784 1397 his
1814 1356 1957 1398 vera:
1986 1341 2153 1398 fuisse

570 1423 873 1491 sapientim,
918 1436 1121 1497 quanta
1157 1429 1212 1484 in
1252 1431 1434 1487 smculi
1476 1432 1727 1490 litteratis
1757 1436 2067 1506 arrogantia
2097 1443 2152 1492 et

569 1510 779 1568 Vanitas
805 1512 925 1570 fuit.
956 1512 1201 1573 Breviter
1228 1520 1383 1576 vobis
1410 1534 1544 1578 mea:
1570 1526 1770 1581 mentis
1798 1524 1974 1582 fateor
1999 1542 2151 1582 arca—

568 1602 695 1656 lium
726 1620 741 1657 :
767 1602 867 1671 Qui
900 1620 999 1674 per
1026 1622 1113 1663 me
1144 1609 1518 1667 intellecturus
1549 1621 1634 1669 est
1654 1614 1994 1685 Apostolum,
2026 1616 2152 1672 nolo
2212 1642 2232 1653 ν

566 1699 627 1746 ut
662 1706 780 1748 mea
812 1695 1013 1766 scripta
1059 1696 1344 1756 difﬁculter
1380 1702 1665 1776 intelligat,
1703 1713 1759 1760 et
1784 1708 1852 1762 ad
1884 1706 2153 1778 interpre-

567 1786 673 1834 tem
712 1786 1165 1854 cognoscendum,
1198 1789 1365 1846 alium
1395 1802 1604 1863 quaerat
1638 1795 2037 1869 interpretem]

596 1888 605 1891 "
632 1872 674 1940 1-
700 1871 810 1929 Neo
842 1875 1022 1932 minus
1046 1876 1403 1939 Cassiodorus
1453 1884 1507 1939 in
1537 1898 1698 1955 opere
1735 1886 1973 1942 mirabili
2002 1888 2147 1957 quod

567 1958 902 2018 Psalmorum
934 1958 1294 2038 expositione
1342 1975 1645 2040 contexuit,
1691 1990 1816 2031 cum
1846 1977 2029 2046 plures
2056 1992 2149 2032 ea-

567 2053 1054 2114 rumdemrartium
1099 2060 1300 2133 ﬁguras
1344 2065 1730 2137 interponeret,
1771 2084 1877 2123 non
1904 2084 2004 2138 per
2029 2070 2148 2127 illas

567 2140 806 2200 Psalmos
852 2150 1132 2218 exposuit,
1186 2154 1283 2207 sed
1331 2168 1427 2210 eas
1468 2157 1642 2211 sacris
1688 2156 1919 2228 eloquiis
1968 2159 2148 2216 inesse

563 2236 863 2305 perdocuit,
890 2248 1160 2310 quatenus
1185 2260 1372 2300 earum
1404 2256 1684 2304 auctorem
1712 2251 2024 2318 Dominum,
2053 2253 2145 2322 qui

563 2327 765 2385 eisdem
802 2330 1008 2388 divinis
1034 2334 1267 2407 eloquiis
1304 2339 1653 2409 praedicatur,
1694 2358 1800 2399 non
1833 2358 1928 2401 eos
1961 2347 2054 2416 qui
2085 2362 2147 2404 se

560 2420 871 2481 inventores
919 2427 1107 2483 talium
1148 2430 1451 2502 iactabant,
1503 2450 1737 2507 eumque
1784 2447 1879 2493 aut
1922 2438 2147 2498 minime

438 2560 447 2567 .
562 2522 655 2566 aut
683 2528 752 2569 ex
796 2524 952 2586 parte
985 2530 1372 2591 cognoverant,
1416 2532 1669 2595 patenter
1712 2529 2040 2598 ostenderet,
2078 2532 2147 2588 de

560 2616 669 2675 quo
694 2607 929 2664 dicitur:
969 2609 1155 2669 Omnis
1195 2617 1455 2687 sapientia
1500 2637 1535 2674 α
1568 2620 1794 2677 Domino
1822 2622 1934 2678 Deo
1988 2634 2063 2680 est
2095 2630 2145 2680 et

560 2706 679 2750 eum
714 2697 807 2752 illo
834 2699 938 2770 fuit
965 2720 1169 2776 semper
1196 2716 1245 2762 et
1283 2692 1361 2763 est
1403 2719 1523 2765 ante
1545 2724 1662 2765 eum
1686 2711 1853 2784 (Eccl.
1880 2729 1919 2778 ι,
1945 2715 2018 2787 1),
2054 2716 2145 2770 ubi

557 2790 867 2846 necessario
903 2794 1120 2851 additur
1152 2799 1341 2866 omnis,
1371 2808 1432 2855 ut
1458 2801 1858 2859 demonstretur
1885 2805 2145 2876 quidquid

558 2878 823 2936 bonarum
856 2885 1058 2941 artium
1094 2896 1259 2959 atque
1288 2890 1628 2964 ingeniorum
1658 2903 1809 2950 recte
1835 2894 2146 2967 utiliterque

558 2972 786 3040 sapitur,
825 2974 918 3031 illo
944 2986 1167 3035 auctore
1195 2981 1314 3036 dari
1345 2984 1595 3040 omnibus
1634 2993 1796 3056 atque
1825 2985 2143 3057 dispertiri;

555 3062 625 3116 de
650 3076 758 3133 quo
796 3065 1026 3139 legitur:
1065 3070 1308 3127 Dieidens
1340 3073 1560 3145 singulis
1594 3084 1749 3146 prout
1782 3076 1892 3131 vult
1936 3075 1987 3146 (1
2012 3074 2140 3133 Cor.

558 3170 655 3221 πη,
681 3156 793 3231 is),
821 3162 913 3231 qui
948 3164 1093 3220 solus
1116 3140 1506 3235 essentialiter,
1538 3140 2054 3228 incommutabil‘iter
2081 3186 2147 3228 ac
2172 3140 2217 3204 C

559 3238 888 3317 sempiterno
915 3253 1156 3322 sapiens,
1188 3255 1297 3311 imo
1321 3256 1585 3327 sapientia
1611 3261 1878 3315 veraciter
1906 3260 2146 3317 creditur

557 3345 612 3393 et
640 3337 872 3397 ﬁdeliter
890 3345 1234 3414 praedicatur.
1270 3347 1346 3403 De
1371 3364 1479 3420 qua
1508 3364 1567 3405 re
1590 3364 1714 3406 cum
1747 3353 1799 3406 in
1828 3353 2145 3423 praefatione

556 3429 799 3501 ejusdem
833 3433 1186 3505 amplectendi
1218 3439 1399 3509 cperis
1426 3439 1492 3495 de
1517 3441 1827 3512 eloquentia
1867 3444 2035 3500 totius
2060 3444 2140 3500 le«

557 3521 642 3592 gis
668 3523 864 3581 divina:
888 3525 1204 3597 dissereret,
1231 3529 1305 3585 ita
1336 3530 1548 3588 locutus
1571 3541 1654 3589 est
1697 3552 1710 3588 :

574 3628 579 3633 ’
623 3610 982 3672 Cassiodorus
1017 3615 1257 3691 (Prolog.
1286 3622 1343 3675 in
1364 3618 1540 3689 Psal.,
1569 3639 1689 3695 cap.
1718 3624 1805 3699 15)
1830 3624 2046 3699 :[Unde
2072 3624 2143 3683 ad

552 3705 929 3777 probationem
982 3712 1221 3782 pertinet
1272 3715 1600 3784 maximam,
1647 3719 1773 3789 quia
1819 3719 1908 3775 lex
1957 3722 2141 3778 divina

551 3812 652 3868 per
689 3809 912 3858 cunctas
946 3804 1133 3860 mundi
1162 3814 1347 3876 partes
1374 3810 1723 3880 cognoscitur
1750 3809 1918 3867 fuisse
1957 3827 2141 3869 susce-

551 3902 667 3963 pta.
700 3890 829 3951 Haec
852 3896 1038 3952 multis
1068 3898 1244 3955 modis
1277 3915 1474 3971 genera
1505 3919 1617 3958 sua:
1658 3902 1947 3959 locutionis
1984 3919 2140 3961 exer-

550 3991 658 4050 cet,
687 3992 742 4039 et
771 3983 1174 4043 deﬁnitionibus
1199 3991 1492 4057 succincta,
1521 3993 1890 4049 schematibus
1917 3995 2135 4063 decora,

548 4070 839 4129 verborum
870 4077 1201 4149 proprietate
1232 4080 1467 4152 signata,
1504 4082 1939 4155 syllogismorum
1982 4100 2135 4141 com-

550 4160 889 4234 plexiouibus
943 4172 1192 4242 expedita
1218 4215 1233 4240 ,
1286 4174 1583 4245 disciplinis
1637 4176 1966 4245 inrutilans;
2025 4195 2134 4235 non

553 4261 733 4311 tamen
781 4257 850 4315 ab
890 4260 970 4316 eis
1010 4263 1284 4334 accipiens
1326 4276 1643 4321 extraneum
1705 4267 1991 4336 decorem,
2038 4270 2134 4327 sed

549 4347 730 4420 potius
770 4349 878 4408 illis
923 4355 1198 4425 propriam
1249 4356 1539 4415 conferens
1589 4359 1928 4431 dignitatem.
2004 4362 2133 4418 lixae

549 4438 696 4495 enim
739 4443 955 4512 quando
998 4445 1053 4501 in
1084 4446 1278 4506 divinis
1305 4442 1605 4520 Scripturis
1649 4450 1951 4521 Splendent,
1983 4458 2133 4509 certa

549 4543 714 4605 atque
770 4536 1059 4606 purissima
1120 4534 1283 4609 sunt:
1350 4556 1476 4597 cum
1532 4557 1663 4598 vero
1728 4543 1795 4599 ad
1843 4544 2128 4615 opiniones

542 4627 830 4683 hominum
876 4636 931 4685 et
971 4632 1295 4701 quaestiones
1338 4632 1684 4689 inanissimas
1724 4635 1969 4702 veniunt,
2011 4650 2127 4692 am-

546 4720 726 4794 biguis
772 4721 1183 4801 altercationum
1225 4724 1479 4784 ﬂuctibus
1525 4727 1820 4799 agitantur,
1868 4737 1932 4785 ut
1981 4727 2127 4800 quod

544 4812 633 4869 hic
670 4814 977 4893 ﬁrmissime
1016 4833 1230 4891 semper
1264 4834 1476 4887 verum,
1504 4816 1817 4893 frequenter
1845 4819 1971 4876 alibi
1999 4821 2123 4876 red-

546 4904 705 4963 datur
745 4908 1030 4967 iucertum.
1076 4910 1167 4968 Sic
1192 4920 1247 4967 et
1273 4910 1452 4985 lingua
1482 4922 1668 4971 nostra
1703 4917 1829 4971 dum
1880 4915 2122 4986 psalmo-

546 4998 690 5055 diam
729 5002 896 5071 canit,
952 5002 1233 5061 nobilitate
1276 5005 1522 5063 veritatis
1571 5015 1831 5075 ornatur;
1883 5023 2004 5063 cum
2060 5007 2130 5067 ad

547 5086 757 5149 fabulas
794 5093 1005 5164 ineptas
1033 5100 1087 5148 et
1114 5092 1427 5167 blasphema
1473 5110 1533 5153 se
1558 5097 1726 5153 verba
1772 5097 2127 5164 converterit,

547 5179 616 5236 ab
665 5182 871 5238 honore
920 5180 1204 5254 probitatis
1256 5185 1580 5242 excluditur.
1650 5186 1804 5245 Sicut
1851 5187 2129 5260 apostolus

544 5272 779 5334 Iacobus
800 5277 930 5334 dicit
950 5296 965 5334 :
984 5277 1070 5334 Ea:
1090 5280 1202 5351 ipso
1236 5297 1327 5336 ore
1368 5281 1719 5340 benedicimus
1760 5284 1925 5340 Deum
1947 5295 1995 5341 et
2018 5284 2128 5341 Pa-

545 5378 838 5437 trem,etex
862 5370 973 5439 ipso
1002 5387 1090 5429 ore
1111 5371 1468 5429 maledicimus
1492 5375 1773 5447 hominem,
1797 5377 1884 5447 qui
1903 5377 1975 5433 ad
1988 5379 2124 5432 ima-

736 5470 786 5517 et
814 5462 1209 5519 similitudinem
1250 5464 1348 5521 Dei
1388 5466 1562 5539 factus
1583 5479 1658 5524 est
1688 5468 1892 5541 (Iacob.
1920 5486 2004 5537 tu,
2039 5470 2117 5542 9).

2266 512 2593 570 rhetoricam
2650 514 3090 584 transtulerunt;
3166 525 3227 572 ut
3290 520 3500 577 eunetis
3564 524 3851 579 evidenter

2262 613 2522 675 appareat
2576 605 2728 675 prius
2777 605 2846 661 ad
2898 606 3333 677 exprimendam
3355 611 3648 666 veritatem
3686 613 3861 684 iusti

2261 695 2531 752 mentibus
2586 697 2809 764 datum,
2868 698 3015 768 quod
3062 707 3251 769 postea
3314 700 3548 771 gentiles
3592 702 3853 758 human:

2258 789 2540 859 sapientia:
2573 790 2867 861 optandum
2901 804 3023 845 esse
3044 799 3391 861 putaverunt.
3416 792 3545 851 Bac
3564 795 3622 849 in
3650 794 3845 849 lectio-

2257 879 2419 935 nibus
2448 881 2621 936 sacris
2667 884 2928 952 tanquam
2964 881 3269 938 clar‘msima
3314 885 3493 941 sidera
3536 885 3749 951 hicat,
3790 896 3847 941 et

2220 1040 2227 1045 ν
2259 970 2651 1041 signiﬁcantius
2694 986 2879 1031 rerum
2904 975 3165 1032 .utlllimis
3202 978 3539 1049 compendiis
3580 979 3849 1035 decente

2258 1058 2585 1117 illuminant.
2612 1061 2744 1130 Qum
2772 1076 2872 1121 nos
2896 1064 3137 1121 breviter
3167 1066 3302 1123 locis
3330 1068 3638 1138 aptissimis
3664 1070 3851 1124 adus-

2257 1154 2526 1221 nebimus,
2555 1157 2810 1225 quoniam
2838 1172 2926 1213 res
2954 1158 3087 1229 ipsae
3104 1159 3545 1216 commodissime
3566 1160 3852 1216 deducen-

2256 1254 2344 1300 tur
2389 1245 2457 1302 ad
2496 1248 2753 1314 medium,
2798 1263 2898 1319 per
2947 1260 3085 1319 quas
3113 1251 3359 1322 concepti
3402 1264 3601 1307 sensus
3648 1250 3867 1306 clarior

2255 1335 2559 1396 eluceb'nnt.
2588 1339 2728 1396 Nam
2776 1349 2834 1397 et
2868 1340 3034 1396 Pater
3074 1341 3411 1414 Augustinus
3446 1343 3505 1398 in
3540 1344 3643 1399 lib.
3668 1357 3761 1407 Ill,
3784 1342 3851 1397 ds

2254 1427 2509 1485 Doctrina
2536 1430 2848 1487 Christiana
2888 1431 3031 1503 (cap.
3080 1432 3257 1501 xxix),
3296 1432 3371 1487 ita
3412 1432 3847 1504 professae.“

2256 1517 2445 1576 Sciant
2487 1531 2668 1577 autem
2718 1521 2945 1578 litterati
2988 1522 3166 1578 modis
3210 1524 3453 1580 omnium
3482 1523 3851 1588 locum,

2236 1626 2393 1681 .quas
2451 1613 2790 1683 grammatici
2838 1612 3028 1669 Graeco
3084 1614 3309 1669 nomine
3364 1623 3553 1685 tropos
3606 1622 3845 1678 vocant,

2256 1710 2509 1758 auctores
2535 1710 2754 1758 nostros
2792 1714 2923 1758 usos
2964 1701 3154 1759 fuisse.
3184 1702 3255 1759 Et
3301 1703 3463 1775 paulo
3495 1713 3627 1774 post
3664 1704 3849 1774 sequi-

2176 1784 2224 1844 B
2254 1797 2343 1846 tur
2372 1812 2388 1846 :
2417 1790 2564 1859 Quos
2591 1800 2771 1847 tamen
2793 1800 3001 1863 tropos,
3044 1792 3098 1848 id
3126 1802 3213 1848 est
3254 1794 3444 1849 modos
3484 1794 3851 1859 locutionum,

2251 1879 2343 1949 qui
2370 1888 2659 1946 noverunt,
2691 1889 2991 1953 agnoscunt
3038 1882 3092 1937 in
3140 1881 3338 1938 litteris
3362 1882 3597 1947 sanctis,
3638 1896 3853 1937 eorun-

2250 1984 2355 2041 que
2421 1969 2649 2029 scientia
2707 1972 2773 2027 ad
2833 1986 2927 2027 eas
2994 1972 3376 2042 intelligendas
3442 1973 3847 2043 aliquantulm

2249 2059 2591 2131 adjuvantur.
2616 2061 2884 2135 Cujus'rei
2915 2071 2973 2119 et
3010 2063 3064 2118 in
3110 2062 3236 2119 aliis
3263 2065 3543 2120 codicibus
3577 2066 3700 2146 suis
3720 2064 3849 2121 fecit

2248 2154 2708 2211 evidentissimum
2761 2156 3111 2212 mentionem.
3162 2156 3222 2212 In
3264 2156 3421 2213 libris
3460 2157 3671 2229 quippe
3712 2172 3848 2228 quos

2250 2250 2542 2320 appellavit
2564 2249 2634 2307 de
2686 2249 2857 2306 Medis
2905 2250 3263 2317 locutionum,
3312 2251 3533 2306 diversa
3567 2252 3851 2307 schemata

2249 2339 2589 2395 saecularium
2624 2339 2933 2397 litterarum
2981 2341 3213 2398 inveniri
3260 2342 3517 2412 probavit
3562 2343 3617 2397 in
3648 2342 3847 2397 litteris

2248 2433 2451 2498 sacris;
2490 2432 2625 2489 alios
2655 2442 2837 2489 autem
2878 2436 3128 2507 proprios
3154 2436 3345 2492 modos
3392 2436 3446 2490 in
3486 2434 3694 2490 divinis
3730 2434 3844 2489 elo-

2248 2525 2391 2594 quiis
2416 2536 2537 2580 esse
2574 2525 2890 2593 declaravit,
2918 2542 3055 2598 quos
3078 2525 3423 2598 grammatici
3446 2525 3571 2581 sive
3592 2527 3845 2580 rhetora

2247 2615 2555 2672 nullatenus
2575 2617 2887 2690 attigerunt.
2928 2617 3195 2674 Dixerunt
3226 2618 3332 2673 hoc
3366 2615 3515 2687 apud
3542 2630 3650 2671 nos
3670 2625 3731 2671 et
3751 2614 3843 2671 ali

2248 2710 2546 2766 doctissimi
2578 2709 2785 2774 Patres,
2840 2710 2894 2764 id
2941 2718 3023 2766 est
3064 2709 3447 2781 Hieronymus,
3492 2709 3842 2773 Ambrosius.

2248 2799 2515 2868 Hilarius;
2564 2808 2626 2855 ut
2662 2814 3011 2872 nequaquam
3056 2814 3158 2856 nos
3201 2806 3633 2873 praesumptum
3686 2797 3845 2867 huius

2247 2891 2349 2957 rei,
2377 2894 2472 2948 sed
2503 2891 2784 2963 pedisequi
2820 2906 2943 2947 esse
2974 2891 3277 2947 videamur.
3308 2889 3420 2948 Sed
3442 2888 3841 2960 dicetaliqm‘s

2250 2982 2359 3040 Nec
2389 2992 2572 3056 partes
2614 2984 2743 3054 ipsa:
2785 2983 3247 3055 syllogismorum,
3286 2996 3392 3039 nec
3432 2981 3663 3038 nomina
3690 2983 3845 3037 sche-

2248 3086 2477 3142 matum,
2505 3090 2605 3131 nec
2627 3075 2889 3131 vocabula
2911 3074 3342 3146 disciplinarum,
3388 3086 3493 3128 nec
3523 3072 3635 3127 alia
3658 3071 3845 3143 huju-

2249 3169 2455 3226 cemodi
2488 3167 2756 3224 ullatenus
2784 3167 3135 3223 inveniuntur
3163 3165 3218 3220 in
3246 3163 3508 3235 psalmis?
3550 3162 3842 3218 Invenias-

2249 3269 2335 3317 tur
2358 3259 2515 3331 plane
2542 3260 2595 3314 in
2627 3259 2827 3314 virtute
2849 3272 3128 3323 sensuum,
3155 3271 3261 3313 non
3288 3255 3346 3309 in
3358 3253 3627 3310 eﬁatione
3650 3253 3845 3309 vel-bo.

2247 3366 2368 3407 rum
2393 3368 2407 3405 :
2438 3350 2520 3407 sic
2545 3349 2695 3406 enim
2722 3350 2848 3404 vina
2876 3349 2929 3404 in
2973 3346 3198 3413 vitibus,
3230 3358 3472 3401 messem
3514 3345 3575 3403 in
3602 3344 3841 3407 me,

2244 3440 2465 3499 frondes
2488 3443 2545 3498 in
2575 3440 2867 3507 radicibus,
2899 3438 3105 3496 fructus
3138 3439 3197 3494 in
3220 3438 3391 3493 ramis
3416 3434 3661 3502 arboris,
3700 3437 3841 3506 ipsas

2242 3546 2412 3588 nuces
2440 3529 2877 3601 contemplamur
2916 3531 2973 3585 in
3000 3528 3229 3585 nucleis.
3256 3526 3397 3582 Nam
3432 3534 3491 3582 et
3523 3526 3597 3581 de
3614 3524 3842 3595 μυθι-

2244 3625 2467 3681 dissima
2508 3625 2705 3695 abysso
2756 3630 2812 3680 et
2845 3621 3135 3679 deliciosus
3175 3620 3341 3692 piscis
3382 3620 3701 3693 attingitur.
3744 3618 3839 3690 qui

2245 3724 2426 3772 tamen
2448 3722 2575 3770 ante
2590 3710 2998 3785 conceptionem
3024 3709 3380 3785 [captionem]
3398 3725 3562 3767 suam
3584 3710 3843 3769 Ιιωιὴ

2242 3806 2412 3864 oculis
2445 3823 2554 3864 non
2577 3808 2813 3863 videtur.
2859 3806 3052 3862 Merito
3081 3820 3213 3877 ergo
3256 3819 3379 3861 esse
3409 3803 3679 3870 dicimus,
3718 3816 3841 3875 qui

2240 3901 2420 3957 inesse
2470 3898 2828 3956 nihilominus
2864 3898 3074 3954 virtute
3111 3898 3398 3954 sentimus.
3440 3894 3672 3952 Namet
3698 3897 3843 3967 Apo-

2239 3990 2410 4046 stolus
2426 3997 2576 4045 vetat
2604 4004 2707 4045 nos
2728 3988 2913 4045 seduci
2936 4002 3035 4060 per
3066 4000 3260 4042 vanam
3282 3985 3615 4057 sapiattiam
3643 3984 3839 4040 nul

2238 4082 2293 4155 (Ι
2322 4082 2447 4138 Cor.
2471 4098 2555 4151 m,
2594 4081 2719 4154 l8);
2746 4082 2855 4139 ista
2872 4096 3005 4138 vero
3022 4094 3130 4137 non
3152 4080 3387 4151 abnegat
3409 4078 3467 4134 in
3491 4076 3839 4134 litteris“

2237 4174 2455 4232 divinis.
3818 4190 3827 4203 '

2309 4267 2349 4340 -ι-
2370 4268 2448 4325 Ac
2469 4283 2565 4339 per
2608 4269 2711 4324 hoc
2740 4267 3194 4339 quandocunque,
3241 4266 3383 4322 sicut
3408 4263 3679 4330 diximus,
3708 4262 3836 4319 taB-

2236 4362 2340 4417 bus
2365 4361 2443 4415 uti
2484 4360 2783 4417 necessitas
2802 4358 3047 4431 impellit,
3096 4352 3357 4416 adversus
3379 4372 3478 4414 eos
3504 4356 3629 4413 sine
3666 4354 3835 4411 dubio

2237 4451 2350 4522 qui,
2374 4450 2661 4507 illudentes
2707 4449 3010 4506 sinceritati
3058 4458 3259 4506 nostra:
3303 4446 3469 4515 ﬁdei,
3521 4447 3608 4503 eis
3656 4440 3833 4502 inlsi

2234 4548 2463 4608 tument,
2504 4542 2767 4613 agendum
2799 4542 2886 4610 pie
2908 4539 3291 4611 humiliterque
3318 4554 3427 4595 non
3456 4537 3831 4610 improbatur,

2235 4648 2357 4690 cum
2402 4633 2649 4706 legamus
2691 4632 2879 4690 Mosen
2928 4634 3315 4706 prophetarum
3366 4631 3633 4688 eximiam
3678 4628 3829 4687 omﬂ

2233 4724 2612 4800 Egyptiorum
2663 4726 2929 4803 sapientia
2978 4727 3252 4784 eruditum
3306 4725 3445 4798 (Act.
3494 4742 3515 4781 ι
3542 4765 3559 4791 ,
3602 4725 3729 4796 2!),
3772 4731 3830 4780 et

2232 4816 2511 4874 Danielcm
2546 4833 2609 4874 ac
2638 4818 2815 4874 socios
2845 4817 2961 4889 ejus
3003 4833 3194 4875 omnes
3216 4816 3599 4875 Chaldaeorum
3636 4828 3827 4888 magal

2232 4916 2395 4980 atque
2419 4910 2697 4981 aruspices
2721 4910 3039 4967 eorumdem
3063 4908 3292 4966 scientia
3337 4906 3630 4979 decuplum
3665 4923 3829 4979 supe-

2233 5016 2383 5059 rasse
2411 4998 2573 5074 (Dan.
2600 5016 2655 5068 v,
2680 4996 2745 5057 lli
2773 5010 2828 5057 et
2857 4998 2967 5074 i5).
2998 4998 3118 5057 lam
3153 5017 3296 5057 nunc
3328 5000 3385 5056 in
3416 4998 3645 5056 nomine
3676 4996 3821 5073 [Dei]

2232 5100 2288 5151 et
2310 5090 2580 5166 adiutorio
2624 5093 2994 5165 labyrinthum
3028 5101 3243 5149 tuarum
3287 5093 3571 5149 haereseon
3596 5091 3817 5159 adituri,

2231 5187 2463 5261 gratiam
2490 5185 2605 5257 ejus
2632 5187 2748 5243 sine
2787 5201 2896 5263 quo
2916 5186 3051 5242 nihil
3075 5202 3281 5254 sumus,
3313 5186 3519 5242 scimus
3540 5194 3600 5241 et
3632 5200 3827 5257 possu-

2231 5295 2379 5345 mus,
2426 5280 2760 5341 invocemus.
2809 5287 2869 5334 ut
2900 5280 3015 5350 ipsa
3062 5278 3199 5336 duce
3244 5288 3364 5334 tuas
3411 5277 3823 5333 inextricabiles

2230 5387 2415 5427 moras
2461 5380 2745 5444 penetrare
2800 5387 3000 5443 easque
3054 5371 3319 5428 inoffenso
3360 5385 3551 5444 gressu
3584 5371 3822 5426 evadere

2230 5468 2525 5535 valeamus,
2557 5482 2895 5540 nequaquam
2934 5468 3008 5523 tui
3032 5466 3320 5538 quadruvii
3365 5463 3819 5521 innodationibu

545 5550 674 5617 Haec
695 5553 1086 5611 mundanarum
1112 5557 1309 5614 artium
1339 5558 1523 5630 periti,
1562 5575 1699 5630 quos
1736 5568 1915 5617 tamen
1946 5563 2118 5621 multo
2227 5575 2292 5615 ac
2320 5559 2814 5630 depravatiouibus,
2838 5558 2933 5616 sed
2959 5558 3266 5615 auctoritati
3290 5566 3343 5615 et
3364 5556 3584 5613 veritati
3608 5552 3817 5612 medul-

544 5641 816 5712 postcrius
844 5644 913 5699 ab
954 5646 1176 5702 exordio
1205 5647 1510 5703 divinorum
1540 5648 1802 5705 librorum
1840 5652 2117 5712 exstitisse
2220 5650 2352 5709 litus
2376 5652 2689 5710 innitentes.

546 5725 890 5813 manifestum
916 5742 1020 5803 est,
1042 5735 1110 5793 ad
1131 5734 1477 5795 collectiones
1513 5748 1968 5813 argumentorum,
1995 5759 2117 5835 qua:

2295 5744 2465 5821 igitur
2494 5762 2593 5823 per
2641 5744 2919 5819 copiosam
2963 5743 3300 5817 praelationis
3330 5751 3438 5799 tua
3487 5741 3813 5818 disputatio-
