4064 6346
203 259 324 316 1021
1047 255 1134 312 DE
1173 213 1850 318 PREDESTINATIONE
1889 253 2162 310 CONTRA
2201 255 2256 312 ι.
2297 255 2600 314 SCO'I'UM.
3317 263 3458 320 1022

203 389 336 436 nem.
363 385 466 442 qua
491 383 680 426 veram
727 369 1122 440 philosophiam
1153 383 1346 446 veram.
1383 381 1504 422 esse
1554 365 1766 436 religio-
1793 368 1844 428 Α
1871 365 1992 419 vina
2039 365 2252 438 eloquia
2282 367 2462 424 nullus
2503 369 2718 438 ignorat
2761 383 2912 438 :quo
2953 369 3238 428 conﬁcitur
3285 371 3454 430 Deum

203 481 312 520 nem
341 461 610 526 veraciter
631 461 848 524 astrnis,
889 461 984 514 sed
1035 459 1411 513 inveniendam
1459 455 1768 528 disciplina-

199 551 310 610 rum
339 535 676 608 srecularium
701 551 1006 606 eruditione
1035 549 1302 605 fallaciter
1335 547 1592 610 afﬁrmas,
1643 563 1766 602 cum

199 661 314 702 vera
347 643 664 718 religio‘fide
685 653 738 699 ct
765 643 858 698 Dei
881 645 1076 716 gratia,
1107 661 1212 698 non
1235 643 1489 698 humanis
1511 635 1768 696 adinvenJ

199 721 424 794 tionibus
449 745 770 806 assequatur
793 745 952 806 atque
981 737 1332 808 approbctur;
1357 737 1512 806 ponis
1547 745 1768 790 senten-

201 833 320 886 tiam
345 829 728 896 Gottescalchi,
756 845 860 900 qua
889 827 1156 885 afﬁrmare
1193 837 1417 884 conetur
1443 829 1768 882 necessitate

197 923 672 994 prmdestinationis
699 931 808 976 tam
837 921 1006 976 bonos
1035 921 1100 974 ad
1125 921 1280 980 bona,
1313 935 1474 990 quam
1505 917 1676 972 malos
1699 917 1766 972 ad

199 1013 328 1068 mala
367 1011 750 1068 inevitabiliter
805 1009 1026 1082 impelli.
1077 1009 1192 1064 Hoc
1243 1019 1423 1063 utrum
1483 1009 1566 1064 vel
1599 1023 1768 1078 quare

197 1103 382 1158 dixerit
407 1103 522 1173 ipse
547 1103 766 1170 viderit,
792 1119 888 1158 nos
931 1103 1290 1158 destinatione
1341 1101 1436 1156 Dei
1467 1103 1534 1156 ad
1563 1099 1766 1170 aliquid

199 1197 510 1260 necessitate
535 1195 758 1265 impelli,
791 1193 872 1248 vel
899 1195 1060 1264 (sicut
1086 1209 1116 1248 a
1139 1193 1324 1248 multis
1368 1191 1584 1264 dicitur)
1629 1193 1766 1246 fala-

195 1285 312 1342 liter
333 1287 449 1358 cogi
473 1287 741 1342 neminem
769 1285 1038 1340 credimus
1066 1291 1118 1339 ct
1157 1283 1496 1350 confitemur,
1541 1283 1632 1338 sed
1649 1281 1766 1350 ejus

195 1377 523 1448 providentia
573 1377 922 1446 sempiterna,
973 1385 1028 1430 et
1069 1373 1594 1444 onmipoteutissima
1623 1389 1764 1444 pne-

197 1467 410 1524 scientia
441 1465 625 1520 omnia
649 1465 916 1530 ordinari,
947 1463 1178 1533 disponi,
1223 1463 1546 1534 dispensari,
1597 1463 1764 1518 desti—

197 1557 329 1620 nari,
355 1555 466 1626 regi
497 1571 558 1612 ac
585 1555 876 1626 gubernari
905 1555 1078 1610 modis
1113 1555 1308 1626 cuique
1337 1553 1588 1624 congruis
1619 1551 1766 1608 nullo

196 1649 346 1702 modo
371 1647 694 1712 dubitamus,
727 1647 938 1701 dicente
959 1649 1229 1702 veraciter
1255 1647 1320 1702 de
1347 1661 1412 1702 eo
1445 1645 1760 1714 Scriptura:

1871 457 2050 510 (pluuia
2089 458 2229 512 sicut
2271 473 2506 524 creasse,
2549 459 2622 512 ita
2657 473 2902 526 curasse,
2929 461 3238 534 ordinasse,
3267 463 3454 536 dispo-

1869 547 2060 624 suisse,
2099 547 2462 618 dispensassc,
2513 549 2834 616 destinasse,
2879 565 2974 604 seu
3013 551 3454 620 praedestinasse,

1869 657 1988 712 qtae
2027 643 2110 698 vel
2145 643 2291 710 fecit,
2329 645 2414 700 vel
2445 645 2688 700 facturus
2743 655 2846 710 est,
2867 645 3018 714 juxta
3051 645 3180 702 illud
3205 649 3298 718 qui
3331 649 3456 718 fecit

1869 749 1986 802 qum
2011 731 2192 802 futura
2241 743 2362 788 sunt
2405 733 2540 804 (Isa.
2573 751 2696 800 xcv,
2723 737 2808 802 Il,
2831 753 2934 790 sec.
2963 735 3158 806 LXX).
3185 737 3288 804 Qui
3309 737 3454 792 enim

1869 837 2061 876 OlllllC‘S
2083 831 2364 878 creaturas
2395 825 2550 880 initio
2585 825 2892 880 condidisse
2921 827 3184 892 creditur,
3215 827 3342 896 quid
3375 837 3460 884 est

1871 915 2011 984 quod
2030 915 2270 972 facturus
2300 925 2434 982 erat,
2477 919 2582 972 nisi
2617 919 2954 988 gubernatio,
2989 919 3368 990 multiplicatio
3393 936 3458 976 ac

1871 1003 2154 1072 dispositio
2183 1021 2364 1074 rerum
2393 1023 2528 1078 quas
2561 1009 2806 1064 fecerat?
2839 1009 2992 1066 Unde
3011 1021 3064 1066 ct
3089 1011 3142 1065 in
3171 1013 3462 1082 Evangelia

1871 1095 1986 1166 ipsa
2013 1099 2232 1152 Veritas
2255 1099 2492 1170 loquitur
2523 1101 2708 1156 dicens
2741 1119 2752 1154 :
2785 1099 2948 1156 Pater
2977 1119 3122 1156 meus
3152 1121 3314 1174 usque
3343 1121 3458 1160 nio-2

1869 1185 1936 1238 do
1961 1197 2224 1256 operatur,
2259 1199 2308 1242 et
2353 1205 2446 1260 ego
2473 1207 2676 1260 operor,
2707 1191 2820 1246 sive
2843 1189 2964 1258 fecit
2985 1207 3103 1260 qua:
3131 1191 3315 1260 futura
3335 1201 3458 1246 sunt

1873 1271 2054 1344 (Joan.
2095 1291 2148 1340 v,
2179 1275 2290 1344 l7),
2315 1279 2440 1348 quia
2469 1279 2520 1334 in
2551 1279 2890 1350 praescientia
2915 1295 3010 1334 sua
3039 1297 3166 1352 qua:
3199 1280 3312 1335 falli
3339 1297 3468 1336 ntu-

1875 1365 2086 1436 tariquc
2109 1367 2314 1436 nequit,
2355 1369 2778 1438 praedestinavit,
2805 1369 2934 1438 quid
2957 1369 3258 1426 forinsecus
3279 1373 3462 1442 operis

1869 1455 2181 1526 effecturus,
2209 1467 2264 1512 et
2287 1459 2354 1512 ad
2383 1475 2546 1528 quem
2573 1459 2734 1516 tinem
2755 1475 2892 1530 opus
2915 1461 3058 1530 quod
3085 1459 3290 1516 faceret
3313 1469 3462 1518 esset

1867 1549 2227 1618 perducturus
2273 1569 2286 1604 :
2333 1567 2452 1622 qua:
2497 1555 2742 1624 Operatio
2787 1554 2892 1608 nisi
2942 1553 3086 1608 illius
3137 1555 3462 1624 dispositio?

1871 1639 2022 1706 Quod
2053 1643 2388 1698 tantumdem
2429 1643 2608 1710 valet,
2653 1661 2754 1700 nec
2789 1645 2930 1700 aliud
2959 1661 3183 1716 prorsus
3209 1657 3356 1702 recte
3385 1645 3464 1700 in-

197 1737 330 1804 Quia
358 1737 566 1808 attingit
591 1755 622 1791 a
649 1737 753 1806 ﬁne
779 1753 938 1804 usque
966 1739 1034 1790 ad
1063 1737 1222 1806 ﬁnem
1259 1739 1482 1808 fortiter,
1512 1747 1560 1792 et
1593 1739 1770 1808 dispo-
1796 1735 1846 1796 Β
1875 1729 2154 1800 telligitur,
2181 1747 2344 1800 quam
2373 1733 2420 1788 si
2452 1735 2684 1802 dicatur,
2715 1737 3003 1808 destinatio
3031 1756 3044 1792 :
3079 1753 3142 1792 ac
3185 1737 3462 1806 praedesti-

197 1829 268 1884 πίε
291 1831 464 1884 omnia
485 1829 714 1884 suariter
737 1827 886 1900 (Sap.
919 1843 1038 1894 Vill,
1075 1829 1162 1896 i);
1199 1829 1394 1899 quibus
1427 1827 1608 1882 verbis
1647 1827 1768 1882 uni-

195 1935 342 1978 versa
377 1919 470 1976 Dei
499 1922 762 1990 sapientia
793 1919 1100 1992 prteveniri,
1131 1921 1342 1992 attingi,
1373 1915 1534 1990 atque
1561 1921 1771 1992 disponi

195 2011 426 2066 breviter
453 2009 970 2081 immutabilitcrque
1005 2009 1290 2078 delinitur;
1323 2027 1596 2080 nunquam
1627 2011 1772 2066 enim

195 2099 482 2172 attingeret
517 2111 680 2171 atque
709 2102 1038 2170 disponeret,
1089 2101 1192 2156 nisi
1243 2103 1562 2172 praeveniret
1591 2121 1604 2156 :
1631 2117 1770 2156 nun-

196 2205 352 2262 quam
383 2207 512 2246 vero
551 2191 896 2262 praeveniret,
945 2191 1050 2246 nisi
1087 2191 1449 2248 essentialiter
1489 2209 1554 2248 ac
1581 2193 1774 2264 sempi-

199 2291 344 2337 terne
365 2283 872 2352 omnipotenterque
897 2285 1202 2340 exsisteret.

261 2373 484 2430 Constat
513 2389 644 2448 ergo
675 2375 808 2430 nihil
847 2391 968 2432 esse
1011 2377 1114 2434 nisi
1149 2377 1462 2434 Creatorem
1485 2387 1541 2435 et
1561 2389 1744 2436 creatu

197 2479 330 2530 ram,
379 2463 697 2522 Creatorem
748 2483 778 2522 a
827 2467 994 2534 nullo,
1043 2479 1351 2525 creaturam
1407 2487 1438 2526 a
1491 2471 1768 2528 Creatore.

195 2555 504 2612 Creatorem
531 2557 650 2612 sine
693 2557 866 2622 initio,
899 2559 1256 2616 mutabilitate
1301 2569 1355 2613 ct
1381 2559 1486 2616 line
1513 2577 1526 2626 ;
1555 2573 1770 2616 creatu-

197 2663 310 2702 ram
335 2665 456 2706 cum
479 2651 634 2706 initio
655 2651 1108 2714 ctmutabilitatc,
1143 2653 1448 2724 partimque
1473 2669 1596 2706 cum
1627 2653 1730 2708 line
1755 2673 1767 2708 :

197 2741 470 2796 rationalis
519 2743 664 2798 enim
717 2753 966 2798 creatura
1022 2745 1338 2814 angelorum
1371 2753 1444 2806 et
1489 2745 1770 2800 hominum

195 2833 378 2902 ccepit,
423 2847 524 2888 nec
573 2833 804 2898 desinit;
849 2841 1042 2888 caetera
1085 2849 1216 2888 vero
1259 2833 1446 2890 usibus
1491 2833 1772 2888 hominum

193 2923 336 2978 facta
362 2931 524 2996 atque
553 2925 834 2990 attributa,
885 2923 1080 2994 partim
1109 2925 1382 2990 desinunt,
1425 2927 1622 2994 partim
1651 2941 1772 2996 per-

197 3023 452 3082 manent;
485 3031 586 3072 ncc
623 3025 802 3070 tamen
833 3015 1022 3070 eadem
1059 3016 1440 3086 permansione
1478 3015 1768 3072 aeternitati

1873 1821 2020 1876 natio
2051 1821 2303 1876 bifariam
2331 1824 2610 1892 dividitur,
2639 1827 2692 1880 in
2743 1829 2882 1882 bona
2909 1829 3160 1884 videlicet
3181 1837 3236 1886 et
3265 1829 3408 1884 mala
3435 1845 3452 1894 ;

1873 1911 1966 1968 sed
1993 1913 2128 1966 bona
2157 1929 2276 1982 quas
2305 1931 2412 1970 non
2443 1925 2566 1970 sunt
2591 1901 2695 1972 nisi
2725 1929 2948 1976 auctore
2975 1920 3115 1976 bono
3137 1927 3194 1974 et
3219 1935 3472 1986 summo,

1873 2001 1926 2056 id
1965 2011 2048 2058 est
2097 2005 2236 2072 Deo;
2271 2007 2408 2060 mala
2457 2007 2794 2076 nullatenus,
2829 2025 2892 2066 ca
2931 2027 3050 2080 quae
3097 2027 3204 2066 non
3231 2019 3456 2066 auctore

1873 2094 2002 2160 Deo,
2033 2095 2126 2150 sed
2157 2095 2432 2152 voluntate
2453 2107 2717 2156 creatura:
2745 2101 3030 2156 rationalis
3057 2117 3088 2156 a
3115 2117 3214 2158 suo
3237 2109 3460 2156 auctore

1871 2185 2102 2254 deflexa,
2151 2197 2312 2260 atque
2371 2189 2496 2248 inde
2547 2193 2820 2250 deteriora
2875 2189 3222 2266 eulpabiliter
3267 2209 3460 2252 aversa

1873 2277 2030 2334 ﬁunL

1943 2369 2176 2426 Proinde
2203 2371 2468 2428 bonorum
2499 2375 2740 2428 omnium
2787 2383 2976 2432 auctor
3011 2385 3100 2434 est
3137 2375 3316 2442 Deus;
3345 2390 3460 2430 ma-

1873 2461 2045 2516 lorum
2070 2473 2274 2526 autem,
2311 2463 2366 2518 id
2391 2473 2478 2520 est
2509 2465 2764 2522 vitiorum
2787 2476 2950 2538 atque
2977 2475 3322 2538 peccatorum
3369 2481 3460 2522 au-

1873 2565 1992 2610 ctor
2023 2557 2164 2610 Deus
2189 2571 2296 2610 non
2323 2553 2424 2620 est,
2483 2559 2576 2612 sed
2625 2559 2904 2628 prtescitor
2929 2559 3454 2630 providentissimus,

1875 2645 2218 2698 examinator
2245 2647 2698 2716 sapientissimus,
2741 2649 2904 2718 judex
2943 2651 3352 2720 potentissimus
3379 2659 3460 2704 at-

1875 2751 1978 2806 que
2003 2733 2366 2804 iustissimus;
2403 2752 2590 2792 eorum
2613 2753 2742 2810 ergo
2771 2739 3056 2806 malorum,
3091 2741 3144 2794 id
3179 2747 3262 2796 est
3285 2739 3456 2792 tribu-

1875 2827 2158 2890 lationum,
2191 2829 2562 2894 alliictionum,
2593 2839 2754 2898 atque
2781 2829 3182 2896 infirmitatem,
3209 2845 3302 2884 seu
3327 2845 3460 2898 qua-

1877 2921 2128 2974 rumiibet
2157 2935 2436 2989 poenarum
2465 2937 2600 2990 quas
2655 2919 2738 2976 vel
2787 2923 2842 2976 in
2878 2923 2976 2976 hac
3011 2922 3226 2978 interim
3254 2921 3382 2986 vita,
3407 2931 3462 2976 et

1869 3009 2031 3080 justis
2059 3019 2115 3064 at
2149 3011 2364 3082 injustis
2397 3011 2605 3064 mixtim
2649 3011 2844 3082 ingerit
2875 3029 2888 3066 :
2925 3013 3032 3066 illic
3061 3021 3264 3078 autem,
3293 3013 3346 3068 id
3377 3021 3462 3068 est

193 3115 544 3178 εοωριιειηιωη
585 3107 856 3174 Auctoris,
897 3109 962 3164 de
1007 3109 1202 3180 quibus
1243 3124 1386 3165 nunc
1425 3109 1642 3178 longum
1689 3115 1772 3164 est;
1799 3107 1844 3172 ο
1877 3101 1930 3156 in
1955 3103 2225 3172 gcltenna,
2275 3103 2402 3158 solis
2433 3103 2613 3174 impiis
2648 3105 2830 3160 divina
2862 3105 3089 3176 :equitas
3107 3103 3254 3174 juste
3293 3107 3460 3160 meri-

191 3199 486 3272 disputarc.
523 3199 656 3255 Cum
684 3217 812 3272 ergo
857 3209 1068 3256 constet
1113 3201 1246 3256 nihil
1291 3199 1434 3256 aliud
1465 3217 1582 3256 esse
1611 3216 1771 3270 quam

191 3291 502 3347 Creatorem
531 3301 588 3346 et
635 3299 962 3358 creaturam,
997 3293 1349 3361 eamdemque
1379 3307 1484 3346 non
1517 3307 1546 3346 a
1597 3293 1774 3362 seipsa

189 3383 288 3438 sed
347 3397 378 3436 a
431 3381 692 3440 Creatore
757 3383 1050 3438 exsistendi
1099 3383 1394 3454 sumpsisse
1429 3383 1772 3454 principium,

191 3473 548 3532 nihilominus
581 3475 650 3530 ad
677 3475 988 3532 Creatorem
1027 3477 1288 3546 pertinuit
1315 3477 1776 3546 disposuisse,or-

187 3567 484 3634 dinavisse,
513 3567 814 3624 destinasse
839 3585 904 3624 ac
939 3567 1352 3638 prtedcstinasse
1383 3571 1524 3640 quod
1551 3569 1771 3636 fecerat;

189 3661 644 3730 quemadmodum
679 3659 882 3716 dictum
931 3669 1034 3726 est,
1065 3661 1208 3730 quod
1251 3661 1470 3732 attingat
1497 3677 1532 3713 α
1561 3661 1666 3730 ﬁne
1695 3677 1778 3714 us-

185 3767 290 3820 que
316 3751 386 3806 ad
421 3751 580 3822 linem
623 3751 852 3822 fortiter,
887 3761 936 3808 et
969 3753 1212 3824 disponat
1245 3755 1422 3808 omnia
1443 3753 1714 3807 suaviter:
1743 3767 1774 3806 a

187 3841 300 3896 line
327 3841 576 3898 videlicet
615 3841 902 3898 invisibilis
937 3851 1100 3912 atque
1133 3843 1466 3914 incorporea:
1485 3851 1774 3908 creaturae,

185 3945 368 4002 usque
411 3933 478 3988 ad
523 3933 686 3990 finem
723 3933 952 3990 visibilis
987 3949 1370 4005 corporeisque
1397 3943 1696 4000 creaturae;
1723 3935 1776 3990 id

183 4031 296 4090 est,
331 4023 400 4078 ab
425 4037 494 4080 eo
517 4025 660 4094 quod
699 4025 754 4080 in
793 4025 1060 4080 creaturis
1103 4025 1354 4080 omnibus
1389 4041 1660 4082 summum
1687 4031 1776 4080 est

183 4131 366 4186 usque
415 4117 484 4174 ad
537 4117 590 4174 id
647 4117 792 4190 quod
837 4119 890 4174 in
933 4119 1200 4174 creaturis
1241 4119 1494 4174 omnibus
1531 4119 1778 4174 infimum

183 4219 320 4274 est;
367 4211 512 4280 quod
543 4209 590 4266 si
633 4217 864 4278 negatur
889 4247 904 4276 ,
953 4217 1048 4264 aut
1111 4211 1324 4266 invidus
1367 4209 1544 4280 (quod
1605 4207 1778 4280 absit)

189 4309 290 4354 aut
341 4299 612 4370 impotens
661 4299 806 4354 Deus
861 4299 1142 4354 asseritur.
1199 4300 1334 4366 Quia
1385 4297 1434 4352 si
1479 4311 1586 4354 non
1633 4297 1780 4352 ordi-

185 4393 368 4458 navit,
399 4393 686 4464 disposuit,
737 4395 1091 4464 dispensavit,
1135 4394 1456 4458 destinavit,
1493 4393 1608 4448 sive
1641 4405 1780 4464 pra!-

1881 3205 2040 3264 toque
2071 3197 2336 3250 retribuit.
2391 3197 2594 3252 Auctor
2633 3197 2830 3254 dicitur
2880 3200 3040 3264 Deus,
3091 3201 3302 3256 dicente
3337 3217 3462 3270 pro-

1879 3287 2038 3356 pheta
2069 3307 2080 3341 :
2108 3287 2168 3342 Si
2203 3297 2276 3342 est
2311 3289 2504 3344 nialum
2549 3289 2602 3344 in
2637 3291 2858 3356 civitate,
2893 3293 3032 3364 quod
3061 3291 3318 3346 Dominus
3357 3309 3462 3348 non

1879 3379 2000 3448 fecit
2023 3379 2200 3450 (Amos
2227 3395 2307 3446 ιιι,
2329 3381 2383 3454 6)
2407 3399 2420 3446 ;
2445 3391 2498 3436 et
2523 3383 2716 3438 iterum
2743 3385 2854 3456 ipse
2873 3385 3130 3442 Dominus
3149 3401 3248 3456 per
3267 3385 3460 3440 Isaiam

1879 3469 2152 3525 inducitur
2173 3471 2394 3526 dicens:
2435 3471 2662 3528 Faciens
2705 3475 2920 3542 bonum,
2946 3485 2992 3530 et
3018 3493 3200 3532 creans
3229 3477 3460 3540 malum;

1861 3563 2111 3640 formans
2135 3571 2302 3626 lucent
2337 3581 2382 3626 et
2431 3591 2612 3628 creans
2661 3575 2898 3630 tenebras
2929 3593 2944 3628 :
2977 3591 3070 3646 ego
3101 3567 3358 3628 Dominus
3383 3575 3464 3642 fa-

1877 3661 2018 3716 ciens
2063 3665 2236 3718 onmia
2264 3665 2374 3718 Ita'c
2403 3663 2538 3736 (Isa.
2565 3683 2688 3732 xcv,
2721 3667 2796 3736 7).
2839 3667 2972 3720 Item
3009 3667 3154 3722 idem
3201 3667 3258 3722 in
3287 3667 3464 3722 Evan-

1879 3751 2016 3822 gelio
2043 3755 2312 3810 dicturum
2350 3771 2408 3812 se
2443 3757 2623 3828 impiis
2651 3757 2706 3812 in
2731 3755 2934 3826 judicio
2965 3767 3214 3814 testatur.
3243 3757 3346 3824 Ite,
3375 3760 3460 3814 in-

1879 3845 2092 3915 quiens,
2119 3847 2172 3900 in
2198 3849 2366 3918 ignem
2413 3859 2689 3916 retentum,
2719 3851 2808 3920 qui
2827 3859 3044 3920 paratus
3065 3859 3140 3904 est
3177 3851 3384 3904 diabolo
3411 3859 3460 3906 et

1884 3937 2082 4008 angelis
2105 3939 2218 4008 ejus
2247 3939 2466 4012 (Matth.
2499 3957 2628 4008 xxv,
2660 3941 2776 4014 41).
2807 3941 2946 4010 Quid
2975 3949 3058 3998 est
3089 3943 3232 4012 quod
3255 3943 3334 3998 ait
3367 3961 3462 4014 pa-

1883 4041 2048 4098 ratas,
2095 4033 2196 4088 nisi
2231 4045 2446 4092 creatus
2487 4047 2650 4106 atque
2687 4039 3028 4094 destinatus?
3069 4039 3242 4110 Aquo
3269 4049 3452 4096 autem

1881 4131 2114 4188 creatus,
2149 4125 2252 4180 nisi
2285 4127 2350 4180 ab
2381 4127 2472 4184 illo
2497 4129 2590 4198 qui
2619 4145 2714 4200 per
2743 4131 3062 4200 prophetam
3091 4131 3302 4188 dixerat
3339 4147 3462 4190 sese

1881 4232 2082 4272 creasse
2133 4215 2330 4270 malum
2380 4227 2428 4272 et
2472 4218 2748 4273 tenebras?
2795 4219 2876 4272 Ab
2923 4221 3044 4290 ipso
3091 4221 3464 4278 indubitanter

1881 4307 2048 4363 etiam
2087 4307 2392 4360 destinatus
2431 4307 2610 4378 impiis
2659 4309 2878 4374 dicitur,
2913 4317 3146 4366 testante
3173 4311 3314 4366 Isaia
3339 4325 3466 4380 pro-

1882 4399 2044 4470 pheta
2073 4417 2086 4452 :
2123 4395 2322 4452 Parata
2344 4409 2418 4454 est
2439 4399 2578 4454 enim
2605 4401 2668 4454 ab
2697 4401 2808 4454 lteri
2833 4418 2864 4454 a
2893 4417 3010 4472 rege
3033 4399 3286 4472 Tophetlt,
3307 4419 3466 4474 para-

181 4485 490 4540 destinavit
511 4487 656 4555 quod
681 4485 828 4552 fecit,
851 4485 1124 4556 colligitur
1139 4493 1198 4538 ut
1224 4485 1526 4540 nullatenus
1557 4465 1858 4542 facturae-D
1883 4465 1936 4546 ia
1980 4501 2027 4546 et
2060 4489 2286 4544 dilatata
2331 4489 2464 4562 (Isa.
2509 4505 2638 4556 xxx,
2667 4493 2780 4560 55),
2815 4493 2905 4548 ubi
2943 4465 2996 4548 et
3046 4465 3374 4552 creationem
3407 4501 3464 4550 et

181 4595 308 4634 sate
341 4595 528 4636 curam
559 4581 826 4636 habuerit.
873 4581 1070 4638 Habuit
1123 4591 1302 4637 autem
1345 4595 1532 4636 curam
1561 4591 1778 4640 creatu-

179 4687 382 4726 rarum
403 4687 538 4742 quas
567 4671 716 4734 fecit,
745 4673 872 4742 quia
903 4675 970 4730 de
995 4689 1060 4730 eo
1095 4689 1260 4730 verax
1289 4673 1574 4746 Scriptura
1601 4675 1776 4732 conti-

181 4769 344 4816 tetur
355 4763 622 4819 dicendo:
649 4763 748 4818 Cui
767 4781 894 4820 cura
917 4777 990 4820 est
1015 4765 1082 4820 de
1103 4767 1340 4820 omnibus
1363 4765 1512 4840 (Sap.
1543 4783 1640 4832 xu,
1667 4767 1776 4840 l5);

177 4863 238 4912 et
255 4853 334 4910 ad
357 4871 520 4926 quem
537 4855 806 4926 Propheta
837 4857 1102 4928 loquitur:
1121 4857 1472 4914 Ordinatione
1495 4869 1586 4914 tua
1607 4875 1782 4930 perse-

177 4957 340 5002 uerat
351 4947 484 5016 dies,
497 4949 746 5019 quoniam
761 4951 940 5004 omnia
960 4951 1188 5005 serviunt
1213 4951 1306 5004 tibi
1323 4949 1440 5022 (Ps.
1457 4965 1649 5016 cxvnt,
1665 4951 1724 5006 9i
1737 4951 1778 5022 );

179 5039 258 5094 Et
281 5039 376 5094 cui
399 5039 454 5094 in
481 5041 736 5110 precibus
761 5049 979 5098 orantes
1001 5043 1270 5098 dicimus:
1295 5041 1458 5109 Deus,
1486 5043 1638 5113 cujus
1663 5059 1784 5114 pro-

177 5129 432 5184 ﬁdentia
453 5131 512 5186 in
543 5133 628 5184 sui
671 5133 1012 5202 dispositione
1059 5149 1162 5188 non
1209 5131 1436 5202 fallitur.
1493 5131 1560 5188 Et
1587 5133 1680 5202 qui
1726 5133 1782 5188 in

181 5221 496 5292 Evangelia
531 5221 770 5292 loquitur
807 5241 820 5278 ε
867 5223 1056 5278 Nonne
1109 5225 1212 5279 duo
1259 5241 1494 5296 passeres
1537 5239 1654 5280 asse
1699 5243 1784 5280 ve-

177 5325 386 5378 neunt,
427 5323 476 5368 et
509 5315 856 5370 unusexillis
895 5333 998 5370 non
1029 5317 1172 5370 cadit
1219 5333 1378 5388 super
1423 5327 1616 5372 terram
1670 5319 1784 5372 sine

181 5401 368 5458 Patre
389 5405 831 5476 vestro?(Matth.
851 5423 906 5472 x,
939 5407 1056 5478 99.)
1083 5407 1148 5462 Et
1185 5423 1398 5462 rursum
1429 5427 1440 5462 :
1474 5407 1536 5464 Si
1557 5425 1676 5480 ergo
1710 5409 1786 5478 {e-

179 5511 330 5548 num
361 5497 504 5566 quod
549 5497 704 5552 hodie
741 5497 796 5550 in
837 5513 964 5568 agro
1013 5507 1108 5564 est,
1159 5509 1206 5552 et
1253 5517 1372 5554 cras
1419 5502 1474 5554 in
1523 5501 1786 5554 clibanum

177 5587 466 5652 mittitur,
523 5587 662 5642 Deus
681 5589 758 5642 sic
803 5591 970 5654 vestit,
1003 5601 1202 5660 quanto
1241 5593 1406 5660 magis
1445 5609 1530 5646 vos
1561 5593 1790 5646 minimae

177 5679 602 5756 ﬁdei.’(Matth.
633 5697 706 5750 vt,
729 5681 818 5754 '50)
851 5691 908 5738 et
933 5689 1144 5752 caetera,
1173 5683 1370 5758 quibus
1399 5684 1674 5744 abundare
1701 5687 1788 5744 di-

1881 4583 2296 4640 destinationcm
2335 4583 2472 4654 ignis
2527 4585 2788 4654 gehenna:
2819 4601 2850 4640 a
2895 4586 3004 4642 Deo
3053 4587 3252 4644 factam
3301 4595 3466 4656 atque

1881 4675 2184 4730 ordinatam
2211 4681 2464 4742 patenter
2491 4673 2724 4728 intimat.
2751 4675 2980 4748 Topltetit
3001 4679 3146 4734 enim
3161 4679 3464 4748 gehennam

1883 4763 2034 4828 dicit,
2059 4763 2122 4816 ab
2149 4762 2260 4816 heri
2279 4771 2460 4816 autem
2489 4761 2558 4816 ab
2585 4763 2762 4832 initio,
2785 4783 2816 4818 a
2835 4783 2952 4838 rege
2963 4783 3094 4822 vero
3115 4766 3466 4820 nihilominus

1883 4853 1952 4908 ab
1983 4853 2336 4926 omnipotenti
2365 4853 2504 4918 Deo,
2545 4855 2686 4910 sicut
2719 4867 2938 4914 sanctus
2979 4857 3336 4927 Hieronymus
3371 4871 3468 4910 ex-

1885 4945 2062 5020 ponit,
2092 4943 2430 5016 intelligitur.
2457 4943 2594 5000 Cum
2623 4947 2790 5018 igitur
2815 4949 3008 5004 borum
3035 4947 3298 5002 malorum
3325 4945 3466 5002 Deus

1887 5037 2090 5118 absque
2117 5035 2546 5118 contradictione
2591 5039 2804 5094 dicatur
2848 5049 3057 5106 auctor,
3089 5039 3370 5096 ordinator
3391 5045 3470 5092 at-

1879 5111 1991 5198 que
2021 5127 2334 5198 dispositor,
2357 5111 2508 5198 quid,
2539 5145 2722 5200 quaeso
2761 5137 2835 5194 te,
2879 5129 3034 5186 obest
3059 5128 3274 5184 veritati
3305 5129 3352 5184 si
3387 5129 3468 5182 di-

1885 5229 2042 5277 catur
2070 5219 2232 5276 etiam
2261 5219 2560 5276 destinatur
2597 5237 2662 5278 ac
2691 5221 3102 5292 prmdestinator
3125 5239 3140 5276 :
3165 5235 3288 5276 cum
3331 5219 3468 5276 nihil

1889 5313 2032 5366 aliud
2063 5313 2334 5366 destinare
2371 5319 2426 5366 et
2463 5313 2882 5382 praedestinare,
2923 5327 3090 5382 quam
3133 5311 3386 5366 ordinare
3413 5319 3470 5366 et

1889 5407 2278 5478 praeordinare,
2301 5407 2588 5476 disponere
2613 5405 2696 5460 vel
2727 5413 2852 5460 ante
2873 5407 3176 5476 disponere,
3201 5421 3296 5460 seu
3321 5403 3468 5460 aliud

1889 5501 2018 5572 quid
2061 5501 2254 5564 simile,
2323 5517 2354 5554 a
2395 5501 2544 5554 sanis
2599 5499 2868 5554 mentibus
2907 5499 3286 5568 intelligatur;
3343 5497 3470 5554 hinc

1891 5595 2216 5664 Augustinus
2247 5593 2300 5644 in
2331 5591 2470 5646 libro
2495 5591 2668 5660 primo
2695 5589 2760 5644 de
2787 5589 2982 5646 Libero
3003 5591 3266 5646 Arbitrio.

1961 5683 2290 5758 AuguStinus
2317 5681 2402 5754 (de
2421 5679 2540 5738 Lib.
2569 5681 2798 5750 'Arbitr.,
2825 5683 2882 5738 in
2901 5681 3096 5756 princ.)
3123 5699 3136 5738 :
3171 5681 3292 5760 [Dic
3313 5681 3468 5754 mihi.

3519 451 3546 466 ιη
