4064 6346
48 5639 52 5674 !

48 5867 62 5970 ἢ

48 5977 64 6060 ι

525 241 666 318 4023
1375 211 1404 259 ·’
1538 237 1593 293 s.
1636 227 2007 293 PRUDENTII
2047 231 2428 289 TRECENSIS
2473 222 2778 288 Episcopi
3662 230 3807 287 mu

522 368 706 423 quaeso
748 359 821 418 te,
853 358 1036 407 utrum
1067 349 1212 405 Deus
1249 363 1354 404 non
1398 348 1467 402 sit
1497 355 1687 402 auctor
1721 345 1887 401 mali?
1916 343 2102 400 Dicam
2127 346 2261 409 Aet
2307 341 2625 414 supplicium
2696 341 3006 398 nominatur
3057 359 3070 395 :
3126 342 3172 397 si
3226 351 3407 398 autem
3467 340 3674 414 iniusta
3725 353 3809 399 est

521 447 567 502 si
595 445 812 520 planum
835 443 1032 500 feceris
1053 445 1119 499 de
1148 457 1256 514 quo
1293 441 1434 496 malo
1455 455 1665 511 qureras
1691 457 1704 507 ;
1731 440 1937 496 duobus
1956 441 2101 495 enim

519 537 697 594 modis
741 535 1014 607 appellare
1065 534 1264 590 malum
1315 532 1550 589 solemus
1583 551 1595 586 :
1631 549 1740 588 uno
1793 548 1915 588 cum
1963 531 2105 587 male

521 642 791 698 quemque
812 625 1004 682 fecisse
1043 625 1288 688 dicimus,
1319 623 1426 678 alio
1447 639 1570 679 cum
1603 623 1727 678 mali
1755 623 1955 692 aliquid
1982 638 2105 679 esse

521 733 859 790 perpessum.
894 717 967 772 De
997 723 1224 784 utroque
1245 715 1387 769 scire
1419 715 1598 784 cupio.
1632 715 1700 768 At
1734 715 1779 770 si
1812 715 1980 769 Deum
2009 715 2105 768 ho-

521 823 648 862 num
673 823 794 862 esse
819 807 958 861 nosti
980 805 1063 860 vel
1093 805 1268 860 credis
1291 805 1489 876 (neque
1515 805 1658 859 enim
1694 802 1851 859 aliter
1871 804 1952 858 fas
1971 801 2101 874 est),

521 898 661 953 male
713 913 818 952 non
875 895 1023 950 facit.
1059 895 1274 950 Rursus
1324 896 1368 950 si
1416 897 1583 950 Deum
1622 895 1826 966 justum
1873 894 2108 949 fatemur

519 988 668 1062 (nam
693 995 748 1042 et
774 987 876 1041 hoc
915 1002 1112 1057 negare
1157 983 1476 1055 sacrilegum
1506 987 1631 1054 est),
1667 994 1725 1039 ut
1769 985 1924 1040 bonis
1960 1000 2104 1055 prae-

519 1080 652 1143 mia,
681 1078 751 1133 ita
775 1078 1033 1148 supplicia
1058 1077 1213 1133 malis
1237 1077 1424 1132 tribuit
1453 1093 1467 1130 :
1498 1093 1618 1147 qua:
1637 1077 1824 1147 utique
1846 1075 2103 1146 supplicia

518 1168 850 1239 patientibus
883 1167 1022 1222 mala
1051 1177 1216 1233 sunt;
1250 1162 1602 1238 quamobrem
1645 1168 1691 1222 si
1724 1182 1880 1221 nemo
1909 1165 2108 1234 injuste

516 1273 707 1328 poenas
731 1259 848 1324 luit,
883 1260 1025 1329 quod
1053 1274 1274 1315 necesse
1307 1267 1391 1315 est
1419 1260 1726 1324 credamus,
1772 1257 2108 1327 quandoqui-

517 1351 640 1406 dem
670 1352 848 1408 divina
875 1353 1210 1423 providentia
1255 1353 1386 1426 hoc.
1411 1353 1722 1407 universum
1769 1352 1879 1423 regi
1929 1350 2108 1406 credi—

519 1454 676 1505 mus;
704 1441 845 1496 illius
873 1442 1032 1512 primi
1058 1441 1270 1514 generis
1309 1441 1578 1496 malorum
1609 1441 1753 1496 nullo
1776 1441 1955 1508 modo,
2003 1441 2108 1495 hu-

513 1528 602 1601 jus
629 1541 808 1586 autem
834 1531 1052 1586 secundi
1089 1540 1277 1586 auctor
1304 1539 1388 1586 est
1423 1529 1612 1602 Deus.]

591 1621 630 1690 1-
651 1620 802 1686 Quod
839 1629 1018 1676 autem
1050 1622 1318 1684 ordinare,
1348 1621 1432 1677 vel
1467 1621 1857 1691 pmordinare,
1887 1635 1985 1690 pro
2038 1634 2105 1674 eo

2204 449 2386 509 paena,
2414 437 2694 508 quoniam-
2721 450 2936 506 poenam
2965 450 3089 491 esse
3133 451 3293 491 nemo
3318 435 3570 508 ambigit,
3603 435 3809 506 injuste

2205 529 2387 600 aliquo
2433 529 2745 584 dominante
2803 526 3008 582 homini
3057 527 3308 596 imposita
3334 535 3442 582 est.
3472 525 3649 582 Porro
3677 526 3806 596 quia

2205 623 2272 678 de
2323 622 2722 693 omnipotentia.
2743 621 2839 676 Dei
2891 630 2947 677 et
2979 620 3194 692 justitia
3225 620 3479 676 dubitare
3529 620 3838 708 dementis.

2203 728 2307 782 est,
2334 717 2480 787 justa
2528 717 2644 770 haec
2672 730 2834 786 pinna
2880 722 2986 779 est,
3030 723 3087 768 et
3127 728 3226 784 pro
3270 721 3498 784 peccato
3543 714 3809 783 penditur

2207 808 2408 876 aliquo.
2441 805 2559 861 Non
2583 805 2729 862 enim
2777 805 3062 876 quisquam
3107 804 3343 874 injustus
3371 805 3688 861 dominator
3717 812 3811 858 aut

2207 898 2487 967 subripere
2526 895 2802 953 hominem
2833 896 3030 972 potuit,
3054 895 3203 950 velut
3234 897 3526 968 ignorante
3553 896 3690 960 Deo,
3715 905 3810 950 aut

2207 997 2531 1057 extorquere
2564 987 2753 1050 invito,
2783 993 3042 1056 tanquam
3070 986 3396 1052 invalidiori,
3426 987 3514 1041 vel
3553 985 3811 1040 terrendo

2207 1078 2292 1135 vel
2318 1077 2677 1150 confligendo,
2706 1085 2767 1133 ut
2793 1077 3068 1133 hominem
3093 1078 3288 1149 injusta
3311 1093 3476 1149 paena
3503 1078 3806 1132 cruciaret.

2209 1173 2552 1245 Relinquitur
2586 1189 2717 1245 ergo
2745 1182 2804 1228 ut
2843 1173 2960 1228 haec
2985 1173 3132 1242 justa
3173 1187 3331 1244 poma
3358 1173 3424 1227 de
3454 1171 3812 1229 damnatione

2209 1266 2446 1321 hominis
2471 1266 2668 1320 veniat.
2720 1264 2832 1320 Nec
2867 1265 3172 1320 mirandum
3203 1264 3458 1336 estquod
3508 1263 3602 1318 vel
3653 1264 3810 1333 igne.

2209 1360 2379 1414 rando
2405 1375 2514 1414 non
2548 1359 2745 1414 habeat
2793 1357 3024 1414 liberum
3067 1358 3350 1413 arbitrium
3397 1355 3707 1410 voluntatis
3744 1355 3812 1410 ad

2206 1449 2512 1520 eligendum
2557 1450 2685 1522 quid
2723 1459 2873 1505 recte
2905 1448 3091 1514 faciat,
3134 1448 3218 1505 vel
3248 1448 3540 1504 resistente
3596 1445 3808 1500 carnali

2205 1541 2616 1607 consuetudine,
2665 1556 2788 1612 quae
2837 1541 3096 1596 violentia
3145 1540 3390 1595 mortalis
3436 1540 3810 1596 successionis

2207 1633 2604 1703 quodammodo
2631 1631 2952 1688 naturaliter
2993 1632 3233 1695 inolevit,
3263 1632 3446 1686 videat
3488 1632 3623 1701 quid
3660 1640 3809 1686 recte

519 1713 662 1780 quod
689 1720 772 1768 est
799 1712 1092 1778 destinare,
1128 1713 1212 1770 vel
1237 1712 1626 1785 praedestinare
1665 1722 1918 1783 ponatur,
1965 1713 2103 1768 liber
2129 1706 2178 1767 Β
2208 1723 2509 1777 faciendum
2533 1723 2624 1787 sit,
2655 1733 2712 1778 ei
2736 1722 2886 1788 velit,
2918 1737 3020 1777 nec
3063 1722 3235 1792 possit
3283 1721 3552 1790 implere;
3609 1719 3701 1774 illa
3727 1729 3810 1775 est

517 1801 748 1856 Actuum
800 1803 1165 1872 apostolorum
1211 1804 1436 1869 indicat,
1483 1804 1694 1860 dicente
1738 1805 1897 1859 beato
1952 1803 2098 1858 Luca

521 1897 855 1966 evangelista
888 1897 1152 1969 scriptore
1174 1898 1406 1954 Actuum
1447 1901 1758 1954 eorumdem
1786 1914 1800 1953 :
1839 1898 1906 1954 Et
1931 1900 2102 1968 credi-

519 1989 709 2044 derunt
742 2000 990 2062 quotquot
1016 2003 1162 2046 erant
1186 1993 1531 2062 prwordinati
1562 1993 1615 2047 in
1659 1994 1815 2047 vitam
1856 2004 2104 2048 (sternam

521 2079 661 2149 (Act.
684 2097 806 2146 xm,
837 2082 949 2153 58).
991 2083 1143 2150 Quod
1172 2083 1304 2137 nihil
1343 2083 1542 2138 rectius
1575 2083 1908 2155 intelligitur,
1942 2099 2105 2152 quam

517 2176 868 2244 praedestinat
891 2178 944 2234 in
973 2179 1138 2234 vitam
1185 2188 1466 2246 aeternam,
1516 2188 1572 2235 et
1612 2180 1754 2250 quod
1793 2181 2103 2243 destinatio,

519 2267 605 2321 vel
663 2269 1090 2340 praedestinatio,
1139 2269 1236 2326 Dei
1291 2271 1574 2340 dispositio
1625 2271 1818 2327 debeat
1881 2271 2104 2342 intelligi

524 2368 746 2415 sanctus
773 2361 998 2416 antistes
1026 2359 1340 2432 Fulgentius
1373 2362 1428 2416 in
1459 2361 1596 2416 libro
1641 2362 1706 2418 de
1748 2361 2108 2418 Przedestina-

530 2449 677 2504 tione
708 2452 773 2505 ad
795 2451 1090 2507 Monimum
1131 2452 1388 2509 declarat.

558 2539 906 2610 -Fulgentius
933 2544 1019 2615 (de
1048 2541 1331 2613 Prwdest.,
1383 2564 1500 2618 cap.
1541 2547 1690 2619 xxvn)
1733 2566 1745 2602 :
1797 2548 1853 2603 In
1905 2548 2108 2604 sanctis

522 2631 704 2702 igitur,
744 2634 994 2704 inquiens
1015 2676 1030 2701 ,
1074 2630 1414 2706 perfecturus
1454 2646 1536 2693 est
1569 2639 1849 2705 Dominus,
1882 2639 2024 2708 quod
2049 2648 2109 2694 ut

521 2731 700 2776 essent
745 2724 871 2778 boni
919 2725 1090 2796 gratis
1124 2727 1302 2793 dedit;
1337 2727 1482 2797 quod
1536 2736 1716 2782 autem
1753 2729 2002 2784 daturum
2049 2746 2109 2786 se

522 2816 826 2884 praescivit,
878 2817 931 2872 in
983 2828 1186 2874 aeterna
1232 2820 1490 2875 bonitatis
1552 2820 1908 2891 dispositione
1965 2839 2107 2894 prae-

523 2911 833 2967 destinavit.
879 2913 996 2984 lpsa
1054 2923 1139 2969 est
1185 2915 1328 2970 enim
1377 2914 1784 2985 przedestinatio
1804 2917 1924 2984 Dei,
1963 2903 2134 2973 sem?

522 3003 736 3074 piterna
769 3005 979 3060 scilicet
1004 3006 1287 3075 dispositio
1316 3007 1482 3062 futuri
1513 3009 1692 3078 operis
1724 3007 1866 3082 Dei.]

2207 1813 2350 1867 enim
2392 1813 2600 1882 peccati
2639 1826 2798 1882 poena
2832 1811 3132 1882 justissima
3176 1819 3234 1866 ut
3264 1812 3481 1866 amittat
3511 1811 3810 1880 unusquis-

2187 1917 2312 1972 que
2334 1901 2602 1972 quobene
2627 1901 2704 1954 uti
2739 1900 2932 1967 noluit,
2969 1916 3094 1958 cum
3141 1901 3261 1955 sine
3294 1900 3401 1955 ulla
3449 1908 3646 1970 posset
3677 1897 3812 1954 dini-

2206 1991 2428 2056 cultate,
2455 1989 2502 2045 si
2551 1989 2744 2057 vellet;
2793 1991 2844 2045 id
2875 1998 2959 2046 est
3016 2000 3198 2046 autem
3226 1999 3288 2046 ut
3313 1991 3404 2060 qui
3439 1991 3631 2045 sciens
3661 1999 3810 2045 recte

2208 2101 2314 2140 non
2347 2083 2494 2148 facit,
2513 2083 2730 2138 amittat
2757 2084 2901 2139 scire
2926 2084 3053 2154 quid
3085 2093 3290 2140 rectum
3314 2084 3386 2139 sit
3411 2097 3427 2137 :
3451 2092 3513 2138 et
3536 2084 3635 2152 qui
3664 2093 3810 2138 recte

2207 2177 2388 2232 facere
2417 2193 2538 2232 cum
2571 2185 2777 2247 posset,
2807 2176 3000 2242 noluit,
3030 2177 3244 2231 amittat
3280 2191 3466 2248 posse,
3496 2191 3630 2232 cum
3659 2177 3804 2232 velit.

2208 2267 2343 2323 Nam
2392 2276 2518 2323 sunt
2569 2283 2759 2323 revera
2809 2267 2955 2322 omni
3006 2268 3252 2338 peccanti
3301 2267 3501 2322 animm
3542 2268 3660 2322 duo
3709 2268 3809 2322 ista

2207 2358 2460 2430 poenalia,
2507 2357 2810 2428 ignorantia
2859 2365 2914 2414 et
2959 2357 3248 2414 difﬁcultas
3303 2374 3321 2414 :
3378 2372 3442 2414 ex
3495 2358 3809 2430 ignorantia

2209 2452 2533 2506 dehonestat
2575 2464 2748 2514 error,
2779 2465 2843 2505 ex
2894 2447 3210 2505 difficultate
3237 2449 3518 2506 cruciatus
3571 2447 3803 2518 aﬂligit;

2208 2538 2305 2595 sed
2355 2539 2656 2610 approbare
2701 2536 2838 2592 falsa
2872 2553 2972 2608 pro
2997 2538 3166 2602 veris,
3200 2547 3261 2592 ut
3303 2547 3450 2594 erret
3498 2538 3728 2601 invitus,
3755 2546 3810 2592 et

2209 2630 2498 2685 resistente
2526 2637 2691 2700 atque
2739 2637 3028 2699 torquente
3071 2629 3256 2684 dolore
3303 2628 3545 2684 carnalis
3581 2627 3806 2690 vinculi.

2209 2737 2315 2777 non
2345 2736 2505 2792 posse
2525 2737 2556 2776 a
2583 2719 2886 2776 libidinosis
2912 2718 3166 2790 operibus
3199 2727 3532 2790 temperare,
3583 2733 3694 2773 non
3715 2726 3800 2774 est

2211 2820 2404 2866 natura
2434 2809 2670 2866 instituti
2694 2809 2951 2875 hominis,
2978 2809 3073 2864 sed
3095 2823 3255 2879 paena
3277 2805 3574 2880 damnati.]

2839 2945 3066 3004 CAPUT
3103 2945 3170 3002 ll.

565 3107 574 3110 ·
593 3098 634 3164 -ι-
653 3095 785 3163 Quae
805 3059 1208 3164 praeordinatio,
1226 3099 1525 3170 dispositio,
1544 3059 1962 3167 destinatiojvel
1980 3119 2113 3174 prai-

2213 3085 2534 3157 Argumento
2559 3081 2880 3138 necessitatis
2911 3079 3179 3151 colligitur
3218 3079 3354 3136 duas
3377 3078 3810 3152 prcdestinatio-

525 3185 814 3242 destinatio
837 3188 933 3242 Dei
957 3191 1284 3258 certissima,
1301 3193 1680 3261 scientissima,
1702 3197 2108 3268 omnipotentis-

525 3277 687 3342 sima,
721 3279 924 3335 nullum
967 3281 1034 3335 ad
1073 3292 1354 3352 peccatum
1407 3285 1593 3357 adigit,
1638 3288 1843 3344 nullum
1895 3290 2108 3357 incitat,

527 3365 734 3422 nullum
770 3370 914 3441 cogit
951 3388 966 3425 :
1000 3373 1093 3427 sed
1144 3373 1446 3430 voluntarie
1474 3376 1529 3431 in
1576 3377 1805 3433 crimina
1846 3379 2111 3448 labentes,

529 3465 691 3528 atque
721 3459 776 3514 in
809 3461 890 3516 eis
918 3461 1342 3520 obstinatissime
1361 3467 1740 3536 perdurantes,
1769 3467 1917 3538 juste
1937 3471 2111 3540 punit,

523 3548 672 3620 juste
699 3551 1056 3636 condemnat;
1089 3569 1430 3628 nequaquam
1455 3559 1598 3613 enim
1616 3559 1885 3629 justitiam
1929 3575 2116 3617 serva-

527 3648 630 3708 ret,
662 3641 766 3698 nisi
797 3659 826 3697 a
855 3658 916 3698 se
943 3645 1245 3702 voluntaria
1286 3647 1584 3705 defectione
1609 3665 1829 3708 aversos
1870 3667 1934 3708 ac
1962 3667 2112 3708 rece-

527 3729 738 3799 dentes,
770 3749 945 3804 neque
970 3735 1076 3791 ulla
1103 3739 1458 3796 conversione
1481 3740 1548 3795 ad
1568 3755 1626 3795 se
1663 3741 1955 3797 redeuntes
1980 3757 2117 3813 prae-

527 3825 880 3894 varicatores,
931 3831 1140 3886 meritis
1185 3823 1374 3903 pinnis.
1413 3834 1705 3890 addiceret.
1752 3835 1889 3902 Quia
1935 3845 2116 3892 autem

525 3910 701 3982 justus
743 3925 846 3985 est,
885 3917 1150 3989 justitiam
1191 3932 1392 3991 servat,
1447 3933 1501 3980 et
1553 3925 1737 3981 tandiu
1783 3927 2119 3984 inexhausta:

531 4003 792 4064 bonitatis
847 4025 958 4066 suae
1022 4013 1288 4082 patientia
1331 4015 1503 4071 malos
1544 4016 1756 4083 tolerat,
1804 4017 2121 4076 muneribus

532 4094 716 4162 donat,
744 4101 983 4168 praemiis
1008 4102 1238 4170 invitat;
1272 4121 1374 4161 nec
1401 4115 1583 4164 tamen
1603 4107 1713 4164 ullo
1760 4116 1925 4166 tantm
1966 4111 2121 4167 beni-

533 4185 757 4255 gnitatis
777 4185 1133 4250 medicamine
1178 4195 1514 4263 molliuntur,
1548 4199 1679 4268 quin
1723 4201 1904 4271 potius
1945 4202 2117 4258 obdu-

539 4275 753 4332 ratione
798 4280 1162 4352 irrevocabili,
1216 4295 1271 4341 et
1314 4289 1702 4360 ingratitudine
1757 4291 2002 4349 horribili
2061 4294 2115 4349 in

2725 3190 2813 3230 nes
2837 3173 2954 3244 ﬁeri
2983 3190 3087 3229 non
3113 3189 3280 3244 posse.

2289 3307 2370 3364 Tu
2400 3322 2530 3364 vero
2575 3314 2740 3362 tanta:
2784 3304 3096 3362 auctoritati
3150 3305 3498 3377 impudenter
3554 3308 3806 3372 obviam,

2215 3401 2453 3457 secunda
2495 3399 2729 3456 fetarum
2771 3408 2990 3455 tuorum
3034 3397 3380 3454 exhalatione
3429 3401 3661 3456 conaris
3709 3402 3812 3456 tuis

2216 3491 2773 3564 argumentationibus
2800 3491 3034 3546 obruere
3062 3490 3370 3556 veritatem,
3409 3497 3469 3545 et
3521 3491 3677 3546 dicta
3693 3489 3812 3548 luce

2215 3583 2416 3640 clarius
2445 3583 2686 3654 patentia
2730 3581 3004 3638 nebulosis
3032 3581 3471 3639 conclusionibus
3496 3581 3811 3639 obfuscare.

2179 3729 2184 3734 .
2218 3674 2353 3730 Nam
2378 3689 2542 3745 agens
2570 3675 2832 3730 adversus
2853 3672 3321 3740 Gottescalchum,
3352 3679 3414 3728 ut
3440 3672 3520 3728 ita
3551 3673 3810 3740 dixerim,

2218 3765 2476 3842 inliciaris
2504 3765 2640 3822 duas
2678 3779 2800 3820 esse
2832 3765 3358 3834 prindestinationes,
3400 3780 3525 3836 qua:
3567 3781 3602 3821 a
3637 3765 3814 3821 Patri-

2217 3856 2425 3922 busin
2471 3870 2638 3910 unum
2685 3853 3004 3910 vocabulum
3052 3855 3389 3925 rediguntur,
3441 3863 3502 3909 ut
3555 3856 3816 3910 dicantur

2218 3948 2626 4019 pmdestinatio
2654 3946 2918 4002 bonorum
2965 3955 3021 4002 et
3063 3945 3468 4018 praadestiuatio
3513 3947 3813 4002 malorum.

2211 4036 2457 4110 {Sanctus
2477 4037 2622 4092 enim
2652 4036 2913 4102 Isidorus,
2956 4034 3294 4106 Hispalensis
3322 4035 3611 4106 episcopus
3633 4034 3814 4104 (Sent.

2221 4147 2338 4200 cap.
2372 4129 2524 4201 xxvi)
2572 4147 2585 4183 :
2644 4125 2894 4201 [Gemina
2941 4134 3059 4192 est,
3107 4115 3319 4198 inquit,
3351 4122 3814 4198 praedestinatum]

2223 4218 2396 4287 Quam
2425 4228 2482 4274 tu
2501 4218 2790 4274 occasione
2825 4214 3168 4272 necessitatis
3211 4214 3433 4279 evertis,
3477 4229 3607 4269 cum
3630 4213 3816 4268 nullus

2222 4311 2650 4368 orthodoxorum
2691 4308 3020 4366 necessitate
3075 4305 3574 4378 praedestinationis
3625 4319 3817 4376 quam

541 4365 656 4476 iui?
677 4367 993 4476 νοιυξηπίξε
1036 4374 1423 4476 ’ξηίίιυῖξθιίῦυε
1470 4392 1840 4476 Ρθτξθνεΐθηῑν
1880 4385 2130 4456 aequitati
2156 4406 2214 4468 Ῑ)
2233 4365 2488 4476 quam
2522 4401 2723 4472 aliquid
2744 4365 2832 4456 vel
2857 4399 3056 4455 bonum
3076 4365 3165 4454 vel
3196 4399 3396 4454 malum
3426 4365 3706 4469 compelli,
3732 4397 3815 4452 vel

536 4458 653 4528 ejus
681 4462 990 4521 omnimodo
1019 4467 1332 4537 dignissime
1367 4473 1646 4542 competit,
1676 4482 1737 4528 ut
1757 4490 1892 4544 quos
1919 4476 2121 4534 invicta

536 4549 750 4608 bonitas
762 4555 1069 4616 nullatenus
1094 4563 1369 4620 revocavit
1402 4579 1432 4618 a
1464 4565 1693 4634 scelere,
1727 4578 1930 4626 aeterna
1953 4571 2122 4643 aequi-

539 4648 624 4698 tas
652 4647 840 4713 puniat
869 4647 925 4703 in
973 4654 1273 4709 tormentis.

611 4731 761 4790 lianc
797 4735 1175 4808 iustissimam,
1203 4741 1535 4816 proindeque
1585 4747 2117 4819 irreprehensibilem

542 4820 970 4885 facinorosorum
1023 4831 1300 4890 hominum
1355 4837 1761 4894 damnationem
1834 4839 2004 4894 Deum
2063 4848 2118 4896 et

542 4917 860 4986 praescisse,
917 4932 975 4978 et
1045 4927 1458 4994 prmdestinasse
1519 4944 1550 4982 a
1606 4931 1809 4985 sanctis
1868 4929 2156 4987 Patribus'

543 5004 777 5064 fideliter
821 5011 1047 5080 dictum,
1093 5013 1362 5074 veraciter
1431 5020 1812 5089 praedicatum,
1875 5028 1932 5076 et
1979 5021 2118 5077 dici-
2165 5049 2170 5056 ·

547 5111 668 5153 mus
695 5110 749 5155 et
778 5101 1026 5161 fatemur.
1066 5107 1202 5164 Hinc
1253 5110 1586 5181 Augustinus
1636 5111 1690 5165 in
1735 5111 1874 5167 libro
1922 5128 2005 5178 ιιι,
2053 5113 2120 5168 de

545 5183 742 5246 Libero
810 5194 1048 5253 Arbitrio
1115 5201 1278 5270 (cap.
1347 5203 1528 5272 xvm)
1601 5219 1614 5255 ε
1674 5200 1862 5274 [Nunc
1914 5211 2115 5268 autem,

547 5281 674 5351 quia
722 5285 794 5340 ita
823 5297 908 5342 est
937 5307 1041 5346 non
1088 5301 1168 5348 est
1203 5294 1398 5359 bonus,
1428 5309 1529 5349 nec
1556 5293 1719 5349 habet
1752 5294 1807 5349 in
1855 5303 2122 5365 potestate

547 5381 608 5427 ut
638 5375 811 5435 bonus
841 5381 930 5447 sit,
975 5383 1087 5438 sive
1116 5401 1221 5440 non
1248 5386 1478 5442 videndo
1523 5385 1695 5456 qualis
1733 5400 1856 5442 esse
1905 5387 2119 5454 debeat,

551 5464 666 5520 sive
688 5471 938 5536 videndo,
990 5485 1044 5531 et
1086 5492 1190 5532 non
1242 5479 1468 5534 valendo
1494 5493 1614 5535 esse
1661 5478 1876 5550 qualem
1923 5479 2121 5535 debere

553 5570 674 5614 esse
714 5577 774 5617 se
826 5566 1002 5634 videt,
1047 5585 1262 5640 pmnam
1312 5575 1470 5628 istam
1521 5589 1640 5629 esse
1693 5574 1812 5643 quis
1875 5573 2122 5628 dubitet?

557 5646 748 5708 Omnis
782 5661 965 5710 autem
985 5673 1166 5728 paena,
1198 5661 1242 5716 si
1277 5660 1424 5732 justa
1452 5646 1558 5731 est,
1597 5663 1804 5733 peccati
1833 5675 1996 5732 paana
2039 5673 2124 5720 est

2226 4493 2520 4554 crediderit
2565 4491 2653 4548 vel
2698 4490 3093 4561 praedicaverit.
3125 4489 3194 4544 Et
3227 4477 3299 4544 ob
3336 4488 3390 4544 id
3417 4487 3504 4543 vel
3541 4487 3705 4554 duas,
3731 4486 3814 4541 vel

2226 4589 2498 4662 geminam
2534 4599 2641 4640 non
2667 4599 2788 4639 esse
2811 4582 3347 4653 praedestinationem
3373 4579 3631 4646 affirmas,
3659 4581 3812 4636 adbi-

2155 4729 2161 4738 .
2224 4681 2448 4750 bitoque
2474 4692 2579 4732 non
2609 4673 2917 4730 necessario
2961 4682 3300 4745 argumento,
3331 4672 3581 4742 disputas
3621 4673 3808 4727 multi-

2223 4767 2414 4840 plicius
2435 4783 2600 4838 quam
2629 4781 2848 4822 necesse
2887 4773 2971 4821 est
3012 4767 3079 4821 de
3106 4765 3286 4820 divina
3331 4764 3595 4828 essentia,
3639 4777 3810 4834 eoque

2223 4867 2331 4916 tute
2363 4857 2740 4928 disputationis
2767 4856 3122 4913 intentionem
3155 4855 3428 4927 perducis,
3457 4864 3515 4909 ut
3541 4867 3763 4910 astruas
3790 4871 3804 4919 ;

2227 4949 2316 5006 Ita
2355 4952 2410 5004 in
2456 4949 2567 5004 Deo
2594 4946 3068 5020 prmdestinatiom's
3114 4947 3248 5002 sicut
3299 4947 3580 5006 essentiam
3628 4947 3806 5001 debere

2225 5037 2469 5109 intelligi,
2499 5055 2592 5093 nec
2630 5038 2844 5106 lli/Terre
2891 5038 2947 5092 in
2977 5035 3089 5092 Deo
3133 5047 3312 5091 utrum
3340 5037 3591 5104 essentia,
3622 5054 3692 5091 an
3724 5054 3807 5091 so-

2227 5128 2444 5200 pientia,
2471 5145 2542 5183 an
2555 5128 2788 5200 justitia,
2815 5144 2906 5182 seu
2926 5135 3173 5194 potestas,
3201 5142 3264 5180 ac
3285 5128 3499 5190 veritas,
3519 5126 3804 5189 clanius,

2229 5224 2490 5289 voluntas,
2543 5223 2776 5293 operatio
2824 5217 2931 5276 sive
2979 5220 3372 5290 pra-destinatio
3421 5227 3802 5290 nuncupentur.

2231 5312 2434 5370 Deinde
2464 5312 2630 5370 infers
2656 5327 2671 5367 :

2784 5450 3012 5491 JOANNES
3054 5449 3267 5490 SCOTUS.

2303 5570 2454 5644 (Cap.
2485 5570 2539 5634 '2,
2571 5587 2622 5624 ιι.
2655 5571 2706 5635 i,
2739 5579 2873 5625 sect.
2902 5569 2980 5639 6.)
3003 5579 3044 5626 Θ
3074 5566 3369 5640 δὶιὶιιῳὶιιιιι
3393 5566 3627 5622 estdata
3649 5582 3809 5620 essen-

2229 5664 2332 5721 tias
2369 5664 2420 5718 in
2450 5661 2560 5718 Deo
2601 5663 2797 5728 doceri,
2825 5660 2900 5717 vel
2925 5660 3060 5715 duas
3089 5659 3398 5732 sapientius,
3417 5657 3684 5724 scientias,
3707 5656 3806 5710 sir-
