4064 6346
261 357 403 450 ms

1118 396 1204 454 DE
1243 396 1916 458 PRIEDESTINATIONE
1954 400 2236 460 CONTRA
2271 404 2326 462 Ι.
2368 405 2676 466 SCOTUM.

3389 424 3526 484 1026

256 519 396 609 tutes
433 515 724 609 ceteraque
762 511 939 609 omnia
961 529 1082 609 gnte
1115 514 1181 570 de
1221 514 1334 570 Deo
1366 515 1640 609 dicuntur,
1689 517 1850 609 gemi-
1875 520 1924 580 Α
1952 521 2204 587 essentia,
2261 521 2377 592 ipse
2403 523 2685 596 voluntas,
2737 526 2977 600 loquitur
3017 547 3117 604 per
3163 535 3528 609 Prophetamt

258 600 402 668 nari,
428 600 532 696 ‘vel
568 600 845 672 triplicari,
894 603 971 696 vel
1004 620 1311 676 quacunque
1354 604 1630 676 multiplici
1677 607 1846 677 specie
1949 610 2184 679 Sanctis,
2217 615 2306 684 qui
2329 625 2450 670 sunt
2480 617 2536 672 in
2567 627 2708 673 terra
2735 621 2872 692 ejus,
2911 600 3210 696 miriﬁcavit
3241 600 3418 692 omnes
3443 600 3530 694 ro;

256 693 545 761 cumulari,
600 695 895 766 quicunque
933 695 1068 752 duas
1103 697 1160 751 in
1212 697 1320 752 Deo
1357 698 1843 769 pmdestinationes

257 805 490 846 asserere
532 789 878 856 convincitur,
920 800 1068 846 reatu
1109 791 1396 861 impietatis
1452 790 1649 864 ligatur
1685 807 1704 847 :
1735 809 1844 847 una

255 901 333 942 est
371 886 513 942 enim
564 886 745 942 divina
778 887 1189 957 prtedestinatio,
1233 887 1368 941 sicut
1405 903 1512 942 una
1561 897 1638 942 est
1665 887 1843 943 divina

255 981 514 1052 operatio,
541 980 723 1036 divina
767 981 1052 1052 sapientia,
1080 981 1259 1052 divina
1301 981 1620 1048 substantia,
1663 982 1844 1038 divina

252 1071 520 1128 voluntas.

887 1158 1206 1202 CORRECTIO.

323 1234 365 1304 -ι-
391 1218 458 1288 ῐιί
489 1233 688 1305 quibus
739 1241 846 1290 tute
885 1231 1267 1304 disputationis
1310 1233 1493 1289 verbis
1547 1233 1744 1306 impios
1788 1242 1842 1292 te

252 1324 598 1382 denotavisse
657 1325 966 1396 quicunque
1018 1323 1269 1380 catholici
1330 1332 1492 1395 atque
1553 1325 1842 1382 orthodoxi

248 1411 664 1493 praedestinatos
711 1421 777 1474 ad
809 1417 1089 1474 interitum
1128 1417 1215 1473 vel
1261 1419 1550 1489 scripsere,
1579 1419 1664 1473 vel
1714 1433 1840 1476 sen-

253 1509 416 1576 tiunt,
460 1508 757 1581 impudenti
809 1509 1084 1580 superbia,
1115 1509 1460 1579 superboque
1510 1508 1840 1578 impudentia

251 1600 661 1657 detnonstrasti.
689 1600 893 1658 Deinde
933 1602 1268 1674 blasphemia
1313 1603 1670 1660 intolerabilis
1713 1618 1840 1676 ape-

250 1693 413 1759 ritur,
445 1709 568 1750 cum
610 1694 810 1750 asseris
859 1695 992 1750 nihil
1026 1695 1172 1752 aliud
1219 1710 1342 1753 esse
1365 1696 1460 1753 Dei
1489 1698 1839 1768 praedestina-

249 1785 473 1850 tionem,
503 1801 665 1856 quam
692 1786 1070 1854 substantiam,
1103 1797 1352 1842 naturam
1401 1795 1565 1858 atque
1590 1788 1839 1844 volunta-

1946 699 2169 758 luntates
2210 721 2352 760 meas
2389 707 2446 761 in
2484 706 2753 785 eis.(Psal.
2801 729 2893 780 xv,
2919 713 2996 786 5).
3049 715 3164 774 Non
3205 722 3346 776 enim
3381 724 3528 783 aliud

1946 792 2062 864 ipse
2089 804 2194 862 est,
2225 805 2282 852 et
2308 797 2452 876 aliud
2476 799 2778 858 voluntates
2803 803 2940 872 ejus,
2972 808 3097 878 quia
3126 810 3174 866 si
3205 812 3351 870 aliud
3377 825 3524 884 sunt,

1945 891 2100 938 extra
2124 899 2247 940 eum
2267 894 2434 942 sunt:
2458 893 2507 944 sl
2535 898 2690 946 extra
2715 907 2840 948 eum
2861 905 3011 962 sunt,
3036 896 3148 966 jam
3173 915 3279 956 non
3304 903 3420 973 ipse
3443 913 3529 962 est

1944 973 2193 1032 voluntas
2245 993 2360 1034 sua.
2416 980 2510 1036 Est
2549 991 2730 1040 autem
2775 985 2892 1056 ipse
2937 989 3190 1048 voluntas
3216 1008 3355 1061 sua;
3397 1005 3528 1055 sunt

1947 1079 2079 1137 ergo
2110 1067 2253 1123 intra
2276 1068 2454 1141 ipsum
2483 1072 2793 1132 voluntates
2821 1093 2952 1134 sure.

2013 1155 2233 1214 Falsum
2271 1170 2354 1216 est
2376 1162 2541 1233 igitur
2569 1165 2712 1234 quod
2743 1167 2926 1225 dixisti
2950 1171 3283 1232 voluntatem
3324 1175 3379 1232 in
3416 1179 3526 1237 Deo

1942 1259 2053 1301 non
2086 1248 2460 1320 multiplicari,
2493 1253 2547 1308 id
2575 1263 2659 1310 est
2685 1271 2796 1312 non
2841 1259 2946 1315 dici
2975 1261 3279 1334 pluraliter,
3306 1283 3430 1325 cum
3471 1270 3528 1326 id

1944 1339 2086 1408 quod
2114 1341 2526 1412 multiplicatur,
2547 1346 2836 1415 pluraliter
2855 1349 3034 1408 ell'erri
3065 1371 3288 1415 necesse
3307 1361 3396 1416 sit.
3437 1361 3528 1418 Li-

1943 1436 2032 1485 cet
2049 1431 2195 1522 enim
2224 1435 2460 1490 essentia
2500 1435 2596 1492 Dei
2613 1439 3043 1516 indubitabiliter
3069 1449 3296 1522 simplex
3319 1453 3411 1522 sit,
3435 1469 3530 1511 ne-

1943 1536 2049 1612 que
2072 1519 2177 1612 ulla
2202 1523 2600 1595 multiplicitate
2631 1529 2717 1584 vel
2744 1532 3067 1604 geminelur,
3091 1519 3526 1612 vel‘triplicetur,

1944 1609 2030 1665 vel
2058 1611 2448 1683 multiplicetur
2475 1633 2490 1670 :
2516 1619 2762 1687 quaedam
2794 1631 2976 1678 tamen
3018 1635 3143 1682 sunt
3170 1609 3290 1698 qua;
3322 1631 3376 1685 in
3417 1609 3528 1688 Deo

1941 1699 2027 1755 vel
2058 1701 2125 1756 de
2155 1701 2264 1758 Deo
2285 1705 2649 1764 essentialiter
2668 1711 3050 1780 praedicantur,
3084 1732 3205 1788 qua:
3237 1719 3355 1776 sine
3399 1735 3530 1776 con-

1946 1791 2270 1849 tradictione
2310 1794 2366 1850 in
2393 1796 2592 1853 divinis
2621 1798 2852 1872 eloquiis
2873 1803 3156 1873 pluraliter
3186 1808 3398 1879 prolata
3441 1825 3531 1869 re-

248 1883 385 1938 tem,
413 1885 471 1974 et
505 1875 610 1932 hoc
645 1876 750 1931 tuis
779 1873 969 1944 feneis,
1011 1885 1073 1932 ut
1111 1878 1187 1934 ita
1217 1878 1472 1947 dixerim,
1500 1881 1840 1974 Aratiunculis
1867 1884 1916 1945 B
1942 1887 2242 1958 periuntur.
2276 1889 2486 1946 Dicitur
2512 1893 2712 1964 quippe
2737 1895 2984 1952 voluntas
3009 1898 3104 1954 Dei
3126 1873 3360 1958 essentia
3387 1903 3530 1974 ejus,

249 1969 550 2040 astipulari,
591 1985 698 2026 non
732 1971 1076 2037 auctoritate,
1107 1987 1214 2042 qua
1239 1983 1440 2028 nostrae
1481 1972 1606 2028 ﬁdei
1634 1973 1838 2030 veritas

246 2060 514 2116 solidatur
541 2069 706 2132 atque
733 2061 1062 2129 defenditur,
1105 2072 1355 2121 astruere
1397 2063 1674 2120 maluisti:
1706 2081 1836 2122 cum

247 2158 302 2208 te
324 2151 378 2205 in
411 2159 619 2206 tantum
643 2160 733 2207 tua
761 2154 1089 2223 perversitas
1114 2154 1326 2210 obfudit
1348 2155 1591 2211 tenebris
1613 2156 1835 2223 erroris,

247 2252 310 2298 ut
360 2257 464 2299 nec
510 2244 746 2310 videres,
792 2261 894 2302 nec
934 2246 1252 2303 consuleres
1305 2248 1612 2304 veritatem.
1666 2247 1838 2320 Negas

245 2335 394 2391 enim
416 2335 701 2408 geminari,
730 2336 818 2393 vel
846 2336 1126 2408 triplicari,
1167 2338 1252 2394 vel
1286 2353 1610 2410 quacunque
1644 2339 1836 2395 multi-

242 2425 375 2498 plici
399 2425 580 2496 specie
610 2427 896 2493 cumulari,
931 2442 997 2483 ac
1019 2443 1115 2499 per
1162 2429 1265 2484 hoc
1313 2429 1596 2500 pluraliter
1622 2430 1832 2501 praede-

244 2511 568 2575 s'tinationes
589 2518 718 2584 dici,
739 2518 880 2574 sicut
898 2520 1184 2585 essentias,
1209 2521 1523 2591 sapientias,
1552 2521 1832 2590 scientias,

242 2609 498 2677 virtutes,
526 2610 852 2677 voluntates,
878 2612 1240 2682 operationes.
1283 2610 1402 2667 Una
1427 2622 1522 2675 est,
1562 2613 1832 2683 inquiens,

242 2701 664 2774 prtcdestinatio,
709 2703 845 2758 sicut
895 2719 1001 2756 una
1047 2712 1120 2757 est
1153 2703 1331 2757 divina
1357 2702 1614 2773 operatio,
1657 2703 1836 2759 divina

243 2798 530 2869 sapientia,
560 2799 736 2855 divina
764 2797 1082 2865 substantia,
1109 2797 1288 2852 divina
1326 2796 1586 2864 voluntas,
1610 2804 1665 2852 et
1703 2796 1836 2854 sub-

245 2890 514 2961 sequeris.

794 2997 1022 3038 JOANNES
1069 2995 1286 3038 SCOTUS.

281 3061 284 3064 ’
319 3071 470 3146 (Cap.
502 3073 560 3139 2,
592 3073 753 3128 'num.
801 3072 859 3140 2,
899 3080 1037 3130 sect.
1071 3072 1150 3146 6.)
1192 3083 1234 3130 Θ
1259 3071 1466 3127 Clamat
1517 3071 1653 3128 enim
1693 3071 1838 3129 Scri-

243 3174 402 3237 ptura
424 3181 443 3220 :
469 3165 662 3237 Magna
690 3180 853 3235 opera
883 3165 1119 3233 Domini,
1152 3164 1423 3238 exquisita
1451 3163 1506 3220 in
1521 3179 1712 3221 omnes
1739 3151 1836 3222 vo?-

243 3254 482 3313 luntates
511 3257 628 3327 ejus
655 3253 828 3328 (Psal.
857 3270 948 3322 cx,
975 3255 1052 3326 2).

320 3351 362 3425 -ι-
397 3351 464 3407 Et
493 3351 740 3406 inferius.

317 3440 468 3514 (Cap.
491 3442 550 3508 9.,
578 3457 729 3498 num.
762 3440 817 3508 5,
859 3449 994 3497 sect.
1024 3440 1102 3514 6.)
1141 3450 1184 3500 Θ
1214 3439 1339 3497 Non
1363 3440 1524 3507 dixit,
1573 3441 1631 3496 in
1658 3457 1836 3500 omnes

241 3533 574 3589 necessitates
599 3533 738 3604 ejus,
776 3531 872 3588 sed
897 3531 953 3587 in
996 3546 1188 3589 omnes
1222 3532 1530 3590 voluntates
1555 3533 1692 3606 ejus.

879 3665 1206 3708 αοιιιιεοτιο.

316 3741 359 3812 1-
395 3739 554 3814 Erige
581 3755 727 3797 nunc
751 3742 962 3815 mentis
995 3741 1235 3809 oculum,
1269 3743 1316 3799 si
1347 3751 1531 3801 tamen
1558 3743 1734 3810 adest,
1765 3743 1836 3800 ad

240 3833 502 3891 intuitum
537 3835 819 3903 veritatis;
847 3835 894 3892 si
923 3845 1104 3893 autem
1130 3837 1307 3903 abest,
1335 3836 1623 3893 humiliare
1658 3835 1832 3892 ﬁdeli-

239 3937 352 3998 ter,
378 3937 570 4000 petens
598 3929 667 3986 ab
696 3943 782 3997 ea,
807 3936 868 3985 ut
893 3945 1018 3986 eum
1049 3929 1144 3987 tibi
1180 3929 1266 3986 vel
1288 3930 1572 3996 mundare,
1601 3929 1686 3986 vel
1712 3929 1836 3986 illu-

239 4021 475 4086 minare,
498 4020 586 4076 vel
613 4028 762 4076 certe
790 4020 1019 4078 reddere
1061 4021 1330 4092 dignetur.
1369 4020 1564 4078 Dixisti
1586 4020 1836 4076 volunta-

240 4124 354 4172 tem
389 4113 510 4180 Dei,
537 4114 684 4170 sicut
705 4113 1024 4180 essentiam,
1072 4127 1174 4168 nec
1205 4112 1492 4183 geminari,
1518 4126 1622 4168 nec
1653 4111 1835 4168 multi-

238 4207 433 4278 plicari
466 4221 648 4278 posse,
672 4206 727 4263 id
770 4215 856 4262 est
883 4204 1194 4277 pluralitate
1219 4219 1430 4271 carere,
1457 4205 1604 4275 quod
1650 4212 1832 4261 tamen

239 4299 382 4370 ipsa,
415 4313 580 4370 quam
613 4298 960 4370 subjunxisti,
987 4297 1304 4370 prophetica
1340 4297 1610 4354 sententia
1635 4295 1835 4352 refelli-

239 4404 355 4452 tur.
385 4393 522 4450 Cum
548 4393 771 4459 dicitur,
800 4393 856 4447 in
897 4409 1073 4447 omnes
1109 4389 1400 4446 voluntates
1426 4390 1560 4461 ejus,
1592 4404 1720 4446 ecce
1741 4406 1833 4444 vo-

239 4485 471 4541 luntates
498 4483 594 4539 Dei
622 4482 1013 4554 multipliciter,
1042 4497 1108 4537 ac
1129 4497 1227 4554 per
1254 4483 1358 4538 hoc
1383 4481 1668 4553 pluraliter
1707 4495 1832 4554 pro-

1941 1977 2196 2033 dicuntur
2216 1980 2381 2036 etiam
2405 1981 2710 2040 voluntates
2737 1984 2855 2054 ejus‘
2881 1989 3184 2059 pluraliter,
3220 2010 3321 2050 nec
3347 2005 3529 2052 tamen

1936 2067 2187 2146 essentia
2233 2067 2350 2138 ejus
2387 2069 2674 2148 pluraliter
2717 2074 3088 2146 proferuntur,
3137 2083 3232 2137 sed
3275 2094 3532 2142 manente

1937 2156 2450 2216 incommutabiliter
2490 2172 2807 2236 remotaque
2836 2167 2904 2223 ab
2925 2169 3074 2224 omni
3109 2171 3528 2244 multiplicitatis
3611 2163 3621 2172 ’

1937 2251 2240 2321 capacitate
2269 2253 2505 2308 essentia
2531 2255 2696 2323 illius,
2727 2258 2976 2317 voluntas
3004 2259 3119 2330 ejus
3139 2263 3422 2334 pluraliter
3443 2268 3528 2324 ef-

1935 2339 2149 2409 fertur;
2199 2358 2306 2400 non
2337 2353 2396 2400 ut
2433 2347 2548 2418 ipsa
2595 2351 2832 2406 essentia
2875 2352 3284 2425 multiplicetur,
3343 2360 3438 2416 sed
3467 2368 3528 2417 ut

1935 2432 2234 2490 voluntatis
2264 2435 2382 2507 ejus
2402 2438 2627 2496 etl'ectus
2655 2455 2755 2511 pro
2785 2442 3226 2504 distributionum
3252 2449 3368 2522 ejus
3397 2465 3526 2510 con-

1937 2527 2202 2596 gruentiis
2229 2536 2392 2600 atque
2433 2531 2845 2591 diversitatibus
2892 2537 3220 2611 multiplices
3246 2543 3528 2602 declaren-

1938 2625 2044 2672 tur.
2076 2617 2360 2674 Reclamat
2396 2629 2576 2676 autem
2613 2626 2877 2682 adversus
2908 2635 2964 2683 te
3004 2627 3282 2700 Scriptura
3315 2643 3523 2702 sancta,

1936 2723 2058 2778 quae
2097 2709 2150 2764 in
2191 2709 2330 2766 libro
2377 2709 2668 2782 Sapientia:
2700 2714 2768 2770 de
2797 2715 3001 2788 Spiritu
3039 2717 3157 2788 Dei,
3201 2719 3297 2792 qui
3329 2725 3519 2795 utique

1935 2797 2078 2853 Deus
2113 2806 2219 2864 est,
2249 2798 2326 2854 ita
2349 2799 2494 2870 inter
2521 2809 2715 2858 caetera
2755 2806 3012 2876 potentia:
3039 2807 3186 2865 illius
3209 2816 3478 2882 praeconia
3505 2834 3521 2872 :

1936 2886 2044 2945 Per
2072 2906 2154 2945 me
2180 2889 2427 2962 Spiritus,
2465 2893 2734 2964 inquiens,
2764 2896 3122 2969 intelligentia:
3139 2912 3374 2972 sanctus,
3400 2907 3524 2961 uni-

1936 2997 2050 3050 cus,
2085 2983 2380 3054 multiplex,
2421 2985 2644 3052 subtilis.
2663 2985 2820 3058 (Sap.
2873 3004 2975 3057 vn,
3002 2989 3130 3062 22);
3163 2992 3348 3064 itaque
3378 3008 3539 3066 quo-‘

1934 3073 2096 3130 modo
2124 3075 2316 3132 unicus
2350 3075 2493 3132 idem
2541 3077 2753 3133 dicatur
2789 3089 2846 3135 et
2873 3079 3180 3153 multiplex,
3229 3083 3377 3141 etc.?
3405 3084 3527 3144 Noli

1939 3167 2148 3238 garrire
2169 3175 2362 3224 contra
2386 3169 2693 3226 veritatem.
2719 3169 3220 3232 Praedestinationis
3249 3175 3414 3233 etiam
3435 3193 3530 3235 vo-

1863 3241 1909 3307 C
1941 3257 2218 3325 cabulum,
2250 3258 2394 3329 quod
2421 3260 2519 3316 Dei
2557 3260 2858 3318 substantia
2889 3271 2996 3331 est,
3023 3279 3312 3336 coaequans
3339 3267 3526 3326 dixisti

1938 3352 2246 3410 nullatenus
2274 3355 2644 3426 multiplicari.
2670 3355 3026 3414 Beatissimus
3053 3357 3365 3430 Gregorius,
3399 3375 3529 3432 apo-

1937 3443 2139 3501 stolica:
2177 3445 2324 3502 sedis
2369 3446 2620 3514 antistes,
2667 3456 2724 3503 et
2765 3447 3234 3520 quemadmodum
3256 3450 3529 3508 veraciter

1938 3537 2242 3604 asseruisti,
2297 3538 2684 3595 veracissimus
2738 3539 3148 3610 Scriptumum
3179 3540 3526 3611 explanator,

1937 3637 2152 3686 tuarum
2205 3631 2610 3688 conclusionum
2645 3633 3044 3704 disputationes
3079 3642 3206 3689 ante
3234 3633 3524 3704 ﬂoccipen-

1936 3725 2091 3790 deus,
2134 3724 2219 3780 vel
2259 3726 2438 3796 potius
2471 3727 2736 3782 damnans
2783 3741 2946 3797 quam
2997 3726 3202 3798 legens,
3243 3726 3526 3796 pluraliter

1935 3819 2221 3876 enuntiare
2255 3834 2361 3874 non
2389 3821 2580 3876 metuit
2605 3837 2620 3887 ;
2655 3836 2781 3876 nam
2811 3821 2866 3876 in
2895 3809 3190 3878 libroxtttx
3217 3821 3522 3881 admirandi

1934 3917 2099 3979 atque
2149 3909 2511 3980 amplectendi
2552 3911 2736 3982 operis
2774 3913 2917 3982 quod
2948 3911 3003 3967 in
3037 3913 3180 3968 beati
3211 3911 3312 3970 Job
3340 3915 3527 3986 expla-

1933 4001 2210 4057 nationem
2237 4001 2678 4074 eloquentissima
2724 4005 2995 4061 suavitate
3022 4007 3346 4077 composuit,
3383 4008 3528 4066 inter

1935 4103 2154 4162 caetera,
2189 4093 2484 4168 Gregorius
2522 4095 2652 4168 (tib.
2683 4112 2813 4151 xxix
2842 4097 2896 4150 in
2926 4095 3053 4162 Job,
3085 4115 3201 4170 cap.
3234 4098 3358 4171 ult.)
3387 4100 3526 4156 :Or-

1935 4186 2138 4253 dinem,
2169 4187 2369 4258 inquit,
2417 4187 2539 4243 coeli
2571 4201 2734 4243 nosse
2772 4195 2856 4243 est
2895 4203 3254 4259 supernarum
3297 4189 3528 4261 disposi-

1935 4277 2143 4334 tionum
2179 4278 2423 4334 occultas
2442 4278 2954 4349 prtedestinationes
2975 4279 3180 4336 videre.

2003 4379 2044 4449 -ί-
2080 4379 2159 4434 Ac
2191 4377 2386 4434 deinde
2429 4393 2568 4449 quas
2617 4380 3130 4451 praedestinationes
3166 4381 3386 4451 dixerit,
3434 4401 3530 4442 co-

1933 4470 2082 4543 piosa
2103 4469 2480 4541 explanatione
2515 4471 2844 4542 perdocuit;
2899 4473 3010 4542 egit
3049 4472 3193 4528 enim
3237 4475 3524 4533 afﬂuentia;

237 4572 414 4639 latas;
442 4581 498 4629 tu
532 4572 648 4644 ipse
670 4571 944 4643 protulisti
971 4580 1058 4628 :et
1084 4580 1266 4628 tamen
1291 4571 1518 4641 impium
1547 4586 1666 4627 esse
1685 4571 1831 4626 dixi-
1857 4601 1913 4664 Β
1937 4577 2050 4664 sua?
2099 4561 2385 4664 d01cedin_e
2425 4577 2590 4664 super
2635 4564 2907 4664 bonorum
2949 4565 3188 4664 gratuita
3229 4567 3550 4636 electione;

237 4666 336 4734 sti,
369 4665 416 4722 si
435 4666 558 4737 quis
585 4665 944 4732 voluntatem,
971 4681 1096 4737 quae
1135 4665 1192 4720 in
1221 4666 1335 4721 Deo
1367 4673 1474 4732 est,
1509 4663 1856 4734 multiplici-.

238 4761 350 4822 ter,
377 4753 432 4810 id
463 4763 550 4810 est
578 4753 880 4826 pluraliter,
916 4753 1209 4828 proferret.
1248 4753 1454 4824 Nempe
1478 4768 1605 4810 cum
1631 4752 1828 4809 Phari-

236 4862 378 4914 sao,
407 4863 570 4918 quem
606 4847 950 4917 evangelicus
987 4861 1170 4903 sermo
1191 4846 1488 4918 iactantem
1515 4860 1611 4901 sua
1636 4845 1830 4900 merita

239 4937 593 5008 reprehendit
619 4937 770 5010 (Luc.
814 4953 969 5002 xvm,
1003 4937 1064 4991 11
1098 4946 1147 4991 et
1173 4936 1286 5006 l2),
1319 4935 1389 4991 ad
1428 4935 1830 4992 inﬂatissimam
1861 4943 1864 4946 ’

239 5037 394 5086 tuam
421 5027 761 5086 scientiolam
794 5027 1010 5084 oculum
1039 5025 1538 5092 nebulosissimum,
1566 5033 1829 5096 quantum

235 5123 295 5178 in
331 5133 384 5179 te
416 5122 614 5190 fuerat,
643 5129 967 5191 arroganter
989 5119 1367 5176 ostentandam
1392 5117 1674 5188 aperuisti,
1707 5131 1832 5172 cum

235 5212 532 5284 publicano
554 5212 822 5268 veraciter
856 5195 1130 5266 humiliari
1159 5219 1534 5273 contemnens,
1566 5223 1599 5262 a
1634 5205 1835 5261 verita-

237 5307 314 5363 tis
343 5313 566 5378 aspectu
608 5304 1018 5376 intelligentiam
1059 5301 1360 5359 detorsisti.
1405 5300 1560 5369 Quod
1605 5298 1652 5355 si
1686 5296 1834 5353 aliud

237 5417 368 5460 esse
390 5403 596 5459 dixeris
625 5403 682 5458 in
704 5403 814 5459 Deo
836 5402 1190 5466 voluntatem,
1213 5409 1378 5471 atque
1405 5397 1554 5454 aliud
1583 5397 1832 5454 volunta-

239 5500 326 5548 tes
352 5491 470 5560 Dei,
501 5493 639 5550 etin
665 5493 768 5550 hoc
787 5501 989 5564 quanta
1010 5492 1288 5570 impietate
1317 5489 1606 5548 insanieris
1641 5496 1829 5545 aucto-

240 5586 411 5643 ritate
438 5583 744 5657 detegeris;
781 5585 1030 5657 quamvis
1052 5585 1198 5641 enim
1229 5592 1286 5641 et
1313 5584 1550 5640 sciamus
1578 5591 1635 5638 et
1663 5580 1831 5637 fatea-

241 5693 371 5735 mur
409 5677 464 5732 in
495 5678 606 5734 Deo
647 5677 778 5732 nihil
833 5677 979 5732 aliud
1027 5676 1163 5733 velle
1212 5690 1375 5746 quam
1416 5689 1554 5740 esse,
1589 5673 1831 5743 nihilque

243 5770 396 5826 aliud
417 5784 541 5826 esse
566 5785 728 5841 quam
760 5769 900 5826 velle
923 5788 937 5825 :
961 5771 1212 5826 voluntas
1245 5769 1442 5840 quippe
1469 5767 1614 5824 illius
1639 5779 1827 5823 essen-

245 5863 327 5927 tia
355 5875 460 5934 est,
486 5875 542 5922 et
565 5865 800 5923 essentia
823 5865 1103 5932 voluntas;
1136 5871 1316 5920 tamen
1339 5863 1473 5935 ipse,
1503 5862 1595 5933 qui
1623 5860 1725 5919 sibi
1745 5868 1832 5917 est

1937 4654 2313 4726 malorumque
2341 4655 2645 4725 justissima
2688 4657 3090 4726 reprobatione.
3129 4658 3281 4726 Quod
3319 4669 3380 4716 ut
3406 4661 3534 4716 cla-’

1937 4748 2053 4804 rius
2083 4748 2370 4815 enitescat,
2392 4756 2559 4804 totam
2587 4746 2829 4818 ejusdem
2853 4749 2958 4805 loci
2987 4751 3375 4808 continentiam
3398 4765 3544 4822 pro-'

1935 4859 2223 4915 ponamus.

2007 4933 2303 5006 Gregorius
2329 4933 2442 5007 (lib.
2473 4951 2600 5004 xxx,
2632 4955 2678 4992 c.
2707 4937 2838 5008 32):
2874 4936 3058 5009 [Pater
3092 4933 3291 5004 quippe
3337 4933 3392 4989 in
3425 4948 3524 4990 suo

1936 5034 2182 5099 tempore
2227 5027 2538 5084 Luciferum
2571 5031 2848 5099 produxit,
2878 5029 3027 5099 quia,
3082 5028 3223 5082 sicut
3259 5021 3543 5096 scriptum

1933 5127 2021 5176 est
2039 5137 2052 5174 :
2072 5119 2204 5174 Cum
2235 5120 2368 5174 venit
2390 5120 2660 5191 plenitudo
2690 5121 2954 5193 temporis,
2980 5119 3120 5173 misit
3150 5116 3292 5172 Deus
3320 5115 3523 5171 Filium

1934 5229 2090 5267 suum
2113 5223 2294 5266 natum
2326 5229 2392 5267 ex
2427 5213 2667 5280 muliere,
2705 5214 2903 5284 factum
2937 5212 3032 5266 sub
3059 5211 3190 5282 lege,
3231 5220 3286 5265 ut
3317 5227 3403 5266 eos
3433 5211 3550 5282 qui

1934 5303 2030 5358 sub
2065 5302 2175 5374 lege
2195 5312 2342 5357 erant
2368 5303 2642 5358 redimeret
2671 5301 2816 5375 (Gal.
2842 5317 2916 5367 tv,
2944 5301 3096 5372 4,5);
3138 5300 3232 5371 qui
3270 5316 3434 5356 natus
3454 5315 3524 5357 ex

1935 5395 2166 5466 virgine,
2197 5396 2346 5452 velut
2389 5395 2610 5452 Lucifer
2648 5395 2793 5450 inter
2835 5395 3091 5460 tenebras
3115 5403 3315 5450 nostrae
3348 5394 3526 5450 noctis

1937 5487 2207 5558 apparuit,
2235 5487 2382 5560 quia,
2416 5487 2599 5559 fugata
2627 5485 2961 5542 obscuritate
2985 5484 3220 5556 peccati,
3258 5493 3524 5541 aeternum

1938 5578 2096 5634 nobis
2135 5595 2296 5634 mane
2325 5577 2616 5633 nuntiavit.
2655 5574 2972 5634 Luciferum
3006 5591 3136 5631 vero
3175 5588 3235 5629 se
3264 5574 3520 5638 innotuit,

1936 5673 2062 5743 quia
2096 5671 2332 5727 diluculo
2379 5686 2444 5725 ex
2483 5680 2658 5726 morte
2687 5668 2946 5735 surrexit,
2976 5675 3032 5723 et
3081 5666 3290 5738 fulgore
3321 5665 3403 5721 sui
3443 5665 3523 5720 lu-
3555 5699 3557 5701 ι
3589 5653 3604 5670 ’

1936 5763 2100 5818 minis
2135 5761 2480 5818 mortalitatis
2509 5768 2709 5816 nostra:
2739 5767 2936 5814 tetram
2979 5756 3267 5828 caliginem
3300 5754 3520 5826 pressit.

1938 5854 2038 5912 Cui
2059 5857 2201 5915 bene
2235 5869 2333 5926 per
2378 5854 2641 5916 Joannem
2694 5853 2895 5911 dicitur
2923 5869 2936 5908 :
2969 5849 3137 5908 Stetta
3173 5845 3448 5922 splendida
3471 5855 3522 5902 et
