  <div class='ocr_page' id='page_1' title='image "/cluster/home/n/w/nwhite01/storage/ocr_20150623/115/hvd.32044015466873/517.png"; bbox 0 0 4064 6346; ppageno 0'>
   <div class='ocr_carea' id='block_1_1' title="bbox 555 410 690 466">
    <p class='ocr_par' dir='ltr' id='par_1_1' title="bbox 555 410 690 466">
     <span class='ocr_line' id='line_1_1' title="bbox 555 410 690 466; baseline 0 0"><span class='ocrx_word' id='word_1_1' title='bbox 555 410 690 466; x_wconf 72' lang='grc'><strong>1027</strong></span> 
     </span>
    </p>
   </div>
   <div class='ocr_carea' id='block_1_2' title="bbox 1545 403 2770 466">
    <p class='ocr_par' dir='ltr' id='par_1_2' title="bbox 1545 403 2770 466">
     <span class='ocr_line' id='line_1_2' title="bbox 1545 403 2770 466; baseline 0.003 -6"><span class='ocrx_word' id='word_1_2' title='bbox 1545 403 1604 460; x_wconf 88' lang='lat' dir='ltr'><strong>S.</strong></span> <span class='ocrx_word' id='word_1_3' title='bbox 1641 403 2008 460; x_wconf 78' lang='lat' dir='ltr'><strong>PRUDENTII</strong></span> <span class='ocrx_word' id='word_1_4' title='bbox 2049 405 2428 462; x_wconf 73' lang='lat' dir='ltr'><strong>&#39;I&#39;RECENSIS</strong></span> <span class='ocrx_word' id='word_1_5' title='bbox 2465 405 2770 466; x_wconf 76' lang='lat' dir='ltr'><strong>EPISCOPI</strong></span> 
     </span>
    </p>
   </div>
   <div class='ocr_carea' id='block_1_3' title="bbox 3677 379 3816 472">
    <p class='ocr_par' dir='ltr' id='par_1_3' title="bbox 3677 379 3816 472">
     <span class='ocr_line' id='line_1_3' title="bbox 3677 379 3816 472; baseline 0.014 -2"><span class='ocrx_word' id='word_1_6' title='bbox 3677 379 3816 472; x_wconf 65' lang='lat' dir='ltr'><strong>ans</strong></span> 
     </span>
    </p>
   </div>
   <div class='ocr_carea' id='block_1_4' title="bbox 545 515 3816 606">
    <p class='ocr_par' dir='ltr' id='par_1_4' title="bbox 545 515 3816 606">
     <span class='ocr_line' id='line_1_4' title="bbox 545 515 3816 606; baseline 0.002 -28"><span class='ocrx_word' id='word_1_7' title='bbox 545 525 806 584; x_wconf 82' lang='lat' dir='ltr'><strong>matutina</strong></span> <span class='ocrx_word' id='word_1_8' title='bbox 847 519 1032 592; x_wconf 75' lang='lat' dir='ltr'><strong>(Apoc.</strong></span> <span class='ocrx_word' id='word_1_9' title='bbox 1065 537 1200 584; x_wconf 77' lang='lat' dir='ltr'><strong>xm,</strong></span> <span class='ocrx_word' id='word_1_10' title='bbox 1235 519 1339 588; x_wconf 84' lang='lat' dir='ltr'><strong>l6).</strong></span> <span class='ocrx_word' id='word_1_11' title='bbox 1371 519 1538 574; x_wconf 77' lang='lat' dir='ltr'><strong>Vivus</strong></span> <span class='ocrx_word' id='word_1_12' title='bbox 1565 521 1764 589; x_wconf 79' lang='lat' dir='ltr'><strong>quippe</strong></span> <span class='ocrx_word' id='word_1_13' title='bbox 1813 521 2120 590; x_wconf 75' lang='lat' dir='ltr'><strong>apparentio</strong></span> <span class='ocrx_word' id='word_1_14' title='bbox 2153 527 2194 584; x_wconf 79' lang='grc' dir='ltr'><strong>Λ</strong></span> <span class='ocrx_word' id='word_1_15' title='bbox 2224 523 2605 577; x_wconf 84' lang='lat' dir='ltr'><strong>numoccultas</strong></span> <span class='ocrx_word' id='word_1_16' title='bbox 2623 523 3126 594; x_wconf 72' lang='lat' dir='ltr'><strong>praedestinationes</strong></span> <span class='ocrx_word' id='word_1_17' title='bbox 3149 525 3356 583; x_wconf 85' lang='lat' dir='ltr'><strong>videre.</strong></span> <span class='ocrx_word' id='word_1_18' title='bbox 3381 515 3672 606; x_wconf 74' lang='lat' dir='ltr'><strong>Rationem</strong></span> <span class='ocrx_word' id='word_1_19' title='bbox 3689 543 3816 586; x_wconf 84' lang='lat' dir='ltr'><strong>vero</strong></span> 
     </span>
    </p>
   </div>
   <div class='ocr_carea' id='block_1_5' title="bbox 547 609 2122 688">
    <p class='ocr_par' dir='ltr' id='par_1_5' title="bbox 547 609 2122 688">
     <span class='ocr_line' id='line_1_5' title="bbox 547 609 2122 688; baseline -0.005 -18"><span class='ocrx_word' id='word_1_20' title='bbox 547 613 668 688; x_wconf 79' lang='lat' dir='ltr'><strong>[at.,</strong></span> <span class='ocrx_word' id='word_1_21' title='bbox 695 609 1132 682; x_wconf 80' lang='lat' dir='ltr'><strong>apparens].post</strong></span> <span class='ocrx_word' id='word_1_22' title='bbox 1179 617 1423 670; x_wconf 88' lang='lat' dir='ltr'><strong>mortem,</strong></span> <span class='ocrx_word' id='word_1_23' title='bbox 1457 609 1720 662; x_wconf 87' lang='lat' dir='ltr'><strong>matutina</strong></span> <span class='ocrx_word' id='word_1_24' title='bbox 1773 609 1928 662; x_wconf 88' lang='lat' dir='ltr'><strong>nobis</strong></span> <span class='ocrx_word' id='word_1_25' title='bbox 1971 609 2122 662; x_wconf 85' lang='lat' dir='ltr'><strong>stella</strong></span> 
     </span>
    </p>
   </div>
   <div class='ocr_carea' id='block_1_6' title="bbox 545 701 2126 772">
    <p class='ocr_par' dir='ltr' id='par_1_6' title="bbox 545 701 2126 772">
     <span class='ocr_line' id='line_1_6' title="bbox 545 701 2126 772; baseline -0.008 -10"><span class='ocrx_word' id='word_1_26' title='bbox 545 705 722 764; x_wconf 77' lang='lat' dir='ltr'><strong>factus</strong></span> <span class='ocrx_word' id='word_1_27' title='bbox 761 714 866 768; x_wconf 87' lang='lat' dir='ltr'><strong>est,</strong></span> <span class='ocrx_word' id='word_1_28' title='bbox 897 703 1022 772; x_wconf 84' lang='lat' dir='ltr'><strong>quia</strong></span> <span class='ocrx_word' id='word_1_29' title='bbox 1061 703 1186 755; x_wconf 87' lang='lat' dir='ltr'><strong>dmn</strong></span> <span class='ocrx_word' id='word_1_30' title='bbox 1219 702 1268 754; x_wconf 86' lang='lat' dir='ltr'><strong>in</strong></span> <span class='ocrx_word' id='word_1_31' title='bbox 1302 701 1592 772; x_wconf 87' lang='lat' dir='ltr'><strong>semetipso</strong></span> <span class='ocrx_word' id='word_1_32' title='bbox 1631 703 1936 772; x_wconf 73' lang='lat' dir='ltr'><strong>exeinplum</strong></span> <span class='ocrx_word' id='word_1_33' title='bbox 1975 703 2126 758; x_wconf 48' lang='lat' dir='ltr'><strong>uoltis</strong></span> 
     </span>
    </p>
   </div>
   <div class='ocr_carea' id='block_1_7' title="bbox 529 793 2121 864">
    <p class='ocr_par' dir='ltr' id='par_1_7' title="bbox 529 793 2121 864">
     <span class='ocr_line' id='line_1_7' title="bbox 529 793 2121 864; baseline -0.004 -8"><span class='ocrx_word' id='word_1_34' title='bbox 529 797 966 856; x_wconf 71' lang='lat' dir='ltr'><strong>resurrectionis</strong></span> <span class='ocrx_word' id='word_1_35' title='bbox 991 794 1238 863; x_wconf 66' lang='lat' dir='ltr'><strong>praebuit,</strong></span> <span class='ocrx_word' id='word_1_36' title='bbox 1269 809 1390 863; x_wconf 72' lang='lat' dir='ltr'><strong>quae</strong></span> <span class='ocrx_word' id='word_1_37' title='bbox 1426 793 1516 848; x_wconf 79' lang='lat' dir='ltr'><strong>lux</strong></span> <span class='ocrx_word' id='word_1_38' title='bbox 1555 803 1818 864; x_wconf 77' lang='lat' dir='ltr'><strong>sequatur</strong></span> <span class='ocrx_word' id='word_1_39' title='bbox 1845 795 2121 850; x_wconf 75' lang='lat' dir='ltr'><strong>indicavit.</strong></span> 
     </span>
    </p>
   </div>
   <div class='ocr_carea' id='block_1_8' title="bbox 548 887 2124 962">
    <p class='ocr_par' dir='ltr' id='par_1_8' title="bbox 548 887 2124 962">
     <span class='ocr_line' id='line_1_8' title="bbox 548 887 2124 962; baseline -0.003 -14"><span class='ocrx_word' id='word_1_40' title='bbox 548 895 846 962; x_wconf 56' lang='lat' dir='ltr'><strong>Hesperum</strong></span> <span class='ocrx_word' id='word_1_41' title='bbox 893 903 1022 942; x_wconf 83' lang='lat' dir='ltr'><strong>vero</strong></span> <span class='ocrx_word' id='word_1_42' title='bbox 1065 901 1230 954; x_wconf 87' lang='lat' dir='ltr'><strong>super</strong></span> <span class='ocrx_word' id='word_1_43' title='bbox 1255 895 1412 940; x_wconf 74' lang='lat' dir='ltr'><strong>terra:</strong></span> <span class='ocrx_word' id='word_1_44' title='bbox 1461 887 1598 942; x_wconf 84' lang='lat' dir='ltr'><strong>ﬁlios</strong></span> <span class='ocrx_word' id='word_1_45' title='bbox 1647 903 1978 958; x_wconf 80' lang='lat' dir='ltr'><strong>consurgere</strong></span> <span class='ocrx_word' id='word_1_46' title='bbox 2015 887 2124 944; x_wconf 89' lang='lat' dir='ltr'><strong>Do—</strong></span> 
     </span>
    </p>
   </div>
   <div class='ocr_carea' id='block_1_9' title="bbox 549 977 2124 1050">
    <p class='ocr_par' dir='ltr' id='par_1_9' title="bbox 549 977 2124 1050">
     <span class='ocr_line' id='line_1_9' title="bbox 549 977 2124 1050; baseline -0.004 -12"><span class='ocrx_word' id='word_1_47' title='bbox 549 985 728 1038; x_wconf 82' lang='lat' dir='ltr'><strong>minus</strong></span> <span class='ocrx_word' id='word_1_48' title='bbox 755 983 886 1034; x_wconf 83' lang='lat' dir='ltr'><strong>facil.</strong></span> <span class='ocrx_word' id='word_1_49' title='bbox 925 977 1066 1050; x_wconf 81' lang='lat' dir='ltr'><strong>(Job.</strong></span> <span class='ocrx_word' id='word_1_50' title='bbox 1103 993 1330 1040; x_wconf 79' lang='lat' dir='ltr'><strong>xxxvni,</strong></span> <span class='ocrx_word' id='word_1_51' title='bbox 1365 977 1482 1042; x_wconf 54' lang='grc' dir='ltr'>ὅθ),</span> <span class='ocrx_word' id='word_1_52' title='bbox 1513 977 1640 1048; x_wconf 84' lang='lat' dir='ltr'><strong>quia</strong></span> <span class='ocrx_word' id='word_1_53' title='bbox 1679 978 1985 1034; x_wconf 88' lang='lat' dir='ltr'><strong>inﬁdelibus</strong></span> <span class='ocrx_word' id='word_1_54' title='bbox 2031 977 2124 1032; x_wconf 77' lang='lat' dir='ltr'><strong>Ju~</strong></span> 
     </span>
    </p>
   </div>
   <div class='ocr_carea' id='block_1_10' title="bbox 547 1067 2121 1126">
    <p class='ocr_par' dir='ltr' id='par_1_10' title="bbox 547 1067 2121 1126">
     <span class='ocr_line' id='line_1_10' title="bbox 547 1067 2121 1126; baseline -0.001 -2"><span class='ocrx_word' id='word_1_55' title='bbox 547 1073 782 1126; x_wconf 69' lang='lat' dir='ltr'><strong>duzornm</strong></span> <span class='ocrx_word' id='word_1_56' title='bbox 849 1069 1100 1122; x_wconf 82' lang='lat' dir='ltr'><strong>cordibus</strong></span> <span class='ocrx_word' id='word_1_57' title='bbox 1157 1067 1422 1122; x_wconf 82' lang='lat' dir='ltr'><strong>dominari</strong></span> <span class='ocrx_word' id='word_1_58' title='bbox 1481 1067 1876 1124; x_wconf 83' lang='lat' dir='ltr'><strong>Antichristum</strong></span> <span class='ocrx_word' id='word_1_59' title='bbox 1935 1085 2121 1124; x_wconf 89' lang='lat' dir='ltr'><strong>eorum</strong></span> 
     </span>
    </p>
   </div>
   <div class='ocr_carea' id='block_1_11' title="bbox 545 1155 2124 1228">
    <p class='ocr_par' dir='ltr' id='par_1_11' title="bbox 545 1155 2124 1228">
     <span class='ocr_line' id='line_1_11' title="bbox 545 1155 2124 1228; baseline -0.003 -12"><span class='ocrx_word' id='word_1_60' title='bbox 545 1161 742 1216; x_wconf 86' lang='lat' dir='ltr'><strong>merito</strong></span> <span class='ocrx_word' id='word_1_61' title='bbox 793 1157 1046 1228; x_wconf 75' lang='lat' dir='ltr'><strong>exigente</strong></span> <span class='ocrx_word' id='word_1_62' title='bbox 1091 1157 1372 1226; x_wconf 83' lang='lat' dir='ltr'><strong>permittit.</strong></span> <span class='ocrx_word' id='word_1_63' title='bbox 1423 1155 1525 1224; x_wconf 90' lang='lat' dir='ltr'><strong>Qui</strong></span> <span class='ocrx_word' id='word_1_64' title='bbox 1575 1157 1778 1212; x_wconf 87' lang='lat' dir='ltr'><strong>idcirco</strong></span> <span class='ocrx_word' id='word_1_65' title='bbox 1815 1173 1844 1210; x_wconf 90' lang='lat' dir='ltr'><strong>a</strong></span> <span class='ocrx_word' id='word_1_66' title='bbox 1889 1157 2124 1212; x_wconf 89' lang='lat' dir='ltr'><strong>Domino</strong></span> 
     </span>
    </p>
   </div>
   <div class='ocr_carea' id='block_1_12' title="bbox 545 1251 2124 1321">
    <p class='ocr_par' dir='ltr' id='par_1_12' title="bbox 545 1251 2124 1321">
     <span class='ocr_line' id='line_1_12' title="bbox 545 1251 2124 1321; baseline -0.004 -11"><span class='ocrx_word' id='word_1_67' title='bbox 545 1254 671 1310; x_wconf 83' lang='lat' dir='ltr'><strong>huic</strong></span> <span class='ocrx_word' id='word_1_68' title='bbox 719 1251 928 1321; x_wconf 87' lang='lat' dir='ltr'><strong>vesperi</strong></span> <span class='ocrx_word' id='word_1_69' title='bbox 993 1251 1138 1320; x_wconf 90' lang='lat' dir='ltr'><strong>juste</strong></span> <span class='ocrx_word' id='word_1_70' title='bbox 1203 1251 1541 1316; x_wconf 88' lang='lat' dir='ltr'><strong>subduntur,</strong></span> <span class='ocrx_word' id='word_1_71' title='bbox 1597 1251 1721 1319; x_wconf 83' lang='lat' dir='ltr'><strong>quia</strong></span> <span class='ocrx_word' id='word_1_72' title='bbox 1769 1251 1868 1319; x_wconf 83' lang='lat' dir='ltr'><strong>ipsi</strong></span> <span class='ocrx_word' id='word_1_73' title='bbox 1933 1259 2124 1320; x_wconf 86' lang='lat' dir='ltr'><strong>sponte</strong></span> 
     </span>
    </p>
   </div>
   <div class='ocr_carea' id='block_1_13' title="bbox 543 1343 2122 1412">
    <p class='ocr_par' dir='ltr' id='par_1_13' title="bbox 543 1343 2122 1412">
     <span class='ocr_line' id='line_1_13' title="bbox 543 1343 2122 1412; baseline -0.002 -11"><span class='ocrx_word' id='word_1_74' title='bbox 543 1363 636 1403; x_wconf 88' lang='lat' dir='ltr'><strong>sua</strong></span> <span class='ocrx_word' id='word_1_75' title='bbox 705 1347 802 1400; x_wconf 89' lang='lat' dir='ltr'><strong>ﬁlii</strong></span> <span class='ocrx_word' id='word_1_76' title='bbox 859 1355 1020 1398; x_wconf 69' lang='lat' dir='ltr'><strong>terrae</strong></span> <span class='ocrx_word' id='word_1_77' title='bbox 1075 1357 1196 1398; x_wconf 87' lang='lat' dir='ltr'><strong>esse</strong></span> <span class='ocrx_word' id='word_1_78' title='bbox 1255 1343 1564 1396; x_wconf 88' lang='lat' dir='ltr'><strong>voluerunt.</strong></span> <span class='ocrx_word' id='word_1_79' title='bbox 1625 1343 1866 1396; x_wconf 83' lang='lat' dir='ltr'><strong>Terrena</strong></span> <span class='ocrx_word' id='word_1_80' title='bbox 1927 1343 2122 1412; x_wconf 80' lang='lat' dir='ltr'><strong>quippe</strong></span> 
     </span>
    </p>
   </div>
   <div class='ocr_carea' id='block_1_14' title="bbox 540 1429 2120 1504">
    <p class='ocr_par' dir='ltr' id='par_1_14' title="bbox 540 1429 2120 1504">
     <span class='ocr_line' id='line_1_14' title="bbox 540 1429 2120 1504; baseline -0.003 -12"><span class='ocrx_word' id='word_1_81' title='bbox 540 1447 596 1492; x_wconf 83' lang='lat' dir='ltr'><strong>et</strong></span> <span class='ocrx_word' id='word_1_82' title='bbox 643 1453 746 1492; x_wconf 91' lang='lat' dir='ltr'><strong>non</strong></span> <span class='ocrx_word' id='word_1_83' title='bbox 777 1435 1018 1490; x_wconf 86' lang='lat' dir='ltr'><strong>coelestia</strong></span> <span class='ocrx_word' id='word_1_84' title='bbox 1041 1435 1400 1504; x_wconf 87' lang='lat' dir='ltr'><strong>requirentes,</strong></span> <span class='ocrx_word' id='word_1_85' title='bbox 1433 1449 1462 1488; x_wconf 88' lang='lat' dir='ltr'><strong>a</strong></span> <span class='ocrx_word' id='word_1_86' title='bbox 1493 1429 1868 1504; x_wconf 80' lang='lat' dir='ltr'><strong>perspicienda</strong></span> <span class='ocrx_word' id='word_1_87' title='bbox 1907 1431 2120 1488; x_wconf 84' lang='lat' dir='ltr'><strong>luciferi</strong></span> 
     </span>
    </p>
   </div>
   <div class='ocr_carea' id='block_1_15' title="bbox 541 1525 2120 1593">
    <p class='ocr_par' dir='ltr' id='par_1_15' title="bbox 541 1525 2120 1593">
     <span class='ocr_line' id='line_1_15' title="bbox 541 1525 2120 1593; baseline -0.002 -10"><span class='ocrx_word' id='word_1_88' title='bbox 541 1527 712 1584; x_wconf 83' lang='lat' dir='ltr'><strong>nostri</strong></span> <span class='ocrx_word' id='word_1_89' title='bbox 741 1525 988 1580; x_wconf 82' lang='lat' dir='ltr'><strong>claritate</strong></span> <span class='ocrx_word' id='word_1_90' title='bbox 1029 1525 1284 1578; x_wconf 78' lang='lat' dir='ltr'><strong>excaecati</strong></span> <span class='ocrx_word' id='word_1_91' title='bbox 1323 1533 1483 1590; x_wconf 89' lang='lat' dir='ltr'><strong>sunt;</strong></span> <span class='ocrx_word' id='word_1_92' title='bbox 1515 1533 1570 1578; x_wconf 85' lang='lat' dir='ltr'><strong>et</strong></span> <span class='ocrx_word' id='word_1_93' title='bbox 1603 1525 1729 1578; x_wconf 89' lang='lat' dir='ltr'><strong>dum</strong></span> <span class='ocrx_word' id='word_1_94' title='bbox 1755 1537 1992 1593; x_wconf 81' lang='lat' dir='ltr'><strong>praeesse</strong></span> <span class='ocrx_word' id='word_1_95' title='bbox 2017 1525 2120 1580; x_wconf 86' lang='lat' dir='ltr'><strong>sibi</strong></span> 
     </span>
    </p>
   </div>
   <div class='ocr_carea' id='block_1_16' title="bbox 529 1613 2118 1684">
    <p class='ocr_par' dir='ltr' id='par_1_16' title="bbox 529 1613 2118 1684">
     <span class='ocr_line' id='line_1_16' title="bbox 529 1613 2118 1684; baseline -0.003 -13"><span class='ocrx_word' id='word_1_96' title='bbox 529 1629 836 1684; x_wconf 59' lang='lat' dir='ltr'><strong>vesperum</strong></span> <span class='ocrx_word' id='word_1_97' title='bbox 889 1621 1184 1682; x_wconf 81' lang='lat' dir='ltr'><strong>expetunt,</strong></span> <span class='ocrx_word' id='word_1_98' title='bbox 1225 1613 1602 1682; x_wconf 81' lang='lat' dir='ltr'><strong>subsequentis</strong></span> <span class='ocrx_word' id='word_1_99' title='bbox 1643 1613 2006 1668; x_wconf 86' lang='lat' dir='ltr'><strong>damnationis</strong></span> <span class='ocrx_word' id='word_1_100' title='bbox 2051 1627 2118 1667; x_wconf 66' lang='lat' dir='ltr'><strong>ae-</strong></span> 
     </span>
    </p>
   </div>
   <div class='ocr_carea' id='block_1_17' title="bbox 521 1701 2118 1774">
    <p class='ocr_par' dir='ltr' id='par_1_17' title="bbox 521 1701 2118 1774">
     <span class='ocr_line' id='line_1_17' title="bbox 521 1701 2118 1774; baseline -0.003 -12"><span class='ocrx_word' id='word_1_101' title='bbox 521 1715 694 1762; x_wconf 70' lang='lat' dir='ltr'><strong>terna</strong></span> <span class='ocrx_word' id='word_1_102' title='bbox 719 1713 876 1760; x_wconf 88' lang='lat' dir='ltr'><strong>nocte</strong></span> <span class='ocrx_word' id='word_1_103' title='bbox 903 1710 1238 1774; x_wconf 84' lang='lat' dir='ltr'><strong>merguntur.</strong></span> <span class='ocrx_word' id='word_1_104' title='bbox 1273 1701 1414 1756; x_wconf 88' lang='lat' dir='ltr'><strong>Hinc</strong></span> <span class='ocrx_word' id='word_1_105' title='bbox 1449 1701 1500 1755; x_wconf 87' lang='lat' dir='ltr'><strong>in</strong></span> <span class='ocrx_word' id='word_1_106' title='bbox 1529 1701 1822 1773; x_wconf 84' lang='lat' dir='ltr'><strong>Evangelio</strong></span> <span class='ocrx_word' id='word_1_107' title='bbox 1859 1701 2118 1758; x_wconf 86' lang='lat' dir='ltr'><strong>Dominus</strong></span> 
     </span>
    </p>
   </div>
   <div class='ocr_carea' id='block_1_18' title="bbox 537 1789 2122 1866">
    <p class='ocr_par' dir='ltr' id='par_1_18' title="bbox 537 1789 2122 1866">
     <span class='ocr_line' id='line_1_18' title="bbox 537 1789 2122 1866; baseline -0.005 -14"><span class='ocrx_word' id='word_1_108' title='bbox 537 1795 706 1852; x_wconf 76' lang='lat' dir='ltr'><strong>dicit:</strong></span> <span class='ocrx_word' id='word_1_109' title='bbox 741 1793 856 1866; x_wconf 78' lang='lat' dir='ltr'><strong>Ego</strong></span> <span class='ocrx_word' id='word_1_110' title='bbox 905 1793 1034 1848; x_wconf 77' lang='lat' dir='ltr'><strong>ueni.</strong></span> <span class='ocrx_word' id='word_1_111' title='bbox 1057 1793 1112 1846; x_wconf 83' lang='lat' dir='ltr'><strong>in</strong></span> <span class='ocrx_word' id='word_1_112' title='bbox 1141 1793 1346 1846; x_wconf 80' lang='lat' dir='ltr'><strong>nomine</strong></span> <span class='ocrx_word' id='word_1_113' title='bbox 1397 1789 1578 1844; x_wconf 74' lang='lat' dir='ltr'><strong>Patris</strong></span> <span class='ocrx_word' id='word_1_114' title='bbox 1621 1791 1744 1855; x_wconf 83' lang='lat' dir='ltr'><strong>mei,</strong></span> <span class='ocrx_word' id='word_1_115' title='bbox 1771 1801 1818 1844; x_wconf 82' lang='lat' dir='ltr'><strong>et</strong></span> <span class='ocrx_word' id='word_1_116' title='bbox 1849 1807 1950 1844; x_wconf 79' lang='lat' dir='ltr'><strong>non</strong></span> <span class='ocrx_word' id='word_1_117' title='bbox 1981 1807 2122 1844; x_wconf 84' lang='lat' dir='ltr'><strong>acce-</strong></span> 
     </span>
    </p>
   </div>
   <div class='ocr_carea' id='block_1_19' title="bbox 2231 611 3814 687">
    <p class='ocr_par' dir='ltr' id='par_1_19' title="bbox 2231 611 3814 687">
     <span class='ocr_line' id='line_1_19' title="bbox 2231 611 3814 687; baseline 0.006 -19"><span class='ocrx_word' id='word_1_118' title='bbox 2231 611 2344 682; x_wconf 59' lang='lat' dir='ltr'><strong>ejus</strong></span> <span class='ocrx_word' id='word_1_119' title='bbox 2371 615 2424 668; x_wconf 79' lang='lat' dir='ltr'><strong>in</strong></span> <span class='ocrx_word' id='word_1_120' title='bbox 2455 625 2598 672; x_wconf 87' lang='lat' dir='ltr'><strong>terra</strong></span> <span class='ocrx_word' id='word_1_121' title='bbox 2627 631 2847 687; x_wconf 87' lang='lat' dir='ltr'><strong>ponere,</strong></span> <span class='ocrx_word' id='word_1_122' title='bbox 2881 625 2966 672; x_wconf 88' lang='lat' dir='ltr'><strong>est</strong></span> <span class='ocrx_word' id='word_1_123' title='bbox 2991 629 3116 674; x_wconf 89' lang='lat' dir='ltr'><strong>ante</strong></span> <span class='ocrx_word' id='word_1_124' title='bbox 3145 619 3380 674; x_wconf 87' lang='lat' dir='ltr'><strong>humana</strong></span> <span class='ocrx_word' id='word_1_125' title='bbox 3423 623 3588 676; x_wconf 88' lang='lat' dir='ltr'><strong>corda</strong></span> <span class='ocrx_word' id='word_1_126' title='bbox 3627 621 3814 678; x_wconf 86' lang='lat' dir='ltr'><strong>talium</strong></span> 
     </span>
    </p>
   </div>
   <div class='ocr_carea' id='block_1_20' title="bbox 2229 711 3814 779">
    <p class='ocr_par' dir='ltr' id='par_1_20' title="bbox 2229 711 3814 779">
     <span class='ocr_line' id='line_1_20' title="bbox 2229 711 3814 779; baseline 0.004 -15"><span class='ocrx_word' id='word_1_127' title='bbox 2229 717 2560 764; x_wconf 82' lang='lat' dir='ltr'><strong>secretorum</strong></span> <span class='ocrx_word' id='word_1_128' title='bbox 2589 725 2786 765; x_wconf 81' lang='lat' dir='ltr'><strong>causas</strong></span> <span class='ocrx_word' id='word_1_129' title='bbox 2813 711 3046 779; x_wconf 87' lang='lat' dir='ltr'><strong>aperire.</strong></span> <span class='ocrx_word' id='word_1_130' title='bbox 3093 711 3376 766; x_wconf 81' lang='lat' dir='ltr'><strong>Rationem</strong></span> <span class='ocrx_word' id='word_1_131' title='bbox 3407 711 3666 768; x_wconf 75' lang='lat' dir='ltr'><strong>videlicet</strong></span> <span class='ocrx_word' id='word_1_132' title='bbox 3691 715 3814 770; x_wconf 72' lang='lat' dir='ltr'><strong>caeli</strong></span> 
     </span>
    </p>
   </div>
   <div class='ocr_carea' id='block_1_21' title="bbox 2227 797 3814 876">
    <p class='ocr_par' dir='ltr' id='par_1_21' title="bbox 2227 797 3814 876">
     <span class='ocr_line' id='line_1_21' title="bbox 2227 797 3814 876; baseline 0.003 -21"><span class='ocrx_word' id='word_1_133' title='bbox 2227 799 2282 856; x_wconf 89' lang='lat' dir='ltr'><strong>in</strong></span> <span class='ocrx_word' id='word_1_134' title='bbox 2307 797 2448 857; x_wconf 83' lang='lat' dir='ltr'><strong>terra</strong></span> <span class='ocrx_word' id='word_1_135' title='bbox 2465 817 2686 872; x_wconf 88' lang='lat' dir='ltr'><strong>ponere,</strong></span> <span class='ocrx_word' id='word_1_136' title='bbox 2717 815 2802 856; x_wconf 87' lang='lat' dir='ltr'><strong>est</strong></span> <span class='ocrx_word' id='word_1_137' title='bbox 2827 817 3186 872; x_wconf 87' lang='lat' dir='ltr'><strong>supernorum</strong></span> <span class='ocrx_word' id='word_1_138' title='bbox 3212 803 3542 874; x_wconf 88' lang='lat' dir='ltr'><strong>jndiciorum</strong></span> <span class='ocrx_word' id='word_1_139' title='bbox 3557 807 3814 876; x_wconf 81' lang='lat' dir='ltr'><strong>mysteria</strong></span> 
     </span>
    </p>
   </div>
   <div class='ocr_carea' id='block_1_22' title="bbox 2225 895 3812 969">
    <p class='ocr_par' dir='ltr' id='par_1_22' title="bbox 2225 895 3812 969">
     <span class='ocr_line' id='line_1_22' title="bbox 2225 895 3812 969; baseline 0.006 -23"><span class='ocrx_word' id='word_1_140' title='bbox 2225 895 2310 950; x_wconf 88' lang='lat' dir='ltr'><strong>vel</strong></span> <span class='ocrx_word' id='word_1_141' title='bbox 2329 897 2720 952; x_wconf 85' lang='lat' dir='ltr'><strong>considerando</strong></span> <span class='ocrx_word' id='word_1_142' title='bbox 2735 897 3024 959; x_wconf 85' lang='lat' dir='ltr'><strong>discutere,</strong></span> <span class='ocrx_word' id='word_1_143' title='bbox 3043 897 3131 954; x_wconf 87' lang='lat' dir='ltr'><strong>vel</strong></span> <span class='ocrx_word' id='word_1_144' title='bbox 3149 897 3418 969; x_wconf 79' lang='lat' dir='ltr'><strong>loquendo</strong></span> <span class='ocrx_word' id='word_1_145' title='bbox 3437 897 3812 956; x_wconf 81' lang='lat' dir='ltr'><strong>manifestare.</strong></span> 
     </span>
    </p>
   </div>
   <div class='ocr_carea' id='block_1_23' title="bbox 2227 985 3814 1060">
    <p class='ocr_par' dir='ltr' id='par_1_23' title="bbox 2227 985 3814 1060">
     <span class='ocr_line' id='line_1_23' title="bbox 2227 985 3814 1060; baseline 0.004 -21"><span class='ocrx_word' id='word_1_146' title='bbox 2227 985 2378 1054; x_wconf 84' lang='lat' dir='ltr'><strong>Quod</strong></span> <span class='ocrx_word' id='word_1_147' title='bbox 2413 989 2598 1058; x_wconf 85' lang='lat' dir='ltr'><strong>utique</strong></span> <span class='ocrx_word' id='word_1_148' title='bbox 2640 987 2816 1044; x_wconf 80' lang='lat' dir='ltr'><strong>facere</strong></span> <span class='ocrx_word' id='word_1_149' title='bbox 2847 989 2900 1044; x_wconf 87' lang='lat' dir='ltr'><strong>in</strong></span> <span class='ocrx_word' id='word_1_150' title='bbox 2933 989 3036 1044; x_wconf 89' lang='lat' dir='ltr'><strong>hac</strong></span> <span class='ocrx_word' id='word_1_151' title='bbox 3081 990 3190 1044; x_wconf 85' lang='lat' dir='ltr'><strong>vita</strong></span> <span class='ocrx_word' id='word_1_152' title='bbox 3237 991 3448 1060; x_wconf 90' lang='lat' dir='ltr'><strong>positus</strong></span> <span class='ocrx_word' id='word_1_153' title='bbox 3499 989 3688 1046; x_wconf 85' lang='lat' dir='ltr'><strong>nullus</strong></span> <span class='ocrx_word' id='word_1_154' title='bbox 3723 1007 3814 1060; x_wconf 87' lang='lat' dir='ltr'><strong>po-</strong></span> 
     </span>
    </p>
   </div>
   <div class='ocr_carea' id='block_1_24' title="bbox 2227 1079 3814 1154">
    <p class='ocr_par' dir='ltr' id='par_1_24' title="bbox 2227 1079 3814 1154">
     <span class='ocr_line' id='line_1_24' title="bbox 2227 1079 3814 1154; baseline 0.004 -20"><span class='ocrx_word' id='word_1_155' title='bbox 2227 1089 2348 1136; x_wconf 81' lang='lat' dir='ltr'><strong>test.</strong></span> <span class='ocrx_word' id='word_1_156' title='bbox 2391 1079 2459 1134; x_wconf 89' lang='lat' dir='ltr'><strong>Ut</strong></span> <span class='ocrx_word' id='word_1_157' title='bbox 2499 1081 2642 1134; x_wconf 85' lang='lat' dir='ltr'><strong>enim</strong></span> <span class='ocrx_word' id='word_1_158' title='bbox 2673 1095 2706 1134; x_wconf 88' lang='lat' dir='ltr'><strong>a</strong></span> <span class='ocrx_word' id='word_1_159' title='bbox 2751 1081 2936 1150; x_wconf 87' lang='lat' dir='ltr'><strong>parvis</strong></span> <span class='ocrx_word' id='word_1_160' title='bbox 2961 1081 3028 1136; x_wconf 90' lang='lat' dir='ltr'><strong>ad</strong></span> <span class='ocrx_word' id='word_1_161' title='bbox 3081 1083 3288 1152; x_wconf 81' lang='lat' dir='ltr'><strong>majora</strong></span> <span class='ocrx_word' id='word_1_162' title='bbox 3329 1083 3645 1148; x_wconf 84' lang='lat' dir='ltr'><strong>veniamus,</strong></span> <span class='ocrx_word' id='word_1_163' title='bbox 3695 1085 3814 1154; x_wconf 85' lang='lat' dir='ltr'><strong>quis</strong></span> 
     </span>
    </p>
   </div>
   <div class='ocr_carea' id='block_1_25' title="bbox 2225 1171 3816 1248">
    <p class='ocr_par' dir='ltr' id='par_1_25' title="bbox 2225 1171 3816 1248">
     <span class='ocr_line' id='line_1_25' title="bbox 2225 1171 3816 1248; baseline 0.004 -22"><span class='ocrx_word' id='word_1_164' title='bbox 2225 1171 2486 1242; x_wconf 78' lang='lat' dir='ltr'><strong>intelligat</strong></span> <span class='ocrx_word' id='word_1_165' title='bbox 2517 1189 2637 1242; x_wconf 76' lang='lat' dir='ltr'><strong>quae</strong></span> <span class='ocrx_word' id='word_1_166' title='bbox 2675 1189 2796 1228; x_wconf 88' lang='lat' dir='ltr'><strong>esse</strong></span> <span class='ocrx_word' id='word_1_167' title='bbox 2828 1173 2967 1228; x_wconf 80' lang='lat' dir='ltr'><strong>ratio</strong></span> <span class='ocrx_word' id='word_1_168' title='bbox 2999 1173 3126 1248; x_wconf 81' lang='lat' dir='ltr'><strong>[al.,</strong></span> <span class='ocrx_word' id='word_1_169' title='bbox 3155 1175 3448 1248; x_wconf 84' lang='lat' dir='ltr'><strong>subtilitas]</strong></span> <span class='ocrx_word' id='word_1_170' title='bbox 3475 1185 3816 1232; x_wconf 83' lang='lat' dir='ltr'><strong>secretorum</strong></span> 
     </span>
    </p>
   </div>
   <div class='ocr_carea' id='block_1_26' title="bbox 2223 1263 3816 1338">
    <p class='ocr_par' dir='ltr' id='par_1_26' title="bbox 2223 1263 3816 1338">
     <span class='ocr_line' id='line_1_26' title="bbox 2223 1263 3816 1338; baseline 0.005 -20"><span class='ocrx_word' id='word_1_171' title='bbox 2223 1272 2420 1334; x_wconf 84' lang='lat' dir='ltr'><strong>potest,</strong></span> <span class='ocrx_word' id='word_1_172' title='bbox 2443 1266 2584 1334; x_wconf 87' lang='lat' dir='ltr'><strong>quod</strong></span> <span class='ocrx_word' id='word_1_173' title='bbox 2611 1281 2753 1336; x_wconf 60' lang='lat' dir='ltr'><strong>srepe</strong></span> <span class='ocrx_word' id='word_1_174' title='bbox 2787 1265 2868 1320; x_wconf 90' lang='lat' dir='ltr'><strong>vir</strong></span> <span class='ocrx_word' id='word_1_175' title='bbox 2883 1263 3065 1334; x_wconf 87' lang='lat' dir='ltr'><strong>justus</strong></span> <span class='ocrx_word' id='word_1_176' title='bbox 3091 1283 3120 1321; x_wconf 90' lang='lat' dir='ltr'><strong>a</strong></span> <span class='ocrx_word' id='word_1_177' title='bbox 3143 1265 3470 1338; x_wconf 88' lang='lat' dir='ltr'><strong>judicionon</strong></span> <span class='ocrx_word' id='word_1_178' title='bbox 3495 1269 3680 1324; x_wconf 90' lang='lat' dir='ltr'><strong>solum</strong></span> <span class='ocrx_word' id='word_1_179' title='bbox 3713 1285 3816 1326; x_wconf 86' lang='lat' dir='ltr'><strong>non</strong></span> 
     </span>
    </p>
   </div>
   <div class='ocr_carea' id='block_1_27' title="bbox 2223 1353 3818 1432">
    <p class='ocr_par' dir='ltr' id='par_1_27' title="bbox 2223 1353 3818 1432">
     <span class='ocr_line' id='line_1_27' title="bbox 2223 1353 3818 1432; baseline 0.006 -26"><span class='ocrx_word' id='word_1_180' title='bbox 2223 1353 2546 1422; x_wconf 84' lang='lat' dir='ltr'><strong>vindicatus,</strong></span> <span class='ocrx_word' id='word_1_181' title='bbox 2575 1355 2664 1408; x_wconf 89' lang='lat' dir='ltr'><strong>sed</strong></span> <span class='ocrx_word' id='word_1_182' title='bbox 2689 1357 2850 1410; x_wconf 88' lang='lat' dir='ltr'><strong>etiam</strong></span> <span class='ocrx_word' id='word_1_183' title='bbox 2879 1357 3099 1426; x_wconf 90' lang='lat' dir='ltr'><strong>punitus</strong></span> <span class='ocrx_word' id='word_1_184' title='bbox 3129 1359 3332 1426; x_wconf 87' lang='lat' dir='ltr'><strong>redeat,</strong></span> <span class='ocrx_word' id='word_1_185' title='bbox 3365 1353 3420 1414; x_wconf 84' lang='lat' dir='ltr'><strong>et</strong></span> <span class='ocrx_word' id='word_1_186' title='bbox 3449 1361 3676 1430; x_wconf 89' lang='lat' dir='ltr'><strong>iniquus</strong></span> <span class='ocrx_word' id='word_1_187' title='bbox 3703 1361 3818 1432; x_wconf 85' lang='lat' dir='ltr'><strong>ejus</strong></span> 
     </span>
    </p>
   </div>
   <div class='ocr_carea' id='block_1_28' title="bbox 2223 1447 3820 1520">
    <p class='ocr_par' dir='ltr' id='par_1_28' title="bbox 2223 1447 3820 1520">
     <span class='ocr_line' id='line_1_28' title="bbox 2223 1447 3820 1520; baseline 0.004 -21"><span class='ocrx_word' id='word_1_188' title='bbox 2223 1447 2564 1502; x_wconf 74' lang='lat' dir='ltr'><strong>adversm-ius</strong></span> <span class='ocrx_word' id='word_1_189' title='bbox 2597 1463 2702 1500; x_wconf 87' lang='lat' dir='ltr'><strong>non</strong></span> <span class='ocrx_word' id='word_1_190' title='bbox 2732 1447 2906 1502; x_wconf 92' lang='lat' dir='ltr'><strong>solum</strong></span> <span class='ocrx_word' id='word_1_191' title='bbox 2934 1465 3039 1502; x_wconf 90' lang='lat' dir='ltr'><strong>non</strong></span> <span class='ocrx_word' id='word_1_192' title='bbox 3061 1449 3302 1520; x_wconf 88' lang='lat' dir='ltr'><strong>punitus,</strong></span> <span class='ocrx_word' id='word_1_193' title='bbox 3329 1451 3426 1506; x_wconf 88' lang='lat' dir='ltr'><strong>sed</strong></span> <span class='ocrx_word' id='word_1_194' title='bbox 3449 1451 3620 1504; x_wconf 84' lang='lat' dir='ltr'><strong>etiam</strong></span> <span class='ocrx_word' id='word_1_195' title='bbox 3645 1451 3820 1508; x_wconf 86' lang='lat' dir='ltr'><strong>victor</strong></span> 
     </span>
    </p>
   </div>
   <div class='ocr_carea' id='block_1_29' title="bbox 2221 1535 3819 1610">
    <p class='ocr_par' dir='ltr' id='par_1_29' title="bbox 2221 1535 3819 1610">
     <span class='ocr_line' id='line_1_29' title="bbox 2221 1535 3819 1610; baseline 0.004 -20"><span class='ocrx_word' id='word_1_196' title='bbox 2221 1535 2516 1590; x_wconf 80' lang='lat' dir='ltr'><strong>abscedat?</strong></span> <span class='ocrx_word' id='word_1_197' title='bbox 2551 1537 2681 1604; x_wconf 85' lang='lat' dir='ltr'><strong>Quis</strong></span> <span class='ocrx_word' id='word_1_198' title='bbox 2727 1537 2994 1610; x_wconf 83' lang='lat' dir='ltr'><strong>intelligat</strong></span> <span class='ocrx_word' id='word_1_199' title='bbox 3034 1555 3132 1594; x_wconf 86' lang='lat' dir='ltr'><strong>cur</strong></span> <span class='ocrx_word' id='word_1_200' title='bbox 3183 1539 3316 1594; x_wconf 85' lang='lat' dir='ltr'><strong>vivit</strong></span> <span class='ocrx_word' id='word_1_201' title='bbox 3363 1539 3504 1597; x_wconf 87' lang='lat' dir='ltr'><strong>alius</strong></span> <span class='ocrx_word' id='word_1_202' title='bbox 3549 1541 3819 1598; x_wconf 84' lang='lat' dir='ltr'><strong>insidians</strong></span> 
     </span>
    </p>
   </div>
   <div class='ocr_carea' id='block_1_30' title="bbox 2223 1631 3816 1704">
    <p class='ocr_par' dir='ltr' id='par_1_30' title="bbox 2223 1631 3816 1704">
     <span class='ocr_line' id='line_1_30' title="bbox 2223 1631 3816 1704; baseline 0.003 -20"><span class='ocrx_word' id='word_1_203' title='bbox 2223 1631 2484 1684; x_wconf 87' lang='lat' dir='ltr'><strong>mortibus</strong></span> <span class='ocrx_word' id='word_1_204' title='bbox 2497 1631 2889 1700; x_wconf 75' lang='lat' dir='ltr'><strong>proximorum,</strong></span> <span class='ocrx_word' id='word_1_205' title='bbox 2903 1641 2958 1685; x_wconf 89' lang='lat' dir='ltr'><strong>et</strong></span> <span class='ocrx_word' id='word_1_206' title='bbox 2984 1631 3216 1688; x_wconf 89' lang='lat' dir='ltr'><strong>moritur</strong></span> <span class='ocrx_word' id='word_1_207' title='bbox 3235 1631 3374 1687; x_wconf 87' lang='lat' dir='ltr'><strong>alius</strong></span> <span class='ocrx_word' id='word_1_208' title='bbox 3391 1635 3482 1704; x_wconf 87' lang='lat' dir='ltr'><strong>qui</strong></span> <span class='ocrx_word' id='word_1_209' title='bbox 3497 1633 3816 1704; x_wconf 79' lang='lat' dir='ltr'><strong>profuturus</strong></span> 
     </span>
    </p>
   </div>
   <div class='ocr_carea' id='block_1_31' title="bbox 2221 1721 3816 1796">
    <p class='ocr_par' dir='ltr' id='par_1_31' title="bbox 2221 1721 3816 1796">
     <span class='ocr_line' id='line_1_31' title="bbox 2221 1721 3816 1796; baseline 0.005 -20"><span class='ocrx_word' id='word_1_210' title='bbox 2221 1731 2365 1776; x_wconf 86' lang='lat' dir='ltr'><strong>esset</strong></span> <span class='ocrx_word' id='word_1_211' title='bbox 2393 1721 2514 1776; x_wconf 64' lang='lat' dir='ltr'><strong>vitae</strong></span> <span class='ocrx_word' id='word_1_212' title='bbox 2547 1723 2873 1778; x_wconf 86' lang='lat' dir='ltr'><strong>multorum?</strong></span> <span class='ocrx_word' id='word_1_213' title='bbox 2909 1724 3062 1780; x_wconf 79' lang='lat' dir='ltr'><strong>Alius</strong></span> <span class='ocrx_word' id='word_1_214' title='bbox 3105 1723 3316 1780; x_wconf 88' lang='lat' dir='ltr'><strong>culmen</strong></span> <span class='ocrx_word' id='word_1_215' title='bbox 3347 1729 3638 1796; x_wconf 88' lang='lat' dir='ltr'><strong>potestatis</strong></span> <span class='ocrx_word' id='word_1_216' title='bbox 3669 1744 3816 1784; x_wconf 83' lang='lat' dir='ltr'><strong>asse-</strong></span> 
     </span>
    </p>
   </div>
   <div class='ocr_carea' id='block_1_32' title="bbox 2225 1813 3818 1884">
    <p class='ocr_par' dir='ltr' id='par_1_32' title="bbox 2225 1813 3818 1884">
     <span class='ocr_line' id='line_1_32' title="bbox 2225 1813 3818 1884; baseline 0.006 -18"><span class='ocrx_word' id='word_1_217' title='bbox 2225 1813 2428 1882; x_wconf 87' lang='lat' dir='ltr'><strong>quitur,</strong></span> <span class='ocrx_word' id='word_1_218' title='bbox 2465 1813 2558 1884; x_wconf 87' lang='lat' dir='ltr'><strong>qui</strong></span> <span class='ocrx_word' id='word_1_219' title='bbox 2579 1813 2796 1868; x_wconf 88' lang='lat' dir='ltr'><strong>nonnisi</strong></span> <span class='ocrx_word' id='word_1_220' title='bbox 2823 1813 3020 1870; x_wconf 69' lang='lat' dir='ltr'><strong>laedere</strong></span> <span class='ocrx_word' id='word_1_221' title='bbox 3047 1815 3404 1882; x_wconf 88' lang='lat' dir='ltr'><strong>studet,alius</strong></span> <span class='ocrx_word' id='word_1_222' title='bbox 3433 1819 3818 1876; x_wconf 73' lang='lat' dir='ltr'><strong>mntumrnodo</strong></span> 
     </span>
    </p>
   </div>
   <div class='ocr_carea' id='block_1_33' title="bbox 535 1877 3814 1986">
    <p class='ocr_par' dir='ltr' id='par_1_33' title="bbox 535 1877 3814 1986">
     <span class='ocr_line' id='line_1_33' title="bbox 535 1877 3814 1986; baseline 0.002 -45"><span class='ocrx_word' id='word_1_223' title='bbox 535 1889 684 1959; x_wconf 68' lang='lat' dir='ltr'><strong>piatis</strong></span> <span class='ocrx_word' id='word_1_224' title='bbox 707 1901 806 1940; x_wconf 83' lang='lat' dir='ltr'><strong>me.</strong></span> <span class='ocrx_word' id='word_1_225' title='bbox 821 1883 970 1938; x_wconf 75' lang='lat' dir='ltr'><strong>Alius</strong></span> <span class='ocrx_word' id='word_1_226' title='bbox 983 1885 1144 1938; x_wconf 78' lang='lat' dir='ltr'><strong>veniet</strong></span> <span class='ocrx_word' id='word_1_227' title='bbox 1167 1884 1222 1936; x_wconf 83' lang='lat' dir='ltr'><strong>in</strong></span> <span class='ocrx_word' id='word_1_228' title='bbox 1245 1883 1452 1936; x_wconf 80' lang='lat' dir='ltr'><strong>nomine</strong></span> <span class='ocrx_word' id='word_1_229' title='bbox 1471 1899 1586 1986; x_wconf 76' lang='lat' dir='ltr'><strong>suo,</strong></span> <span class='ocrx_word' id='word_1_230' title='bbox 1609 1879 1758 1986; x_wconf 63' lang='lat' dir='ltr'><strong>illum</strong></span> <span class='ocrx_word' id='word_1_231' title='bbox 1781 1879 2120 1986; x_wconf 46' lang='lat' dir='ltr'><strong>[al.Lipsum].</strong></span> <span class='ocrx_word' id='word_1_232' title='bbox 2153 1877 2198 1938; x_wconf 89' lang='lat' dir='ltr'><strong>B</strong></span> <span class='ocrx_word' id='word_1_233' title='bbox 2227 1877 2382 1962; x_wconf 49' lang='lat'><strong>[2,3505</strong></span> <span class='ocrx_word' id='word_1_234' title='bbox 2416 1877 2708 1964; x_wconf 35' lang='lat' dir='ltr'><strong>agendae</strong></span> <span class='ocrx_word' id='word_1_235' title='bbox 2737 1909 3094 1980; x_wconf 54' lang='lat' dir='ltr'><strong>concupiscit,</strong></span> <span class='ocrx_word' id='word_1_236' title='bbox 3123 1921 3180 1966; x_wconf 67' lang='grc' dir='ltr'><strong>ει</strong></span> <span class='ocrx_word' id='word_1_237' title='bbox 3219 1921 3398 1967; x_wconf 52' lang='lat' dir='ltr'><strong>tamen</strong></span> <span class='ocrx_word' id='word_1_238' title='bbox 3441 1913 3562 1984; x_wconf 59' lang='lat' dir='ltr'><strong>ipse</strong></span> <span class='ocrx_word' id='word_1_239' title='bbox 3587 1929 3814 1986; x_wconf 37' lang='lat' dir='ltr'><strong>opma?</strong></span> 
     </span>
    </p>
   </div>
   <div class='ocr_carea' id='block_1_34' title="bbox 537 1973 2120 2048">
    <p class='ocr_par' dir='ltr' id='par_1_34' title="bbox 537 1973 2120 2048">
     <span class='ocr_line' id='line_1_34' title="bbox 537 1973 2120 2048; baseline -0.003 -14"><span class='ocrx_word' id='word_1_240' title='bbox 537 1979 800 2048; x_wconf 74' lang='lat' dir='ltr'><strong>accipietis</strong></span> <span class='ocrx_word' id='word_1_241' title='bbox 823 1975 1008 2048; x_wconf 83' lang='lat' dir='ltr'><strong>(Joan.</strong></span> <span class='ocrx_word' id='word_1_242' title='bbox 1041 1991 1090 2038; x_wconf 85' lang='lat' dir='ltr'><strong>v,</strong></span> <span class='ocrx_word' id='word_1_243' title='bbox 1115 1975 1228 2044; x_wconf 72' lang='lat'><strong>45).</strong></span> <span class='ocrx_word' id='word_1_244' title='bbox 1257 1975 1394 2029; x_wconf 86' lang='lat' dir='ltr'><strong>Hinc</strong></span> <span class='ocrx_word' id='word_1_245' title='bbox 1421 1973 1624 2029; x_wconf 83' lang='lat' dir='ltr'><strong>Paulus</strong></span> <span class='ocrx_word' id='word_1_246' title='bbox 1655 1975 1788 2028; x_wconf 86' lang='lat' dir='ltr'><strong>dicit</strong></span> <span class='ocrx_word' id='word_1_247' title='bbox 1819 1993 1832 2028; x_wconf 86' lang='lat'><strong>:</strong></span> <span class='ocrx_word' id='word_1_248' title='bbox 1871 1975 1952 2028; x_wconf 83' lang='lat' dir='ltr'><strong>Eo</strong></span> <span class='ocrx_word' id='word_1_249' title='bbox 1979 1977 2120 2042; x_wconf 81' lang='lat' dir='ltr'><strong>quod</strong></span> 
     </span>
    </p>
   </div>
   <div class='ocr_carea' id='block_1_35' title="bbox 537 2065 2113 2136">
    <p class='ocr_par' dir='ltr' id='par_1_35' title="bbox 537 2065 2113 2136">
     <span class='ocr_line' id='line_1_35' title="bbox 537 2065 2113 2136; baseline -0.003 -11"><span class='ocrx_word' id='word_1_250' title='bbox 537 2071 844 2125; x_wconf 65' lang='lat' dir='ltr'><strong>maritalem</strong></span> <span class='ocrx_word' id='word_1_251' title='bbox 887 2069 1122 2122; x_wconf 79' lang='lat' dir='ltr'><strong>veritatis</strong></span> <span class='ocrx_word' id='word_1_252' title='bbox 1157 2083 1264 2120; x_wconf 79' lang='lat' dir='ltr'><strong>non</strong></span> <span class='ocrx_word' id='word_1_253' title='bbox 1305 2077 1620 2136; x_wconf 82' lang='lat' dir='ltr'><strong>receperunt,</strong></span> <span class='ocrx_word' id='word_1_254' title='bbox 1667 2077 1718 2120; x_wconf 85' lang='lat' dir='ltr'><strong>ut</strong></span> <span class='ocrx_word' id='word_1_255' title='bbox 1753 2065 1884 2120; x_wconf 68' lang='lat' dir='ltr'><strong>salvi</strong></span> <span class='ocrx_word' id='word_1_256' title='bbox 1913 2067 2113 2136; x_wconf 78' lang='lat' dir='ltr'><strong>ﬁerent,</strong></span> 
     </span>
    </p>
   </div>
   <div class='ocr_carea' id='block_1_36' title="bbox 537 2157 2118 2226">
    <p class='ocr_par' dir='ltr' id='par_1_36' title="bbox 537 2157 2118 2226">
     <span class='ocr_line' id='line_1_36' title="bbox 537 2157 2118 2226; baseline -0.001 -12"><span class='ocrx_word' id='word_1_257' title='bbox 537 2161 652 2214; x_wconf 82' lang='lat' dir='ltr'><strong>ideo</strong></span> <span class='ocrx_word' id='word_1_258' title='bbox 675 2159 836 2214; x_wconf 80' lang='lat' dir='ltr'><strong>mittet</strong></span> <span class='ocrx_word' id='word_1_259' title='bbox 859 2157 966 2212; x_wconf 77' lang='lat' dir='ltr'><strong>illis</strong></span> <span class='ocrx_word' id='word_1_260' title='bbox 993 2157 1136 2212; x_wconf 82' lang='lat' dir='ltr'><strong>Deus</strong></span> <span class='ocrx_word' id='word_1_261' title='bbox 1175 2158 1526 2226; x_wconf 80' lang='lat' dir='ltr'><strong>operationem</strong></span> <span class='ocrx_word' id='word_1_262' title='bbox 1555 2157 1770 2222; x_wconf 85' lang='lat' dir='ltr'><strong>erroris,</strong></span> <span class='ocrx_word' id='word_1_263' title='bbox 1801 2167 1854 2210; x_wconf 78' lang='lat' dir='ltr'><strong>ut</strong></span> <span class='ocrx_word' id='word_1_264' title='bbox 1905 2159 2118 2212; x_wconf 81' lang='lat' dir='ltr'><strong>credant</strong></span> 
     </span>
    </p>
   </div>
   <div class='ocr_carea' id='block_1_37' title="bbox 471 2235 2117 2320">
    <p class='ocr_par' dir='ltr' id='par_1_37' title="bbox 471 2235 2117 2320">
     <span class='ocr_line' id='line_1_37' title="bbox 471 2235 2117 2320; baseline -0.001 -14"><span class='ocrx_word' id='word_1_265' title='bbox 471 2255 478 2260; x_wconf 75' lang='grc'><strong><em>“</em></strong></span> <span class='ocrx_word' id='word_1_266' title='bbox 535 2235 828 2314; x_wconf 77' lang='lat' dir='ltr'><strong>mendacio,</strong></span> <span class='ocrx_word' id='word_1_267' title='bbox 857 2261 912 2303; x_wconf 80' lang='lat' dir='ltr'><strong>ut</strong></span> <span class='ocrx_word' id='word_1_268' title='bbox 945 2249 1254 2318; x_wconf 80' lang='lat' dir='ltr'><strong>judicentur</strong></span> <span class='ocrx_word' id='word_1_269' title='bbox 1281 2265 1460 2302; x_wconf 79' lang='lat' dir='ltr'><strong>omnes</strong></span> <span class='ocrx_word' id='word_1_270' title='bbox 1501 2251 1590 2320; x_wconf 84' lang='lat' dir='ltr'><strong>qui</strong></span> <span class='ocrx_word' id='word_1_271' title='bbox 1638 2267 1740 2302; x_wconf 86' lang='lat' dir='ltr'><strong>non</strong></span> <span class='ocrx_word' id='word_1_272' title='bbox 1783 2251 2117 2306; x_wconf 81' lang='lat' dir='ltr'><strong>crediderunt</strong></span> 
     </span>
    </p>
   </div>
   <div class='ocr_carea' id='block_1_38' title="bbox 529 2337 2114 2409">
    <p class='ocr_par' dir='ltr' id='par_1_38' title="bbox 529 2337 2114 2409">
     <span class='ocr_line' id='line_1_38' title="bbox 529 2337 2114 2409; baseline 0.003 -19"><span class='ocrx_word' id='word_1_273' title='bbox 529 2339 764 2404; x_wconf 62' lang='lat' dir='ltr'><strong>ueritati,</strong></span> <span class='ocrx_word' id='word_1_274' title='bbox 797 2337 888 2392; x_wconf 80' lang='lat' dir='ltr'><strong>sed</strong></span> <span class='ocrx_word' id='word_1_275' title='bbox 923 2347 1292 2392; x_wconf 77' lang='lat' dir='ltr'><strong>consenserunt</strong></span> <span class='ocrx_word' id='word_1_276' title='bbox 1341 2339 1608 2408; x_wconf 80' lang='lat' dir='ltr'><strong>iniquitati</strong></span> <span class='ocrx_word' id='word_1_277' title='bbox 1645 2337 1696 2409; x_wconf 83' lang='grc'><strong>(1</strong></span> <span class='ocrx_word' id='word_1_278' title='bbox 1705 2338 1728 2390; x_wconf 90' lang='grc' dir='ltr'><strong><em>Ι</em></strong></span> <span class='ocrx_word' id='word_1_279' title='bbox 1759 2339 1908 2392; x_wconf 84' lang='lat' dir='ltr'><strong>Thes.</strong></span> <span class='ocrx_word' id='word_1_280' title='bbox 1937 2355 1996 2405; x_wconf 83' lang='grc' dir='ltr'><strong>ιι,</strong></span> <span class='ocrx_word' id='word_1_281' title='bbox 2029 2341 2114 2406; x_wconf 80' lang='grc'><strong>10,</strong></span> 
     </span>
    </p>
   </div>
   <div class='ocr_carea' id='block_1_39' title="bbox 535 2429 2114 2502">
    <p class='ocr_par' dir='ltr' id='par_1_39' title="bbox 535 2429 2114 2502">
     <span class='ocr_line' id='line_1_39' title="bbox 535 2429 2114 2502; baseline 0.001 -18"><span class='ocrx_word' id='word_1_282' title='bbox 535 2429 648 2499; x_wconf 89' lang='grc'><strong>11).</strong></span> <span class='ocrx_word' id='word_1_283' title='bbox 673 2429 1024 2500; x_wconf 81' lang='lat' dir='ltr'><strong>Nequaquam</strong></span> <span class='ocrx_word' id='word_1_284' title='bbox 1053 2443 1184 2498; x_wconf 81' lang='lat' dir='ltr'><strong>ergo</strong></span> <span class='ocrx_word' id='word_1_285' title='bbox 1205 2443 1370 2498; x_wconf 89' lang='lat' dir='ltr'><strong>super</strong></span> <span class='ocrx_word' id='word_1_286' title='bbox 1391 2443 1488 2484; x_wconf 90' lang='lat' dir='ltr'><strong>eos</strong></span> <span class='ocrx_word' id='word_1_287' title='bbox 1509 2429 1714 2500; x_wconf 78' lang='lat' dir='ltr'><strong>Vesper</strong></span> <span class='ocrx_word' id='word_1_288' title='bbox 1743 2441 2114 2502; x_wconf 81' lang='lat' dir='ltr'><strong>consurgeret,</strong></span> 
     </span>
    </p>
   </div>
   <div class='ocr_carea' id='block_1_40' title="bbox 535 2519 2116 2592">
    <p class='ocr_par' dir='ltr' id='par_1_40' title="bbox 535 2519 2116 2592">
     <span class='ocr_line' id='line_1_40' title="bbox 535 2519 2116 2592; baseline 0 -16"><span class='ocrx_word' id='word_1_289' title='bbox 535 2519 726 2576; x_wconf 66' lang='lat' dir='ltr'><strong>sicani</strong></span> <span class='ocrx_word' id='word_1_290' title='bbox 771 2519 866 2574; x_wconf 88' lang='lat' dir='ltr'><strong>ﬁlii</strong></span> <span class='ocrx_word' id='word_1_291' title='bbox 903 2533 1024 2576; x_wconf 86' lang='lat' dir='ltr'><strong>esse</strong></span> <span class='ocrx_word' id='word_1_292' title='bbox 1067 2519 1394 2585; x_wconf 87' lang='lat' dir='ltr'><strong>voluissent;</strong></span> <span class='ocrx_word' id='word_1_293' title='bbox 1443 2521 1538 2576; x_wconf 91' lang='lat' dir='ltr'><strong>sed</strong></span> <span class='ocrx_word' id='word_1_294' title='bbox 1575 2521 1700 2574; x_wconf 93' lang='lat' dir='ltr'><strong>dum</strong></span> <span class='ocrx_word' id='word_1_295' title='bbox 1743 2521 1976 2576; x_wconf 76' lang='lat' dir='ltr'><strong>visibilis</strong></span> <span class='ocrx_word' id='word_1_296' title='bbox 2023 2539 2116 2592; x_wconf 86' lang='lat' dir='ltr'><strong>ap-</strong></span> 
     </span>
    </p>
   </div>
   <div class='ocr_carea' id='block_1_41' title="bbox 533 2609 2118 2683">
    <p class='ocr_par' dir='ltr' id='par_1_41' title="bbox 533 2609 2118 2683">
     <span class='ocr_line' id='line_1_41' title="bbox 533 2609 2118 2683; baseline -0.001 -17"><span class='ocrx_word' id='word_1_297' title='bbox 533 2619 724 2683; x_wconf 87' lang='lat' dir='ltr'><strong>petunt</strong></span> <span class='ocrx_word' id='word_1_298' title='bbox 753 2609 952 2666; x_wconf 57' lang='lat' dir='ltr'><strong>auxisse</strong></span> <span class='ocrx_word' id='word_1_299' title='bbox 983 2609 1164 2664; x_wconf 85' lang='lat' dir='ltr'><strong>cordis</strong></span> <span class='ocrx_word' id='word_1_300' title='bbox 1199 2609 1420 2674; x_wconf 84' lang='lat' dir='ltr'><strong>lumine,</strong></span> <span class='ocrx_word' id='word_1_301' title='bbox 1451 2609 1550 2664; x_wconf 90' lang='lat' dir='ltr'><strong>sub</strong></span> <span class='ocrx_word' id='word_1_302' title='bbox 1577 2612 1754 2664; x_wconf 85' lang='lat' dir='ltr'><strong>noctis</strong></span> <span class='ocrx_word' id='word_1_303' title='bbox 1779 2611 1916 2666; x_wconf 89' lang='lat' dir='ltr'><strong>duce</strong></span> <span class='ocrx_word' id='word_1_304' title='bbox 1969 2621 2118 2666; x_wconf 82' lang='lat' dir='ltr'><strong>tene-</strong></span> 
     </span>
    </p>
   </div>
   <div class='ocr_carea' id='block_1_42' title="bbox 531 2700 2116 2773">
    <p class='ocr_par' dir='ltr' id='par_1_42' title="bbox 531 2700 2116 2773">
     <span class='ocr_line' id='line_1_42' title="bbox 531 2700 2116 2773; baseline 0.001 -17"><span class='ocrx_word' id='word_1_305' title='bbox 531 2703 810 2762; x_wconf 84' lang='lat' dir='ltr'><strong>brescunt.</strong></span> <span class='ocrx_word' id='word_1_306' title='bbox 839 2701 992 2768; x_wconf 86' lang='lat' dir='ltr'><strong>Quod</strong></span> <span class='ocrx_word' id='word_1_307' title='bbox 1021 2709 1202 2754; x_wconf 84' lang='lat' dir='ltr'><strong>tamen</strong></span> <span class='ocrx_word' id='word_1_308' title='bbox 1227 2701 1272 2754; x_wconf 87' lang='lat' dir='ltr'><strong>si</strong></span> <span class='ocrx_word' id='word_1_309' title='bbox 1303 2700 1582 2754; x_wconf 84' lang='lat' dir='ltr'><strong>moraliter</strong></span> <span class='ocrx_word' id='word_1_310' title='bbox 1607 2701 1948 2768; x_wconf 84' lang='lat' dir='ltr'><strong>discutimus,</strong></span> <span class='ocrx_word' id='word_1_311' title='bbox 1981 2719 2116 2773; x_wconf 89' lang='lat' dir='ltr'><strong>quo-</strong></span> 
     </span>
    </p>
   </div>
   <div class='ocr_carea' id='block_1_43' title="bbox 533 2791 2114 2864">
    <p class='ocr_par' dir='ltr' id='par_1_43' title="bbox 533 2791 2114 2864">
     <span class='ocr_line' id='line_1_43' title="bbox 533 2791 2114 2864; baseline -0.001 -12"><span class='ocrx_word' id='word_1_312' title='bbox 533 2793 694 2852; x_wconf 83' lang='lat' dir='ltr'><strong>modo</strong></span> <span class='ocrx_word' id='word_1_313' title='bbox 723 2793 966 2864; x_wconf 84' lang='lat' dir='ltr'><strong>quotidie</strong></span> <span class='ocrx_word' id='word_1_314' title='bbox 1001 2801 1192 2863; x_wconf 80' lang='lat' dir='ltr'><strong>agatur</strong></span> <span class='ocrx_word' id='word_1_315' title='bbox 1233 2793 1558 2847; x_wconf 86' lang='lat' dir='ltr'><strong>invenimus.</strong></span> <span class='ocrx_word' id='word_1_316' title='bbox 1601 2791 1738 2860; x_wconf 86' lang='lat' dir='ltr'><strong>Quia</strong></span> <span class='ocrx_word' id='word_1_317' title='bbox 1779 2794 2032 2848; x_wconf 86' lang='lat' dir='ltr'><strong>nimirum</strong></span> <span class='ocrx_word' id='word_1_318' title='bbox 2059 2807 2114 2850; x_wconf 87' lang='lat' dir='ltr'><strong>et</strong></span> 
     </span>
    </p>
   </div>
   <div class='ocr_carea' id='block_1_44' title="bbox 531 2884 2116 2958">
    <p class='ocr_par' dir='ltr' id='par_1_44' title="bbox 531 2884 2116 2958">
     <span class='ocr_line' id='line_1_44' title="bbox 531 2884 2116 2958; baseline 0.003 -20"><span class='ocrx_word' id='word_1_319' title='bbox 531 2885 724 2942; x_wconf 87' lang='lat' dir='ltr'><strong>electis</strong></span> <span class='ocrx_word' id='word_1_320' title='bbox 753 2884 974 2940; x_wconf 83' lang='lat' dir='ltr'><strong>Lucifer</strong></span> <span class='ocrx_word' id='word_1_321' title='bbox 1001 2886 1194 2952; x_wconf 88' lang='lat' dir='ltr'><strong>oritur,</strong></span> <span class='ocrx_word' id='word_1_322' title='bbox 1221 2893 1274 2940; x_wconf 88' lang='lat' dir='ltr'><strong>et</strong></span> <span class='ocrx_word' id='word_1_323' title='bbox 1319 2901 1510 2956; x_wconf 84' lang='lat' dir='ltr'><strong>vesper</strong></span> <span class='ocrx_word' id='word_1_324' title='bbox 1553 2887 1796 2956; x_wconf 86' lang='lat' dir='ltr'><strong>reprobis</strong></span> <span class='ocrx_word' id='word_1_325' title='bbox 1843 2887 1954 2940; x_wconf 88' lang='lat' dir='ltr'><strong>Deo</strong></span> <span class='ocrx_word' id='word_1_326' title='bbox 1991 2905 2116 2958; x_wconf 89' lang='lat' dir='ltr'><strong>per-</strong></span> 
     </span>
    </p>
   </div>
   <div class='ocr_carea' id='block_1_45' title="bbox 529 2977 2112 3050">
    <p class='ocr_par' dir='ltr' id='par_1_45' title="bbox 529 2977 2112 3050">
     <span class='ocr_line' id='line_1_45' title="bbox 529 2977 2112 3050; baseline 0.003 -18"><span class='ocrx_word' id='word_1_327' title='bbox 529 2978 780 3032; x_wconf 85' lang='lat' dir='ltr'><strong>mittente</strong></span> <span class='ocrx_word' id='word_1_328' title='bbox 807 2977 1134 3032; x_wconf 87' lang='lat' dir='ltr'><strong>dominatur.</strong></span> <span class='ocrx_word' id='word_1_329' title='bbox 1171 2977 1318 3032; x_wconf 74' lang='lat' dir='ltr'><strong>Unus</strong></span> <span class='ocrx_word' id='word_1_330' title='bbox 1351 2983 1498 3032; x_wconf 89' lang='lat' dir='ltr'><strong>enim</strong></span> <span class='ocrx_word' id='word_1_331' title='bbox 1535 2987 1698 3050; x_wconf 88' lang='lat' dir='ltr'><strong>atque</strong></span> <span class='ocrx_word' id='word_1_332' title='bbox 1743 2980 1882 3034; x_wconf 90' lang='lat' dir='ltr'><strong>idem</strong></span> <span class='ocrx_word' id='word_1_333' title='bbox 1933 2993 2112 3036; x_wconf 82' lang='lat' dir='ltr'><strong>sermo</strong></span> 
     </span>
    </p>
   </div>
   <div class='ocr_carea' id='block_1_46' title="bbox 529 3065 2108 3142">
    <p class='ocr_par' dir='ltr' id='par_1_46' title="bbox 529 3065 2108 3142">
     <span class='ocr_line' id='line_1_46' title="bbox 529 3065 2108 3142; baseline 0.006 -23"><span class='ocrx_word' id='word_1_334' title='bbox 529 3065 624 3126; x_wconf 70' lang='lat' dir='ltr'><strong>Dei</strong></span> <span class='ocrx_word' id='word_1_335' title='bbox 645 3066 698 3120; x_wconf 89' lang='lat' dir='ltr'><strong>in</strong></span> <span class='ocrx_word' id='word_1_336' title='bbox 729 3075 810 3124; x_wconf 84' lang='lat' dir='ltr'><strong>est</strong></span> <span class='ocrx_word' id='word_1_337' title='bbox 835 3081 942 3122; x_wconf 85' lang='lat' dir='ltr'><strong>ore</strong></span> <span class='ocrx_word' id='word_1_338' title='bbox 961 3069 1304 3136; x_wconf 68' lang='lat' dir='ltr'><strong>praedicantis</strong></span> <span class='ocrx_word' id='word_1_339' title='bbox 1331 3085 1520 3139; x_wconf 87' lang='lat' dir='ltr'><strong>:quem</strong></span> <span class='ocrx_word' id='word_1_340' title='bbox 1537 3069 1664 3123; x_wconf 90' lang='lat' dir='ltr'><strong>dum</strong></span> <span class='ocrx_word' id='word_1_341' title='bbox 1693 3071 1780 3125; x_wconf 88' lang='lat' dir='ltr'><strong>isti</strong></span> <span class='ocrx_word' id='word_1_342' title='bbox 1807 3071 2108 3142; x_wconf 79' lang='lat' dir='ltr'><strong>gaudendo,</strong></span> 
     </span>
    </p>
   </div>
   <div class='ocr_carea' id='block_1_47' title="bbox 529 3159 2110 3226">
    <p class='ocr_par' dir='ltr' id='par_1_47' title="bbox 529 3159 2110 3226">
     <span class='ocr_line' id='line_1_47' title="bbox 529 3159 2110 3226; baseline 0.003 -10"><span class='ocrx_word' id='word_1_343' title='bbox 529 3159 608 3216; x_wconf 85' lang='lat' dir='ltr'><strong>illi</strong></span> <span class='ocrx_word' id='word_1_344' title='bbox 629 3173 758 3214; x_wconf 83' lang='lat' dir='ltr'><strong>vero</strong></span> <span class='ocrx_word' id='word_1_345' title='bbox 781 3159 1072 3214; x_wconf 82' lang='lat' dir='ltr'><strong>invidendo</strong></span> <span class='ocrx_word' id='word_1_346' title='bbox 1098 3161 1344 3226; x_wconf 87' lang='lat' dir='ltr'><strong>audiunt,</strong></span> <span class='ocrx_word' id='word_1_347' title='bbox 1397 3161 1702 3216; x_wconf 85' lang='lat' dir='ltr'><strong>claritatem</strong></span> <span class='ocrx_word' id='word_1_348' title='bbox 1746 3163 1981 3218; x_wconf 81' lang='lat' dir='ltr'><strong>Luciferi</strong></span> <span class='ocrx_word' id='word_1_349' title='bbox 2007 3167 2110 3220; x_wconf 86' lang='lat' dir='ltr'><strong>sibi</strong></span> 
     </span>
    </p>
   </div>
   <div class='ocr_carea' id='block_1_48' title="bbox 531 3248 2112 3318">
    <p class='ocr_par' dir='ltr' id='par_1_48' title="bbox 531 3248 2112 3318">
     <span class='ocr_line' id='line_1_48' title="bbox 531 3248 2112 3318; baseline 0.004 -16"><span class='ocrx_word' id='word_1_350' title='bbox 531 3248 586 3306; x_wconf 90' lang='lat' dir='ltr'><strong>in</strong></span> <span class='ocrx_word' id='word_1_351' title='bbox 631 3249 844 3318; x_wconf 83' lang='lat' dir='ltr'><strong>vesperi</strong></span> <span class='ocrx_word' id='word_1_352' title='bbox 899 3251 1146 3306; x_wconf 86' lang='lat' dir='ltr'><strong>tenebras</strong></span> <span class='ocrx_word' id='word_1_353' title='bbox 1195 3259 1436 3305; x_wconf 88' lang='lat' dir='ltr'><strong>vertunt.</strong></span> <span class='ocrx_word' id='word_1_354' title='bbox 1497 3253 1630 3306; x_wconf 86' lang='lat' dir='ltr'><strong>Dum</strong></span> <span class='ocrx_word' id='word_1_355' title='bbox 1691 3253 1784 3307; x_wconf 88' lang='lat' dir='ltr'><strong>isti</strong></span> <span class='ocrx_word' id='word_1_356' title='bbox 1833 3253 2112 3309; x_wconf 85' lang='lat' dir='ltr'><strong>lmmiliter</strong></span> 
     </span>
    </p>
   </div>
   <div class='ocr_carea' id='block_1_49' title="bbox 529 3341 2110 3412">
    <p class='ocr_par' dir='ltr' id='par_1_49' title="bbox 529 3341 2110 3412">
     <span class='ocr_line' id='line_1_49' title="bbox 529 3341 2110 3412; baseline 0.004 -20"><span class='ocrx_word' id='word_1_357' title='bbox 529 3353 716 3398; x_wconf 78' lang='lat' dir='ltr'><strong>vocem</strong></span> <span class='ocrx_word' id='word_1_358' title='bbox 739 3350 940 3396; x_wconf 73' lang='lat' dir='ltr'><strong>sancta:</strong></span> <span class='ocrx_word' id='word_1_359' title='bbox 951 3341 1348 3411; x_wconf 57' lang='lat' dir='ltr'><strong>praedicationis</strong></span> <span class='ocrx_word' id='word_1_360' title='bbox 1373 3343 1650 3412; x_wconf 87' lang='lat' dir='ltr'><strong>accipiunt</strong></span> <span class='ocrx_word' id='word_1_361' title='bbox 1671 3345 1824 3412; x_wconf 86' lang='lat' dir='ltr'><strong>quasi</strong></span> <span class='ocrx_word' id='word_1_362' title='bbox 1847 3343 1926 3396; x_wconf 85' lang='lat' dir='ltr'><strong>ad</strong></span> <span class='ocrx_word' id='word_1_363' title='bbox 1939 3343 2110 3399; x_wconf 72' lang='lat' dir='ltr'><strong>stellae</strong></span> 
     </span>
    </p>
   </div>
   <div class='ocr_carea' id='block_1_50' title="bbox 529 3429 2112 3502">
    <p class='ocr_par' dir='ltr' id='par_1_50' title="bbox 529 3429 2112 3502">
     <span class='ocr_line' id='line_1_50' title="bbox 529 3429 2112 3502; baseline 0.004 -18"><span class='ocrx_word' id='word_1_364' title='bbox 529 3429 704 3488; x_wconf 83' lang='lat' dir='ltr'><strong>lucem</strong></span> <span class='ocrx_word' id='word_1_365' title='bbox 729 3431 916 3488; x_wconf 86' lang='lat' dir='ltr'><strong>oculos</strong></span> <span class='ocrx_word' id='word_1_366' title='bbox 945 3433 1126 3488; x_wconf 87' lang='lat' dir='ltr'><strong>cordis</strong></span> <span class='ocrx_word' id='word_1_367' title='bbox 1151 3432 1430 3502; x_wconf 87' lang='lat' dir='ltr'><strong>aperiunt;</strong></span> <span class='ocrx_word' id='word_1_368' title='bbox 1459 3433 1602 3488; x_wconf 87' lang='lat' dir='ltr'><strong>.dum</strong></span> <span class='ocrx_word' id='word_1_369' title='bbox 1631 3449 1758 3488; x_wconf 88' lang='lat' dir='ltr'><strong>vero</strong></span> <span class='ocrx_word' id='word_1_370' title='bbox 1783 3434 1858 3490; x_wconf 87' lang='lat' dir='ltr'><strong>illi</strong></span> <span class='ocrx_word' id='word_1_371' title='bbox 1889 3435 2112 3490; x_wconf 86' lang='lat' dir='ltr'><strong>benedi-</strong></span> 
     </span>
    </p>
   </div>
   <div class='ocr_carea' id='block_1_51' title="bbox 529 3517 2112 3590">
    <p class='ocr_par' dir='ltr' id='par_1_51' title="bbox 529 3517 2112 3590">
     <span class='ocr_line' id='line_1_51' title="bbox 529 3517 2112 3590; baseline 0.004 -14"><span class='ocrx_word' id='word_1_372' title='bbox 529 3523 672 3584; x_wconf 80' lang='lat' dir='ltr'><strong>centi</strong></span> <span class='ocrx_word' id='word_1_373' title='bbox 701 3517 962 3586; x_wconf 81' lang='lat' dir='ltr'><strong>invident,</strong></span> <span class='ocrx_word' id='word_1_374' title='bbox 1007 3533 1060 3580; x_wconf 89' lang='lat' dir='ltr'><strong>et</strong></span> <span class='ocrx_word' id='word_1_375' title='bbox 1091 3541 1198 3578; x_wconf 88' lang='lat' dir='ltr'><strong>non</strong></span> <span class='ocrx_word' id='word_1_376' title='bbox 1221 3523 1412 3578; x_wconf 85' lang='lat' dir='ltr'><strong>salutis</strong></span> <span class='ocrx_word' id='word_1_377' title='bbox 1453 3529 1696 3590; x_wconf 86' lang='lat' dir='ltr'><strong>causam,</strong></span> <span class='ocrx_word' id='word_1_378' title='bbox 1729 3527 2112 3582; x_wconf 83' lang='lat' dir='ltr'><strong>sedelationis</strong></span> 
     </span>
    </p>
   </div>
   <div class='ocr_carea' id='block_1_52' title="bbox 527 3613 2108 3684">
    <p class='ocr_par' dir='ltr' id='par_1_52' title="bbox 527 3613 2108 3684">
     <span class='ocr_line' id='line_1_52' title="bbox 527 3613 2108 3684; baseline 0.003 -18"><span class='ocrx_word' id='word_1_379' title='bbox 527 3613 752 3683; x_wconf 73' lang='lat' dir='ltr'><strong>gloriam</strong></span> <span class='ocrx_word' id='word_1_380' title='bbox 801 3621 1076 3684; x_wconf 71' lang='lat' dir='ltr'><strong>quaerunt,</strong></span> <span class='ocrx_word' id='word_1_381' title='bbox 1121 3621 1508 3684; x_wconf 84' lang='lat' dir='ltr'><strong>prorumpcnte</strong></span> <span class='ocrx_word' id='word_1_382' title='bbox 1559 3617 1844 3684; x_wconf 85' lang='lat' dir='ltr'><strong>iniquitate</strong></span> <span class='ocrx_word' id='word_1_383' title='bbox 1883 3633 1980 3672; x_wconf 87' lang='lat' dir='ltr'><strong>sua</strong></span> <span class='ocrx_word' id='word_1_384' title='bbox 2013 3631 2108 3671; x_wconf 83' lang='lat' dir='ltr'><strong>ve-</strong></span> 
     </span>
    </p>
   </div>
   <div class='ocr_carea' id='block_1_53' title="bbox 527 3704 2110 3774">
    <p class='ocr_par' dir='ltr' id='par_1_53' title="bbox 527 3704 2110 3774">
     <span class='ocr_line' id='line_1_53' title="bbox 527 3704 2110 3774; baseline 0.004 -16"><span class='ocrx_word' id='word_1_385' title='bbox 527 3719 702 3774; x_wconf 79' lang='lat' dir='ltr'><strong>spere,</strong></span> <span class='ocrx_word' id='word_1_386' title='bbox 759 3705 812 3758; x_wconf 86' lang='lat' dir='ltr'><strong>in</strong></span> <span class='ocrx_word' id='word_1_387' title='bbox 845 3719 1092 3760; x_wconf 86' lang='lat' dir='ltr'><strong>somnum</strong></span> <span class='ocrx_word' id='word_1_388' title='bbox 1135 3704 1326 3762; x_wconf 84' lang='lat' dir='ltr'><strong>mortis</strong></span> <span class='ocrx_word' id='word_1_389' title='bbox 1355 3705 1540 3762; x_wconf 89' lang='lat' dir='ltr'><strong>oculos</strong></span> <span class='ocrx_word' id='word_1_390' title='bbox 1571 3706 1846 3762; x_wconf 87' lang='lat' dir='ltr'><strong>claudum.</strong></span> <span class='ocrx_word' id='word_1_391' title='bbox 1889 3707 1992 3762; x_wconf 87' lang='lat' dir='ltr'><strong>Per</strong></span> <span class='ocrx_word' id='word_1_392' title='bbox 2019 3723 2110 3764; x_wconf 85' lang='lat' dir='ltr'><strong>oc-</strong></span> 
     </span>
    </p>
   </div>
   <div class='ocr_carea' id='block_1_54' title="bbox 529 3797 2112 3872">
    <p class='ocr_par' dir='ltr' id='par_1_54' title="bbox 529 3797 2112 3872">
     <span class='ocr_line' id='line_1_54' title="bbox 529 3797 2112 3872; baseline 0.004 -22"><span class='ocrx_word' id='word_1_393' title='bbox 529 3797 728 3864; x_wconf 80' lang='lat' dir='ltr'><strong>cultum</strong></span> <span class='ocrx_word' id='word_1_394' title='bbox 765 3811 896 3868; x_wconf 76' lang='lat' dir='ltr'><strong>ergo</strong></span> <span class='ocrx_word' id='word_1_395' title='bbox 913 3797 1176 3867; x_wconf 86' lang='lat' dir='ltr'><strong>judicium</strong></span> <span class='ocrx_word' id='word_1_396' title='bbox 1211 3797 1274 3864; x_wconf 82' lang='lat' dir='ltr'><strong>is,</strong></span> <span class='ocrx_word' id='word_1_397' title='bbox 1305 3797 1398 3867; x_wconf 87' lang='lat' dir='ltr'><strong>qui</strong></span> <span class='ocrx_word' id='word_1_398' title='bbox 1431 3798 1606 3872; x_wconf 82' lang='lat' dir='ltr'><strong>electo</strong></span> <span class='ocrx_word' id='word_1_399' title='bbox 1635 3797 1868 3872; x_wconf 73' lang='lat' dir='ltr'><strong>[electis]</strong></span> <span class='ocrx_word' id='word_1_400' title='bbox 1899 3810 1984 3856; x_wconf 88' lang='lat' dir='ltr'><strong>est</strong></span> <span class='ocrx_word' id='word_1_401' title='bbox 2004 3799 2112 3856; x_wconf 86' lang='lat' dir='ltr'><strong>Lu-</strong></span> 
     </span>
    </p>
   </div>
   <div class='ocr_carea' id='block_1_55' title="bbox 525 3887 2108 3966">
    <p class='ocr_par' dir='ltr' id='par_1_55' title="bbox 525 3887 2108 3966">
     <span class='ocr_line' id='line_1_55' title="bbox 525 3887 2108 3966; baseline 0.003 -22"><span class='ocrx_word' id='word_1_402' title='bbox 525 3887 682 3954; x_wconf 81' lang='lat' dir='ltr'><strong>cifer,</strong></span> <span class='ocrx_word' id='word_1_403' title='bbox 721 3889 956 3959; x_wconf 76' lang='lat' dir='ltr'><strong>reprobo</strong></span> <span class='ocrx_word' id='word_1_404' title='bbox 987 3889 1220 3946; x_wconf 86' lang='lat' dir='ltr'><strong>auditori</strong></span> <span class='ocrx_word' id='word_1_405' title='bbox 1251 3889 1372 3962; x_wconf 80' lang='lat' dir='ltr'><strong>[ol.,</strong></span> <span class='ocrx_word' id='word_1_406' title='bbox 1399 3891 1644 3962; x_wconf 86' lang='lat' dir='ltr'><strong>reprobis</strong></span> <span class='ocrx_word' id='word_1_407' title='bbox 1663 3893 2020 3966; x_wconf 71' lang='lat' dir='ltr'><strong>auditoribus]</strong></span> <span class='ocrx_word' id='word_1_408' title='bbox 2051 3893 2108 3948; x_wconf 88' lang='lat' dir='ltr'><strong>ﬁt</strong></span> 
     </span>
    </p>
   </div>
   <div class='ocr_carea' id='block_1_56' title="bbox 527 3983 2106 4056">
    <p class='ocr_par' dir='ltr' id='par_1_56' title="bbox 527 3983 2106 4056">
     <span class='ocr_line' id='line_1_56' title="bbox 527 3983 2106 4056; baseline 0.004 -20"><span class='ocrx_word' id='word_1_409' title='bbox 527 3983 880 4054; x_wconf 81' lang='lat' dir='ltr'><strong>vesper,qnia</strong></span> <span class='ocrx_word' id='word_1_410' title='bbox 907 3984 1290 4042; x_wconf 81' lang='lat' dir='ltr'><strong>exhortatione</strong></span> <span class='ocrx_word' id='word_1_411' title='bbox 1311 3995 1526 4052; x_wconf 85' lang='lat' dir='ltr'><strong>sancta,</strong></span> <span class='ocrx_word' id='word_1_412' title='bbox 1551 4001 1656 4056; x_wconf 81' lang='lat' dir='ltr'><strong>qua</strong></span> <span class='ocrx_word' id='word_1_413' title='bbox 1687 3987 1812 4042; x_wconf 88' lang='lat' dir='ltr'><strong>boni</strong></span> <span class='ocrx_word' id='word_1_414' title='bbox 1845 3989 1912 4044; x_wconf 89' lang='lat' dir='ltr'><strong>ad</strong></span> <span class='ocrx_word' id='word_1_415' title='bbox 1939 3989 2106 4043; x_wconf 87' lang='lat' dir='ltr'><strong>vitam</strong></span> 
     </span>
    </p>
   </div>
   <div class='ocr_carea' id='block_1_57' title="bbox 527 4073 2108 4148">
    <p class='ocr_par' dir='ltr' id='par_1_57' title="bbox 527 4073 2108 4148">
     <span class='ocr_line' id='line_1_57' title="bbox 527 4073 2108 4148; baseline 0.004 -20"><span class='ocrx_word' id='word_1_416' title='bbox 527 4073 776 4140; x_wconf 88' lang='lat' dir='ltr'><strong>redeunt,</strong></span> <span class='ocrx_word' id='word_1_417' title='bbox 811 4076 962 4144; x_wconf 85' lang='lat' dir='ltr'><strong>pravi</strong></span> <span class='ocrx_word' id='word_1_418' title='bbox 1009 4075 1247 4132; x_wconf 88' lang='lat' dir='ltr'><strong>deterius</strong></span> <span class='ocrx_word' id='word_1_419' title='bbox 1285 4077 1340 4132; x_wconf 82' lang='lat' dir='ltr'><strong>in</strong></span> <span class='ocrx_word' id='word_1_420' title='bbox 1385 4077 1546 4148; x_wconf 90' lang='lat' dir='ltr'><strong>culpa</strong></span> <span class='ocrx_word' id='word_1_421' title='bbox 1591 4079 1916 4134; x_wconf 89' lang='lat' dir='ltr'><strong>moriuntur.</strong></span> <span class='ocrx_word' id='word_1_422' title='bbox 1955 4079 2108 4134; x_wconf 89' lang='lat' dir='ltr'><strong>Unde</strong></span> 
     </span>
    </p>
   </div>
   <div class='ocr_carea' id='block_1_58' title="bbox 527 4161 2108 4232">
    <p class='ocr_par' dir='ltr' id='par_1_58' title="bbox 527 4161 2108 4232">
     <span class='ocr_line' id='line_1_58' title="bbox 527 4161 2108 4232; baseline 0.006 -16"><span class='ocrx_word' id='word_1_423' title='bbox 527 4161 666 4218; x_wconf 85' lang='lat' dir='ltr'><strong>bene</strong></span> <span class='ocrx_word' id='word_1_424' title='bbox 685 4177 782 4232; x_wconf 86' lang='lat' dir='ltr'><strong>per</strong></span> <span class='ocrx_word' id='word_1_425' title='bbox 811 4163 1034 4220; x_wconf 88' lang='lat' dir='ltr'><strong>Paulum</strong></span> <span class='ocrx_word' id='word_1_426' title='bbox 1059 4167 1260 4222; x_wconf 89' lang='lat' dir='ltr'><strong>dicitur</strong></span> <span class='ocrx_word' id='word_1_427' title='bbox 1287 4185 1302 4222; x_wconf 87' lang='lat'><strong>:</strong></span> <span class='ocrx_word' id='word_1_428' title='bbox 1327 4165 1521 4224; x_wconf 74' lang='lat' dir='ltr'><strong>Christi</strong></span> <span class='ocrx_word' id='word_1_429' title='bbox 1567 4167 1730 4224; x_wconf 78' lang='lat' dir='ltr'><strong>bonus</strong></span> <span class='ocrx_word' id='word_1_430' title='bbox 1772 4169 1902 4223; x_wconf 83' lang='lat' dir='ltr'><strong>odor</strong></span> <span class='ocrx_word' id='word_1_431' title='bbox 1925 4186 2108 4226; x_wconf 76' lang='lat' dir='ltr'><strong>sumus</strong></span> 
     </span>
    </p>
   </div>
   <div class='ocr_carea' id='block_1_59' title="bbox 527 4251 2110 4330">
    <p class='ocr_par' dir='ltr' id='par_1_59' title="bbox 527 4251 2110 4330">
     <span class='ocr_line' id='line_1_59' title="bbox 527 4251 2110 4330; baseline 0.006 -24"><span class='ocrx_word' id='word_1_432' title='bbox 527 4251 638 4306; x_wconf 80' lang='lat' dir='ltr'><strong>Deo</strong></span> <span class='ocrx_word' id='word_1_433' title='bbox 665 4255 718 4306; x_wconf 85' lang='lat' dir='ltr'><strong>in</strong></span> <span class='ocrx_word' id='word_1_434' title='bbox 743 4255 820 4306; x_wconf 79' lang='lat' dir='ltr'><strong>his</strong></span> <span class='ocrx_word' id='word_1_435' title='bbox 843 4255 930 4324; x_wconf 79' lang='lat' dir='ltr'><strong>qui</strong></span> <span class='ocrx_word' id='word_1_436' title='bbox 965 4255 1098 4310; x_wconf 71' lang='lat' dir='ltr'><strong>salvi</strong></span> <span class='ocrx_word' id='word_1_437' title='bbox 1123 4257 1279 4326; x_wconf 77' lang='lat' dir='ltr'><strong>fiunt,</strong></span> <span class='ocrx_word' id='word_1_438' title='bbox 1307 4267 1353 4312; x_wconf 89' lang='lat' dir='ltr'><strong>et</strong></span> <span class='ocrx_word' id='word_1_439' title='bbox 1381 4259 1438 4312; x_wconf 84' lang='lat' dir='ltr'><strong>in</strong></span> <span class='ocrx_word' id='word_1_440' title='bbox 1465 4257 1546 4314; x_wconf 80' lang='lat' dir='ltr'><strong>Itis</strong></span> <span class='ocrx_word' id='word_1_441' title='bbox 1575 4260 1668 4330; x_wconf 86' lang='lat' dir='ltr'><strong>qui</strong></span> <span class='ocrx_word' id='word_1_442' title='bbox 1700 4267 1914 4330; x_wconf 81' lang='lat' dir='ltr'><strong>pereunt</strong></span> <span class='ocrx_word' id='word_1_443' title='bbox 1945 4273 1964 4312; x_wconf 85' lang='lat'><strong>.&#39;</strong></span> <span class='ocrx_word' id='word_1_444' title='bbox 1989 4259 2110 4314; x_wconf 81' lang='lat' dir='ltr'><strong>aliis</strong></span> 
     </span>
    </p>
   </div>
   <div class='ocr_carea' id='block_1_60' title="bbox 527 4344 2110 4416">
    <p class='ocr_par' dir='ltr' id='par_1_60' title="bbox 527 4344 2110 4416">
     <span class='ocr_line' id='line_1_60' title="bbox 527 4344 2110 4416; baseline 0.006 -20"><span class='ocrx_word' id='word_1_445' title='bbox 527 4344 736 4414; x_wconf 82' lang='lat' dir='ltr'><strong>quidem</strong></span> <span class='ocrx_word' id='word_1_446' title='bbox 797 4347 928 4400; x_wconf 86' lang='lat' dir='ltr'><strong>odor</strong></span> <span class='ocrx_word' id='word_1_447' title='bbox 979 4349 1160 4402; x_wconf 82' lang='lat' dir='ltr'><strong>mortis</strong></span> <span class='ocrx_word' id='word_1_448' title='bbox 1205 4351 1260 4402; x_wconf 88' lang='lat' dir='ltr'><strong>in</strong></span> <span class='ocrx_word' id='word_1_449' title='bbox 1311 4361 1550 4416; x_wconf 85' lang='lat' dir='ltr'><strong>mortem,</strong></span> <span class='ocrx_word' id='word_1_450' title='bbox 1599 4351 1718 4406; x_wconf 83' lang='lat' dir='ltr'><strong>aliis</strong></span> <span class='ocrx_word' id='word_1_451' title='bbox 1755 4363 1928 4408; x_wconf 81' lang='lat' dir='ltr'><strong>autent</strong></span> <span class='ocrx_word' id='word_1_452' title='bbox 1977 4354 2110 4408; x_wconf 86' lang='lat' dir='ltr'><strong>odor</strong></span> 
     </span>
    </p>
   </div>
   <div class='ocr_carea' id='block_1_61' title="bbox 529 4435 2108 4508">
    <p class='ocr_par' dir='ltr' id='par_1_61' title="bbox 529 4435 2108 4508">
     <span class='ocr_line' id='line_1_61' title="bbox 529 4435 2108 4508; baseline 0.008 -20"><span class='ocrx_word' id='word_1_453' title='bbox 529 4435 645 4488; x_wconf 72' lang='lat' dir='ltr'><strong>uitta</strong></span> <span class='ocrx_word' id='word_1_454' title='bbox 693 4435 744 4488; x_wconf 84' lang='lat' dir='ltr'><strong>in</strong></span> <span class='ocrx_word' id='word_1_455' title='bbox 797 4436 952 4490; x_wconf 72' lang='lat' dir='ltr'><strong>vitam</strong></span> <span class='ocrx_word' id='word_1_456' title='bbox 1007 4437 1112 4508; x_wconf 85' lang='lat' dir='ltr'><strong>(II</strong></span> <span class='ocrx_word' id='word_1_457' title='bbox 1139 4439 1262 4494; x_wconf 85' lang='lat' dir='ltr'><strong>Cor.</strong></span> <span class='ocrx_word' id='word_1_458' title='bbox 1309 4457 1368 4506; x_wconf 81' lang='lat' dir='ltr'><strong>II,</strong></span> <span class='ocrx_word' id='word_1_459' title='bbox 1409 4443 1498 4506; x_wconf 84' lang='grc'><strong>15,</strong></span> <span class='ocrx_word' id='word_1_460' title='bbox 1531 4441 1660 4505; x_wconf 82' lang='grc'><strong>16).</strong></span> <span class='ocrx_word' id='word_1_461' title='bbox 1717 4443 1954 4500; x_wconf 80' lang='lat' dir='ltr'><strong>Verbum</strong></span> <span class='ocrx_word' id='word_1_462' title='bbox 2007 4446 2108 4500; x_wconf 87' lang='lat' dir='ltr'><strong>ita-</strong></span> 
     </span>
    </p>
   </div>
   <div class='ocr_carea' id='block_1_62' title="bbox 527 4533 2106 4600">
    <p class='ocr_par' dir='ltr' id='par_1_62' title="bbox 527 4533 2106 4600">
     <span class='ocr_line' id='line_1_62' title="bbox 527 4533 2106 4600; baseline 0.008 -17"><span class='ocrx_word' id='word_1_463' title='bbox 527 4545 840 4600; x_wconf 59' lang='lat' dir='ltr'><strong>quetsuum</strong></span> <span class='ocrx_word' id='word_1_464' title='bbox 909 4533 1256 4590; x_wconf 88' lang='lat' dir='ltr'><strong>auditoribus.</strong></span> <span class='ocrx_word' id='word_1_465' title='bbox 1295 4551 1414 4592; x_wconf 83' lang='lat' dir='ltr'><strong>esse</strong></span> <span class='ocrx_word' id='word_1_466' title='bbox 1475 4537 1781 4596; x_wconf 82' lang='lat' dir='ltr'><strong>Luciferum</strong></span> <span class='ocrx_word' id='word_1_467' title='bbox 1841 4541 2004 4598; x_wconf 89' lang='lat' dir='ltr'><strong>simul</strong></span> <span class='ocrx_word' id='word_1_468' title='bbox 2053 4551 2106 4598; x_wconf 90' lang='lat' dir='ltr'><strong>et</strong></span> 
     </span>
    </p>
   </div>
   <div class='ocr_carea' id='block_1_63' title="bbox 523 4621 2186 4702">
    <p class='ocr_par' dir='ltr' id='par_1_63' title="bbox 523 4621 2186 4702">
     <span class='ocr_line' id='line_1_63' title="bbox 523 4621 2186 4702; baseline 0.011 -28"><span class='ocrx_word' id='word_1_469' title='bbox 523 4621 988 4690; x_wconf 86' lang='lat' dir='ltr'><strong>vesperum-vidit,</strong></span> <span class='ocrx_word' id='word_1_470' title='bbox 1017 4639 1116 4694; x_wconf 90' lang='lat' dir='ltr'><strong>per</strong></span> <span class='ocrx_word' id='word_1_471' title='bbox 1139 4627 1280 4694; x_wconf 85' lang='lat' dir='ltr'><strong>quod</strong></span> <span class='ocrx_word' id='word_1_472' title='bbox 1311 4635 1366 4682; x_wconf 90' lang='lat' dir='ltr'><strong>et</strong></span> <span class='ocrx_word' id='word_1_473' title='bbox 1391 4628 1530 4686; x_wconf 89' lang='lat' dir='ltr'><strong>alios</strong></span> <span class='ocrx_word' id='word_1_474' title='bbox 1555 4631 1624 4686; x_wconf 89' lang='lat' dir='ltr'><strong>ab</strong></span> <span class='ocrx_word' id='word_1_475' title='bbox 1663 4631 1956 4702; x_wconf 86' lang='lat' dir='ltr'><strong>iniquitate</strong></span> <span class='ocrx_word' id='word_1_476' title='bbox 1987 4651 2110 4690; x_wconf 87' lang='lat' dir='ltr'><strong>sus-</strong></span> <span class='ocrx_word' id='word_1_477' title='bbox 2133 4631 2186 4692; x_wconf 89' lang='lat' dir='ltr'><strong>D</strong></span> 
     </span>
    </p>
   </div>
   <div class='ocr_carea' id='block_1_64' title="bbox 523 4715 2104 4794">
    <p class='ocr_par' dir='ltr' id='par_1_64' title="bbox 523 4715 2104 4794">
     <span class='ocr_line' id='line_1_64' title="bbox 523 4715 2104 4794; baseline 0.009 -26"><span class='ocrx_word' id='word_1_478' title='bbox 523 4715 700 4780; x_wconf 80' lang='lat' dir='ltr'><strong>citari,</strong></span> <span class='ocrx_word' id='word_1_479' title='bbox 758 4723 814 4770; x_wconf 92' lang='lat' dir='ltr'><strong>et</strong></span> <span class='ocrx_word' id='word_1_480' title='bbox 851 4731 881 4771; x_wconf 92' lang='lat' dir='ltr'><strong>e</strong></span> <span class='ocrx_word' id='word_1_481' title='bbox 910 4725 1096 4772; x_wconf 88' lang='lat' dir='ltr'><strong>contra</strong></span> <span class='ocrx_word' id='word_1_482' title='bbox 1139 4719 1276 4775; x_wconf 88' lang='lat' dir='ltr'><strong>alios</strong></span> <span class='ocrx_word' id='word_1_483' title='bbox 1325 4723 1492 4791; x_wconf 85' lang='lat' dir='ltr'><strong>sopiri</strong></span> <span class='ocrx_word' id='word_1_484' title='bbox 1543 4723 1598 4778; x_wconf 91' lang='lat' dir='ltr'><strong>in</strong></span> <span class='ocrx_word' id='word_1_485' title='bbox 1647 4723 1930 4794; x_wconf 85' lang='lat' dir='ltr'><strong>iniquitate</strong></span> <span class='ocrx_word' id='word_1_486' title='bbox 1971 4742 2104 4782; x_wconf 88' lang='lat' dir='ltr'><strong>con-</strong></span> 
     </span>
    </p>
   </div>
   <div class='ocr_carea' id='block_1_65' title="bbox 521 4806 2102 4888">
    <p class='ocr_par' dir='ltr' id='par_1_65' title="bbox 521 4806 2102 4888">
     <span class='ocr_line' id='line_1_65' title="bbox 521 4806 2102 4888; baseline 0.008 -26"><span class='ocrx_word' id='word_1_487' title='bbox 521 4807 716 4876; x_wconf 77' lang='lat' dir='ltr'><strong>spexit.</strong></span> <span class='ocrx_word' id='word_1_488' title='bbox 741 4806 894 4874; x_wconf 86' lang='lat' dir='ltr'><strong>Quod</strong></span> <span class='ocrx_word' id='word_1_489' title='bbox 921 4809 1047 4878; x_wconf 86' lang='lat' dir='ltr'><strong>quia</strong></span> <span class='ocrx_word' id='word_1_490' title='bbox 1091 4811 1320 4866; x_wconf 88' lang='lat' dir='ltr'><strong>occultis</strong></span> <span class='ocrx_word' id='word_1_491' title='bbox 1361 4814 1452 4868; x_wconf 87' lang='lat' dir='ltr'><strong>Dei</strong></span> <span class='ocrx_word' id='word_1_492' title='bbox 1489 4813 1707 4884; x_wconf 88' lang='lat' dir='ltr'><strong>judiciis</strong></span> <span class='ocrx_word' id='word_1_493' title='bbox 1749 4817 1948 4888; x_wconf 78' lang='lat' dir='ltr'><strong>agitur,</strong></span> <span class='ocrx_word' id='word_1_494' title='bbox 1981 4834 2102 4888; x_wconf 63' lang='lat' dir='ltr'><strong>quas</strong></span> 
     </span>
    </p>
   </div>
   <div class='ocr_carea' id='block_1_66' title="bbox 523 4891 2099 4978">
    <p class='ocr_par' dir='ltr' id='par_1_66' title="bbox 523 4891 2099 4978">
     <span class='ocr_line' id='line_1_66' title="bbox 523 4891 2099 4978; baseline 0.008 -28"><span class='ocrx_word' id='word_1_495' title='bbox 523 4897 576 4950; x_wconf 90' lang='lat' dir='ltr'><strong>in</strong></span> <span class='ocrx_word' id='word_1_496' title='bbox 613 4897 714 4952; x_wconf 88' lang='lat' dir='ltr'><strong>hac</strong></span> <span class='ocrx_word' id='word_1_497' title='bbox 741 4899 848 4952; x_wconf 89' lang='lat' dir='ltr'><strong>vita</strong></span> <span class='ocrx_word' id='word_1_498' title='bbox 871 4899 938 4954; x_wconf 88' lang='lat' dir='ltr'><strong>ab</strong></span> <span class='ocrx_word' id='word_1_499' title='bbox 963 4891 1270 4956; x_wconf 85' lang='lat' dir='ltr'><strong>hominibus</strong></span> <span class='ocrx_word' id='word_1_500' title='bbox 1307 4907 1694 4974; x_wconf 86' lang='lat' dir='ltr'><strong>comprehendi</strong></span> <span class='ocrx_word' id='word_1_501' title='bbox 1725 4923 1830 4962; x_wconf 89' lang='lat' dir='ltr'><strong>non</strong></span> <span class='ocrx_word' id='word_1_502' title='bbox 1857 4917 2099 4978; x_wconf 87' lang='lat' dir='ltr'><strong>possunt,</strong></span> 
     </span>
    </p>
   </div>
   <div class='ocr_carea' id='block_1_67' title="bbox 523 4987 2104 5064">
    <p class='ocr_par' dir='ltr' id='par_1_67' title="bbox 523 4987 2104 5064">
     <span class='ocr_line' id='line_1_67' title="bbox 523 4987 2104 5064; baseline 0.008 -24"><span class='ocrx_word' id='word_1_503' title='bbox 523 4997 672 5042; x_wconf 87' lang='lat' dir='ltr'><strong>recte</strong></span> <span class='ocrx_word' id='word_1_504' title='bbox 713 4987 824 5042; x_wconf 87' lang='lat' dir='ltr'><strong>illic</strong></span> <span class='ocrx_word' id='word_1_505' title='bbox 853 4987 1133 5044; x_wconf 85' lang='lat' dir='ltr'><strong>subdidit:</strong></span> <span class='ocrx_word' id='word_1_506' title='bbox 1173 4989 1244 5044; x_wconf 84' lang='lat' dir='ltr'><strong>Et</strong></span> <span class='ocrx_word' id='word_1_507' title='bbox 1289 4993 1358 5046; x_wconf 83' lang='lat' dir='ltr'><strong>ad</strong></span> <span class='ocrx_word' id='word_1_508' title='bbox 1407 4993 1516 5048; x_wconf 65' lang='lat' dir='ltr'><strong>haec</strong></span> <span class='ocrx_word' id='word_1_509' title='bbox 1567 4995 1684 5064; x_wconf 80' lang='lat' dir='ltr'><strong>quis</strong></span> <span class='ocrx_word' id='word_1_510' title='bbox 1729 5005 1840 5050; x_wconf 84' lang='lat' dir='ltr'><strong>tam</strong></span> <span class='ocrx_word' id='word_1_511' title='bbox 1887 4997 2104 5054; x_wconf 62' lang='lat' dir='ltr'><strong>idoneus</strong></span> 
     </span>
    </p>
   </div>
   <div class='ocr_carea' id='block_1_68' title="bbox 523 5077 2100 5156">
    <p class='ocr_par' dir='ltr' id='par_1_68' title="bbox 523 5077 2100 5156">
     <span class='ocr_line' id='line_1_68' title="bbox 523 5077 2100 5156; baseline 0.011 -26"><span class='ocrx_word' id='word_1_512' title='bbox 523 5077 712 5146; x_wconf 68' lang='lat' dir='ltr'><strong>(Ibfd.,</strong></span> <span class='ocrx_word' id='word_1_513' title='bbox 737 5095 866 5136; x_wconf 77' lang='lat' dir='ltr'><strong>vers.</strong></span> <span class='ocrx_word' id='word_1_514' title='bbox 895 5079 1006 5154; x_wconf 84' lang='grc'><strong>16.)</strong></span> <span class='ocrx_word' id='word_1_515' title='bbox 1025 5081 1098 5136; x_wconf 76' lang='lat' dir='ltr'><strong>Ac</strong></span> <span class='ocrx_word' id='word_1_516' title='bbox 1117 5081 1160 5136; x_wconf 89' lang='lat' dir='ltr'><strong>si</strong></span> <span class='ocrx_word' id='word_1_517' title='bbox 1191 5083 1430 5140; x_wconf 88' lang='lat' dir='ltr'><strong>diceret:</strong></span> <span class='ocrx_word' id='word_1_518' title='bbox 1459 5085 1640 5142; x_wconf 86' lang='lat' dir='ltr'><strong>ldonci</strong></span> <span class='ocrx_word' id='word_1_519' title='bbox 1667 5089 1886 5156; x_wconf 88' lang='lat' dir='ltr'><strong>quidem</strong></span> <span class='ocrx_word' id='word_1_520' title='bbox 1913 5105 2100 5148; x_wconf 86' lang='lat' dir='ltr'><strong>sumus</strong></span> 
     </span>
    </p>
   </div>
   <div class='ocr_carea' id='block_1_69' title="bbox 519 5171 2102 5248">
    <p class='ocr_par' dir='ltr' id='par_1_69' title="bbox 519 5171 2102 5248">
     <span class='ocr_line' id='line_1_69' title="bbox 519 5171 2102 5248; baseline 0.01 -24"><span class='ocrx_word' id='word_1_521' title='bbox 519 5173 586 5224; x_wconf 87' lang='lat' dir='ltr'><strong>ad</strong></span> <span class='ocrx_word' id='word_1_522' title='bbox 635 5171 750 5228; x_wconf 65' lang='lat' dir='ltr'><strong>huic</strong></span> <span class='ocrx_word' id='word_1_523' title='bbox 791 5175 1184 5230; x_wconf 86' lang='lat' dir='ltr'><strong>consideranda</strong></span> <span class='ocrx_word' id='word_1_524' title='bbox 1235 5177 1360 5248; x_wconf 86' lang='lat' dir='ltr'><strong>quia</strong></span> <span class='ocrx_word' id='word_1_525' title='bbox 1409 5179 1588 5246; x_wconf 89' lang='lat' dir='ltr'><strong>ﬁunt;</strong></span> <span class='ocrx_word' id='word_1_526' title='bbox 1621 5182 1716 5236; x_wconf 87' lang='lat' dir='ltr'><strong>sed</strong></span> <span class='ocrx_word' id='word_1_527' title='bbox 1765 5182 1942 5238; x_wconf 87' lang='lat' dir='ltr'><strong>idonei</strong></span> <span class='ocrx_word' id='word_1_528' title='bbox 1993 5201 2102 5240; x_wconf 90' lang='lat' dir='ltr'><strong>non</strong></span> 
     </span>
    </p>
   </div>
   <div class='ocr_carea' id='block_1_70' title="bbox 519 5263 2104 5338">
    <p class='ocr_par' dir='ltr' id='par_1_70' title="bbox 519 5263 2104 5338">
     <span class='ocr_line' id='line_1_70' title="bbox 519 5263 2104 5338; baseline 0.011 -25"><span class='ocrx_word' id='word_1_529' title='bbox 519 5275 708 5316; x_wconf 87' lang='lat' dir='ltr'><strong>sumus</strong></span> <span class='ocrx_word' id='word_1_530' title='bbox 743 5263 810 5318; x_wconf 89' lang='lat' dir='ltr'><strong>ad</strong></span> <span class='ocrx_word' id='word_1_531' title='bbox 861 5263 978 5318; x_wconf 67' lang='lat' dir='ltr'><strong>haec</strong></span> <span class='ocrx_word' id='word_1_532' title='bbox 1031 5265 1404 5338; x_wconf 81' lang='lat' dir='ltr'><strong>investiganda</strong></span> <span class='ocrx_word' id='word_1_533' title='bbox 1461 5283 1560 5324; x_wconf 84' lang='lat' dir='ltr'><strong>cur</strong></span> <span class='ocrx_word' id='word_1_534' title='bbox 1609 5270 1762 5326; x_wconf 87' lang='lat' dir='ltr'><strong>ﬁant.</strong></span> <span class='ocrx_word' id='word_1_535' title='bbox 1817 5271 1970 5328; x_wconf 90' lang='lat' dir='ltr'><strong>Unde</strong></span> <span class='ocrx_word' id='word_1_536' title='bbox 2016 5275 2104 5332; x_wconf 89' lang='lat' dir='ltr'><strong>hic</strong></span> 
     </span>
    </p>
   </div>
   <div class='ocr_carea' id='block_1_71' title="bbox 520 5353 2100 5434">
    <p class='ocr_par' dir='ltr' id='par_1_71' title="bbox 520 5353 2100 5434">
     <span class='ocr_line' id='line_1_71' title="bbox 520 5353 2100 5434; baseline 0.013 -31"><span class='ocrx_word' id='word_1_537' title='bbox 520 5367 732 5422; x_wconf 88' lang='lat' dir='ltr'><strong>quoque</strong></span> <span class='ocrx_word' id='word_1_538' title='bbox 781 5353 1060 5420; x_wconf 88' lang='lat' dir='ltr'><strong>Dominus,</strong></span> <span class='ocrx_word' id='word_1_539' title='bbox 1119 5358 1244 5428; x_wconf 87' lang='lat' dir='ltr'><strong>quia</strong></span> <span class='ocrx_word' id='word_1_540' title='bbox 1299 5359 1422 5416; x_wconf 89' lang='lat' dir='ltr'><strong>aliis</strong></span> <span class='ocrx_word' id='word_1_541' title='bbox 1471 5361 1694 5432; x_wconf 77' lang='lat' dir='ltr'><strong>produci</strong></span> <span class='ocrx_word' id='word_1_542' title='bbox 1753 5361 2100 5434; x_wconf 77' lang='lat' dir='ltr'><strong>Luciferum,</strong></span> 
     </span>
    </p>
   </div>
   <div class='ocr_carea' id='block_1_72' title="bbox 521 5441 2100 5528">
    <p class='ocr_par' dir='ltr' id='par_1_72' title="bbox 521 5441 2100 5528">
     <span class='ocr_line' id='line_1_72' title="bbox 521 5441 2100 5528; baseline 0.013 -34"><span class='ocrx_word' id='word_1_543' title='bbox 521 5441 642 5498; x_wconf 84' lang='lat' dir='ltr'><strong>aliis</strong></span> <span class='ocrx_word' id='word_1_544' title='bbox 687 5459 814 5500; x_wconf 85' lang='lat' dir='ltr'><strong>vero</strong></span> <span class='ocrx_word' id='word_1_545' title='bbox 867 5461 1198 5520; x_wconf 76' lang='lat' dir='ltr'><strong>consurgere</strong></span> <span class='ocrx_word' id='word_1_546' title='bbox 1247 5465 1533 5522; x_wconf 85' lang='lat' dir='ltr'><strong>vesperum</strong></span> <span class='ocrx_word' id='word_1_547' title='bbox 1589 5453 1822 5522; x_wconf 78' lang='lat' dir='ltr'><strong>dixerat,</strong></span> <span class='ocrx_word' id='word_1_548' title='bbox 1875 5473 1944 5512; x_wconf 92' lang='lat' dir='ltr'><strong>ne</strong></span> <span class='ocrx_word' id='word_1_549' title='bbox 1975 5473 2100 5528; x_wconf 85' lang='lat' dir='ltr'><strong>per-</strong></span> 
     </span>
    </p>
   </div>
   <div class='ocr_carea' id='block_1_73' title="bbox 521 5537 2106 5612">
    <p class='ocr_par' dir='ltr' id='par_1_73' title="bbox 521 5537 2106 5612">
     <span class='ocr_line' id='line_1_73' title="bbox 521 5537 2106 5612; baseline 0.013 -26"><span class='ocrx_word' id='word_1_550' title='bbox 521 5537 752 5590; x_wconf 86' lang='lat' dir='ltr'><strong>scrutari</strong></span> <span class='ocrx_word' id='word_1_551' title='bbox 779 5537 944 5592; x_wconf 89' lang='lat' dir='ltr'><strong>bomo</strong></span> <span class='ocrx_word' id='word_1_552' title='bbox 965 5539 1176 5594; x_wconf 87' lang='lat' dir='ltr'><strong>occulta</strong></span> <span class='ocrx_word' id='word_1_553' title='bbox 1209 5539 1306 5596; x_wconf 88' lang='lat' dir='ltr'><strong>Dei</strong></span> <span class='ocrx_word' id='word_1_554' title='bbox 1329 5541 1530 5612; x_wconf 88' lang='lat' dir='ltr'><strong>judicia</strong></span> <span class='ocrx_word' id='word_1_555' title='bbox 1559 5545 1772 5612; x_wconf 84' lang='lat' dir='ltr'><strong>audeat,</strong></span> <span class='ocrx_word' id='word_1_556' title='bbox 1805 5545 1950 5604; x_wconf 89' lang='lat' dir='ltr'><strong>illico</strong></span> <span class='ocrx_word' id='word_1_557' title='bbox 1978 5549 2106 5606; x_wconf 87' lang='lat' dir='ltr'><strong>sub-</strong></span> 
     </span>
    </p>
   </div>
   <div class='ocr_carea' id='block_1_74' title="bbox 475 5623 1416 5698">
    <p class='ocr_par' dir='ltr' id='par_1_74' title="bbox 475 5623 1416 5698">
     <span class='ocr_line' id='line_1_74' title="bbox 475 5623 1416 5698; baseline 0.011 -20"><span class='ocrx_word' id='word_1_558' title='bbox 475 5643 482 5650; x_wconf 79' lang='lat'><strong><em>°</em></strong></span> <span class='ocrx_word' id='word_1_559' title='bbox 515 5623 758 5698; x_wconf 73' lang='lat' dir='ltr'><strong>jungitur</strong></span> <span class='ocrx_word' id='word_1_560' title='bbox 787 5647 800 5684; x_wconf 88' lang='lat'><strong>:</strong></span> <span class='ocrx_word' id='word_1_561' title='bbox 1411 5645 1416 5648; x_wconf 84' lang='grc'>·</span> 
     </span>
    </p>
   </div>
   <div class='ocr_carea' id='block_1_75' title="bbox 599 5725 2106 5812">
    <p class='ocr_par' dir='ltr' id='par_1_75' title="bbox 599 5725 2106 5812">
     <span class='ocr_line' id='line_1_75' title="bbox 599 5725 2106 5812; baseline 0.015 -34"><span class='ocrx_word' id='word_1_562' title='bbox 599 5725 650 5778; x_wconf 86' lang='grc' dir='ltr'><strong><em>Ν</em></strong></span> <span class='ocrx_word' id='word_1_563' title='bbox 655 5731 856 5796; x_wconf 74' lang='lat' dir='ltr'><strong>itaquid</strong></span> <span class='ocrx_word' id='word_1_564' title='bbox 867 5735 1002 5786; x_wconf 77' lang='lat' dir='ltr'><strong>nosti</strong></span> <span class='ocrx_word' id='word_1_565' title='bbox 1027 5733 1260 5788; x_wconf 81' lang='lat' dir='ltr'><strong>ordinem</strong></span> <span class='ocrx_word' id='word_1_566' title='bbox 1273 5735 1406 5800; x_wconf 71' lang='lat' dir='ltr'><strong>mli,</strong></span> <span class='ocrx_word' id='word_1_567' title='bbox 1415 5733 1474 5792; x_wconf 67' lang='grc' dir='ltr'><strong>’ἐι</strong></span> <span class='ocrx_word' id='word_1_568' title='bbox 1485 5755 1642 5806; x_wconf 76' lang='lat' dir='ltr'><strong>pones</strong></span> <span class='ocrx_word' id='word_1_569' title='bbox 1653 5741 2036 5812; x_wconf 63' lang='lat' dir='ltr'><strong>rationemiejus</strong></span> <span class='ocrx_word' id='word_1_570' title='bbox 2049 5747 2106 5800; x_wconf 82' lang='lat' dir='ltr'><strong>in</strong></span> 
     </span>
    </p>
   </div>
   <div class='ocr_carea' id='block_1_76' title="bbox 530 5817 2104 5904">
    <p class='ocr_par' dir='ltr' id='par_1_76' title="bbox 530 5817 2104 5904">
     <span class='ocr_line' id='line_1_76' title="bbox 530 5817 2104 5904; baseline 0.018 -40"><span class='ocrx_word' id='word_1_571' title='bbox 530 5821 672 5868; x_wconf 85' lang='lat' dir='ltr'><strong>terra</strong></span> <span class='ocrx_word' id='word_1_572' title='bbox 691 5817 984 5874; x_wconf 79' lang='lat' dir='ltr'><strong>?0rdincm</strong></span> <span class='ocrx_word' id='word_1_573' title='bbox 1001 5823 1122 5878; x_wconf 63' lang='lat' dir='ltr'><strong>coeli</strong></span> <span class='ocrx_word' id='word_1_574' title='bbox 1147 5839 1304 5880; x_wconf 84' lang='lat' dir='ltr'><strong>nosse</strong></span> <span class='ocrx_word' id='word_1_575' title='bbox 1315 5835 1398 5880; x_wconf 88' lang='lat' dir='ltr'><strong>est</strong></span> <span class='ocrx_word' id='word_1_576' title='bbox 1419 5841 1778 5898; x_wconf 86' lang='lat' dir='ltr'><strong>superuarum</strong></span> <span class='ocrx_word' id='word_1_577' title='bbox 1797 5835 2104 5904; x_wconf 87' lang='lat' dir='ltr'><strong>dispositio-</strong></span> 
     </span>
    </p>
   </div>
   <div class='ocr_carea' id='block_1_77' title="bbox 2139 3239 2186 3300">
    <p class='ocr_par' dir='ltr' id='par_1_77' title="bbox 2139 3239 2186 3300">
     <span class='ocr_line' id='line_1_77' title="bbox 2139 3239 2186 3300; baseline 0 0"><span class='ocrx_word' id='word_1_578' title='bbox 2139 3239 2186 3300; x_wconf 93' lang='lat' dir='ltr'>C</span> 
     </span>
    </p>
   </div>
   <div class='ocr_carea' id='block_1_78' title="bbox 2225 1999 3814 2080">
    <p class='ocr_par' dir='ltr' id='par_1_78' title="bbox 2225 1999 3814 2080">
     <span class='ocr_line' id='line_1_78' title="bbox 2225 1999 3814 2080; baseline 0.004 -25"><span class='ocrx_word' id='word_1_579' title='bbox 2225 2017 2316 2055; x_wconf 84' lang='lat' dir='ltr'><strong>sus</strong></span> <span class='ocrx_word' id='word_1_580' title='bbox 2341 1999 2508 2068; x_wconf 83' lang='lat' dir='ltr'><strong>jacet.</strong></span> <span class='ocrx_word' id='word_1_581' title='bbox 2544 2001 2695 2056; x_wconf 83' lang='lat' dir='ltr'><strong>Alius</strong></span> <span class='ocrx_word' id='word_1_582' title='bbox 2725 2018 2919 2058; x_wconf 87' lang='lat' dir='ltr'><strong>vacare</strong></span> <span class='ocrx_word' id='word_1_583' title='bbox 2975 2003 3202 2076; x_wconf 86' lang='lat' dir='ltr'><strong>appetit,</strong></span> <span class='ocrx_word' id='word_1_584' title='bbox 3237 2014 3289 2060; x_wconf 87' lang='lat' dir='ltr'><strong>et</strong></span> <span class='ocrx_word' id='word_1_585' title='bbox 3320 2005 3628 2064; x_wconf 88' lang='lat' dir='ltr'><strong>innumeris</strong></span> <span class='ocrx_word' id='word_1_586' title='bbox 3661 2023 3814 2080; x_wconf 69' lang='lat' dir='ltr'><strong>nego-</strong></span> 
     </span>
    </p>
   </div>
   <div class='ocr_carea' id='block_1_79' title="bbox 2223 2089 3816 2170">
    <p class='ocr_par' dir='ltr' id='par_1_79' title="bbox 2223 2089 3816 2170">
     <span class='ocr_line' id='line_1_79' title="bbox 2223 2089 3816 2170; baseline 0.008 -26"><span class='ocrx_word' id='word_1_587' title='bbox 2223 2089 2310 2146; x_wconf 89' lang='lat' dir='ltr'><strong>tiis</strong></span> <span class='ocrx_word' id='word_1_588' title='bbox 2355 2091 2681 2162; x_wconf 88' lang='lat' dir='ltr'><strong>implicatur.</strong></span> <span class='ocrx_word' id='word_1_589' title='bbox 2733 2093 2886 2150; x_wconf 84' lang='lat' dir='ltr'><strong>Alius</strong></span> <span class='ocrx_word' id='word_1_590' title='bbox 2929 2097 3162 2168; x_wconf 83' lang='lat' dir='ltr'><strong>negotiis</strong></span> <span class='ocrx_word' id='word_1_591' title='bbox 3201 2095 3472 2170; x_wconf 85' lang='lat' dir='ltr'><strong>implicari</strong></span> <span class='ocrx_word' id='word_1_592' title='bbox 3514 2100 3816 2166; x_wconf 84' lang='lat' dir='ltr'><strong>desiderat,</strong></span> 
     </span>
    </p>
   </div>
   <div class='ocr_carea' id='block_1_80' title="bbox 2223 2185 3812 2266">
    <p class='ocr_par' dir='ltr' id='par_1_80' title="bbox 2223 2185 3812 2266">
     <span class='ocr_line' id='line_1_80' title="bbox 2223 2185 3812 2266; baseline 0.008 -31"><span class='ocrx_word' id='word_1_593' title='bbox 2223 2189 2278 2236; x_wconf 89' lang='lat' dir='ltr'><strong>et</strong></span> <span class='ocrx_word' id='word_1_594' title='bbox 2313 2191 2536 2238; x_wconf 86' lang='lat' dir='ltr'><strong>coactus</strong></span> <span class='ocrx_word' id='word_1_595' title='bbox 2584 2193 2760 2240; x_wconf 84' lang='lat' dir='ltr'><strong>vacat.</strong></span> <span class='ocrx_word' id='word_1_596' title='bbox 2803 2185 2956 2242; x_wconf 83' lang='lat' dir='ltr'><strong>Alius</strong></span> <span class='ocrx_word' id='word_1_597' title='bbox 3004 2185 3148 2244; x_wconf 89' lang='lat' dir='ltr'><strong>male</strong></span> <span class='ocrx_word' id='word_1_598' title='bbox 3185 2189 3454 2246; x_wconf 85' lang='lat' dir='ltr'><strong>inchoatis</strong></span> <span class='ocrx_word' id='word_1_599' title='bbox 3495 2189 3812 2266; x_wconf 85' lang='lat' dir='ltr'><strong>[inchoans]</strong></span> 
     </span>
    </p>
   </div>
   <div class='ocr_carea' id='block_1_81' title="bbox 2220 2275 3814 2352">
    <p class='ocr_par' dir='ltr' id='par_1_81' title="bbox 2220 2275 3814 2352">
     <span class='ocr_line' id='line_1_81' title="bbox 2220 2275 3814 2352; baseline 0.008 -24"><span class='ocrx_word' id='word_1_600' title='bbox 2220 2289 2392 2344; x_wconf 88' lang='lat' dir='ltr'><strong>usque</strong></span> <span class='ocrx_word' id='word_1_601' title='bbox 2408 2275 2474 2330; x_wconf 87' lang='lat' dir='ltr'><strong>ad</strong></span> <span class='ocrx_word' id='word_1_602' title='bbox 2491 2275 2612 2330; x_wconf 74' lang='lat' dir='ltr'><strong>vita:</strong></span> <span class='ocrx_word' id='word_1_603' title='bbox 2636 2292 2746 2332; x_wconf 66' lang='lat' dir='ltr'><strong>sua:</strong></span> <span class='ocrx_word' id='word_1_604' title='bbox 2764 2279 3052 2334; x_wconf 87' lang='lat' dir='ltr'><strong>terminum</strong></span> <span class='ocrx_word' id='word_1_605' title='bbox 3069 2279 3256 2350; x_wconf 86' lang='lat' dir='ltr'><strong>pejora</strong></span> <span class='ocrx_word' id='word_1_606' title='bbox 3271 2283 3620 2352; x_wconf 76' lang='lat' dir='ltr'><strong>protrahitur</strong></span> <span class='ocrx_word' id='word_1_607' title='bbox 3637 2301 3654 2348; x_wconf 89' lang='lat'><strong>;</strong></span> <span class='ocrx_word' id='word_1_608' title='bbox 3679 2277 3814 2340; x_wconf 84' lang='lat' dir='ltr'><strong>alius</strong></span> 
     </span>
    </p>
   </div>
   <div class='ocr_carea' id='block_1_82' title="bbox 2219 2357 3812 2440">
    <p class='ocr_par' dir='ltr' id='par_1_82' title="bbox 2219 2357 3812 2440">
     <span class='ocr_line' id='line_1_82' title="bbox 2219 2357 3812 2440; baseline 0.005 -24"><span class='ocrx_word' id='word_1_609' title='bbox 2219 2357 2358 2416; x_wconf 80' lang='lat' dir='ltr'><strong>bene</strong></span> <span class='ocrx_word' id='word_1_610' title='bbox 2393 2361 2652 2433; x_wconf 90' lang='lat' dir='ltr'><strong>incipiens</strong></span> <span class='ocrx_word' id='word_1_611' title='bbox 2679 2379 2775 2434; x_wconf 87' lang='lat' dir='ltr'><strong>per</strong></span> <span class='ocrx_word' id='word_1_612' title='bbox 2814 2365 3203 2438; x_wconf 56' lang='lat' dir='ltr'><strong>longitudinem</strong></span> <span class='ocrx_word' id='word_1_613' title='bbox 3241 2377 3548 2438; x_wconf 85' lang='lat' dir='ltr'><strong>temporum</strong></span> <span class='ocrx_word' id='word_1_614' title='bbox 3597 2369 3812 2440; x_wconf 86' lang='lat' dir='ltr'><strong>proﬁcit</strong></span> 
     </span>
    </p>
   </div>
   <div class='ocr_carea' id='block_1_83' title="bbox 2221 2447 3810 2532">
    <p class='ocr_par' dir='ltr' id='par_1_83' title="bbox 2221 2447 3810 2532">
     <span class='ocr_line' id='line_1_83' title="bbox 2221 2447 3810 2532; baseline 0.008 -28"><span class='ocrx_word' id='word_1_615' title='bbox 2221 2447 2286 2504; x_wconf 80' lang='lat' dir='ltr'><strong>ad</strong></span> <span class='ocrx_word' id='word_1_616' title='bbox 2311 2461 2596 2522; x_wconf 81' lang='lat' dir='ltr'><strong>augmenta</strong></span> <span class='ocrx_word' id='word_1_617' title='bbox 2624 2453 2959 2510; x_wconf 86' lang='lat' dir='ltr'><strong>meritorum.</strong></span> <span class='ocrx_word' id='word_1_618' title='bbox 2987 2457 3152 2528; x_wconf 81' lang='lat' dir='ltr'><strong>Atqut</strong></span> <span class='ocrx_word' id='word_1_619' title='bbox 3195 2469 3422 2518; x_wconf 78' lang='lat' dir='ltr'><strong>econtra</strong></span> <span class='ocrx_word' id='word_1_620' title='bbox 3445 2457 3570 2532; x_wconf 82' lang='lat' dir='ltr'><strong>[al.,</strong></span> <span class='ocrx_word' id='word_1_621' title='bbox 3597 2463 3670 2516; x_wconf 80' lang='lat' dir='ltr'><strong>At</strong></span> <span class='ocrx_word' id='word_1_622' title='bbox 3689 2479 3810 2518; x_wconf 86' lang='lat' dir='ltr'><strong>con-</strong></span> 
     </span>
    </p>
   </div>
   <div class='ocr_carea' id='block_1_84' title="bbox 2221 2539 3810 2617">
    <p class='ocr_par' dir='ltr' id='par_1_84' title="bbox 2221 2539 3810 2617">
     <span class='ocr_line' id='line_1_84' title="bbox 2221 2539 3810 2617; baseline 0.009 -23"><span class='ocrx_word' id='word_1_623' title='bbox 2221 2539 2349 2612; x_wconf 87' lang='lat' dir='ltr'><strong>tra],</strong></span> <span class='ocrx_word' id='word_1_624' title='bbox 2399 2543 2536 2598; x_wconf 89' lang='lat' dir='ltr'><strong>alius</strong></span> <span class='ocrx_word' id='word_1_625' title='bbox 2587 2545 2726 2599; x_wconf 90' lang='lat' dir='ltr'><strong>male</strong></span> <span class='ocrx_word' id='word_1_626' title='bbox 2777 2545 2967 2602; x_wconf 88' lang='lat' dir='ltr'><strong>vivens</strong></span> <span class='ocrx_word' id='word_1_627' title='bbox 3016 2549 3104 2604; x_wconf 87' lang='lat' dir='ltr'><strong>diu</strong></span> <span class='ocrx_word' id='word_1_628' title='bbox 3159 2561 3486 2617; x_wconf 88' lang='lat' dir='ltr'><strong>reservatur,</strong></span> <span class='ocrx_word' id='word_1_629' title='bbox 3527 2563 3588 2606; x_wconf 92' lang='lat' dir='ltr'><strong>ut</strong></span> <span class='ocrx_word' id='word_1_630' title='bbox 3635 2553 3810 2609; x_wconf 85' lang='lat' dir='ltr'><strong>corri-</strong></span> 
     </span>
    </p>
   </div>
   <div class='ocr_carea' id='block_1_85' title="bbox 2219 2637 3810 2719">
    <p class='ocr_par' dir='ltr' id='par_1_85' title="bbox 2219 2637 3810 2719">
     <span class='ocr_line' id='line_1_85' title="bbox 2219 2637 3810 2719; baseline 0.008 -29"><span class='ocrx_word' id='word_1_631' title='bbox 2219 2647 2375 2710; x_wconf 85' lang='lat' dir='ltr'><strong>gatur</strong></span> <span class='ocrx_word' id='word_1_632' title='bbox 2421 2637 2538 2710; x_wconf 81' lang='lat' dir='ltr'><strong>[al.,</strong></span> <span class='ocrx_word' id='word_1_633' title='bbox 2582 2649 2641 2694; x_wconf 88' lang='lat' dir='ltr'><strong>ut</strong></span> <span class='ocrx_word' id='word_1_634' title='bbox 2691 2657 2750 2696; x_wconf 89' lang='lat' dir='ltr'><strong>se</strong></span> <span class='ocrx_word' id='word_1_635' title='bbox 2791 2641 3086 2716; x_wconf 82' lang='lat' dir='ltr'><strong>corrigat];</strong></span> <span class='ocrx_word' id='word_1_636' title='bbox 3149 2645 3288 2700; x_wconf 88' lang='lat' dir='ltr'><strong>alius</strong></span> <span class='ocrx_word' id='word_1_637' title='bbox 3339 2663 3466 2702; x_wconf 85' lang='lat' dir='ltr'><strong>vero</strong></span> <span class='ocrx_word' id='word_1_638' title='bbox 3503 2645 3648 2702; x_wconf 88' lang='lat' dir='ltr'><strong>bene</strong></span> <span class='ocrx_word' id='word_1_639' title='bbox 3695 2649 3810 2719; x_wconf 88' lang='lat' dir='ltr'><strong>qui-</strong></span> 
     </span>
    </p>
   </div>
   <div class='ocr_carea' id='block_1_86' title="bbox 2219 2727 3808 2809">
    <p class='ocr_par' dir='ltr' id='par_1_86' title="bbox 2219 2727 3808 2809">
     <span class='ocr_line' id='line_1_86' title="bbox 2219 2727 3808 2809; baseline 0.008 -27"><span class='ocrx_word' id='word_1_640' title='bbox 2219 2727 2337 2782; x_wconf 86' lang='lat' dir='ltr'><strong>dem</strong></span> <span class='ocrx_word' id='word_1_641' title='bbox 2370 2729 2580 2784; x_wconf 66' lang='lat' dir='ltr'><strong>ViliCiUI‘</strong></span> <span class='ocrx_word' id='word_1_642' title='bbox 2609 2730 2808 2796; x_wconf 88' lang='lat' dir='ltr'><strong>vivere,</strong></span> <span class='ocrx_word' id='word_1_643' title='bbox 2839 2733 2930 2788; x_wconf 90' lang='lat' dir='ltr'><strong>sed</strong></span> <span class='ocrx_word' id='word_1_644' title='bbox 2967 2735 3018 2788; x_wconf 92' lang='lat' dir='ltr'><strong>in</strong></span> <span class='ocrx_word' id='word_1_645' title='bbox 3049 2737 3152 2790; x_wconf 91' lang='lat' dir='ltr'><strong>hac</strong></span> <span class='ocrx_word' id='word_1_646' title='bbox 3181 2737 3291 2790; x_wconf 85' lang='lat' dir='ltr'><strong>vita</strong></span> <span class='ocrx_word' id='word_1_647' title='bbox 3331 2753 3398 2792; x_wconf 91' lang='lat' dir='ltr'><strong>eo</strong></span> <span class='ocrx_word' id='word_1_648' title='bbox 3417 2754 3594 2809; x_wconf 84' lang='lat' dir='ltr'><strong>usque</strong></span> <span class='ocrx_word' id='word_1_649' title='bbox 3627 2737 3808 2804; x_wconf 79' lang='lat' dir='ltr'><strong>durat,</strong></span> 
     </span>
    </p>
   </div>
   <div class='ocr_carea' id='block_1_87' title="bbox 2219 2820 3810 2896">
    <p class='ocr_par' dir='ltr' id='par_1_87' title="bbox 2219 2820 3810 2896">
     <span class='ocr_line' id='line_1_87' title="bbox 2219 2820 3810 2896; baseline 0.01 -25"><span class='ocrx_word' id='word_1_650' title='bbox 2219 2833 2326 2888; x_wconf 90' lang='lat' dir='ltr'><strong>quo</strong></span> <span class='ocrx_word' id='word_1_651' title='bbox 2349 2820 2416 2874; x_wconf 90' lang='lat' dir='ltr'><strong>ad</strong></span> <span class='ocrx_word' id='word_1_652' title='bbox 2459 2837 2714 2890; x_wconf 85' lang='lat' dir='ltr'><strong>perversa</strong></span> <span class='ocrx_word' id='word_1_653' title='bbox 2755 2835 3092 2896; x_wconf 87' lang='lat' dir='ltr'><strong>prorumpat.</strong></span> <span class='ocrx_word' id='word_1_654' title='bbox 3117 2827 3268 2884; x_wconf 81' lang='lat' dir='ltr'><strong>Alius</strong></span> <span class='ocrx_word' id='word_1_655' title='bbox 3313 2830 3366 2884; x_wconf 91' lang='lat' dir='ltr'><strong>in</strong></span> <span class='ocrx_word' id='word_1_656' title='bbox 3389 2847 3580 2886; x_wconf 85' lang='lat' dir='ltr'><strong>errore</strong></span> <span class='ocrx_word' id='word_1_657' title='bbox 3625 2831 3810 2886; x_wconf 83' lang='lat' dir='ltr'><strong>inﬁde-</strong></span> 
     </span>
    </p>
   </div>
   <div class='ocr_carea' id='block_1_88' title="bbox 2217 2909 3810 2985">
    <p class='ocr_par' dir='ltr' id='par_1_88' title="bbox 2217 2909 3810 2985">
     <span class='ocr_line' id='line_1_88' title="bbox 2217 2909 3810 2985; baseline 0.008 -21"><span class='ocrx_word' id='word_1_658' title='bbox 2217 2909 2384 2966; x_wconf 87' lang='lat' dir='ltr'><strong>litatis</strong></span> <span class='ocrx_word' id='word_1_659' title='bbox 2429 2921 2604 2980; x_wconf 86' lang='lat' dir='ltr'><strong>natus,</strong></span> <span class='ocrx_word' id='word_1_660' title='bbox 2650 2915 2702 2968; x_wconf 89' lang='lat' dir='ltr'><strong>in</strong></span> <span class='ocrx_word' id='word_1_661' title='bbox 2751 2931 2938 2972; x_wconf 86' lang='lat' dir='ltr'><strong>errore</strong></span> <span class='ocrx_word' id='word_1_662' title='bbox 2993 2917 3207 2985; x_wconf 86' lang='lat' dir='ltr'><strong>deﬁcit;</strong></span> <span class='ocrx_word' id='word_1_663' title='bbox 3245 2921 3380 2976; x_wconf 90' lang='lat' dir='ltr'><strong>alius</strong></span> <span class='ocrx_word' id='word_1_664' title='bbox 3419 2921 3474 2976; x_wconf 90' lang='lat' dir='ltr'><strong>in</strong></span> <span class='ocrx_word' id='word_1_665' title='bbox 3523 2923 3810 2978; x_wconf 72' lang='lat' dir='ltr'><strong>catholica:</strong></span> 
     </span>
    </p>
   </div>
   <div class='ocr_carea' id='block_1_89' title="bbox 2217 2997 3806 3074">
    <p class='ocr_par' dir='ltr' id='par_1_89' title="bbox 2217 2997 3806 3074">
     <span class='ocr_line' id='line_1_89' title="bbox 2217 2997 3806 3074; baseline 0.009 -21"><span class='ocrx_word' id='word_1_666' title='bbox 2217 2997 2340 3054; x_wconf 84' lang='lat' dir='ltr'><strong>ﬁdei</strong></span> <span class='ocrx_word' id='word_1_667' title='bbox 2371 3001 2694 3058; x_wconf 86' lang='lat' dir='ltr'><strong>rectitudine</strong></span> <span class='ocrx_word' id='word_1_668' title='bbox 2725 3007 2960 3074; x_wconf 77' lang='lat' dir='ltr'><strong>genitus,</strong></span> <span class='ocrx_word' id='word_1_669' title='bbox 2997 3007 3050 3062; x_wconf 91' lang='lat' dir='ltr'><strong>in</strong></span> <span class='ocrx_word' id='word_1_670' title='bbox 3087 3009 3366 3064; x_wconf 64' lang='lat' dir='ltr'><strong>catholicae</strong></span> <span class='ocrx_word' id='word_1_671' title='bbox 3397 3011 3522 3064; x_wconf 90' lang='lat' dir='ltr'><strong>ﬁdei</strong></span> <span class='ocrx_word' id='word_1_672' title='bbox 3577 3013 3806 3066; x_wconf 85' lang='lat' dir='ltr'><strong>rectitu-</strong></span> 
     </span>
    </p>
   </div>
   <div class='ocr_carea' id='block_1_90' title="bbox 2217 3088 3810 3160">
    <p class='ocr_par' dir='ltr' id='par_1_90' title="bbox 2217 3088 3810 3160">
     <span class='ocr_line' id='line_1_90' title="bbox 2217 3088 3810 3160; baseline 0.011 -17"><span class='ocrx_word' id='word_1_673' title='bbox 2217 3088 2340 3144; x_wconf 86' lang='lat' dir='ltr'><strong>dine</strong></span> <span class='ocrx_word' id='word_1_674' title='bbox 2395 3101 2821 3150; x_wconf 85' lang='lat' dir='ltr'><strong>consummatur.</strong></span> <span class='ocrx_word' id='word_1_675' title='bbox 2867 3095 3100 3152; x_wconf 86' lang='lat' dir='ltr'><strong>Econtra</strong></span> <span class='ocrx_word' id='word_1_676' title='bbox 3155 3115 3284 3155; x_wconf 87' lang='lat' dir='ltr'><strong>vero</strong></span> <span class='ocrx_word' id='word_1_677' title='bbox 3337 3102 3474 3158; x_wconf 85' lang='lat' dir='ltr'><strong>alius</strong></span> <span class='ocrx_word' id='word_1_678' title='bbox 3523 3104 3810 3160; x_wconf 67' lang='lat' dir='ltr'><strong>catholica:</strong></span> 
     </span>
    </p>
   </div>
   <div class='ocr_carea' id='block_1_91' title="bbox 2217 3181 3808 3260">
    <p class='ocr_par' dir='ltr' id='par_1_91' title="bbox 2217 3181 3808 3260">
     <span class='ocr_line' id='line_1_91' title="bbox 2217 3181 3808 3260; baseline 0.011 -26"><span class='ocrx_word' id='word_1_679' title='bbox 2217 3181 2410 3236; x_wconf 87' lang='lat' dir='ltr'><strong>matris</strong></span> <span class='ocrx_word' id='word_1_680' title='bbox 2449 3195 2638 3238; x_wconf 85' lang='lat' dir='ltr'><strong>ventre</strong></span> <span class='ocrx_word' id='word_1_681' title='bbox 2671 3187 2865 3254; x_wconf 86' lang='lat' dir='ltr'><strong>editus,</strong></span> <span class='ocrx_word' id='word_1_682' title='bbox 2893 3189 3048 3260; x_wconf 77' lang='lat' dir='ltr'><strong>juxta</strong></span> <span class='ocrx_word' id='word_1_683' title='bbox 3087 3193 3212 3246; x_wconf 67' lang='lat' dir='ltr'><strong>vitae</strong></span> <span class='ocrx_word' id='word_1_684' title='bbox 3266 3195 3562 3250; x_wconf 85' lang='lat' dir='ltr'><strong>terminum</strong></span> <span class='ocrx_word' id='word_1_685' title='bbox 3603 3197 3808 3252; x_wconf 87' lang='lat' dir='ltr'><strong>erroris</strong></span> 
     </span>
    </p>
   </div>
   <div class='ocr_carea' id='block_1_92' title="bbox 2215 3275 3810 3344">
    <p class='ocr_par' dir='ltr' id='par_1_92' title="bbox 2215 3275 3810 3344">
     <span class='ocr_line' id='line_1_92' title="bbox 2215 3275 3810 3344; baseline 0.011 -18"><span class='ocrx_word' id='word_1_686' title='bbox 2215 3275 2468 3344; x_wconf 69' lang='lat' dir='ltr'><strong>voragine</strong></span> <span class='ocrx_word' id='word_1_687' title='bbox 2495 3277 2802 3334; x_wconf 87' lang='lat' dir='ltr'><strong>devoratur.</strong></span> <span class='ocrx_word' id='word_1_688' title='bbox 2835 3281 2986 3337; x_wconf 85' lang='lat' dir='ltr'><strong>Alius</strong></span> <span class='ocrx_word' id='word_1_689' title='bbox 3024 3293 3206 3338; x_wconf 87' lang='lat' dir='ltr'><strong>autem</strong></span> <span class='ocrx_word' id='word_1_690' title='bbox 3233 3285 3400 3340; x_wconf 88' lang='lat' dir='ltr'><strong>vitam</strong></span> <span class='ocrx_word' id='word_1_691' title='bbox 3427 3302 3586 3342; x_wconf 88' lang='lat' dir='ltr'><strong>suam</strong></span> <span class='ocrx_word' id='word_1_692' title='bbox 3633 3289 3690 3342; x_wconf 89' lang='lat' dir='ltr'><strong>in</strong></span> <span class='ocrx_word' id='word_1_693' title='bbox 3721 3305 3810 3344; x_wconf 79' lang='lat' dir='ltr'><strong>ca-</strong></span> 
     </span>
    </p>
   </div>
   <div class='ocr_carea' id='block_1_93' title="bbox 2211 3365 3806 3452">
    <p class='ocr_par' dir='ltr' id='par_1_93' title="bbox 2211 3365 3806 3452">
     <span class='ocr_line' id='line_1_93' title="bbox 2211 3365 3806 3452; baseline 0.009 -32"><span class='ocrx_word' id='word_1_694' title='bbox 2211 3365 2408 3420; x_wconf 84' lang='lat' dir='ltr'><strong>tholica</strong></span> <span class='ocrx_word' id='word_1_695' title='bbox 2451 3369 2652 3436; x_wconf 89' lang='lat' dir='ltr'><strong>pietate</strong></span> <span class='ocrx_word' id='word_1_696' title='bbox 2699 3383 3060 3440; x_wconf 87' lang='lat' dir='ltr'><strong>consummat,</strong></span> <span class='ocrx_word' id='word_1_697' title='bbox 3093 3377 3206 3448; x_wconf 91' lang='lat' dir='ltr'><strong>qui,</strong></span> <span class='ocrx_word' id='word_1_698' title='bbox 3249 3387 3402 3434; x_wconf 87' lang='lat' dir='ltr'><strong>ortus</strong></span> <span class='ocrx_word' id='word_1_699' title='bbox 3447 3379 3501 3434; x_wconf 89' lang='lat' dir='ltr'><strong>in</strong></span> <span class='ocrx_word' id='word_1_700' title='bbox 3553 3379 3806 3452; x_wconf 82' lang='lat' dir='ltr'><strong>perﬁdia,</strong></span> 
     </span>
    </p>
   </div>
   <div class='ocr_carea' id='block_1_94' title="bbox 2209 3459 3810 3530">
    <p class='ocr_par' dir='ltr' id='par_1_94' title="bbox 2209 3459 3810 3530">
     <span class='ocr_line' id='line_1_94' title="bbox 2209 3459 3810 3530; baseline 0.011 -19"><span class='ocrx_word' id='word_1_701' title='bbox 2209 3473 2334 3512; x_wconf 92' lang='lat' dir='ltr'><strong>cum</strong></span> <span class='ocrx_word' id='word_1_702' title='bbox 2361 3459 2498 3516; x_wconf 77' lang='lat' dir='ltr'><strong>lacte</strong></span> <span class='ocrx_word' id='word_1_703' title='bbox 2527 3465 2715 3520; x_wconf 87' lang='lat' dir='ltr'><strong>matris</strong></span> <span class='ocrx_word' id='word_1_704' title='bbox 2757 3465 3012 3522; x_wconf 88' lang='lat' dir='ltr'><strong>hauserat</strong></span> <span class='ocrx_word' id='word_1_705' title='bbox 3061 3469 3212 3524; x_wconf 88' lang='lat' dir='ltr'><strong>virus</strong></span> <span class='ocrx_word' id='word_1_706' title='bbox 3253 3471 3479 3528; x_wconf 87' lang='lat' dir='ltr'><strong>erroris.</strong></span> <span class='ocrx_word' id='word_1_707' title='bbox 3507 3473 3670 3528; x_wconf 81' lang='lat' dir='ltr'><strong>Alius</strong></span> <span class='ocrx_word' id='word_1_708' title='bbox 3697 3473 3810 3530; x_wconf 88' lang='lat' dir='ltr'><strong>cel-</strong></span> 
     </span>
    </p>
   </div>
   <div class='ocr_carea' id='block_1_95' title="bbox 2209 3549 3804 3642">
    <p class='ocr_par' dir='ltr' id='par_1_95' title="bbox 2209 3549 3804 3642">
     <span class='ocr_line' id='line_1_95' title="bbox 2209 3549 3804 3642; baseline 0.011 -39"><span class='ocrx_word' id='word_1_709' title='bbox 2209 3549 2498 3606; x_wconf 89' lang='lat' dir='ltr'><strong>situdinem</strong></span> <span class='ocrx_word' id='word_1_710' title='bbox 2537 3555 2674 3610; x_wconf 86' lang='lat' dir='ltr'><strong>bene</strong></span> <span class='ocrx_word' id='word_1_711' title='bbox 2703 3557 2922 3612; x_wconf 81' lang='lat' dir='ltr'><strong>vivendi</strong></span> <span class='ocrx_word' id='word_1_712' title='bbox 2952 3569 3206 3631; x_wconf 86' lang='lat' dir='ltr'><strong>appetere</strong></span> <span class='ocrx_word' id='word_1_713' title='bbox 3235 3571 3292 3618; x_wconf 90' lang='lat' dir='ltr'><strong>et</strong></span> <span class='ocrx_word' id='word_1_714' title='bbox 3327 3565 3472 3621; x_wconf 88' lang='lat' dir='ltr'><strong>volet</strong></span> <span class='ocrx_word' id='word_1_715' title='bbox 3503 3563 3634 3638; x_wconf 84' lang='lat' dir='ltr'><strong>[al&#39;.,</strong></span> <span class='ocrx_word' id='word_1_716' title='bbox 3665 3565 3804 3642; x_wconf 81' lang='lat' dir='ltr'><strong>vult]</strong></span> 
     </span>
    </p>
   </div>
   <div class='ocr_carea' id='block_1_96' title="bbox 2209 3644 3810 3722">
    <p class='ocr_par' dir='ltr' id='par_1_96' title="bbox 2209 3644 3810 3722">
     <span class='ocr_line' id='line_1_96' title="bbox 2209 3644 3810 3722; baseline 0.011 -24"><span class='ocrx_word' id='word_1_717' title='bbox 2209 3651 2264 3698; x_wconf 90' lang='lat' dir='ltr'><strong>et</strong></span> <span class='ocrx_word' id='word_1_718' title='bbox 2289 3644 2452 3710; x_wconf 87' lang='lat' dir='ltr'><strong>valet,</strong></span> <span class='ocrx_word' id='word_1_719' title='bbox 2495 3647 2630 3702; x_wconf 86' lang='lat' dir='ltr'><strong>alius</strong></span> <span class='ocrx_word' id='word_1_720' title='bbox 2677 3663 2778 3704; x_wconf 90' lang='lat' dir='ltr'><strong>nec</strong></span> <span class='ocrx_word' id='word_1_721' title='bbox 2813 3649 2958 3708; x_wconf 84' lang='lat' dir='ltr'><strong>volet</strong></span> <span class='ocrx_word' id='word_1_722' title='bbox 3001 3667 3102 3709; x_wconf 87' lang='lat' dir='ltr'><strong>nec</strong></span> <span class='ocrx_word' id='word_1_723' title='bbox 3149 3655 3326 3722; x_wconf 86' lang='lat' dir='ltr'><strong>valet;</strong></span> <span class='ocrx_word' id='word_1_724' title='bbox 3377 3657 3516 3712; x_wconf 87' lang='lat' dir='ltr'><strong>alius</strong></span> <span class='ocrx_word' id='word_1_725' title='bbox 3559 3661 3714 3714; x_wconf 81' lang='lat' dir='ltr'><strong>votet</strong></span> <span class='ocrx_word' id='word_1_726' title='bbox 3753 3669 3810 3716; x_wconf 87' lang='lat' dir='ltr'><strong>et</strong></span> 
     </span>
    </p>
   </div>
   <div class='ocr_carea' id='block_1_97' title="bbox 2209 3736 3808 3824">
    <p class='ocr_par' dir='ltr' id='par_1_97' title="bbox 2209 3736 3808 3824">
     <span class='ocr_line' id='line_1_97' title="bbox 2209 3736 3808 3824; baseline 0.011 -34"><span class='ocrx_word' id='word_1_727' title='bbox 2209 3749 2316 3790; x_wconf 90' lang='lat' dir='ltr'><strong>non</strong></span> <span class='ocrx_word' id='word_1_728' title='bbox 2345 3736 2528 3804; x_wconf 86' lang='lat' dir='ltr'><strong>valet;</strong></span> <span class='ocrx_word' id='word_1_729' title='bbox 2571 3739 2714 3796; x_wconf 88' lang='lat' dir='ltr'><strong>alius</strong></span> <span class='ocrx_word' id='word_1_730' title='bbox 2749 3743 2895 3798; x_wconf 84' lang='lat' dir='ltr'><strong>valet</strong></span> <span class='ocrx_word' id='word_1_731' title='bbox 2941 3753 2998 3800; x_wconf 88' lang='lat' dir='ltr'><strong>et</strong></span> <span class='ocrx_word' id='word_1_732' title='bbox 3029 3761 3136 3802; x_wconf 87' lang='lat' dir='ltr'><strong>non</strong></span> <span class='ocrx_word' id='word_1_733' title='bbox 3165 3747 3328 3804; x_wconf 88' lang='lat' dir='ltr'><strong>volet.</strong></span> <span class='ocrx_word' id='word_1_734' title='bbox 3373 3749 3506 3818; x_wconf 86' lang='lat' dir='ltr'><strong>Quis</strong></span> <span class='ocrx_word' id='word_1_735' title='bbox 3537 3765 3674 3824; x_wconf 79' lang='lat' dir='ltr'><strong>ergo</strong></span> <span class='ocrx_word' id='word_1_736' title='bbox 3707 3755 3808 3808; x_wconf 80' lang='lat' dir='ltr'><strong>ista</strong></span> 
     </span>
    </p>
   </div>
   <div class='ocr_carea' id='block_1_98' title="bbox 2202 3821 3810 3912">
    <p class='ocr_par' dir='ltr' id='par_1_98' title="bbox 2202 3821 3810 3912">
     <span class='ocr_line' id='line_1_98' title="bbox 2202 3821 3810 3912; baseline 0.016 -35"><span class='ocrx_word' id='word_1_737' title='bbox 2202 3821 2530 3892; x_wconf 79' lang='lat' dir='ltr'><strong>iudiciorum</strong></span> <span class='ocrx_word' id='word_1_738' title='bbox 2575 3831 2878 3888; x_wconf 68' lang='lat' dir='ltr'><strong>caelestium</strong></span> <span class='ocrx_word' id='word_1_739' title='bbox 2921 3845 3132 3893; x_wconf 86' lang='lat' dir='ltr'><strong>secreta</strong></span> <span class='ocrx_word' id='word_1_740' title='bbox 3181 3841 3494 3898; x_wconf 81' lang='lat' dir='ltr'><strong>discutiat?</strong></span> <span class='ocrx_word' id='word_1_741' title='bbox 3531 3821 3674 3912; x_wconf 71' lang='lat' dir='ltr'><strong>Quis</strong></span> <span class='ocrx_word' id='word_1_742' title='bbox 3723 3847 3810 3901; x_wconf 85' lang='lat' dir='ltr'><strong>in-</strong></span> 
     </span>
    </p>
   </div>
   <div class='ocr_carea' id='block_1_99' title="bbox 2211 3915 3812 4000">
    <p class='ocr_par' dir='ltr' id='par_1_99' title="bbox 2211 3915 3812 4000">
     <span class='ocr_line' id='line_1_99' title="bbox 2211 3915 3812 4000; baseline 0.014 -30"><span class='ocrx_word' id='word_1_743' title='bbox 2211 3915 2418 3988; x_wconf 82' lang='lat' dir='ltr'><strong>telligat</strong></span> <span class='ocrx_word' id='word_1_744' title='bbox 2459 3919 2748 3977; x_wconf 83' lang='lat' dir='ltr'><strong>discretam</strong></span> <span class='ocrx_word' id='word_1_745' title='bbox 2805 3923 3016 3982; x_wconf 89' lang='lat' dir='ltr'><strong>lancem</strong></span> <span class='ocrx_word' id='word_1_746' title='bbox 3065 3929 3339 4000; x_wconf 65' lang='lat' dir='ltr'><strong>mquitatis</strong></span> <span class='ocrx_word' id='word_1_747' title='bbox 3381 3933 3614 3992; x_wconf 76' lang='lat' dir='ltr'><strong>occulta.-</strong></span> <span class='ocrx_word' id='word_1_748' title='bbox 3649 3937 3680 3990; x_wconf 76' lang='lat'><strong>?</strong></span> <span class='ocrx_word' id='word_1_749' title='bbox 3727 3937 3812 3992; x_wconf 77' lang='lat' dir='ltr'><strong>Ad</strong></span> 
     </span>
    </p>
   </div>
   <div class='ocr_carea' id='block_1_100' title="bbox 2210 4009 3808 4090">
    <p class='ocr_par' dir='ltr' id='par_1_100' title="bbox 2210 4009 3808 4090">
     <span class='ocr_line' id='line_1_100' title="bbox 2210 4009 3808 4090; baseline 0.014 -29"><span class='ocrx_word' id='word_1_750' title='bbox 2210 4009 2620 4080; x_wconf 78' lang='lat' dir='ltr'><strong>cognoscendus</strong></span> <span class='ocrx_word' id='word_1_751' title='bbox 2667 4015 2866 4086; x_wconf 87' lang='lat' dir='ltr'><strong>quippe</strong></span> <span class='ocrx_word' id='word_1_752' title='bbox 2907 4017 3042 4074; x_wconf 89' lang='lat' dir='ltr'><strong>istos</strong></span> <span class='ocrx_word' id='word_1_753' title='bbox 3079 4019 3408 4090; x_wconf 75' lang='lat' dir='ltr'><strong>iudiciorum</strong></span> <span class='ocrx_word' id='word_1_754' title='bbox 3457 4035 3808 4084; x_wconf 84' lang='lat' dir='ltr'><strong>secretorum</strong></span> 
     </span>
    </p>
   </div>
   <div class='ocr_carea' id='block_1_101' title="bbox 2211 4101 3812 4185">
    <p class='ocr_par' dir='ltr' id='par_1_101' title="bbox 2211 4101 3812 4185">
     <span class='ocr_line' id='line_1_101' title="bbox 2211 4101 3812 4185; baseline 0.012 -29"><span class='ocrx_word' id='word_1_755' title='bbox 2211 4101 2382 4168; x_wconf 86' lang='lat' dir='ltr'><strong>sinus,</strong></span> <span class='ocrx_word' id='word_1_756' title='bbox 2415 4103 2596 4160; x_wconf 85' lang='lat' dir='ltr'><strong>nullus</strong></span> <span class='ocrx_word' id='word_1_757' title='bbox 2641 4109 2908 4164; x_wconf 85' lang='lat' dir='ltr'><strong>ascendit.</strong></span> <span class='ocrx_word' id='word_1_758' title='bbox 2945 4111 3170 4168; x_wconf 85' lang='lat' dir='ltr'><strong>Dicatur</strong></span> <span class='ocrx_word' id='word_1_759' title='bbox 3205 4129 3338 4185; x_wconf 73' lang='lat' dir='ltr'><strong>ergo</strong></span> <span class='ocrx_word' id='word_1_760' title='bbox 3367 4117 3596 4185; x_wconf 83' lang='lat' dir='ltr'><strong>homini,</strong></span> <span class='ocrx_word' id='word_1_761' title='bbox 3641 4129 3708 4174; x_wconf 89' lang='lat' dir='ltr'><strong>ut</strong></span> <span class='ocrx_word' id='word_1_762' title='bbox 3749 4137 3812 4176; x_wconf 85' lang='lat' dir='ltr'><strong>se</strong></span> 
     </span>
    </p>
   </div>
   <div class='ocr_carea' id='block_1_102' title="bbox 2211 4193 3808 4283">
    <p class='ocr_par' dir='ltr' id='par_1_102' title="bbox 2211 4193 3808 4283">
     <span class='ocr_line' id='line_1_102' title="bbox 2211 4193 3808 4283; baseline 0.016 -37"><span class='ocrx_word' id='word_1_763' title='bbox 2211 4193 2424 4248; x_wconf 87' lang='lat' dir='ltr'><strong>nescire</strong></span> <span class='ocrx_word' id='word_1_764' title='bbox 2471 4209 2798 4268; x_wconf 83' lang='lat' dir='ltr'><strong>cognoscat;</strong></span> <span class='ocrx_word' id='word_1_765' title='bbox 2841 4203 3172 4260; x_wconf 87' lang='lat' dir='ltr'><strong>nescientem</strong></span> <span class='ocrx_word' id='word_1_766' title='bbox 3221 4223 3352 4264; x_wconf 80' lang='lat' dir='ltr'><strong>vero</strong></span> <span class='ocrx_word' id='word_1_767' title='bbox 3401 4225 3466 4266; x_wconf 86' lang='lat' dir='ltr'><strong>se</strong></span> <span class='ocrx_word' id='word_1_768' title='bbox 3487 4209 3808 4283; x_wconf 78' lang='lat' dir='ltr'><strong>Cognoscat</strong></span> 
     </span>
    </p>
   </div>
   <div class='ocr_carea' id='block_1_103' title="bbox 2209 4287 3810 4368">
    <p class='ocr_par' dir='ltr' id='par_1_103' title="bbox 2209 4287 3810 4368">
     <span class='ocr_line' id='line_1_103' title="bbox 2209 4287 3810 4368; baseline 0.013 -26"><span class='ocrx_word' id='word_1_769' title='bbox 2209 4295 2266 4342; x_wconf 87' lang='lat' dir='ltr'><strong>et</strong></span> <span class='ocrx_word' id='word_1_770' title='bbox 2323 4287 2548 4354; x_wconf 87' lang='lat' dir='ltr'><strong>timeat;</strong></span> <span class='ocrx_word' id='word_1_771' title='bbox 2613 4293 2802 4348; x_wconf 86' lang='lat' dir='ltr'><strong>timeat</strong></span> <span class='ocrx_word' id='word_1_772' title='bbox 2851 4303 2912 4350; x_wconf 87' lang='lat' dir='ltr'><strong>ut</strong></span> <span class='ocrx_word' id='word_1_773' title='bbox 2973 4299 3310 4368; x_wconf 86' lang='lat' dir='ltr'><strong>humilietur,</strong></span> <span class='ocrx_word' id='word_1_774' title='bbox 3361 4303 3690 4361; x_wconf 85' lang='lat' dir='ltr'><strong>humilietur</strong></span> <span class='ocrx_word' id='word_1_775' title='bbox 3739 4321 3810 4362; x_wconf 83' lang='lat' dir='ltr'><strong>ne</strong></span> 
     </span>
    </p>
   </div>
   <div class='ocr_carea' id='block_1_104' title="bbox 2209 4379 3808 4458">
    <p class='ocr_par' dir='ltr' id='par_1_104' title="bbox 2209 4379 3808 4458">
     <span class='ocr_line' id='line_1_104' title="bbox 2209 4379 3808 4458; baseline 0.013 -27"><span class='ocrx_word' id='word_1_776' title='bbox 2209 4389 2500 4445; x_wconf 68' lang='lat' dir='ltr'><strong>praesumat</strong></span> <span class='ocrx_word' id='word_1_777' title='bbox 2525 4379 2578 4434; x_wconf 91' lang='lat' dir='ltr'><strong>in</strong></span> <span class='ocrx_word' id='word_1_778' title='bbox 2601 4395 2690 4446; x_wconf 89' lang='lat' dir='ltr'><strong>se;</strong></span> <span class='ocrx_word' id='word_1_779' title='bbox 2731 4399 2838 4438; x_wconf 92' lang='lat' dir='ltr'><strong>non</strong></span> <span class='ocrx_word' id='word_1_780' title='bbox 2875 4399 3166 4456; x_wconf 60' lang='lat' dir='ltr'><strong>praesumat</strong></span> <span class='ocrx_word' id='word_1_781' title='bbox 3187 4391 3242 4444; x_wconf 91' lang='lat' dir='ltr'><strong>in</strong></span> <span class='ocrx_word' id='word_1_782' title='bbox 3269 4407 3330 4446; x_wconf 90' lang='lat' dir='ltr'><strong>se</strong></span> <span class='ocrx_word' id='word_1_783' title='bbox 3353 4433 3366 4458; x_wconf 91' lang='lat'><strong>,</strong></span> <span class='ocrx_word' id='word_1_784' title='bbox 3397 4403 3458 4448; x_wconf 89' lang='lat' dir='ltr'><strong>ut</strong></span> <span class='ocrx_word' id='word_1_785' title='bbox 3481 4393 3808 4454; x_wconf 83' lang='lat' dir='ltr'><strong>Conditoris</strong></span> 
     </span>
    </p>
   </div>
   <div class='ocr_carea' id='block_1_105' title="bbox 2213 4471 3804 4552">
    <p class='ocr_par' dir='ltr' id='par_1_105' title="bbox 2213 4471 3804 4552">
     <span class='ocr_line' id='line_1_105' title="bbox 2213 4471 3804 4552; baseline 0.014 -29"><span class='ocrx_word' id='word_1_786' title='bbox 2213 4471 2294 4525; x_wconf 89' lang='lat' dir='ltr'><strong>sui</strong></span> <span class='ocrx_word' id='word_1_787' title='bbox 2334 4471 2592 4528; x_wconf 79' lang='lat' dir='ltr'><strong>auxilium</strong></span> <span class='ocrx_word' id='word_1_788' title='bbox 2631 4479 2892 4546; x_wconf 87' lang='lat' dir='ltr'><strong>requirat,</strong></span> <span class='ocrx_word' id='word_1_789' title='bbox 2923 4489 2980 4536; x_wconf 89' lang='lat' dir='ltr'><strong>et</strong></span> <span class='ocrx_word' id='word_1_790' title='bbox 3015 4483 3106 4552; x_wconf 91' lang='lat' dir='ltr'><strong>qui</strong></span> <span class='ocrx_word' id='word_1_791' title='bbox 3143 4483 3196 4538; x_wconf 89' lang='lat' dir='ltr'><strong>in</strong></span> <span class='ocrx_word' id='word_1_792' title='bbox 3235 4499 3294 4542; x_wconf 91' lang='lat' dir='ltr'><strong>se</strong></span> <span class='ocrx_word' id='word_1_793' title='bbox 3332 4485 3508 4544; x_wconf 83' lang='lat' dir='ltr'><strong>ﬁdens</strong></span> <span class='ocrx_word' id='word_1_794' title='bbox 3549 4499 3804 4546; x_wconf 83' lang='lat' dir='ltr'><strong>mortuus</strong></span> 
     </span>
    </p>
   </div>
   <div class='ocr_carea' id='block_1_106' title="bbox 2211 4564 3804 4645">
    <p class='ocr_par' dir='ltr' id='par_1_106' title="bbox 2211 4564 3804 4645">
     <span class='ocr_line' id='line_1_106' title="bbox 2211 4564 3804 4645; baseline 0.013 -29"><span class='ocrx_word' id='word_1_795' title='bbox 2211 4569 2314 4626; x_wconf 86' lang='lat' dir='ltr'><strong>est,</strong></span> <span class='ocrx_word' id='word_1_796' title='bbox 2351 4564 2590 4618; x_wconf 84' lang='lat' dir='ltr'><strong>auctoris</strong></span> <span class='ocrx_word' id='word_1_797' title='bbox 2633 4567 2716 4620; x_wconf 86' lang='lat' dir='ltr'><strong>sui</strong></span> <span class='ocrx_word' id='word_1_798' title='bbox 2747 4567 3074 4636; x_wconf 86' lang='lat' dir='ltr'><strong>adjutorium</strong></span> <span class='ocrx_word' id='word_1_799' title='bbox 3115 4583 3372 4645; x_wconf 85' lang='lat' dir='ltr'><strong>appetens</strong></span> <span class='ocrx_word' id='word_1_800' title='bbox 3399 4579 3568 4634; x_wconf 78' lang='lat' dir='ltr'><strong>vivat.</strong></span> <span class='ocrx_word' id='word_1_801' title='bbox 3601 4581 3804 4636; x_wconf 79' lang='lat' dir='ltr'><strong>Audiat</strong></span> 
     </span>
    </p>
   </div>
   <div class='ocr_carea' id='block_1_107' title="bbox 2213 4651 3806 4734">
    <p class='ocr_par' dir='ltr' id='par_1_107' title="bbox 2213 4651 3806 4734">
     <span class='ocr_line' id='line_1_107' title="bbox 2213 4651 3806 4734; baseline 0.014 -28"><span class='ocrx_word' id='word_1_802' title='bbox 2213 4651 2396 4722; x_wconf 79' lang='lat' dir='ltr'><strong>itaque</strong></span> <span class='ocrx_word' id='word_1_803' title='bbox 2427 4653 2512 4708; x_wconf 87' lang='lat' dir='ltr'><strong>vir</strong></span> <span class='ocrx_word' id='word_1_804' title='bbox 2540 4653 2718 4724; x_wconf 83' lang='lat' dir='ltr'><strong>justus</strong></span> <span class='ocrx_word' id='word_1_805' title='bbox 2741 4657 2853 4728; x_wconf 86' lang='lat' dir='ltr'><strong>jam</strong></span> <span class='ocrx_word' id='word_1_806' title='bbox 2897 4663 3114 4729; x_wconf 78' lang='lat' dir='ltr'><strong>quidem</strong></span> <span class='ocrx_word' id='word_1_807' title='bbox 3151 4679 3210 4720; x_wconf 89' lang='lat' dir='ltr'><strong>se</strong></span> <span class='ocrx_word' id='word_1_808' title='bbox 3243 4667 3442 4734; x_wconf 72' lang='lat' dir='ltr'><strong>sciens;</strong></span> <span class='ocrx_word' id='word_1_809' title='bbox 3491 4671 3594 4726; x_wconf 86' lang='lat' dir='ltr'><strong>sed</strong></span> <span class='ocrx_word' id='word_1_810' title='bbox 3623 4671 3806 4728; x_wconf 81' lang='lat' dir='ltr'><strong>adhuc</strong></span> 
     </span>
    </p>
   </div>
   <div class='ocr_carea' id='block_1_108' title="bbox 2213 4752 3800 4828">
    <p class='ocr_par' dir='ltr' id='par_1_108' title="bbox 2213 4752 3800 4828">
     <span class='ocr_line' id='line_1_108' title="bbox 2213 4752 3800 4828; baseline 0.016 -34"><span class='ocrx_word' id='word_1_811' title='bbox 2213 4759 2332 4814; x_wconf 73' lang='lat' dir='ltr'><strong>quae</strong></span> <span class='ocrx_word' id='word_1_812' title='bbox 2355 4759 2518 4816; x_wconf 86' lang='lat' dir='ltr'><strong>supra</strong></span> <span class='ocrx_word' id='word_1_813' title='bbox 2543 4761 2604 4802; x_wconf 86' lang='lat' dir='ltr'><strong>se</strong></span> <span class='ocrx_word' id='word_1_814' title='bbox 2629 4759 2758 4804; x_wconf 84' lang='lat' dir='ltr'><strong>sunt</strong></span> <span class='ocrx_word' id='word_1_815' title='bbox 2777 4752 3068 4808; x_wconf 77' lang='lat' dir='ltr'><strong>nesciens:</strong></span> <span class='ocrx_word' id='word_1_816' title='bbox 3093 4755 3346 4828; x_wconf 74' lang='lat' dir='ltr'><strong>Nunquid</strong></span> <span class='ocrx_word' id='word_1_817' title='bbox 3389 4763 3530 4816; x_wconf 78' lang='lat' dir='ltr'><strong>nosti</strong></span> <span class='ocrx_word' id='word_1_818' title='bbox 3559 4765 3800 4818; x_wconf 71' lang='lat' dir='ltr'><strong>ordinm</strong></span> 
     </span>
    </p>
   </div>
   <div class='ocr_carea' id='block_1_109' title="bbox 2207 4834 3796 4920">
    <p class='ocr_par' dir='ltr' id='par_1_109' title="bbox 2207 4834 3796 4920">
     <span class='ocr_line' id='line_1_109' title="bbox 2207 4834 3796 4920; baseline 0.013 -32"><span class='ocrx_word' id='word_1_819' title='bbox 2207 4834 2343 4898; x_wconf 70' lang='lat' dir='ltr'><strong>ccli,</strong></span> <span class='ocrx_word' id='word_1_820' title='bbox 2373 4845 2420 4888; x_wconf 85' lang='lat' dir='ltr'><strong>et</strong></span> <span class='ocrx_word' id='word_1_821' title='bbox 2461 4853 2620 4906; x_wconf 81' lang='lat' dir='ltr'><strong>pones</strong></span> <span class='ocrx_word' id='word_1_822' title='bbox 2679 4841 2908 4896; x_wconf 79' lang='lat' dir='ltr'><strong>rationes</strong></span> <span class='ocrx_word' id='word_1_823' title='bbox 2945 4843 3060 4913; x_wconf 82' lang='lat' dir='ltr'><strong>ejus</strong></span> <span class='ocrx_word' id='word_1_824' title='bbox 3085 4845 3140 4899; x_wconf 80' lang='lat' dir='ltr'><strong>in</strong></span> <span class='ocrx_word' id='word_1_825' title='bbox 3171 4849 3502 4920; x_wconf 75' lang='lat' dir='ltr'><strong>terrn.&#39;(Job</strong></span> <span class='ocrx_word' id='word_1_826' title='bbox 3559 4867 3796 4918; x_wconf 73' lang='lat' dir='ltr'><strong>nmn,</strong></span> 
     </span>
    </p>
   </div>
   <div class='ocr_carea' id='block_1_110' title="bbox 2205 4923 3798 5007">
    <p class='ocr_par' dir='ltr' id='par_1_110' title="bbox 2205 4923 3798 5007">
     <span class='ocr_line' id='line_1_110' title="bbox 2205 4923 3798 5007; baseline 0.014 -29"><span class='ocrx_word' id='word_1_827' title='bbox 2205 4923 2296 4996; x_wconf 77' lang='lat'><strong>55)</strong></span> <span class='ocrx_word' id='word_1_828' title='bbox 2335 4926 2388 4980; x_wconf 90' lang='lat' dir='ltr'><strong>id</strong></span> <span class='ocrx_word' id='word_1_829' title='bbox 2411 4935 2516 4994; x_wconf 88' lang='lat' dir='ltr'><strong>est,</strong></span> <span class='ocrx_word' id='word_1_830' title='bbox 2551 4931 2792 5000; x_wconf 87' lang='lat' dir='ltr'><strong>nunquid</strong></span> <span class='ocrx_word' id='word_1_831' title='bbox 2821 4933 3070 4990; x_wconf 85' lang='lat' dir='ltr'><strong>occultos</strong></span> <span class='ocrx_word' id='word_1_832' title='bbox 3085 4937 3306 4992; x_wconf 86' lang='lat' dir='ltr'><strong>ordines</strong></span> <span class='ocrx_word' id='word_1_833' title='bbox 3325 4938 3662 5007; x_wconf 76' lang='lat' dir='ltr'><strong>iudiciorum</strong></span> <span class='ocrx_word' id='word_1_834' title='bbox 3689 4959 3798 5000; x_wconf 74' lang='lat' dir='ltr'><strong>cte-</strong></span> 
     </span>
    </p>
   </div>
   <div class='ocr_carea' id='block_1_111' title="bbox 2205 5013 3798 5095">
    <p class='ocr_par' dir='ltr' id='par_1_111' title="bbox 2205 5013 3798 5095">
     <span class='ocr_line' id='line_1_111' title="bbox 2205 5013 3798 5095; baseline 0.015 -27"><span class='ocrx_word' id='word_1_835' title='bbox 2205 5013 2422 5070; x_wconf 87' lang='lat' dir='ltr'><strong>lestium</strong></span> <span class='ocrx_word' id='word_1_836' title='bbox 2447 5019 2888 5090; x_wconf 86' lang='lat' dir='ltr'><strong>comprehendis,</strong></span> <span class='ocrx_word' id='word_1_837' title='bbox 2918 5033 3012 5078; x_wconf 88' lang='lat' dir='ltr'><strong>aut</strong></span> <span class='ocrx_word' id='word_1_838' title='bbox 3041 5027 3256 5095; x_wconf 86' lang='lat' dir='ltr'><strong>aperire</strong></span> <span class='ocrx_word' id='word_1_839' title='bbox 3283 5029 3542 5087; x_wconf 85' lang='lat' dir='ltr'><strong>humanis</strong></span> <span class='ocrx_word' id='word_1_840' title='bbox 3569 5035 3798 5091; x_wconf 82' lang='lat' dir='ltr'><strong>auribus</strong></span> 
     </span>
    </p>
   </div>
   <div class='ocr_carea' id='block_1_112' title="bbox 2207 5105 3798 5188">
    <p class='ocr_par' dir='ltr' id='par_1_112' title="bbox 2207 5105 3798 5188">
     <span class='ocr_line' id='line_1_112' title="bbox 2207 5105 3798 5188; baseline 0.016 -29"><span class='ocrx_word' id='word_1_841' title='bbox 2207 5105 2444 5163; x_wconf 79' lang='lat' dir='ltr'><strong>sntﬁcis?</strong></span> <span class='ocrx_word' id='word_1_842' title='bbox 2493 5109 2688 5166; x_wconf 81' lang='lat' dir='ltr'><strong>Beatus</strong></span> <span class='ocrx_word' id='word_1_843' title='bbox 2727 5113 2890 5184; x_wconf 80' lang='lat' dir='ltr'><strong>igitur</strong></span> <span class='ocrx_word' id='word_1_844' title='bbox 2937 5113 3040 5172; x_wconf 84' lang='lat' dir='ltr'><strong>Job</strong></span> <span class='ocrx_word' id='word_1_845' title='bbox 3087 5119 3154 5172; x_wconf 88' lang='lat' dir='ltr'><strong>de</strong></span> <span class='ocrx_word' id='word_1_846' title='bbox 3199 5118 3530 5188; x_wconf 75' lang='lat' dir='ltr'><strong>iudiciorum</strong></span> <span class='ocrx_word' id='word_1_847' title='bbox 3587 5125 3798 5182; x_wconf 84' lang='lat' dir='ltr'><strong>incom-</strong></span> 
     </span>
    </p>
   </div>
   <div class='ocr_carea' id='block_1_113' title="bbox 2201 5201 3794 5282">
    <p class='ocr_par' dir='ltr' id='par_1_113' title="bbox 2201 5201 3794 5282">
     <span class='ocr_line' id='line_1_113' title="bbox 2201 5201 3794 5282; baseline 0.014 -29"><span class='ocrx_word' id='word_1_848' title='bbox 2201 5201 2648 5270; x_wconf 83' lang='lat' dir='ltr'><strong>prehensibilium</strong></span> <span class='ocrx_word' id='word_1_849' title='bbox 2705 5205 3124 5279; x_wconf 75' lang='lat' dir='ltr'><strong>investigatione</strong></span> <span class='ocrx_word' id='word_1_850' title='bbox 3169 5215 3486 5282; x_wconf 82' lang='lat' dir='ltr'><strong>requiritur,</strong></span> <span class='ocrx_word' id='word_1_851' title='bbox 3535 5233 3604 5274; x_wconf 85' lang='lat' dir='ltr'><strong>ac</strong></span> <span class='ocrx_word' id='word_1_852' title='bbox 3653 5219 3704 5276; x_wconf 82' lang='lat' dir='ltr'><strong>si</strong></span> <span class='ocrx_word' id='word_1_853' title='bbox 3743 5219 3794 5276; x_wconf 82' lang='lat' dir='ltr'><strong>ei</strong></span> 
     </span>
    </p>
   </div>
   <div class='ocr_carea' id='block_1_114' title="bbox 2204 5291 3796 5374">
    <p class='ocr_par' dir='ltr' id='par_1_114' title="bbox 2204 5291 3796 5374">
     <span class='ocr_line' id='line_1_114' title="bbox 2204 5291 3796 5374; baseline 0.015 -31"><span class='ocrx_word' id='word_1_854' title='bbox 2204 5299 2392 5360; x_wconf 85' lang='lat' dir='ltr'><strong>aperte</strong></span> <span class='ocrx_word' id='word_1_855' title='bbox 2413 5291 2718 5350; x_wconf 83' lang='lat' dir='ltr'><strong>diceretur:</strong></span> <span class='ocrx_word' id='word_1_856' title='bbox 2751 5297 2958 5354; x_wconf 75' lang='lat' dir='ltr'><strong>Cuncta</strong></span> <span class='ocrx_word' id='word_1_857' title='bbox 2985 5315 3106 5370; x_wconf 75' lang='lat' dir='ltr'><strong>quin</strong></span> <span class='ocrx_word' id='word_1_858' title='bbox 3139 5307 3346 5374; x_wconf 85' lang='lat' dir='ltr'><strong>pateris</strong></span> <span class='ocrx_word' id='word_1_859' title='bbox 3379 5315 3532 5364; x_wconf 86' lang='lat' dir='ltr'><strong>tanto</strong></span> <span class='ocrx_word' id='word_1_860' title='bbox 3555 5309 3796 5368; x_wconf 80' lang='lat' dir='ltr'><strong>tolerare</strong></span> 
     </span>
    </p>
   </div>
   <div class='ocr_carea' id='block_1_115' title="bbox 2203 5383 3794 5460">
    <p class='ocr_par' dir='ltr' id='par_1_115' title="bbox 2203 5383 3794 5460">
     <span class='ocr_line' id='line_1_115' title="bbox 2203 5383 3794 5460; baseline 0.015 -24"><span class='ocrx_word' id='word_1_861' title='bbox 2203 5383 2498 5454; x_wconf 86' lang='lat' dir='ltr'><strong>patientius</strong></span> <span class='ocrx_word' id='word_1_862' title='bbox 2529 5385 2714 5442; x_wconf 85' lang='lat' dir='ltr'><strong>:debes</strong></span> <span class='ocrx_word' id='word_1_863' title='bbox 2737 5429 2752 5454; x_wconf 90' lang='lat'><strong>,</strong></span> <span class='ocrx_word' id='word_1_864' title='bbox 2809 5401 3032 5459; x_wconf 58' lang='lat' dir='ltr'><strong>quanto.</strong></span> <span class='ocrx_word' id='word_1_865' title='bbox 3065 5405 3404 5454; x_wconf 69' lang='lat' dir='ltr'><strong>secretorum</strong></span> <span class='ocrx_word' id='word_1_866' title='bbox 3481 5401 3794 5460; x_wconf 70' lang='lat' dir='ltr'><strong>cmicstium</strong></span> 
     </span>
    </p>
   </div>
   <div class='ocr_carea' id='block_1_116' title="bbox 2207 5475 3500 5566">
    <p class='ocr_par' dir='ltr' id='par_1_116' title="bbox 2207 5475 3500 5566">
     <span class='ocr_line' id='line_1_116' title="bbox 2207 5475 3500 5566; baseline 0.014 -37"><span class='ocrx_word' id='word_1_867' title='bbox 2207 5475 2446 5546; x_wconf 74' lang='lat' dir='ltr'><strong>ignarus,</strong></span> <span class='ocrx_word' id='word_1_868' title='bbox 2475 5493 2576 5534; x_wconf 85' lang='lat' dir='ltr'><strong>cur</strong></span> <span class='ocrx_word' id='word_1_869' title='bbox 2603 5479 2706 5534; x_wconf 90' lang='lat' dir='ltr'><strong>hoc</strong></span> <span class='ocrx_word' id='word_1_870' title='bbox 2725 5477 2850 5552; x_wconf 71' lang='lat' dir='ltr'><strong>(aL,</strong></span> <span class='ocrx_word' id='word_1_871' title='bbox 2867 5483 3004 5558; x_wconf 67' lang='lat' dir='ltr'><strong>haec]</strong></span> <span class='ocrx_word' id='word_1_872' title='bbox 3033 5489 3258 5556; x_wconf 81' lang='lat' dir='ltr'><strong>pateris,</strong></span> <span class='ocrx_word' id='word_1_873' title='bbox 3277 5491 3500 5566; x_wconf 88' lang='lat' dir='ltr'><strong>nescis.]</strong></span> 
     </span>
    </p>
   </div>
   <div class='ocr_carea' id='block_1_117' title="bbox 2277 5567 3808 5648">
    <p class='ocr_par' dir='ltr' id='par_1_117' title="bbox 2277 5567 3808 5648">
     <span class='ocr_line' id='line_1_117' title="bbox 2277 5567 3808 5648; baseline 0.016 -29"><span class='ocrx_word' id='word_1_874' title='bbox 2277 5567 2450 5634; x_wconf 87' lang='lat' dir='ltr'><strong>Quem</strong></span> <span class='ocrx_word' id='word_1_875' title='bbox 2501 5577 2722 5624; x_wconf 89' lang='lat' dir='ltr'><strong>secutus</strong></span> <span class='ocrx_word' id='word_1_876' title='bbox 2769 5579 2876 5626; x_wconf 89' lang='lat' dir='ltr'><strong>tam</strong></span> <span class='ocrx_word' id='word_1_877' title='bbox 2941 5575 3048 5630; x_wconf 87' lang='lat' dir='ltr'><strong>ﬁde</strong></span> <span class='ocrx_word' id='word_1_878' title='bbox 3095 5591 3260 5648; x_wconf 88' lang='lat' dir='ltr'><strong>quam</strong></span> <span class='ocrx_word' id='word_1_879' title='bbox 3311 5595 3472 5638; x_wconf 86' lang='lat' dir='ltr'><strong>sensu</strong></span> <span class='ocrx_word' id='word_1_880' title='bbox 3517 5593 3578 5640; x_wconf 88' lang='lat' dir='ltr'><strong>et</strong></span> <span class='ocrx_word' id='word_1_881' title='bbox 3611 5587 3808 5642; x_wconf 67' lang='lat' dir='ltr'><strong>verbis</strong></span> 
     </span>
    </p>
   </div>
   <div class='ocr_carea' id='block_1_118' title="bbox 2207 5659 3796 5742">
    <p class='ocr_par' dir='ltr' id='par_1_118' title="bbox 2207 5659 3796 5742">
     <span class='ocr_line' id='line_1_118' title="bbox 2207 5659 3796 5742; baseline 0.014 -31"><span class='ocrx_word' id='word_1_882' title='bbox 2207 5665 2426 5712; x_wconf 88' lang='lat' dir='ltr'><strong>sanctus</strong></span> <span class='ocrx_word' id='word_1_883' title='bbox 2473 5659 2740 5726; x_wconf 85' lang='lat' dir='ltr'><strong>Isidorus,</strong></span> <span class='ocrx_word' id='word_1_884' title='bbox 2795 5661 3128 5734; x_wconf 86' lang='lat' dir='ltr'><strong>Hispalensis</strong></span> <span class='ocrx_word' id='word_1_885' title='bbox 3167 5669 3454 5742; x_wconf 84' lang='lat' dir='ltr'><strong>episcopus</strong></span> <span class='ocrx_word' id='word_1_886' title='bbox 3479 5715 3496 5740; x_wconf 93' lang='lat'><strong>,</strong></span> <span class='ocrx_word' id='word_1_887' title='bbox 3539 5677 3796 5732; x_wconf 78' lang='lat' dir='ltr'><strong>eamdem</strong></span> 
     </span>
    </p>
   </div>
   <div class='ocr_carea' id='block_1_119' title="bbox 2205 5749 3798 5837">
    <p class='ocr_par' dir='ltr' id='par_1_119' title="bbox 2205 5749 3798 5837">
     <span class='ocr_line' id='line_1_119' title="bbox 2205 5749 3798 5837; baseline 0.014 -36"><span class='ocrx_word' id='word_1_888' title='bbox 2205 5761 2344 5816; x_wconf 87' lang='lat' dir='ltr'><strong>pene</strong></span> <span class='ocrx_word' id='word_1_889' title='bbox 2371 5749 2696 5806; x_wconf 83' lang='lat' dir='ltr'><strong>sententiam</strong></span> <span class='ocrx_word' id='word_1_890' title='bbox 2726 5751 2886 5809; x_wconf 87' lang='lat' dir='ltr'><strong>dictis</strong></span> <span class='ocrx_word' id='word_1_891' title='bbox 2913 5757 3026 5810; x_wconf 86' lang='lat' dir='ltr'><strong>suis</strong></span> <span class='ocrx_word' id='word_1_892' title='bbox 3069 5757 3412 5830; x_wconf 84' lang='lat' dir='ltr'><strong>interposuit.</strong></span> <span class='ocrx_word' id='word_1_893' title='bbox 3447 5763 3604 5832; x_wconf 84' lang='lat' dir='ltr'><strong>Quos</strong></span> <span class='ocrx_word' id='word_1_894' title='bbox 3641 5767 3798 5837; x_wconf 78' lang='lat' dir='ltr'><strong>quis-</strong></span> 
     </span>
    </p>
   </div>
   <div class='ocr_carea' id='block_1_120' title="bbox 2207 5841 3792 5928">
    <p class='ocr_par' dir='ltr' id='par_1_120' title="bbox 2207 5841 3792 5928">
     <span class='ocr_line' id='line_1_120' title="bbox 2207 5841 3792 5928; baseline 0.011 -33"><span class='ocrx_word' id='word_1_895' title='bbox 2207 5841 2330 5908; x_wconf 85' lang='lat' dir='ltr'><strong>qnis</strong></span> <span class='ocrx_word' id='word_1_896' title='bbox 2383 5841 2630 5898; x_wconf 81' lang='lat' dir='ltr'><strong>conferre</strong></span> <span class='ocrx_word' id='word_1_897' title='bbox 2657 5843 2908 5912; x_wconf 87' lang='lat' dir='ltr'><strong>voluerit,</strong></span> <span class='ocrx_word' id='word_1_898' title='bbox 2951 5850 3184 5906; x_wconf 84' lang='lat' dir='ltr'><strong>inveniet</strong></span> <span class='ocrx_word' id='word_1_899' title='bbox 3213 5855 3286 5908; x_wconf 89' lang='lat' dir='ltr'><strong>ita</strong></span> <span class='ocrx_word' id='word_1_900' title='bbox 3315 5869 3426 5911; x_wconf 88' lang='lat' dir='ltr'><strong>uno</strong></span> <span class='ocrx_word' id='word_1_901' title='bbox 3451 5871 3552 5912; x_wconf 88' lang='lat' dir='ltr'><strong>eos</strong></span> <span class='ocrx_word' id='word_1_902' title='bbox 3595 5859 3792 5928; x_wconf 85' lang='lat' dir='ltr'><strong>spiritu</strong></span> 
     </span>
    </p>
   </div>
  </div>
