4064 6346
142 296 361 385 ,ἔοθθ

1078 293 1167 350 nr:
1203 258 1883 353 rnmoesrmarioa'n
1918 290 2197 349 comas
2233 293 2282 353 ι.
2326 282 2625 353 suorum.

3340 266 3483 353 lose

222 388 382 481 atque
429 422 526 465 ore
570 405 798 474 locutos,
844 412 905 465 ut
935 406 1185 463 eumdem
1237 404 1501 477 Spiritum
1554 412 1803 459 sanctum
1834 406 1881 465 Α
1907 402 2134 469 formas,
2180 407 2267 463 vel
2313 408 2701 465 chameleomis
2730 408 2961 476 colores,
3012 419 3163 466 certe
3202 426 3477 484 nunquam

222 488 509 569 utriusque
548 496 807 564 adfuisse,
833 505 887 553 et
909 512 1014 569 per
1038 505 1331 566 utrumque
1361 496 1688 551 unanimiter
1726 495 1801 550 lo-

222 598 431 650 cntum.
477 587 698 643 minime
738 585 962 641 dubitet.
996 585 1233 642 Isidorus
1260 585 1428 658 (Sent.
1458 585 1549 639 lib.
1580 601 1650 652 ιι,
1683 602 1799 657 cap.

222 678 278 753 Β)
310 701 323 737 :
363 680 616 757 [Gemina
657 688 740 735 est
766 678 1192 751 praedestinatio,
1229 680 1344 735 sive
1388 678 1685 735 electorum
1737 677 1806 735 ad

222 774 489 845 requiem,
515 771 630 826 sive
656 770 1006 841 reproborum
1037 770 1101 825 ad
1131 776 1361 845 mortem
1400 787 1413 823 :
1453 776 1680 840 utraque
1720 766 1805 822 di-

222 840 351 923 vino
380 865 615 937 agitatur
630 860 754 937 [al.,
777 860 975 937 agitur]
994 861 1223 932 judicio,
1260 840 1318 916 ιῖι
1354 875 1567 933 semper
1605 861 1809 918 electos

222 973 457 1031 superna
482 968 538 1013 et
566 955 827 1012 interiora
879 955 1031 1027 sequi
1064 953 1247 1019 faciat,
1281 967 1603 1025 semperque
1626 968 1808 1024 repro-

220 1052 345 1120 bos,
373 1059 433 1107 ut
458 1048 660 1109 inlimis
695 1057 750 1104 et
778 1047 1140 1105 exterioribus
1172 1046 1531 1113 delectentur,
1560 1046 1811 1103 deseren-

222 1142 295 1200 do
314 1140 613 1216 permittat.
647 1136 805 1196 Sicut
837 1134 1050 1212 igndrat
1076 1140 1238 1195 homo
1262 1139 1555 1196 terminum
1594 1139 1730 1197 lucis
1756 1148 1812 1196 et

222 1220 579 1295 tenebrarum
603 1275 618 1302 ,
664 1233 751 1289 vel
798 1232 1081 1305 utriusque
1124 1233 1203 1290 rei
1261 1233 1385 1303 quis
1416 1232 1540 1288 linis
1585 1233 1686 1299 sit,
1737 1234 1811 1289 ita

216 1315 440 1400 plenius
481 1324 660 1383 nescit
683 1324 806 1397 quis
835 1333 961 1382 ante
1001 1316 1163 1380 suum
1204 1319 1390 1392 ﬁnem,
1426 1324 1547 1381 luce
1587 1324 1814 1398 iustitiae

222 1404 626 1495 prasveniatur,
682 1416 767 1473 vel
794 1414 916 1488 quis
965 1425 1315 1488 peccatorum
1358 1417 1596 1473 tenebris
1642 1431 1813 1488 usque

222 1510 285 1569 in
321 1527 479 1569 suum
520 1510 814 1566 terminum
866 1510 1213 1588 obscuretur,
1260 1519 1353 1567 aut
1390 1511 1512 1582 quis
1559 1520 1683 1582 post
1738 1511 1815 1566 la-

224 1620 388 1679 psum
437 1603 781 1662 tenebrarum
829 1618 1126 1660 conversus
1183 1610 1431 1677 resurgat
1492 1604 1561 1659 ad
1613 1604 1813 1661 lucem.

227 1694 436 1752 Cuncta
466 1692 583 1750 hzec
618 1692 729 1749 Deo
758 1703 965 1764 patent,
1004 1692 1212 1749 homini
1242 1709 1372 1751 vero
1398 1693 1588 1751 latent.
1615 1692 1814 1761 Quam-

1906 494 2148 567 effugies,
2180 513 2453 568 nunquam
2494 498 2758 554 evadendi
2804 499 2982 555 locum
3011 502 3229 570 capies?
3258 500 3365 558 Aut
3390 517 3481 559 ve-

1904 602 2026 643 rum
2053 597 2138 647 est
2170 588 2316 644 enim
2351 589 2495 660 quod
2520 590 2753 661 negasti,
2779 598 2835 647 et
2863 590 3056 646 falsum
3074 603 3158 648 est
3181 594 3325 662 quod
3342 590 3479 653 Grc-

1906 682 2091 755 gorius
2130 691 2185 739 et
2208 682 2447 740 Isidorus
2484 685 2771 750 dixerunt;
2812 694 2906 741 aut
2922 686 3076 759 (quia
3119 687 3225 742 hoc
3261 687 3497 759 impium

1906 782 1989 830 est
2019 774 2104 831 vel
2129 777 2353 832 credere
2386 779 2695 849 quempiam
2736 778 2819 833 vel
2856 779 3084 853 sentire)
3122 781 3168 836 si
3191 792 3489 851 verumest

1911 867 2054 949 quod
2093 865 2389 940 Gregorius
2434 882 2491 924 et
2530 870 2767 927 Isidorus
2792 871 3155 941 protulerunt,
3186 873 3488 944 litterisque

1909 958 2310 1015 venerabilibus
2339 961 2754 1029 mandaverunt,
2796 961 2991 1019 falsum
3015 974 3098 1020 est
3119 964 3261 1037 quod
3289 974 3347 1021 tu
3384 981 3490 1035 eat:

1912 1049 2227 1107 catissimus
2269 1050 2569 1125 allirmasti.
2620 1052 2720 1121 Qui
2755 1070 2877 1109 cum
2916 1055 2979 1110 in
3012 1057 3113 1111 hoc
3160 1072 3273 1113 non
3314 1056 3489 1123 solum

1913 1140 2303 1211 deprehensus,
2333 1159 2520 1199 verum
2560 1146 2727 1201 etiam
2772 1146 3051 1203 convictus
3081 1148 3302 1217 minime
3338 1147 3497 1209 dubie

1912 1229 2068 1296 teris,
2105 1232 2170 1287 de
2209 1232 2420 1313 emteris
2441 1250 2563 1305 (λειω
2603 1235 2765 1291 simili
2804 1237 3012 1307 insania
3052 1239 3198 1309 rictu
3235 1238 3493 1309 pestifero

1915 1321 2193 1389 vomuisti,
2212 1322 2439 1395 juvante
2464 1326 2692 1383 Domino
2708 1328 2822 1399 jam
2851 1328 3025 1387 facilis
3041 1330 3147 1385 erit
3175 1344 3489 1403 aggressus:

1916 1415 2169 1485 quoniam
2213 1417 2299 1473 cui
2328 1418 2385 1472 in
2410 1418 2680 1490 prioribus
2720 1421 2987 1479 mendacii
3022 1424 3307 1489 character
3333 1422 3499 1483 inuri.

1916 1514 2023 1571 tur,
2052 1507 2105 1562 in
2142 1510 2491 1579 sequentibus
2522 1510 2657 1567 ﬁdes
2686 1512 2901 1585 penitus
2928 1514 3239 1586 abrogatur.
3486 1572 3492 1579 ,

1990 1599 2164 1672 Negas
2190 1600 2442 1659 similiter
2465 1604 2841 1677 operationem
2871 1605 2925 1662 in
2958 1606 3070 1664 Deo
3095 1607 3382 1677 pluraliter
3415 1609 3495 1666 el-

1916 1690 2072 1758 l‘erri,
2120 1691 2173 1747 id
2214 1702 2297 1749 est
2343 1694 2691 1765 multiplicari
2726 1697 2812 1751 vel
2856 1698 3145 1768 geminari,
3176 1699 3259 1759 vel
3300 1709 3496 1761 caetera

224 1786 313 1847 vis
361 1785 630 1857 iustorum
686 1783 1029 1841 conversatio
1085 1784 1139 1839 in
1200 1785 1304 1841 hac
1355 1784 1463 1841 vita
1516 1784 1813 1857 probabilis
1842 1773 1889 1835 Β
1918 1779 2227 1853 huiusmodi
2254 1801 2267 1836 :
2298 1792 2352 1839 et
2380 1784 2509 1852 quid
2537 1795 2618 1840 est
2643 1785 2787 1857 quod
2824 1801 3011 1857 omnes
3051 1786 3343 1858 Scriptura:
3369 1805 3498 1862 ope-

227 1879 319 1945 sit,
369 1877 634 1935 incertum
661 1886 840 1932 tamen
872 1876 1183 1932 hominibus
1235 1892 1355 1933 esse
1409 1876 1477 1932 ad
1507 1891 1664 1948 quem
1705 1877 1814 1931 sint

232 1968 396 2027 linem
455 1968 857 2040 praedestinati;
916 1968 1011 2029 sed
1057 1968 1241 2024 omnia
1310 1970 1576 2024 reservari
1634 1970 1816 2025 futuro

228 2059 497 2117 examini.
525 2058 655 2117 Mira
679 2058 963 2130 dispositio
1007 2071 1092 2117 est
1117 2075 1365 2131 superum
1394 2061 1814 2128 distributionis,

228 2166 330 2222 per
371 2166 533 2220 quam
571 2149 663 2205 hic
702 2148 883 2221 justus
924 2148 1158 2220 amplius
1195 2147 1550 2219 justilicatur,
1613 2152 1814 2225 impius

228 2240 466 2311 amplius
520 2237 878 2295 sordidatur?
934 2234 1107 2295 Malus
1157 2238 1223 2295 ad
1270 2238 1473 2297 bonum
1531 2240 1819 2311 aliquando

228 2330 589 2395 convertitur,
626 2330 802 2385 bonus
830 2328 899 2385 ad
925 2330 1128 2385 malum
1173 2330 1466 2401 aliquando
1496 2330 1815 2388 reﬂectitur.

230 2421 368 2478 Vult
389 2420 512 2500 quis
537 2434 657 2476 esse
692 2420 889 2488 bonus,
921 2429 979 2477 et
1016 2436 1123 2477 non
1154 2422 1327 2489 valet;
1374 2422 1493 2478 vult
1534 2422 1674 2480 alter
1700 2439 1821 2480 esse

230 2512 415 2571 malus
471 2521 524 2569 et
579 2524 702 2568 non.
735 2511 1070 2585 permittitur
1126 2513 1371 2570 interire.
1423 2515 1592 2569 Datur
1633 2516 1683 2571 ei
1729 2517 1820 2587 qui

229 2602 354 2663 vult
384 2619 505 2661 esse
531 2604 743 2670 bonus;
776 2603 916 2660 alius
949 2619 1050 2660 nec
1079 2602 1211 2675 vult,
1244 2621 1344 2661 nec
1374 2605 1531 2662 datur
1566 2605 1614 2663 ei
1667 2616 1726 2662 ut
1752 2608 1824 2663 sit

229 2698 434 2757 bonus.
461 2696 569 2754 Iste
587 2697 832 2752 nascitur
855 2696 909 2752 in
934 2712 1119 2753 errore
1147 2705 1203 2752 et
1231 2698 1482 2765 moritur,
1500 2697 1590 2752 illc
1606 2698 1659 2753 in
1682 2699 1825 2755 bono

232 2806 347 2867 quo
375 2791 542 2863 etepit
566 2806 735 2862 usque
766 2789 819 2845 in
850 2790 1015 2846 linem
1041 2791 1321 2862 perdurat.
1350 2791 1559 2847 Tandiu
1582 2793 1684 2849 iste
1718 2801 1825 2849 stat

232 2899 522 2955 quousque
537 2882 726 2955 cadat;
745 2880 835 2939 ille
851 2882 941 2939 diu
964 2882 1105 2943 male
1130 2882 1357 2939 vivendo
1383 2882 1436 2937 in
1460 2882 1567 2939 line
1587 2883 1827 2939 salvatur

228 2970 633 3052 irespectusque
680 2970 1038 3033 convertitur.
1094 2976 1221 3035 Vult
1267 2975 1525 3047 prodesse
1578 2977 1632 3035 in
1683 2976 1835 3033 bono.

228 3062 419 3143 iustus
459 3082 559 3125 nec
594 3066 875 3140 praevalet,
923 3066 1039 3123 vult
1086 3083 1286 3127 nocere
1337 3067 1510 3127 malus
1554 3076 1609 3122 et
1660 3068 1823 3124 valet.

1914 1872 2175 1941 rationes,
2226 1873 2310 1928 vel
2359 1890 2522 1945 opera
2569 1874 2752 1931 divina
2800 1875 3127 1951 decantant?
3163 1878 3374 1937 Clamat
3403 1895 3503 1937 vas

1914 1965 2218 2047 electionis,
2252 1967 2443 2022 doctor
2473 1967 2715 2038 gentium
2753 1966 2809 2022 in
2838 1966 2946 2042 ﬁde
2969 1976 3025 2023 et
3051 1969 3275 2025 veritate
3308 1989 3320 2027 ;
3348 1969 3497 2038 Diui.

1915 2059 2086 2115 siones
2114 2058 2407 2129 gratiarum
2446 2066 2588 2123 sunt,
2622 2057 2760 2112 idem
2797 2068 2974 2117 autem
3010 2060 3259 2131 spiritus;
3283 2070 3331 2117 et
3364 2061 3519 2125 divi-_

1916 2134 2084 2205 siones
2116 2148 2561 2204 ministrationum
2588 2160 2731 2215 sunt,
2759 2149 2898 2205 idem
2926 2161 3110 2224 autem,
3127 2151 3426 2224 Dominus;
3447 2163 3501 2211 et

1918 2240 2194 2295 divisiones
2235 2239 2597 2308 operationum
2626 2249 2771 2305 sunt,
2803 2239 2940 2295 idem
2983 2258 3100 2297 vero
3126 2243 3341 2316 Deus“
3371 2243 3497 2303 Cor.

1917 2323 2020 2395 xu,
2039 2323 2190 2401 4-6).⁴
2219 2327 2289 2383 At
2314 2343 2381 2383 ne
2408 2344 2559 2385 more
2590 2328 2885 2385 furentium
2910 2331 3055 2387 aliud
3087 2332 3373 2408 clamares,
3400 2337 3503 2393 ad-

1915 2418 2115 2492 jungit,
2146 2421 2236 2493 qui
2263 2431 2511 2490 operatur
2548 2423 2726 2476 omnia
2766 2422 2823 2477 in
2866 2423 3107 2479 omnibus
3132 2425 3318 2494 (tunc,
3367 2444 3502 2496 rer}.

1922 2510 1999 2581 6).
2029 2497 2375 2567 Enumeratis
2396 2527 2613 2584 quoque
2638 2514 2951 2571 earumdem
2981 2517 3353 2587 operatiouum
3387 2519 3503 2577 dis-.-

1924 2605 2339 2671 tributionibus,
2386 2606 2498 2661 lrwc
2543 2617 2741 2674 autem,
2780 2594 2980 2681 inquit,
3027 2611 3205 2667 omnia
3256 2622 3507 2683 operam

1921 2716 2061 2775 unus
2089 2708 2243 2772 atque
2273 2700 2411 2756 idem
2433 2699 2685 2775 Spiritus,
2718 2702 2953 2777 dividens
2973 2704 3196 2776 singulis
3215 2716 3368 2776 prout
3398 2707 3509 2765 ruit

1928 2791 2114 2865 (Ibid,
2144 2808 2278 2846 vers.
2314 2791 2423 2863 ll).
2458 2792 2611 2860 Quod
2641 2793 2687 2849 si
2718 2793 2867 2851 aliud
2891 2780 3265 2865 operationem
3286 2796 3410 2863 nea,
3450 2805 3511 2855 οι

1927 2882 2071 2941 aliud
2091 2899 2255 2955 opera
2286 2872 2408 2939 esse
2446 2885 2816 2953 contenderis,
2863 2885 3069 2956 videris
3098 2885 3370 2957 quomodo
3396 2895 3515 2952 tam,

1928 2976 2107 3055 gravis
2132 2975 2495 3055 auctoritatis,
2530 2974 2737 3035 litteris
2760 2976 3018 3047 videlicet
3053 2977 3275 3044 divinis,
3296 2993 3515 3042 earum-2

1932 3052 2038 3139 que
2068 3068 2391 3127 ﬁdelissimis
2430 3052 2841 3137 tractatoribus,
2885 3085 3118 3141 quorum
3144 3070 3271 3135 libri
3295 3086 3515 3133 eorum

232 3135 351 3219 Iste
379 3159 495 3216 vult
524 3135 635 3216 Deo
675 3135 891 3228 vacare,
937 3169 990 3215 et
1020 3159 1216 3216 saeculo
1263 3158 1576 3231 impeditur,
1621 3159 1709 3215 ille
1735 3176 1833 3217 ne-
1859 3135 1905 3199 ο
1935 3135 2056 3221 dem
2103 3144 2488 3221 vocabulorum
2545 3135 2947 3234 pluralitatibus
2996 3163 3194 3223 referti.
3236 3179 3360 3223 esse
3398 3182 3521 3223 ,ωε

234 3248 406 3330 gotiis
430 3250 698 3325 implicari
730 3251 904 3324 cupit,
930 3266 1029 3308 nec
1050 3251 1280 3322 perlicit.
1312 3251 1635 3307 Dominatur
1654 3252 1828 3309 malus

235 3347 415 3425 bono,
454 3347 631 3402 bonus
680 3345 969 3401 damnatur
1015 3360 1115 3416 pro
1171 3344 1367 3415 impio;
1414 3344 1613 3415 impius
1665 3345 1833 3401 hono-

237 3442 409 3496 ratur
451 3453 549 3511 pro
576 3438 747 3510 justo.
792 3434 860 3492 Et
902 3436 957 3495 in
985 3435 1090 3491 hac
1138 3443 1291 3493 tanta
1339 3435 1673 3491 obscuritate
1722 3449 1833 3491 non

237 3532 392 3586 valet
410 3530 575 3585 homo
630 3528 868 3584 divinam
904 3524 1237 3601 perscrutari
1285 3526 1730 3597 dispositionem,
1778 3532 1836 3581 et

240 3623 520 3680 occultum
543 3618 1040 3695 prtedestinationis
1062 3618 1398 3690 perpendere
1427 3614 1727 3690 ordinem.]

322 3714 364 3785 ἰε
398 3712 553 3781 Quod
589 3712 734 3768 enim
770 3711 962 3767 beatus
1003 3708 1299 3781 Gregorius
1325 3707 1837 3780 praedestinationes

241 3804 554 3881 pluraliter,
582 3804 687 3860 hoc
724 3812 947 3859 sanctus
974 3800 1212 3857 Isidorus
1256 3800 1526 3872 geminam
1562 3798 1839 3872 praedesti-

1936 3264 2183 3323 scuntur,
2211 3255 2393 3313 valeas
2416 3256 2709 3313 contraire.
2737 3246 3147 3324 Quae'ro'tameu
3166 3259 3269 3315 abs
3298 3268 3353 3316 te
3380 3258 3523 3316 intee

1938 3346 2062 3410 rim,
2092 3354 2151 3401 ut
2187 3346 2253 3400 de
2287 3346 2501 3403 caneris
2528 3344 2745 3413 sileam,
2766 3347 2909 3418 quid,
2933 3347 3109 3419 magis
3142 3348 3249 3407 Dei
3268 3350 3523 3407 essentia

1937 3446 2231 3517 congruat,
2252 3440 2494 3511 potentia
2521 3454 2589 3495 an
2618 3440 2864 3511 operatio
2882 3441 2905 3495 ?
2926 3439 3069 3503 Mihi
3086 3442 3285 3512 quippe
3310 3444 3535 3503 vitim"

1940 3531 2143 3586 nullum
2163 3532 2376 3602 operari
2404 3546 2565 3604 posse
2591 3532 2796 3604 absque
2820 3533 3069 3611 potentia;
3097 3548 3239 3603 :quo
3261 3533 3407 3591 enim
3425 3549 3524 3606 pa-

1941 3632 2030 3679 cto
2057 3623 2316 3678 dicendus
2355 3632 2438 3679 est
2462 3623 2673 3695 operari
2714 3623 2809 3695 qui
2841 3638 2955 3681 nou
2981 3624 3195 3693 possit?
3218 3624 3523 3684 Potentiam
3558 3662 3567 3681 .

1942 3715 2207 3771 excellere
2248 3730 2353 3771 non
2396 3714 2657 3787 negabis?
2686 3715 2873 3784 Itaque
2920 3716 3160 3784 potentia
3204 3716 3377 3787 magis
3427 3716 3524 3775 Dei

1943 3792 2192 3863 essentizr
2212 3806 2459 3875 congruit
2482 3820 2644 3875 quam
2678 3804 2965 3881 operatio,
2987 3804 3244 3875 quoniam
3280 3807 3527 3877 operatio

243 3890 531 3956 nationem
576 3895 1142 3969 vocavit;quoniam,
1193 3895 1338 3951 sicut
1376 3895 1659 3964 utriusque
1698 3894 1843 3949 dicta
1946 3896 2201 3971 potentiae
2253 3903 2336 3949 est
2374 3893 2619 3961 allectus,
2678 3902 2737 3950 et
2767 3903 2949 3951 tamen
2981 3909 3105 3949 cum
3150 3895 3385 3953 essentia
3431 3896 3539 3959 Dei.

248 4000 546 4060 testantur,
584 3989 922 4047 intellexerat
968 4004 1091 4046 eum
1145 4004 1271 4067 cum
1313 3988 1524 4067 caeteris
1561 3986 1843 4043 catholicis
1946 3987 2309 4060 pluralitatem
2334 3986 2569 4051 abdicet,
2603 3985 2876 4055 potentias
2896 3983 3014 4055 ejus
3039 3985 3323 4057 pluraliter
3355 4002 3533 4047 enun-

251 4082 645 4143 tractatoribus
697 4085 936 4140 sensisse
984 4066 1402 4153 praedestinatos
1444 4066 1718 4155 quosdam
1772 4078 1842 4134 ad
1948 4081 2109 4135 tiatas
2143 4078 2393 4151 legimus,
2425 4076 2639 4132 dicente
2668 4075 2939 4145 Propheta
2967 4094 2981 4130 :
3012 4075 3145 4143 Quis
3172 4075 3416 4148 loquetur
3436 4094 3533 4149 ρος*

252 4166 508 4250 gloriam,
542 4172 803 4245 quosdam
836 4174 901 4229 ad
931 4172 1319 4246 ignominiam;
1345 4172 1465 4229 illos
1488 4174 1556 4227 ad
1594 4186 1845 4244 regnum,
1950 4172 2137 4228 tentias
2185 4170 2418 4236 Domini,
2469 4169 2681 4227 auditas
2718 4168 2881 4241 faciet
2928 4184 3106 4243 omnes
3152 4167 3336 4239 laudes
3382 4167 3539 4241 eiust

252 4273 395 4330 istos
419 4271 486 4326 ad
517 4278 882 4334 tormentum;
910 4267 1032 4323 illos
1067 4267 1135 4322 ad
1162 4266 1553 4322 beatitudinem
1582 4279 1846 4336 superuo-
1953 4265 2124 4341 (Psul.
2152 4282 2240 4331 cv,
2282 4265 2362 4337 ‘2.)
2407 4265 2465 4323 Si
2522 4280 2650 4338 ergo
2701 4264 2947 4336 potentia
2995 4263 3097 4323 Dei
3149 4280 3180 4320 a
3224 4264 3541 4336 pluralitate

254 4379 407 4430 rum,
447 4362 580 4418 istos
607 4359 675 4417 ad
704 4359 1025 4433 supplicium
1053 4357 1374 4414 inferorum.
1401 4355 1682 4427 Perpende
1702 4371 1847 4437 nunc
1951 4357 2037 4429 vel
2060 4357 2458 4429 multiplicitate
2500 4372 2609 4415 non
2636 4357 2961 4429 excluditur,
3000 4373 3101 4423 cur
3120 4358 3385 4431 operatio,
3416 4366 3547 4430 qua

255 4455 459 4528 quibus
485 4450 845 4519 contradicas,
887 4440 1130 4522 quosque
1175 4458 1328 4551 reatu
1358 4448 1659 4523 impietatis
1696 4456 1849 4504 nota-
1873 4498 1928 4561 Β
1954 4466 2158 4523 sequax
2190 4449 2308 4519 eius
2348 4465 2455 4506 non
2496 4450 2795 4521 dubitatur,
2843 4465 2877 4505 a
2908 4447 3315 4521 multiplicitate
3355 4449 3541 4509 exclu-

254 4546 428 4609 veris,
464 4544 555 4615 qui
588 4551 713 4599 ante
742 4551 862 4597 tuas
901 4540 1106 4596 manias
1142 4538 1516 4595 contriverunt
1549 4554 1712 4611 quam
1754 4554 1851 4593 na-
1875 4538 1927 4561 "
1954 4544 2127 4601 denda
2148 4541 2458 4613 iudicatur?
2493 4541 2649 4611 Quod
2683 4541 2728 4597 si
2770 4541 2917 4599 inter
2943 4540 3313 4612 operationem
3348 4540 3447 4599 Dei
3482 4548 3543 4597 et

258 4636 515 4696 scereris.
537 4635 616 4691 Ae
644 4650 739 4707 per
762 4634 866 4688 hoc
907 4632 1303 4688 constituamus
1330 4639 1383 4685 te
1403 4638 1458 4684 et
1476 4629 1695 4686 beatum
1720 4628 1853 4686 Gre-
1952 4653 2117 4715 opera
2154 4637 2284 4706 quid
2326 4635 2765 4708 distinguendum
2798 4634 2924 4703 erit,
2972 4634 3107 4695 mihi
3151 4632 3383 4693 interim,
3408 4632 3541 4691 nihil

261 4730 504 4804 gorium,
552 4728 704 4807 illum
753 4724 1267 4798 praedestinationes
1310 4722 1595 4794 pluraliter
1626 4721 1852 4779 efferen-

262 4834 398 4887 tem,
431 4832 481 4877 te
509 4819 788 4892 pluraliter
807 4816 985 4874 ell'erri
1013 4815 1614 4888 impiumjudicantem.
1644 4816 1779 4886 Quis
1800 4825 1852 4872 te

257 4916 374 4988 jam
407 4913 625 4969 audiat?
655 4912 787 4982 Quis
811 4927 917 4966 non
962 4910 1204 4977 horreat,
1235 4925 1397 4981 quem
1426 4910 1481 4965 in
1527 4918 1733 4965 tantum
1769 4924 1858 4965 vc-

265 5009 436 5066 sanize
465 5006 776 5078 prorupisse
795 5003 1013 5070 viderit,
1037 5010 1099 5057 ut
1136 5002 1330 5074 impios
1361 5010 1524 5057 tanta:
1557 5002 1854 5057 auctorita-

268 5100 341 5159 tis
378 5100 526 5155 viros
570 5092 796 5163 dixisse,
828 5104 905 5163 et,
953 5093 1098 5169 quod
1152 5103 1238 5151 est
1287 5093 1680 5165 blasphemius,
1722 5094 1861 5153 scri-

267 5193 469 5265 psisse,
504 5189 813 5245 nullatenus
849 5183 1167 5242 e‘rubueris?
1202 5184 1334 5254 Quis
1385 5184 1531 5241 enim
1573 5190 1627 5239 te
1678 5184 1864 5242 audiat

270 5283 641 5358 pluralitatem
684 5278 1181 5356 praedestinationis
1213 5285 1520 5351 negantem,
1544 5277 1636 5348 qui
1679 5282 1863 5335 tantos

268 5376 466 5434 Patres
489 5374 575 5432 vel
609 5374 803 5448 legerit
840 5372 925 5429 vel
967 5370 1200 5427 audierit
1226 5369 1510 5441 pluraliter
1538 5367 1861 5425 efferentes?

274 5466 411 5538 Quis
441 5467 550 5523 tuis
573 5463 1045 5539 disputatiunculis
1087 5480 1273 5529 aurem
1314 5463 1591 5530 adhibeat,
1612 5471 1673 5519 ut
1697 5462 1863 5519 tantis

277 5557 536 5616 Patrlbus
570 5558 839 5614 dictorum
891 5557 1327 5627 scriptorumque
1376 5554 1651 5611 veracium
1700 5552 1863 5611 tidem

280 5653 544 5726 deroget?
568 5662 625 5708 et
651 5653 775 5725 quis
806 5652 903 5708 tibi
932 5651 1246 5717 veritatem,
1270 5649 1375 5705 illis
1405 5648 1750 5709 mendacium
1771 5648 1863 5704 de-

281 5744 475 5827 putet?
512 5752 739 5808 Vertere
768 5751 823 5807 in
857 5750 1129 5825 quaslibet
1163 5747 1248 5805 vel
1293 5747 1525 5805 labulosi
1554 5745 1867 5805 Promethei

1954 4729 2098 4786 aliud
2121 4728 2361 4785 occurrit
2385 4742 2666 4797 quousque
2693 4725 3007 4798 diligentius
3033 4722 3351 4794 exquiratur
3376 4736 3543 4791 quam

1953 4820 2324 4893 operationem
2367 4833 2489 4874 esse
2515 4818 2642 4873 dum
2671 4815 2753 4883 lit,
2791 4831 2928 4887 opus
2958 4828 3089 4871 vero
3111 4814 3256 4883 quod
3282 4811 3363 4868 lit.
3388 4809 3546 4878 Quod

1955 4914 2001 4970 si
2023 4914 2100 4968 ita
2120 4919 2223 4977 est,
2252 4910 2374 4982 quis
2396 4908 2605 4966 dubitet
2620 4910 2697 4981 ad
2713 4909 2882 4963 Deum
2910 4915 3140 4976 utraque
3165 4902 3476 4993 pertinere?
3516 4940 3523 4949 ι

2031 5001 2390 5073 Augustinus:
2408 4997 2565 5073 [Cum
2594 4998 2837 5069 operatio
2862 4995 3041 5053 Patris
3062 4994 3281 5060 dicitur,
3295 5008 3402 5049 non
3424 5007 3549 5051 eam

1962 5098 2079 5153 sine
2110 5095 2247 5152 Filio
2285 5103 2340 5151 et
2385 5093 2588 5165 Spiritu
2620 5100 2811 5149 sancto
2841 5086 3173 5160 intelligatur
3213 5086 3461 5159 operari;
3494 5094 3553 5145 et

1963 5205 2087 5245 cum
2110 5187 2390 5261 generatio
2407 5186 2551 5253 Filii,
2566 5201 2674 5243 non
2695 5184 2812 5239 sine
2833 5182 2994 5238 Patre
3015 5187 3073 5238 et
3097 5178 3306 5251 Spiritu
3329 5188 3549 5249 sancto;

1964 5289 2168 5336 etcum
2194 5278 2439 5351 operatio
2469 5275 2704 5347 Spiritus
2744 5271 2941 5337 sancti,
2982 5286 3097 5337 non
3135 5270 3257 5329 sine
3293 5268 3457 5327 Patre
3496 5274 3555 5324 et

1966 5371 2126 5440 Filio,
2148 5370 2283 5427 satis
2313 5379 2496 5429 notum
2519 5375 2602 5425 est
2622 5372 2773 5420 recte
2798 5360 3173 5426 credentibus,
3191 5358 3276 5415 vel
3302 5357 3466 5415 etiam
3494 5363 3555 5413 ut

1969 5473 2196 5538 possunt
2227 5442 2667 5539 intélligentibus.
2697 5456 2767 5513 Et
2801 5454 2930 5511 illud
2959 5454 3081 5511 ideo
3112 5452 3317 5510 dictum
3357 5459 3441 5507 est
3486 5448 3556 5506 de

1970 5559 2151 5625 Patre,
2175 5558 2282 5629 ipse
2307 5555 2436 5627 facit
2473 5567 2633 5623 opera
2675 5549 2859 5623 (Joan.
2887 5563 2997 5616 xlv,
3028 5546 3115 5617 10)
3135 5586 3153 5613 ,
3196 5545 3339 5615 quod
3364 5543 3433 5599 ab
3463 5541 3556 5599 illo

1972 5649 2043 5706 sit
2063 5649 2214 5719 origo
2242 5647 2407 5703 etiam
2444 5657 2665 5715 cperum
2706 5656 2737 5696 a
2771 5655 2881 5711 quo
2908 5648 2990 5694 est
3021 5636 3341 5695 exsistentia
3362 5649 3557 5707 coope—

1976 5741 2210 5799 rantium
2260 5751 2612 5809 personarum
2654 5733 2827 5805 :quia
2856 5740 2911 5788 et
2954 5730 3120 5787 Filius
3162 5730 3228 5787 de
3274 5727 3363 5786 illo
3396 5736 3557 5783 natus
