4064 6346
989 265 1112 288 ἠρ

558 376 694 434 1051

1553 364 1612 421 s.
1648 347 2024 420 pauonum
2065 350 2452 413 TRECENSIS
2489 323 2802 408 unseen

3706 348 3846 405 103!

556 500 660 560 est,
681 497 736 548 et
763 487 1002 561 Spiritus
1028 494 1248 543 sanctus
1275 479 1644 555 principaliter
1667 479 1732 534 de
1765 477 1856 532 illo
1875 473 2143 547 procedit,
2172 474 2222 536 Α
2248 469 2389 561 sicut
2413 465 2535 537 ejus
2579 463 2818 521 essentia
2868 471 3032 561 atque
3058 462 3334 561 voluntas,
3384 463 3708 561 necessario
3761 479 3846 520 se»

559 585 626 640 de
663 597 770 652 quo
795 588 954 636 natus
982 587 1066 636 est
1109 577 1298 640 Filius,
1340 583 1396 630 et
1434 589 1554 628 cum
1585 576 1692 644 quo
1733 569 1808 624 illi
1838 567 2142 624 communis

555 683 644 731 est
670 675 813 730 idem
861 670 1115 742 Spiritus.
1163 668 1232 722 Et
1260 665 1388 721 illud
1435 665 1580 734 quod
1615 662 1694 717 ait
1733 659 1990 715 Dominus
2026 676 2038 710 :
2082 655 2144 710 Si

563 778 720 835 opera
739 777 844 816 non
870 760 1104 830 fecissem
1126 757 1182 811 in
1207 756 1301 819 eis,
1327 769 1446 825 qua:
1468 768 1617 807 nemo
1645 749 1780 804 alius
1802 747 1924 819 fecit
1955 745 2141 821 (Joan.

561 853 788 924 xv,24),
805 867 908 908 non
927 849 996 906 ad
1017 848 1234 903 Patrem
1251 845 1336 902 vel
1353 843 1614 914 Spiritum
1637 841 1906 905 retulisse,
1922 838 2065 909 quod
2092 835 2144 892 ei

560 958 669 1000 non
699 944 806 998 sint
828 941 881 998 in
908 940 1014 995 illis
1035 937 1289 1010 operibus
1315 933 1609 1006 cooperati,
1641 931 1734 988 sed
1779 929 1846 986 ad
1877 929 2143 994 homines,

560 1049 594 1090 a
617 1035 813 1106 quibus
847 1033 1097 1104 leguntur
1138 1030 1304 1085 multa
1337 1027 1481 1083 facta
1509 1025 1789 1091 miracula,
1822 1032 1877 1081 et
1905 1032 2085 1079 tamen
2113 1036 2146 1076 a

559 1125 728 1193 nullo,
748 1141 867 1197 qua:
884 1122 1230 1181 Filius'l’ecit.
1259 1121 1326 1177 Et
1347 1121 1490 1192 quod
1515 1120 1592 1176 ait
1610 1117 1900 1190 Apostolus
1921 1115 1989 1171 de
2025 1113 2147 1185 Spi-

561 1219 670 1278 ritu
699 1226 925 1276 sancto:
968 1217 1162 1274 Omnia
1187 1226 1363 1271 autem
1397 1215 1510 1270 haec
1536 1222 1783 1286 operatur
1818 1227 1953 1266 unus
1993 1219 2148 1280 atque

557 1308 700 1364 idem
738 1307 969 1381 Spiritus
1007 1304 1060 1378 (I
1110 1303 1235 1361 Cor.
1271 1321 1383 1372 xu,
1425 1304 1548 1376 ll),
1585 1318 1692 1358 non
1747 1301 1869 1358 ideo
1917 1299 2143 1364 dictum,

560 1399 686 1471 quia
716 1413 824 1454 non
867 1397 919 1452 ei
945 1402 1270 1466 cooperatur
1297 1395 1461 1451 Pater
1490 1403 1546 1449 et
1567 1391 1757 1460 Filius,
1787 1392 1882 1448 sed
1919 1391 2045 1461 quia
2094 1389 2148 1445 in

559 1489 646 1544 his
670 1487 922 1559 operibus
951 1501 1058 1542 non
1081 1493 1208 1541 sunt
1234 1484 1411 1551 multi,
1440 1484 1535 1540 sed
1569 1499 1708 1539 unus
1731 1482 1987 1553 Spiritus,
2012 1490 2065 1538 et
2092 1482 2146 1536 in

558 1579 828 1635 universis
854 1577 969 1634 suis
990 1577 1400 1649 operationibus
1426 1591 1535 1632 non
1561 1583 1644 1631 est
1665 1591 1697 1630 a
1725 1590 1782 1632 se
1823 1575 1941 1646 ipso
1971 1573 2152 1629 diver-

2248 558 2432 630 quitur
2461 567 2521 611 ut
2549 566 2747 612 caetera
2791 571 2968 625 quaaa
3000 554 3093 610 Dei
3139 555 3414 610 voluntate
3460 557 3691 628 prodire
3737 573 3847 613 non

2248 648 2588 712 dubitantur,
2619 647 2767 702 Velut
2811 647 2908 703 Dei
2954 647 3190 703 essentia
3238 649 3630 718 praedicantur.
3681 647 3848 706 Verbi

2248 741 2444 813 gratia,
2474 740 2749 812 cogitatio,
2783 740 2940 805 visio,
2974 740 3248 810 praevisio,
3278 742 3508 808 creatio,
3536 739 3845 812 dispositio,

2247 831 2599 903 dispensatio,
2629 830 2873 894 statutio,
2904 829 3164 895 decretio,
3193 832 3406 901 paratio
3427 871 3441 897 ,
3491 834 3848 902 praeparatio,

2242 924 2532 996 judicium,
2563 922 2803 990 afﬂictio,
2834 924 3129 994 correptio,
3159 923 3474 992 inﬁrmatio,
3511 924 3852 993 interfectio,

2249 1015 2474 1081 occisio,
2524 1013 2777 1086 perditio,
2832 1013 3186 1085 disperditio,
3235 1013 3488 1081 inclusio,
3530 1015 3850 1081 obduratio,

2250 1106 2544 1174 induratio,
2594 1105 2896 1172 derelictio,
2949 1105 3208 1170 desertio,
3261 1105 3542 1170 uoluntas,
3576 1106 3850 1169 seductio,

2250 1198 2305 1256 in
2331 1215 2571 1256 errorem
2614 1199 2877 1266 inductio,
2907 1198 3176 1271 deceptio,
3223 1199 3421 1264 morbi,
3451 1198 3659 1264 fames,
3689 1199 3855 1269 pesti-

2251 1297 2450 1364 lentias,
2482 1305 2853 1368 tempestates,
2882 1295 3197 1366 naufragia,
3228 1295 3456 1360 insidia,
3487 1303 3546 1348 et
3568 1293 3681 1348 alia
3710 1310 3855 1349 eom-

2251 1388 2428 1459 plura,
2465 1404 2584 1459 quae
2616 1389 2670 1442 in
2702 1387 2901 1444 divinis
2929 1386 3161 1458 eloquiis
3194 1386 3385 1450 indita,
3427 1394 3482 1440 et
3513 1384 3747 1440 Patrum
3773 1385 3857 1438 lit-

2253 1482 2387 1536 teris
2433 1480 2812 1546 usitatissima,
2847 1479 3197 1549 prudentium
3227 1477 3406 1533 nullus
3448 1477 3694 1549 ignorat.
3729 1477 3856 1545 Qu:

2252 1573 2532 1629 voluntate
2561 1573 2656 1628 Dei
2706 1571 3137 1628 indubitabiliter
3163 1572 3308 1628 bona
3345 1586 3565 1641 semper
3606 1580 3669 1624 et
3709 1569 3854 1639 iusta

559 1692 670 1733 sus.
715 1675 826 1730 Nec
865 1683 1048 1729 tamen
1079 1673 1333 1737 inaniter,
1363 1671 1458 1727 sed
1485 1669 1883 1726 rationabiliter
1910 1675 1967 1723 et
1987 1683 2149 1724 vera-
2254 1664 2370 1719 ﬁeri
2416 1663 2662 1735 quisquis
2690 1670 2870 1734 negat,
2914 1660 3143 1732 iustitiae
3194 1669 3252 1718 et
3289 1659 3500 1731 judicio
3539 1659 3856 1716 Conditoris

557 1767 696 1822 citer
723 1765 922 1822 dicitur
946 1763 1164 1820 Patrem
1208 1762 1440 1826 dixisse,
1492 1777 1599 1816 non
1649 1759 1845 1815 Filium
1883 1767 1938 1815 et
1975 1757 2151 1828 Spiri-
2255 1758 2418 1812 nimis
2446 1757 2608 1827 impie
2658 1757 3000 1826 contradicit.
3041 1755 3172 1824 Quae
3214 1755 3342 1826 quia
3391 1770 3540 1810 nunc
3588 1755 3860 1825 exemplis

559 1865 673 1913 tum
714 1863 963 1911 sanctum
1001 1872 1016 1908 :
1065 1852 1144 1908 Tu
1191 1868 1245 1906 es
1285 1849 1460 1905 Filius
1500 1866 1646 1905 meus
1679 1848 1918 1914 dilectus,
1959 1848 2014 1901 in
2047 1863 2149 1918 quo
2177 1849 2225 1911 B
2251 1848 2470 1920 longqu
2499 1855 2583 1903 est
2610 1847 2928 1918 approbare,
2957 1846 3175 1902 interim
3210 1845 3554 1911 diﬂ'erantur;
3591 1854 3660 1900 ut
3685 1846 3733 1900 si
3765 1845 3855 1900 de-

556 1947 848 2019 complacui
890 1945 1106 2017 (Matth.
1144 1959 1289 2009 xvu,
1331 1942 1407 2015 5).
1441 1940 1547 1997 Sed
1594 1941 1699 1996 hoc
1728 1937 2049 1995 miraculum
2079 1939 2148 1994 de

557 2039 698 2094 caelo
745 2036 1006 2093 sonabilis
1057 2035 1232 2102 verbi,
1262 2033 1512 2106 quamvis
1541 2033 1609 2089 ad
1641 2047 1928 2103 personam
1967 2031 2150 2086 Patris

559 2129 936 2186 tantummodo
985 2128 1281 2199 pertinere,
1329 2136 1651 2198 cooperatos
1690 2139 1811 2180 esse
1848 2123 2044 2191 Filium
2091 2132 2149 2180 et

563 2222 824 2293 Spiritum
855 2227 1100 2276 sanctum
1147 2235 1255 2275 non
1296 2234 1577 2292 negamus.
1611 2215 1797 2288 Neque
1833 2217 1978 2271 enim
2021 2216 2148 2286 quia

562 2325 691 2372 tunc
725 2315 890 2372 Filius
916 2329 1136 2371 carnem
1162 2323 1391 2385 portans
1432 2329 1556 2370 cum
1588 2313 1900 2369 hominibus
1924 2326 2150 2369 conver-

567 2405 792 2461 sabatur
815 2403 871 2460 in
900 2413 1068 2469 terra,
1099 2405 1220 2461 ideo
1254 2420 1360 2460 non
1390 2411 1508 2460 erat
1540 2404 1703 2459 etiam
1745 2403 1799 2459 in
1824 2403 1946 2460 sinu
1971 2402 2151 2460 Patris

559 2504 818 2568 tanquam
862 2497 1198 2570 unigenitum
1245 2497 1504 2563 Verbum,
1535 2497 1752 2567 quando
1797 2497 1887 2552 illa
1914 2498 1980 2553 de
2007 2495 2150 2554 nube

558 2604 665 2645 vox
695 2587 836 2644 facta
858 2597 974 2655 est;
1016 2596 1110 2644 aut
1129 2589 1406 2660 sapienter
1433 2597 1487 2645 et
1519 2589 1840 2661 spiritaliter
1863 2589 2013 2645 credi
2051 2603 2151 2659 po-

559 2687 668 2736 test
709 2679 878 2735 Deum
922 2679 1142 2736 Patrem
1186 2679 1558 2751 operationem
1586 2679 1877 2735 verborum
1926 2691 2149 2734 suorum

558 2768 870 2826 sonantium
903 2775 1067 2839 atque
1097 2769 1494 2825 transeuntium
1521 2783 1553 2823 a
1600 2784 1697 2825 sua
1737 2768 2004 2840 sapientia
2033 2767 2148 2824 sui-

557 2878 666 2937 que
695 2863 930 2934 Spiritus
979 2863 1365 2935 cooperatione
1401 2879 1705 2936 separasse.
1750 2863 1954 2920 Eodem
1987 2862 2151 2920 modo

555 2967 684 3010 cum
730 2952 1038 3010 rectissime
1080 2952 1328 3010 dicamus
1354 2969 1464 3009 non
1492 2953 1734 3021 Patrem,
1759 2967 1861 3009 nec
1885 2942 2160 3024 Spiritum

554 3051 828 3113 sanctum,
859 3043 954 3101 sed
983 3043 1204 3112 Filium,
1245 3061 1401 3116 super
1424 3061 1570 3100 mare
1597 3044 1895 3100 ambulasse
1920 3043 2148 3118 (Matth.

2249 1956 2358 1997 nuo
2387 1940 2471 1996 vel
2503 1941 2675 2011 hydra
2713 1948 2877 2011 caput
2915 1939 3122 2005 levare,
3153 1937 3237 1993 vel
3281 1945 3504 1993 excetra
3536 1939 3666 1992 nisa
3698 1938 3858 1993 fuerit

2250 2032 2491 2097 sibilare,
2522 2031 2781 2102 largiente
2830 2030 3060 2086 Domino
3084 2029 3250 2085 latius
3297 2037 3460 2100 atque
3513 2030 3856 2085 commodius

2248 2121 2615 2196 proferantur.
2649 2122 2829 2179 Unum
2861 2131 3044 2179 tamen
3087 2122 3154 2178 de
3195 2120 3474 2179 voluntate
3499 2122 3601 2177 Dei
3635 2137 3708 2175 ex
3736 2138 3857 2177 sau-

2251 2217 2324 2272 cti
2347 2215 2632 2288 Augustini
2656 2215 2818 2272 dictis
2860 2216 3236 2272 testimonium
3281 2215 3694 2287 interposuisse
3719 2215 3857 2271 suﬂi-

2249 2307 2381 2376 ciat,
2408 2307 2475 2363 de
2500 2319 2606 2379 qua
2630 2307 2684 2362 in
2711 2306 2852 2364 libro
2881 2306 3238 2364 Euchiridion
3267 2307 3361 2362 tali
3381 2308 3856 2364 sermocinatione

2251 2397 2530 2454 disseruit.

2318 2488 2650 2560 Augustinus
2664 2487 2906 2560 (Enchir.
2923 2505 2972 2544 ε.
2996 2487 3121 2561 100)
3144 2507 3157 2544 :
3175 2489 3325 2562 [Haec
3345 2497 3472 2546 sunt
3485 2507 3689 2563 magna
3703 2508 3857 2562 opera

2251 2579 2484 2649 Domini,
2518 2572 2789 2654 exquisita.
2802 2581 2857 2636 in
2884 2597 3062 2636 omnes
3086 2580 3380 2637 voluntates
3409 2582 3529 2654 ejus
3555 2581 3744 2654 (Psal.
3769 2598 3854 2648 cx,

2249 2671 2328 2744 2),
2377 2679 2434 2728 et
2478 2680 2586 2726 tam
2618 2672 2894 2743 sapienter
2931 2671 3222 2743 exquisita,
3270 2681 3331 2727 ut
3365 2689 3490 2730 cum
3527 2674 3778 2745 angelica
3805 2685 3860 2730 et

2251 2764 2486 2820 lmmaua
2515 2771 2768 2819 creatura
2793 2769 3092 2834 peccasset,
3122 2763 3176 2819 id
3203 2771 3287 2820 est
3310 2777 3428 2820 uou‘
3441 2765 3594 2836 quod
3620 2763 3736 2830 ille,
3765 2763 3854 2820 sed

2250 2854 2394 2927 quod
2409 2853 2577 2910 voluit
2602 2855 2718 2926 ipsa
2747 2842 2984 2921 fecisset,
3007 2855 3172 2912 etiam
3195 2869 3294 2926 per
3318 2855 3570 2912 eatndem
3587 2865 3854 2913 creatura

2249 2947 2606 3014 voluntatem,
2652 2961 2757 3016 qua
2796 2946 3014 3003 factum
3051 2955 3137 3004 est
3179 2947 3324 3018 quod
3376 2947 3610 3003 Creator
3659 2948 3856 3014 noluit,

2252 3039 2501 3110 impleret
2552 3039 2667 3109 ipse
2693 3039 2836 3110 quod
2862 3038 3064 3106 voluit;
3094 3039 3234 3096 bene
3257 3048 3418 3095 utens
3446 3049 3505 3095 et
3541 3039 3708 3116 malis
3738 3049 3856 3096 tau-

555 3151 670 3200 xw,
698 3135 804 3202 25,
839 3135 971 3207 26),
1002 3134 1156 3205 cujus
1193 3136 1392 3192 humus
1416 3151 1545 3192 caro
1568 3145 1688 3192 erat
1717 3135 1827 3201 illa,
1859 3145 1916 3192 et
1953 3135 2152 3209 plantae
2253 3145 2415 3201 quam
2459 3145 2670 3186 summe
2710 3129 2905 3198 bonus,
2949 3132 3017 3187 ad
3050 3145 3240 3187 eorum
3281 3118 3696 3188 damnationem
3723 3147 3856 3204 quos

555 3225 812 3282 ﬂuctibus
839 3226 1173 3294 innitentes;
1199 3227 1331 3283 illud
1355 3222 1533 3284 tamen
1559 3243 1695 3300 opus
1727 3227 1865 3284 tanti
1899 3227 2149 3305 miraculi
2175 3209 2224 3274 Β
2247 3221 2392 3294 iuste
2415 3222 2822 3294 praedestinavit
2846 3223 2914 3278 ad
2936 3225 3176 3294 pmnam’,
3204 3234 3260 3280 et
3301 3223 3367 3279 ad
3394 3239 3590 3280 eorum
3624 3225 3856 3280 salutem

561 3315 802 3382 Patrem,
826 3323 882 3373 et
925 3315 1188 3388 Spiritum
1227 3327 1474 3374 sanctum
1514 3327 1836 3390 cooperatos
1877 3333 2001 3376 esse
2027 3319 2151 3390 quis

555 3405 798 3462 abnuat?
848 3404 943 3462 Sic
979 3407 1123 3463 enim
1148 3415 1206 3464 et
1245 3407 1418 3464 solum
1449 3407 1646 3464 Filium
1684 3409 1969 3466 verissime
2011 3409 2148 3466 dici-

556 3513 680 3555 mus
721 3499 898 3570 ipsam
951 3499 1256 3572 suscepisse
1309 3515 1550 3568 carnem,
1599 3515 1706 3558 non
1759 3501 2000 3569 Patrem,
2056 3511 2152 3558 aut

559 3591 824 3665 Spiritum
868 3584 1160 3660 sanctum,
1211 3601 1270 3650 et
1324 3602 1506 3650 tamen
1551 3595 1693 3650 hanc
1721 3593 2150 3652 incarnationem

557 3685 626 3741 ad
673 3684 846 3741 solum
881 3685 1080 3741 Filium
1123 3686 1482 3757 pertinentem
1507 3728 1523 3756 ,
1570 3688 1816 3759 quisquis
1859 3698 2023 3759 negat
2064 3703 2152 3744 co-

556 3787 841 3850 operatum
894 3778 1112 3835 Patrem
1137 3819 1152 3845 ,
1207 3786 1303 3835 aut
1341 3778 1624 3852 Spiritum,
1659 3797 1766 3837 non
1799 3789 1946 3838 recte
1985 3782 2147 3854 sapit.

557 3871 691 3929 Item
723 3872 954 3928 dicimus
983 3886 1088 3928 nec
1131 3870 1377 3940 Patrem,
1415 3887 1530 3929 nec
1579 3872 1796 3941 Filium,
1838 3873 1934 3929 sed
1975 3872 2150 3929 solum

560 3963 823 4036 Spiritum
849 3974 1096 4021 sanctum
1131 3973 1196 4038 et.
1219 3964 1276 4019 in
1298 3963 1552 4021 columba:
1589 3966 1758 4037 specie
1777 3973 1835 4022 et
1871 3967 1928 4020 in
1955 3965 2150 4037 linguis

558 4057 707 4113 velut
735 4057 898 4130 igneis
925 4057 1262 4128 apparuisse,
1282 4064 1336 4112 et
1357 4057 1582 4124 sedisse,
1613 4058 1990 4130 pronuntiasse
2019 4057 2148 4124 illis,

562 4148 618 4204 in
646 4162 782 4217 quos
815 4155 1060 4214 venerat,
1105 4147 1287 4203 multis
1328 4155 1384 4203 et
1419 4134 1588 4206 variis
1637 4148 1835 4220 linguis
1880 4148 2150 4221 magnalia

562 4237 658 4294 Dei
687 4237 826 4309 (Act.
855 4253 928 4302 u,
953 4237 1009 4305 2,
1037 4237 1126 4309 5);
1168 4253 1199 4294 a
1221 4253 1328 4310 quo
1359 4247 1538 4295 tamen
1567 4239 1851 4304 miraculo,
1879 4241 1948 4296 ad
1975 4240 2149 4296 solum

565 4326 828 4398 Spiritum
871 4335 1122 4384 sanctum
1147 4330 1475 4401 pertinente,
1504 4330 1940 4402 eooperationem
1971 4330 2152 4388 Patris

563 4426 621 4475 et
658 4416 821 4474 Verbi
853 4419 1115 4492 uuigeuiti
1155 4436 1414 4492 separare
1441 4437 1550 4478 non
1597 4437 1905 4488 possumus.
1935 4423 2014 4478 Ita
2040 4423 2152 4479 sin-

564 4509 810 4582 gulorum
839 4526 1053 4584 quoque
1090 4512 1147 4568 in
1177 4513 1447 4569 Trinitate
1496 4528 1660 4585 opera
1691 4513 1930 4572 Trinitas
1953 4531 2148 4588 opera-

565 4612 674 4671 tur,
702 4603 993 4676 unicuique
1013 4606 1264 4677 operanti
1305 4605 1726 4677 cooperautibus
1755 4607 1980 4672 duobus,
2026 4625 2153 4666 con-

562 4697 814 4754 veniente
864 4697 918 4754 iu
965 4698 1142 4754 tribus
1191 4698 1386 4770 agendi
1437 4699 1750 4766 concordia,
1780 4715 1890 4756 non
1941 4701 1998 4756 in
2043 4717 2152 4758 uno

565 4789 851 4846 deﬁciente
885 4787 1124 4846 emcacia
1173 4789 1488 4860 peragendi.
1535 4789 1668 4859 Qua:
1716 4807 1840 4847 cum
1893 4793 1967 4847 ita
2017 4793 2149 4861 sint,

564 4883 693 4938 hinc
713 4891 799 4938 est
825 4883 971 4954 quod
995 4881 1256 4937 Dominus
1281 4879 1439 4937 Jesus
1482 4882 1538 4936 in
1569 4880 1774 4953 Spiritu
1808 4893 2000 4941 sancto
2045 4885 2153 4940 da:-

563 4989 757 5030 moues
788 4973 952 5044 eiecit
995 4971 1214 5045 (Matth.
1237 4988 1350 5040 xu,
1377 4972 1467 5046 28)
1488 5014 1503 5039 ,
1532 4987 1708 5044 neque
1746 4975 1892 5030 enim
1919 4985 1974 5031 et
2005 4976 2152 5032 solus

508 5120 514 5126 .
563 5069 672 5126 hoc
717 5067 944 5139 implere
988 5082 1096 5123 non
1140 5075 1385 5140 poterat,
1433 5075 1595 5139 atque
1641 5069 1770 5124 illud
1820 5070 2150 5140 adiutorium

568 5165 826 5230 tauquam
879 5158 1008 5215 huic
1053 5160 1203 5230 operi
1243 5174 1351 5214 nou
1390 5158 1662 5216 suﬂiciens
1695 5162 2027 5228 assumebat,
2057 5162 2151 5218 sed

567 5249 832 5321 Spiritum
881 5248 1116 5306 divisum
1173 5249 1228 5305 in
1265 5249 1614 5321 semetipsum
1664 5265 1731 5306 eo
1785 5249 1990 5321 Spiritu
2023 5267 2153 5307 con-

567 5339 796 5410 gruebat
841 5338 1070 5412 expelli,
1114 5353 1273 5410 quem
1312 5339 1474 5394 Pater
1526 5348 1581 5395 et
1623 5339 1792 5396 Filius
1839 5357 1944 5395 non
1993 5341 2152 5398 divisi

569 5431 625 5486 in
655 5431 962 5503 semetipsis
995 5432 1357 5488 communiter
1408 5432 1630 5488 habent.
1665 5431 1756 5489 Sic
1799 5441 1856 5488 et
1903 5442 2148 5504 peccata,

570 5525 696 5594 quia
735 5534 934 5596 praeter
958 5524 1258 5582 Ecclesiam
1290 5541 1397 5582 non
1427 5525 1793 5593 dimittuntur,
1843 5526 1897 5582 in
1937 5541 2003 5582 eo
2032 5525 2153 5596 Spi-

573 5615 681 5670 ritu
705 5616 901 5672 dimitti
934 5617 1242 5688 oportebat,
1257 5631 1364 5689 quo
1390 5617 1444 5673 iu
1465 5633 1634 5673 unum
1654 5618 1896 5675 Ecclesia
1925 5631 2153 5690 congre-

577 5707 793 5779 καὶαι]

579 5815 586 5820 ε
649 5797 690 5864 -ι-
712 5794 830 5852 1am
857 5812 986 5853 vero
1009 5801 1076 5865 si,
1103 5800 1399 5856 secundum
1423 5799 1499 5866 te,
1527 5804 1772 5871 operatio
1816 5809 1898 5859 est
1934 5802 1987 5857 in
2017 5801 2150 5871 Deo,

2180 4561 2234 4627 Ι)

2254 3330 2390 3388 quos
2433 3314 2664 3386 benigne
2709 3313 3118 3385 praedestinavit
3165 3316 3235 3371 ad
3283 3317 3540 3386 gratiam.
3578 3317 3855 3386 Quantum

2253 3405 2398 3463 enim
2434 3406 2501 3462 ad
2548 3407 2692 3476 ipsos
2735 3406 2952 3472 attinet,
2987 3405 3130 3478 quod
3168 3407 3312 3464 Deus
3358 3407 3539 3464 uoluit
3569 3408 3852 3476 fecerunt;

2253 3510 2516 3571 quantum
2545 3514 2674 3554 vero
2697 3499 2766 3554 ad
2792 3499 3238 3570 omnipotentiam
3266 3500 3384 3568 Dei,
3415 3501 3570 3557 nullo
3606 3503 3776 3559 modo
3803 3503 3854 3560 id

2253 3589 2467 3648 ellicere
2479 3591 2783 3646 valuerunt.
2807 3589 2921 3646 Hoc
2935 3591 3133 3663 quippe
3144 3592 3273 3662 ipso
3285 3591 3430 3664 quod
3453 3601 3656 3650 contra
3671 3594 3854 3650 volun-

2255 3691 2419 3738 tatem
2448 3682 2542 3739 Dei
2587 3682 2852 3750 l'eceruut,
2881 3684 2949 3739 de
2974 3684 3105 3756 ipsis
3141 3685 3284 3742 facta
3317 3693 3403 3741 est
3427 3687 3693 3745 voluntas
3718 3688 3850 3759 eius.

2252 3775 2546 3847 Propterea
2591 3790 2824 3846 namque
2872 3791 3066 3846 magna
3113 3792 3272 3846 opera
3319 3776 3560 3846 Domini,
3591 3781 3853 3852 exquisite

2252 3865 2459 3921 suntin
2492 3882 2667 3921 omnes
2713 3864 3002 3921 voluntates
3046 3866 3181 3937 ejus,
3225 3875 3285 3922 ut
3311 3867 3453 3924 miro
3487 3878 3550 3925 et
3589 3871 3854 3928 iueﬂ’abili

2252 3957 2414 4013 modo
2430 3972 2536 4012 non
2555 3955 2647 4011 ﬁat
2664 3965 2861 4028 praeter
2873 3955 2991 4026 ejus
3005 3958 3362 4027 voluntatem,
3375 3963 3524 4031 quod
3538 3961 3711 4018 etiam
3729 3979 3855 4019 cou-

2255 4056 2338 4103 tra
2359 4044 2475 4116 ejus
2500 4046 2561 4101 ﬁt
2581 4046 2933 4103 voluntatem.
2961 4046 3097 4116 Quia
3111 4064 3218 4105 non
3235 4048 3392 4106 ﬂeret
3414 4051 3460 4105 si
3474 4066 3588 4108 non
3610 4053 3851 4110 sineret:

2251 4155 2355 4197 nec
2393 4140 2576 4210 utique
2616 4139 2808 4195 nolens
2833 4139 2986 4208 sinit,
3014 4141 3110 4196 sed
3138 4139 3359 4210 volens;
3391 4157 3493 4198 nec
3520 4144 3740 4200 sineret
3761 4147 3856 4202 bo-

2252 4249 2358 4289 nus
2379 4231 2496 4289 ﬁeri
2523 4230 2684 4300 male,
2707 4231 2812 4288 nisi
2833 4233 3175 4304 omnipotens
3197 4243 3254 4290 et
3272 4234 3338 4291 de
3359 4235 3503 4292 malo
3522 4235 3716 4293 facere
3730 4254 3858 4311 pos-

2253 4333 2339 4380 set
2360 4325 2517 4382 bene.

2325 4417 2479 4491 (Cap.
2507 4419 2656 4492 101.)
2687 4419 2988 4492 Aliquando
3007 4429 3189 4477 autem
3213 4423 3356 4479 bona
3376 4421 3668 4480 voluntate
3690 4425 3854 4482 homo

2254 4511 2371 4566 vult
2395 4511 2596 4582 aliquid
2618 4513 2762 4584 quod
2782 4513 2926 4570 Deus
2948 4529 3054 4570 non
3069 4514 3204 4584 vult,
3225 4515 3390 4572 etiam
3411 4517 3530 4588 ipsa
3557 4516 3686 4590 [ιιι.³
3713 4518 3854 4594 ipso]

2256 4600 2398 4657 bona
2418 4601 2588 4658 multo
2616 4602 2845 4673 amplius
2866 4603 3140 4675 multoque
3164 4607 3366 4664 certius
3386 4608 3702 4678 voluntate;
3728 4629 3854 4668 nam

2256 4693 2402 4750 illius
2428 4695 2570 4750 mala
2596 4695 2844 4752 voluntas
2887 4712 3008 4754 esse
3030 4713 3304 4770 nunquam
3332 4711 3533 4772 potest.
3564 4703 3854 4776 Tanqua

2255 4785 2303 4842 si
2334 4785 2507 4841 bonus
2534 4784 2676 4842 illius
2704 4796 2915 4858 patrem
2945 4789 3073 4845 velit
3100 4793 3303 4858 vivere,
3336 4808 3497 4865 quem
3531 4796 3683 4853 Deus
3711 4800 3856 4856 bona

2255 4877 2530 4934 voluntate
2549 4879 2664 4934 vult
2684 4881 2843 4936 mori.
2865 4881 2934 4936 Et
2959 4898 3148 4939 rursus
3169 4885 3284 4940 fieri
3303 4895 3485 4957 potest
3511 4897 3576 4943 ut
3595 4887 3706 4946 hoc
3729 4894 3860 4948 velit

2255 4971 2419 5027 homo
2464 4971 2740 5028 voluntate
2774 4973 2933 5042 mala,
2965 4976 3109 5046 quod
3155 4978 3300 5034 Deus
3321 4979 3436 5034 vult
3474 4980 3616 5038 bona
3650 5001 3670 5038 :
3705 4986 3856 5040 velut

2255 5063 2300 5119 si
2333 5061 2507 5118 malus
2535 5062 2678 5119 ﬁlius
2721 5063 2852 5119 velit
2903 5066 3040 5122 mori
3088 5076 3326 5138 patrem;
3372 5049 3501 5126 velit
3533 5073 3642 5129 hoc
3683 5077 3856 5130 etiam

2255 5154 2418 5210 Deus.
2449 5153 2652 5225 Nempe
2677 5155 2768 5212 ille
2794 5157 2938 5226 quod
2982 5173 3087 5214 non
3137 5159 3250 5214 vult
3281 5159 3454 5228 Deus,
3492 5162 3600 5218 iste
3629 5180 3770 5221 vero
3799 5165 3852 5220 id

2253 5246 2371 5301 vult
2396 5247 2538 5318 quod
2563 5247 2677 5303 vult
2699 5257 2755 5304 et
2773 5248 2940 5316 Deus,
2968 5258 3024 5307 et
3050 5259 3228 5308 tamen
3259 5251 3355 5308 Dei
3392 5255 3550 5310 bona:
3581 5256 3852 5313 voluntati

2255 5336 2430 5408 pietas
2452 5337 2596 5393 illius
2615 5338 2794 5408 potius
2814 5350 3095 5408 consonat,
3127 5341 3376 5411 quamvis
3411 5343 3559 5399 aliud
3586 5346 3851 5413 volentis,

2256 5445 2420 5502 quam
2449 5429 2610 5500 hujus
2629 5430 2772 5486 idem
2801 5431 3031 5488 volentis
3052 5432 3322 5503 impietas.
3354 5433 3589 5490 Tantum
3615 5436 3855 5495 interest

2252 5520 2382 5591 quid
2411 5519 2548 5575 velle
2577 5519 2814 5587 homini,
2845 5521 2970 5591 quid
3003 5521 3115 5578 Deo
3141 5530 3424 5595 congruat,
3459 5533 3515 5581 et
3559 5527 3632 5583 ad
3682 5542 3850 5600 quem

2255 5613 2420 5670 linem
2460 5627 2614 5669 suam
2640 5614 2868 5686 quisque
2907 5613 3108 5671 referat
3131 5615 3487 5685 voluntatem,
3528 5630 3719 5677 utaut
3746 5638 3847 5694 ap-

2254 5709 2513 5779 probetur
2560 5717 2654 5764 aut
2705 5709 3058 5780 improbetur.
3095 5709 3228 5766 Nam
3265 5711 3408 5768 Deus
3447 5715 3721 5784 quasdam
3746 5731 3848 5772 vo-

2255 5801 2490 5858 luntates
2518 5818 2645 5859 suas
2681 5802 2867 5872 utique
2907 5803 3076 5860 bonas
3118 5805 3191 5860 ita
3233 5805 3418 5876 implet
3445 5821 3545 5877 per
3569 5808 3844 5866 malorum
