4064 6346
253 333 398 392 10³5

1107 327 1196 384 DE
1234 326 1916 398 PREDESTINATIONE
1954 323 2232 382 CONTRA
2266 325 2317 382 Ι.
2357 325 2656 385 SCOTUM.

3337 407 3342 414 ι
3385 334 3524 390 lost

249 446 534 506 hominum
561 441 864 498 voluntates
908 441 1098 507 malas,
1126 442 1267 496 sicut
1307 456 1406 512 per
1432 439 1646 496 Judmos
1674 441 1841 496 male-
1867 449 1916 508 Α
1944 439 2181 510 genitum
2214 455 2371 495 suum
2404 441 2689 496 Dominum
2713 448 2955 497 nostrum
2985 457 3086 515 per
3123 459 3312 504 omnes
3341 460 3528 521 gentes

245 539 401 596 volos
426 538 565 593 bona
591 536 864 591 voluntate
902 535 1082 592 Patris
1116 534 1365 589 Christus
1387 534 1601 589 occisus
1630 541 1712 588 est
1739 549 1839 603 pro

243 631 429 697 nobis,
459 629 601 700 quod
632 637 839 682 tantum
864 627 1064 683 bonum
1108 626 1312 682 factum
1339 625 1441 692 est,
1472 635 1532 680 ut
1565 627 1839 696 apostolus

242 720 444 779 Petrus
469 720 688 792 quando
711 719 766 774 id
793 719 911 774 ﬁeri
947 719 1192 786 nolebat,
1223 719 1456 774 Satanas
1483 719 1550 774 ab
1587 719 1705 788 ipso
1745 721 1836 790 qui

244 814 425 870 occidi
469 823 710 878 venerat,
755 811 1026 868 diceretur
1071 812 1285 886 (Matth.
1335 827 1443 879 xvr,
1497 812 1588 881 23)
1621 829 1635 866 :
1664 812 1836 879 Quam

241 905 408 964 bona:
453 906 790 976 apparebant
831 905 1136 960 voluntates
1181 905 1391 975 piorum
1442 904 1701 970 ﬁdelium,
1744 904 1837 974 qui

239 999 507 1054 nolebant
528 997 831 1068 apostolqu
868 997 1093 1052 Paulum
1146 994 1444 1052 Jerusalem
1479 1011 1724 1067 pergere,
1767 1010 1836 1050 ne

238 1095 356 1152 illic
383 1105 660 1168 pateretur
689 1095 830 1150 mala
878 1109 996 1164 qua:
1022 1092 1240 1165 Agabus
1284 1092 1546 1162 propheta
1575 1090 1836 1161 praedixe-

236 1197 329 1244 rat
360 1187 496 1259 (Act.
546 1201 661 1251 χχι,
692 1184 822 1257 12);
875 1193 930 1239 et
962 1193 1139 1239 tamen
1195 1183 1338 1237 Deus
1386 1183 1501 1237 haec
1530 1181 1677 1236 illum
1723 1181 1834 1251 pati

235 1280 458 1334 volebat
477 1293 574 1349 pro
603 1277 974 1332 annuntianda
1004 1275 1109 1330 ﬁde
1137 1274 1362 1340 Christi,
1393 1287 1655 1330 exercens
1684 1287 1832 1326 mar-

237 1381 417 1444 tyrem
479 1371 700 1426 Christi.
767 1349 1168 1440 Neque'istam
1238 1369 1435 1423 bonam
1502 1367 1833 1422 voluntatem

235 1480 396 1523 suam
415 1463 654 1534 implevit
665 1477 760 1532 per
771 1461 1204 1518 Christianorum
1221 1459 1521 1515 voluntates
1536 1462 1721 1525 bonas,
1738 1459 1834 1515 sed

233 1573 337 1630 per
361 1535 670 1611 Judaiorum
694 1554 884 1619 malas,
913 1563 969 1608 et
1007 1555 1074 1610 ad
1105 1569 1228 1609 eum
1261 1553 1438 1624 potius
1467 1553 1829 1619 pertinebant,

235 1649 332 1720 qui
350 1648 605 1704 nolebant
630 1647 773 1718 quod
789 1646 1020 1712 volebat,
1035 1661 1198 1716 quam
1223 1645 1295 1700 illi
1321 1659 1421 1715 per
1438 1660 1574 1714 quos
1591 1645 1832 1701 volentes

232 1723 546 1813 factumjest
567 1742 710 1812 quod
745 1740 991 1806 volebat;
1023 1739 1150 1810 quia
1187 1739 1416 1807 idipsum
1457 1739 1700 1809 quidem,
1734 1740 1828 1794 sed

1944 534 2122 590 salvos
2151 533 2267 589 ﬁeri
2295 534 2543 592 homines
2569 535 2719 601 velit,
2757 545 2812 590 et
2836 535 2956 593 ideo
3000 538 3164 594 faciat
3189 543 3314 611 quia
3346 548 3525 601 omni-

1940 634 2133 696 potens
2145 625 2284 680 velle
2307 625 2544 700 inaniter
2565 641 2672 680 non
2693 635 2872 697 potest
2886 630 3244 700 quodcunque
3265 633 3528 691 voluerit?

1941 715 2280 787 Praeceperat
2309 718 2451 770 enim
2477 718 2786 788 Apostolus,
2813 729 2867 772 ut
2902 731 3145 776 oraretur
3167 740 3260 794 pro
3285 727 3526 782 omnibus

1943 805 2063 878 [al.,
2091 822 2190 876 pro
2219 808 2464 880 singulis]
2485 810 2806 890 hominibus,
2837 821 2892 866 et
2914 814 3224 883 specialiter
3244 818 3527 875 addiderat

1938 915 2034 969 pro
2081 900 2284 970 regibus
2318 911 2366 955 et
2392 902 2456 956 iis
2489 902 2579 972 qui
2615 902 2670 956 in
2700 903 3018 960 sublimitate
3053 919 3171 963 sunt
3203 909 3254 981 (Ι
3289 911 3423 966 Tim.
3464 931 3526 983 it,

1941 993 1996 1060 1,
2019 993 2075 1066 2)
2107 1011 2120 1048 :
2153 995 2245 1066 qui
2267 999 2446 1068 putari
2471 1008 2724 1069 poterant
2750 999 2891 1056 fastu
2914 1012 2969 1058 et
2997 1007 3250 1076 superbia
3281 1011 3529 1068 Steculari

1939 1099 1973 1140 a
2022 1086 2147 1142 ﬁdei
2198 1087 2518 1146 Christiana:
2562 1091 2869 1149 humilitate
2929 1095 3246 1154 abhorrere.
3295 1101 3530 1161 Proinde

1940 1175 2126 1233 dicens
2155 1194 2169 1232 :
2200 1178 2317 1232 Hoc
2340 1183 2476 1235 enim
2509 1181 2701 1237 bonum
2740 1194 2816 1239 est
2841 1202 3018 1241 coram
3048 1189 3322 1248 Saluatore
3347 1206 3526 1252 nostro

1939 1267 2050 1323 Deo
2083 1269 2276 1341 (Ibid.,
2301 1287 2442 1328 vers.
2477 1273 2556 1346 4),
2580 1275 2634 1331 id
2655 1284 2740 1332 est
2773 1287 2832 1332 ut
2860 1281 3025 1334 etiam
3051 1299 3150 1354 pro
3182 1285 3377 1344 talibus
3405 1304 3526 1347 ore-

1938 1371 2046 1430 tur,
2074 1366 2259 1420 statim
2287 1376 2347 1422 ut
2391 1368 2827 1440 desperationem
2867 1372 3098 1442 tolleret,
3141 1378 3388 1436 addidit:
3423 1381 3528 1449 Qui

1937 1471 2114 1510 omnes
2149 1458 2383 1514 homines
2405 1459 2508 1514 vult
2541 1461 2711 1517 salvos
2739 1463 2877 1532 ﬁeri,
2902 1475 2949 1519 et
2979 1467 3032 1520 in
3059 1470 3374 1539 agnitionem
3397 1477 3529 1530 veri-

1937 1549 2061 1602 tatis
2083 1552 2254 1606 venire
2281 1551 2470 1623 (Ibid.)
2489 1552 2602 1609 Hoc
2627 1556 2823 1628 quippe
2852 1557 2993 1614 Deus
3021 1560 3222 1616 bonum
3237 1565 3526 1636 judicavit,

1936 1647 1997 1692 ut
2045 1641 2382 1699 orationibus
2431 1645 2714 1701 humilium
2765 1649 3078 1721 dignaretur
3121 1655 3349 1711 salutem
3391 1675 3528 1730 pra:-

1937 1738 2085 1820 stare
2107 1731 2439 1802 sublimium,
2456 1737 2596 1806 quod
2623 1739 2932 1812 utiquejam
2956 1744 3200 1802 videmus
3222 1748 3522 1820 impletum.

231 1831 352 1904 ipse
367 1849 466 1904 per
480 1848 575 1889 eos
603 1835 763 1897 bona,
784 1832 859 1888 illi
883 1841 1062 1887 autem
1087 1831 1227 1886 mala
1249 1830 1526 1886 voluntate
1557 1829 1826 1886 fecerunt.
1859 1825 1908 1887 B
1936 1819 2043 1875 18ιο
2085 1822 2374 1884 Ῑοοιιιίοηὶδ
2412 1829 2574 1883 modo
2601 1837 2657 1884 cl
2702 1831 2960 1888 Dominus
2990 1850 3118 1891 usus
3146 1846 3228 1893 est
3258 1819 3313 1893 in
3348 1841 3527 1897 Evan—

309 1921 642 1994 (Cap.102.)
692 1922 799 1978 Sed
839 1920 1189 1992 quantalibet
1235 1921 1344 1976 sint
1386 1921 1694 1976 voluntates
1743 1922 1829 1978 vel

230 2014 549 2085 angelorum
576 2013 661 2069 vel
686 2013 990 2078 hominum,
1013 2013 1097 2068 vel
1123 2013 1388 2067 bonorum
1411 2012 1497 2068 vel
1539 2013 1824 2080 malorum,

229 2105 322 2159 vel
349 2103 476 2160 illud
504 2105 648 2175 quod
686 2104 849 2170 Deus,
882 2103 967 2158 vel
1017 2103 1165 2159 aliud
1195 2105 1437 2159 volentes
1465 2120 1628 2174 quam
1660 2105 1824 2170 Deus,

229 2198 622 2269 omnipotentis
661 2197 912 2253 voluntas
952 2195 1049 2252 Dei
1077 2211 1292 2268 semper
1323 2197 1524 2252 invicta
1550 2208 1655 2263 est,
1707 2213 1828 2268 quae

229 2289 376 2346 mala
399 2305 520 2346 esse
545 2304 824 2360 nunquam
857 2297 1058 2360 potest,
1084 2289 1210 2359 quia
1237 2289 1401 2343 etiam
1425 2304 1549 2343 eum
1576 2288 1716 2344 mala
1749 2290 1824 2343 ir-

228 2389 411 2452 rogat,
434 2381 581 2453 justa
604 2389 784 2447 est,et
811 2380 1054 2452 profecto
1076 2397 1196 2450 qua:
1215 2380 1334 2454 [al.,
1361 2381 1514 2453 quia]
1539 2380 1687 2450 justa
1716 2390 1821 2448 est,

227 2474 374 2531 mala
405 2491 512 2530 non
541 2483 644 2530 est.
675 2475 815 2530 Deus
841 2473 1008 2546 igitur
1036 2475 1382 2545 omnipotens
1409 2475 1523 2530 sive
1542 2490 1640 2544 per
1666 2475 1827 2530 mise-

228 2565 526 2621 ricordiam
569 2565 723 2636 cujus
768 2563 884 2619 vult
917 2563 1263 2629 misereatur,
1290 2565 1402 2618 sive
1437 2580 1531 2635 per
1561 2563 1826 2632 judicium

229 2670 396 2727 quem
423 2655 804 2720 vultobduret,
831 2669 932 2710 nec
961 2654 1144 2725 inique
1181 2655 1382 2726 aliquid
1415 2656 1567 2722 facit,
1593 2671 1694 2711 nec
1721 2655 1827 2712 nisi

227 2747 422 2804 volens
435 2747 733 2818 quidquam
749 2746 898 2812 facit,
912 2755 970 2804 et
981 2747 1162 2802 omnia
1175 2763 1509 2818 quaecunque
1523 2748 1656 2816 vult,
1671 2748 1822 2805 facit.

301 2851 383 2906 Ac
407 2866 508 2922 per
538 2851 640 2906 hoc
665 2865 791 2908 cum
817 2849 1086 2916 audimus,
1113 2857 1168 2906 et
1187 2851 1242 2905 in
1266 2850 1439 2906 sacris
1467 2850 1668 2908 litteris
1693 2851 1826 2922 legi-

228 2959 378 3011 mus,
399 2943 543 3013 quod
564 2942 696 2998 velit
715 2956 908 2998 omnes
929 2942 1177 2998 homines
1198 2942 1376 2998 salvos
1404 2941 1546 3009 ﬁeri,
1575 2943 1828 3014 quamvis

225 3044 442 3092 certum
482 3035 554 3090 sit
596 3034 750 3090 nobis
791 3049 902 3091 non
930 3049 1120 3090 omnes
1169 3035 1417 3090 homines
1457 3034 1636 3092 salvos
1684 3035 1820 3100 ﬁeri,

224 3141 339 3182 non
373 3135 550 3181 tamen
582 3125 705 3180 ideo
729 3125 988 3180 debemus
1017 3124 1556 3196 omnipotentissimaa
1600 3124 1696 3179 Dei
1720 3140 1820 3180 vo-

1930 1916 2112 1986 gelio,
2164 1918 2254 1974 ubi
2301 1919 2378 1973 ait
2421 1920 2712 1978 Pharismis
2757 1943 2770 1978 :
2818 1925 3106 1983 Decimatis
3158 1933 3422 1987 mentham
3477 1945 3525 1989 et

1931 2021 2127 2078 rutam,
2159 2023 2206 2067 et
2246 2031 2398 2068 omne
2427 2014 2541 2070 olus
2572 2015 2724 2088 (Luc.
2749 2034 2828 2086 χι,
2858 2020 2974 2091 42).
3003 2021 3189 2094 Neque
3210 2027 3353 2081 enim
3383 2027 3523 2083 Plia-

1929 2103 2079 2158 risaei
2131 2113 2188 2160 et
2243 2121 2581 2178 quazcunque
2612 2109 2786 2166 aliena
2818 2121 2874 2166 et
2913 2115 3157 2170 omnium
3186 2132 3282 2187 per
3335 2134 3528 2178 omnes

1929 2200 2105 2249 terras
2137 2196 2568 2269 alienigenarum
2590 2203 2774 2257 omnia
2803 2205 2951 2260 olera
2979 2207 3342 2265 decimabant.
3371 2211 3526 2268 Sicut

1929 2301 2059 2357 ergo
2090 2288 2178 2343 hic
2203 2306 2355 2344 omne
2397 2290 2537 2358 olus,
2569 2308 2731 2350 omne
2765 2296 2972 2352 olerum
3006 2315 3196 2370 genus,
3226 2303 3301 2357 ita
3331 2311 3385 2359 et
3416 2305 3526 2362 illic

1930 2395 2108 2436 omnes
2142 2380 2398 2448 homines,
2451 2397 2610 2439 omne
2659 2385 2938 2442 hominum
3005 2405 3177 2460 genus
3224 2393 3527 2467 intelligere

1926 2487 2215 2542 possumus
2243 2493 2255 2528 :
2288 2483 2345 2529 et
2383 2491 2705 2547 quocunque
2734 2479 2840 2536 alio
2873 2483 3033 2538 modo
3063 2484 3290 2558 intelligi
3320 2499 3521 2558 potest,

1929 2567 2059 2622 dum
2092 2577 2271 2622 tamen
2293 2569 2516 2624 credere
2536 2586 2643 2626 non
2675 2588 2935 2645 cogamur
2963 2576 3165 2647 aliquid
3186 2581 3524 2653 omnipoten-

1928 2668 2039 2714 tem
2079 2657 2249 2714 Deum
2285 2661 2522 2717 voluisse
2570 2662 2709 2729 ﬁeri,
2738 2665 3050 2738 factumque
3093 2686 3201 2726 non
3229 2686 3350 2728 esse
3382 2691 3395 2728 :
3431 2676 3524 2745 qui
3626 2665 3630 2672 ’

1928 2750 2048 2807 sine
2091 2751 2213 2806 ullis
2239 2753 2682 2824 ambiguitatibus
2713 2757 2758 2810 si
2783 2757 2839 2811 in
2865 2757 2991 2812 caelo
3015 2770 3064 2814 et
3099 2761 3155 2816 in
3196 2771 3358 2831 terra,
3382 2765 3526 2821 sicut

1929 2855 1986 2901 et
2031 2845 2247 2902 Veritas
2305 2855 2520 2913 cantat,
2576 2849 2753 2905 omnia
2819 2868 3144 2925 quacunque
3191 2856 3353 2911 voluit
3399 2859 3524 2928 fecit

1929 2934 2105 3008 (Psal.
2143 2953 2295 3004 cmi,
2325 2938 2436 3010 11),
2464 2938 2707 3010 profecto
2755 2940 2937 2999 facere
2961 2944 3136 3002 noluit
3162 2948 3524 3022 quodcunque

1927 3045 2036 3085 non
2073 3031 2220 3087 fecit.

2000 3121 2151 3193 (Cap.
2184 3122 2332 3193 104.)
2368 3124 2709 3198 Quapropter
2758 3095 2924 3185 etiam
2966 3132 3202 3203 primum
3245 3136 3521 3196 hominem

225 3217 427 3274 luntati
474 3216 680 3286 aliquid
725 3216 1006 3288 derogare,
1058 3217 1151 3272 sed
1169 3187 1269 3271 -ita
1314 3216 1616 3286 intelligere
1679 3217 1822 3286 quod
1849 3187 1897 3252 Ο
1933 3187 2161 3271 Deus-in
2200 3231 2264 3271 ea
2308 3187 2504 3274 salute'
2532 3187 2723 3292 inqua
2754 3187 3004 3279 conditu-5
3049 3187 3202 3294 erat:

225 3313 492 3383 scriptum
523 3320 644 3366 est:
677 3309 782 3377 Qui
828 3326 1007 3366 omnes
1045 3310 1281 3364 homines
1324 3309 1433 3364 uult
1463 3309 1635 3364 salvos
1685 3310 1822 3379 ﬁeri,

225 3412 491 3473 tanquam
560 3401 866 3466 diceretur,
944 3400 1150 3454 nullum
1207 3399 1479 3454 hominem
1540 3400 1656 3454 fieri
1715 3399 1826 3454 sal-

223 3511 380 3561 vum,
411 3493 516 3549 nisi
571 3509 733 3564 quem
788 3492 996 3549 salvum
1055 3493 1170 3548 ﬁeri
1222 3493 1338 3563 ipse
1387 3491 1647 3558 voluerit;
1717 3507 1825 3548 non

225 3591 374 3660 quod
424 3588 600 3644 nullus
647 3589 707 3642 tit
747 3588 1056 3654 hominum,
1101 3587 1206 3642 nisi
1248 3601 1410 3656 quem
1465 3587 1674 3642 salvum
1709 3587 1824 3642 ﬁeri

223 3679 379 3744 velit,
425 3679 522 3734 sed
563 3677 689 3748 quia
748 3677 925 3732 nullus
974 3676 1066 3732 ﬁet
1124 3676 1259 3750 [al.,
1311 3677 1406 3732 sed
1451 3677 1594 3746 quod
1645 3676 1823 3732 nullus

224 3769 372 3843 ﬂat],
417 3771 520 3826 nisi
565 3785 728 3842 quem
755 3769 918 3836 velit;
946 3779 1002 3825 et
1035 3770 1160 3825 ideo
1186 3769 1256 3825 sit
1285 3770 1557 3840 rogandus
1586 3777 1642 3824 ut
1672 3769 1820 3836 velit,

222 3867 358 3937 quia
400 3881 625 3922 necesse
648 3873 733 3921 est
772 3864 890 3919 ﬁeri
918 3865 964 3920 si
995 3864 1247 3920 voluerit.
1280 3863 1357 3920 De
1392 3864 1598 3919 orando
1625 3863 1823 3933 quippe

223 3957 342 4014 Deo
371 3960 564 4030 agebat
587 3957 899 4029 Apostolus,
923 3956 1100 4012 uthoc
1128 3957 1354 4012 diceret.
1373 3955 1464 4012 Sic
1492 3957 1639 4011 enim
1667 3956 1824 4011 intel-

223 4050 448 4122 ligimus
468 4051 521 4105 id
547 4051 689 4122 quod
716 4050 768 4104 in
796 4049 1088 4121 Evangelio
1113 4050 1371 4119 scriptum
1401 4058 1486 4104 est
1517 4066 1531 4102 :
1566 4048 1671 4115 Qui
1699 4048 1824 4103 illu-

224 4145 399 4200 minat
440 4159 642 4197 omnem
673 4143 935 4197 hominem
964 4142 1148 4214 (Joan.
1173 4159 1212 4208 ι,
1242 4141 1317 4214 9).
1345 4141 1463 4197 Non
1488 4141 1614 4212 quia
1643 4141 1822 4198 nullus

225 4244 315 4293 est
359 4236 638 4291 hominum
687 4234 779 4306 qui
811 4249 917 4290 non
949 4234 1304 4300 illuminetur,
1334 4234 1429 4290 sed
1460 4235 1586 4304 quia
1615 4233 1721 4288 nisi
1751 4235 1821 4290 ab

222 4331 348 4401 ipso
402 4328 578 4383 nullus
610 4327 962 4383 illuminatur.
1002 4327 1112 4381 Aut
1159 4335 1308 4382 certe
1358 4325 1440 4381 sic
1469 4327 1670 4381 dictum
1714 4334 1818 4393 est,

224 4422 318 4493 qui
347 4436 522 4474 omnes
542 4419 778 4474 homines
809 4417 914 4473 vult
943 4417 1114 4473 salvos
1139 4417 1290 4488 ﬁeri;
1319 4420 1426 4473 non
1456 4419 1600 4488 quod
1643 4417 1820 4473 nullus

224 4513 514 4571 hominum
555 4521 700 4568 esset
734 4525 898 4582 quem
925 4510 1137 4566 salvum
1169 4510 1286 4565 ﬁeri
1308 4510 1443 4566 nolit
1474 4508 1608 4584 [al.,,
1629 4509 1817 4584 nollet]

224 4607 324 4678 qui
353 4606 584 4662 virtutes
629 4603 1012 4660 miraculorum
1060 4603 1241 4658 facere
1291 4575 1658 4672 noluit-apud
1701 4575 1818 4668 eos,
1847 4575 1899 4636 Β

225 4715 370 4772 quos
420 4699 552 4755 dicit
599 4707 817 4754 acturos
854 4696 1024 4752 fuisse
1063 4697 1440 4768 penitentiam
1476 4697 1522 4752 si
1562 4695 1817 4752 fecisset:

228 4792 329 4848 sed
377 4803 436 4845 ut
460 4806 636 4844 omnes
666 4790 922 4855 homines,
952 4803 1116 4844 omne
1154 4803 1324 4859 genus
1355 4789 1637 4844 hominum
1685 4787 1782 4861 [αι.
1802 4828 1819 4855 ,

227 4886 556 4961 humanum]
585 4887 962 4959 intelligamus,
993 4901 1092 4957 per
1113 4901 1465 4958 quascunque
1485 4886 1821 4944 diﬁ‘erentias

228 4981 600 5045 distributum,
647 4995 826 5053 reges,
859 4979 1120 5049 privatos,
1153 4978 1382 5045 nobiles,
1405 4978 1694 5050 ignobiles,
1726 4989 1818 5034 su-

227 5074 448 5142 blimes,
475 5072 732 5140 humiles,
759 5072 967 5136 doctos,
998 5070 1268 5138 indoctos,
1312 5072 1508 5143 integri
1550 5072 1816 5143 corporis,

230 5167 472 5233 debiles,
526 5165 868 5236 ingeniosos,
933 5165 1286 5232 tardicordes,
1345 5164 1552 5232 fatuos,
1601 5167 1820 5232 divites,

228 5274 542 5335 pauperes,
596 5257 930 5323 mediocres,
981 5272 1192 5323 mares,
1243 5256 1495 5324 feminas,
1559 5257 1819 5326 infantes,

229 5367 454 5426 pueros,
506 5350 898 5415 adolescentes,
943 5347 1191 5418 juvenes,
1235 5349 1499 5416 seniores,
1545 5365 1721 5415 senes,
1765 5351 1818 5405 in

229 5445 434 5518 linguis
476 5443 749 5508 omnibus,
804 5443 858 5497 in
910 5443 1152 5497 moribus
1199 5443 1469 5510 omnibus,
1521 5444 1574 5498 in
1615 5444 1823 5499 artibus

232 5538 509 5604 omnibus,
541 5536 595 5590 in
622 5534 1048 5606 professionibus
1082 5534 1354 5600 omnibus,
1403 5536 1455 5590 in
1483 5535 1822 5591 voluntatum

235 5639 293 5687 et
341 5629 795 5686 conscientiarum
842 5627 1101 5679 varietate
1141 5625 1516 5682 innumerabili
1561 5631 1822 5682 constitu-

233 5711 348 5790 tos,
379 5735 435 5778 et
469 5723 513 5778 si
554 5723 684 5792 quid
735 5721 879 5776 aliud
909 5717 1337 5774 diﬁerentiarum
1367 5729 1451 5776 est
1486 5721 1540 5776 in
1584 5723 1819 5778 homini-

234 5816 364 5876 bus.
394 5812 535 5894 Quid
574 5823 658 5869 est
703 5811 846 5868 enim
872 5826 1060 5867 eorum
1089 5813 1230 5868 unde
1255 5827 1360 5868 non
1399 5813 1540 5869 Deus
1562 5829 1657 5884 per
1692 5815 1821 5871 Uni-

681 5905 946 5966 PATBOL.
983 5904 1086 5966 CX
1100 5903 1170 5962 ν.

1932 3309 2217 3376 voluisset,
2249 3325 2481 3382 eumque
2525 3323 2829 3385 opportuno
2860 3325 3102 3387 tempore
3143 3330 3268 3391 post
3311 3324 3525 3394 genitos

1932 3402 2073 3459 ﬁlios
2115 3405 2231 3459 sine
2271 3405 2683 3475 interpositione
2712 3409 2906 3465 mortis
2947 3411 3017 3466 ad
3045 3411 3269 3470 meliora
3318 3418 3521 3486 perdu-

1931 3511 2079 3564 cere,
2107 3499 2196 3553 ubi
2221 3499 2335 3568 jam
2366 3517 2472 3556 non
2502 3501 2674 3557 solum
2709 3513 2990 3574 peccatum
3021 3522 3129 3562 non
3156 3509 3521 3578 committere,

1930 3589 2025 3645 sed
2044 3605 2140 3646 nec
2167 3591 2498 3648 voluntatem
2523 3602 2706 3662 posset
2732 3595 2933 3651 habere
2957 3600 3240 3667 peccandi,
3255 3600 3302 3655 si
3316 3601 3384 3656 ad
3399 3617 3521 3672 per-

1929 3683 2256 3738 manendum
2303 3685 2420 3740 sine
2457 3694 2714 3756 peccato,
2745 3686 2886 3742 sicut
2934 3687 3110 3743 factus
3138 3698 3277 3756 erat,
3323 3707 3519 3762 perpe-

1932 3781 2081 3828 tuam
2116 3774 2448 3830 voluntatem
2493 3777 2802 3832 habiturum
2848 3793 2971 3834 esse
3008 3781 3334 3849 praescisset.
3383 3783 3517 3851 Quia

1926 3881 2060 3921 vero
2097 3881 2221 3921 eum
2247 3867 2386 3922 male
2408 3882 2632 3924 usurum
2662 3869 2836 3926 libero
2863 3871 3122 3938 arbitrio,
3156 3874 3258 3929 hoc
3279 3885 3364 3930 est
3393 3892 3520 3946 pec-

1928 3966 2176 4011 caturum
2217 3973 2336 4012 esse
2364 3959 2702 4028 praesciebat,
2740 3962 2806 4016 ad
2848 3961 2951 4018 hoc
2978 3965 3157 4034 potius
3194 3972 3522 4037 prmparavit

1925 4048 2261 4104 voluntatem
2289 4065 2460 4116 suam,
2494 4059 2554 4107 ut
2586 4052 2723 4108 bene
2741 4052 2854 4124 ipse
2875 4050 3082 4110 faceret
3107 4058 3268 4112 etiam
3287 4060 3353 4115 de
3377 4063 3518 4118 male

1927 4143 2176 4208 faciente,
2193 4158 2257 4198 ac
2275 4145 2355 4200 sic
2379 4145 2617 4202 hominis
2639 4147 2888 4203 voluntas
2912 4148 3054 4203 mala
3087 4148 3208 4222 [al.,
3241 4153 3517 4212 voluntate

1926 4231 2091 4306 mala]
2115 4227 2222 4288 non
2269 4243 2644 4301 evacuaretur,
2693 4237 2789 4291 sed
2827 4237 3181 4298 nihilominus
3202 4241 3516 4313 impleretur

1925 4325 2316 4398 omnipotentis
2347 4327 2508 4382 bona.

1997 4417 2150 4491 (Cap.
2201 4419 2351 4492 105.)
2401 4420 2492 4476 Sic
2540 4421 2685 4476 enim
2721 4423 3008 4494 oportebat
3047 4428 3197 4496 prius
3243 4430 3515 4487 hominem

1925 4512 2065 4580 ﬁeri,
2089 4522 2147 4568 ut
2174 4523 2232 4569 et
2268 4516 2406 4571 bene
2435 4515 2574 4572 velle
2616 4525 2799 4586 posset
2833 4527 2884 4574 et
2916 4521 3089 4587 male;
3123 4539 3222 4578 nec
3249 4526 3438 4595 gratis,
3470 4528 3513 4581 si

1924 4609 2094 4673 bene;
2123 4623 2224 4663 nec
2257 4609 2498 4679 impune,
2528 4610 2575 4665 si
2605 4610 2782 4666 male:
2809 4621 2998 4681 postea
3022 4629 3154 4669 vero
3186 4617 3264 4670 sic
3301 4618 3426 4680 erit,
3457 4628 3515 4672 ut

1925 4701 2068 4757 male
2095 4701 2232 4756 velle
2260 4716 2366 4756 non
2409 4703 2608 4772 possit,
2641 4709 2740 4757 nec
2786 4704 2906 4777 ideo
2938 4704 3106 4760 libero
3136 4707 3343 4760 carebit
3370 4707 3514 4762 arbi—

1928 4794 2051 4848 trio.
2081 4793 2249 4848 Multo
2280 4794 2478 4864 quippe
2503 4794 2724 4850 liberius
2749 4797 2855 4852 erit
2892 4800 3197 4864 arbitrium,
3229 4801 3371 4869 quod
3397 4816 3514 4854 om-

1923 4886 2056 4941 nino
2097 4902 2203 4942 non
2233 4887 2434 4956 poterit
2461 4887 2667 4943 servire
2713 4898 2956 4958 peccato.
2985 4889 3172 4961 Neque
3218 4891 3364 4946 enim
3403 4893 3514 4948 cul-

1924 4978 2103 5049 panda
2127 4985 2211 5033 est
2233 4977 2507 5044 voluntas,
2551 4986 2646 5032 aut
2671 4979 2923 5035 voluntas
2945 4996 3050 5036 non
3075 4990 3178 5044 est,
3209 4991 3303 5036 aut
3341 4983 3511 5039 libera

1928 5070 2157 5126 dicenda
2179 5084 2286 5124 non
2314 5077 2420 5136 est,
2449 5085 2553 5140 qua
2581 5069 2728 5126 beati
2755 5086 2873 5127 esse
2901 5073 2980 5127 sic
3010 5071 3277 5140 volumus,
3307 5083 3365 5130 ut
3390 5091 3511 5134 esse

1927 5162 2114 5218 miseri
2139 5177 2246 5218 non
2285 5162 2459 5218 solum
2501 5163 2766 5228 nolimus,
2793 5165 2890 5219 sed
2916 5178 3254 5235 nequaquam
3288 5182 3514 5236 prorsus

1927 5258 2066 5313 velle
2096 5257 2388 5327 possimus.
2422 5255 2576 5312 Sicut
2600 5271 2731 5328 ergo
2751 5257 2933 5310 anima
2960 5265 3146 5312 nostra
3174 5259 3338 5314 etiam
3366 5275 3512 5315 nunc

1928 5351 2071 5406 nolle
2101 5349 2496 5417 infelicitatem,
2528 5350 2600 5403 ita
2631 5349 2774 5405 nolle
2801 5348 3142 5419 iniquitatem
3170 5365 3388 5420 semper
3414 5351 3512 5406 ha-

1927 5445 2108 5500 bitura
2157 5452 2257 5499 est.
2295 5442 2400 5498 Sed
2443 5441 2577 5496 ordo
2621 5440 3114 5510 praetermittendus
3142 5457 3250 5497 non
3287 5442 3418 5508 fuit,
3453 5441 3509 5496 in

1873 5523 1877 5526 ’
1931 5553 2039 5608 quo
2079 5537 2220 5592 Deus
2247 5536 2417 5591 voluit
2453 5534 2740 5589 ostendere
2785 5549 2949 5604 quam
2975 5534 3175 5589 bonum
3222 5537 3289 5590 sit
3315 5536 3509 5590 anima:

1930 5631 2179 5686 rationali
2209 5628 2547 5702 [al.,animal
2570 5627 2880 5699 rationale],
2913 5629 3056 5698 quod
3082 5630 3245 5685 etiam
3278 5644 3508 5700 peccare

1928 5723 2120 5793 possit,
2151 5720 2399 5791 quamvis
2423 5719 2496 5774 sit
2522 5719 2714 5774 melius
2742 5720 2883 5789 quod
2910 5733 3137 5790 peccare
3167 5734 3276 5773 non
3295 5720 3502 5791 possit:

1931 5815 2070 5873 sicut
2124 5812 2300 5868 minor
2345 5809 2446 5865 fuit
2499 5811 2897 5879 immortalitas,
2944 5809 3039 5866 sed
3083 5821 3260 5866 tamen
3302 5811 3398 5866 fuit
3450 5813 3500 5868 in

2985 5903 3063 5965 33
