  <div class='ocr_page' id='page_1' title='image "/cluster/home/n/w/nwhite01/storage/ocr_20150623/115/hvd.32044015466873/521.png"; bbox 0 0 4064 6346; ppageno 0'>
   <div class='ocr_carea' id='block_1_1' title="bbox 659 298 855 359">
    <p class='ocr_par' dir='ltr' id='par_1_1' title="bbox 659 298 855 359">
     <span class='ocr_line' id='line_1_1' title="bbox 659 298 855 359; baseline -0.02 0"><span class='ocrx_word' id='word_1_1' title='bbox 659 298 799 359; x_wconf 74' lang='grc'><strong>1055</strong></span> <span class='ocrx_word' id='word_1_2' title='bbox 847 346 855 355; x_wconf 95' lang='grc'><strong>.</strong></span> 
     </span>
    </p>
   </div>
   <div class='ocr_carea' id='block_1_2' title="bbox 1657 280 2891 370">
    <p class='ocr_par' dir='ltr' id='par_1_2' title="bbox 1657 280 2891 370">
     <span class='ocr_line' id='line_1_2' title="bbox 1657 280 2891 370; baseline 0.009 -13"><span class='ocrx_word' id='word_1_3' title='bbox 1657 301 1714 358; x_wconf 88' lang='lat' dir='ltr'><strong>s.</strong></span> <span class='ocrx_word' id='word_1_4' title='bbox 1752 280 2127 360; x_wconf 67' lang='lat' dir='ltr'><strong>etiannum</strong></span> <span class='ocrx_word' id='word_1_5' title='bbox 2161 303 2549 365; x_wconf 79' lang='lat' dir='ltr'><strong>TRECENSIS</strong></span> <span class='ocrx_word' id='word_1_6' title='bbox 2581 306 2891 370; x_wconf 84' lang='lat' dir='ltr'><strong>EPISCOPI</strong></span> 
     </span>
    </p>
   </div>
   <div class='ocr_carea' id='block_1_3' title="bbox 3703 324 3803 390">
    <p class='ocr_par' dir='ltr' id='par_1_3' title="bbox 3703 324 3803 390">
     <span class='ocr_line' id='line_1_3' title="bbox 3703 324 3803 390; baseline 0.05 -5"><span class='ocrx_word' id='word_1_7' title='bbox 3703 324 3803 390; x_wconf 58' lang='lat' dir='ltr'><strong>{ﬂ</strong></span> 
     </span>
    </p>
   </div>
   <div class='ocr_carea' id='block_1_4' title="bbox 652 410 3801 517">
    <p class='ocr_par' dir='ltr' id='par_1_4' title="bbox 652 410 3801 517">
     <span class='ocr_line' id='line_1_4' title="bbox 652 410 3801 517; baseline 0.008 -44"><span class='ocrx_word' id='word_1_8' title='bbox 652 434 757 517; x_wconf 73' lang='lat' dir='ltr'><strong>qua</strong></span> <span class='ocrx_word' id='word_1_9' title='bbox 778 424 962 517; x_wconf 77' lang='lat' dir='ltr'><strong>posset</strong></span> <span class='ocrx_word' id='word_1_10' title='bbox 981 416 1147 517; x_wconf 75' lang='lat' dir='ltr'><strong>etiam</strong></span> <span class='ocrx_word' id='word_1_11' title='bbox 1173 410 1269 492; x_wconf 61' lang='grc' dir='ltr'><strong>[αἳ.</strong></span> <span class='ocrx_word' id='word_1_12' title='bbox 1303 418 1427 473; x_wconf 85' lang='lat' dir='ltr'><strong>add.</strong></span> <span class='ocrx_word' id='word_1_13' title='bbox 1444 418 1581 517; x_wconf 74' lang='lat' dir='ltr'><strong>non]</strong></span> <span class='ocrx_word' id='word_1_14' title='bbox 1606 418 1765 517; x_wconf 84' lang='lat' dir='ltr'><strong>mori,</strong></span> <span class='ocrx_word' id='word_1_15' title='bbox 1786 421 2034 492; x_wconf 79' lang='lat' dir='ltr'><strong>quamvis</strong></span> <span class='ocrx_word' id='word_1_16' title='bbox 2063 423 2237 490; x_wconf 83' lang='lat' dir='ltr'><strong>major</strong></span> <span class='ocrx_word' id='word_1_17' title='bbox 2261 426 2312 486; x_wconf 78' lang='grc' dir='ltr'><strong>Α</strong></span> <span class='ocrx_word' id='word_1_18' title='bbox 2339 425 2672 496; x_wconf 74' lang='lat' dir='ltr'><strong>egrederetur</strong></span> <span class='ocrx_word' id='word_1_19' title='bbox 2689 446 2807 484; x_wconf 84' lang='lat' dir='ltr'><strong>eum</strong></span> <span class='ocrx_word' id='word_1_20' title='bbox 2832 447 2891 486; x_wconf 86' lang='lat' dir='ltr'><strong>eo</strong></span> <span class='ocrx_word' id='word_1_21' title='bbox 2915 430 3189 487; x_wconf 85' lang='lat' dir='ltr'><strong>adversum</strong></span> <span class='ocrx_word' id='word_1_22' title='bbox 3214 432 3345 490; x_wconf 79' lang='lat' dir='ltr'><strong>Jehu</strong></span> <span class='ocrx_word' id='word_1_23' title='bbox 3374 435 3527 505; x_wconf 81' lang='lat' dir='ltr'><strong>filium</strong></span> <span class='ocrx_word' id='word_1_24' title='bbox 3552 438 3678 509; x_wconf 79' lang='lat' dir='ltr'><strong>Nasi,</strong></span> <span class='ocrx_word' id='word_1_25' title='bbox 3695 464 3801 517; x_wconf 64' lang='grc' dir='ltr'><strong>ςυα</strong></span> 
     </span>
    </p>
   </div>
   <div class='ocr_carea' id='block_1_5' title="bbox 650 508 1661 579">
    <p class='ocr_par' dir='ltr' id='par_1_5' title="bbox 650 508 1661 579">
     <span class='ocr_line' id='line_1_5' title="bbox 650 508 1661 579; baseline -0.001 -14"><span class='ocrx_word' id='word_1_26' title='bbox 650 509 832 565; x_wconf 82' lang='lat' dir='ltr'><strong>futura</strong></span> <span class='ocrx_word' id='word_1_27' title='bbox 863 508 955 574; x_wconf 92' lang='lat' dir='ltr'><strong>sit,</strong></span> <span class='ocrx_word' id='word_1_28' title='bbox 981 508 1031 563; x_wconf 89' lang='lat' dir='ltr'><strong>in</strong></span> <span class='ocrx_word' id='word_1_29' title='bbox 1054 524 1157 579; x_wconf 89' lang='lat' dir='ltr'><strong>qua</strong></span> <span class='ocrx_word' id='word_1_30' title='bbox 1182 524 1286 564; x_wconf 91' lang='lat' dir='ltr'><strong>non</strong></span> <span class='ocrx_word' id='word_1_31' title='bbox 1314 510 1482 579; x_wconf 89' lang='lat' dir='ltr'><strong>possit</strong></span> <span class='ocrx_word' id='word_1_32' title='bbox 1507 510 1661 564; x_wconf 82' lang='lat' dir='ltr'><strong>mori.</strong></span> 
     </span>
    </p>
   </div>
   <div class='ocr_carea' id='block_1_6' title="bbox 2339 518 3801 607">
    <p class='ocr_par' dir='ltr' id='par_1_6' title="bbox 2339 518 3801 607">
     <span class='ocr_line' id='line_1_6' title="bbox 2339 518 3801 607; baseline 0.011 -36"><span class='ocrx_word' id='word_1_33' title='bbox 2339 520 2491 572; x_wconf 65' lang='lat' dir='ltr'><strong>unxit</strong></span> <span class='ocrx_word' id='word_1_34' title='bbox 2513 518 2675 607; x_wconf 89' lang='lat' dir='ltr'><strong>Deus,</strong></span> <span class='ocrx_word' id='word_1_35' title='bbox 2702 532 2757 575; x_wconf 88' lang='lat' dir='ltr'><strong>ut</strong></span> <span class='ocrx_word' id='word_1_36' title='bbox 2785 522 2978 577; x_wconf 86' lang='lat' dir='ltr'><strong>deleret</strong></span> <span class='ocrx_word' id='word_1_37' title='bbox 3007 524 3217 579; x_wconf 85' lang='lat' dir='ltr'><strong>domum</strong></span> <span class='ocrx_word' id='word_1_38' title='bbox 3256 527 3417 582; x_wconf 81' lang='lat' dir='ltr'><strong>Ahab.</strong></span> <span class='ocrx_word' id='word_1_39' title='bbox 3443 528 3559 585; x_wconf 82' lang='lat' dir='ltr'><strong>Cum</strong></span> <span class='ocrx_word' id='word_1_40' title='bbox 3577 551 3674 607; x_wconf 87' lang='lat' dir='ltr'><strong>ergo</strong></span> <span class='ocrx_word' id='word_1_41' title='bbox 3702 557 3801 596; x_wconf 76' lang='lat' dir='ltr'><strong>em.</strong></span> 
     </span>
    </p>
   </div>
   <div class='ocr_carea' id='block_1_7' title="bbox 726 599 3807 692">
    <p class='ocr_par' dir='ltr' id='par_1_7' title="bbox 726 599 3807 692">
     <span class='ocr_line' id='line_1_7' title="bbox 726 599 3807 692; baseline 0.008 -37"><span class='ocrx_word' id='word_1_42' title='bbox 726 599 879 674; x_wconf 86' lang='lat' dir='ltr'><strong>(Cap.</strong></span> <span class='ocrx_word' id='word_1_43' title='bbox 914 600 1072 671; x_wconf 68' lang='lat'><strong>106.)</strong></span> <span class='ocrx_word' id='word_1_44' title='bbox 1131 600 1279 655; x_wconf 87' lang='lat' dir='ltr'><strong>Illam</strong></span> <span class='ocrx_word' id='word_1_45' title='bbox 1326 610 1516 655; x_wconf 88' lang='lat' dir='ltr'><strong>natura</strong></span> <span class='ocrx_word' id='word_1_46' title='bbox 1570 601 1803 656; x_wconf 85' lang='lat' dir='ltr'><strong>humana</strong></span> <span class='ocrx_word' id='word_1_47' title='bbox 1852 602 2085 673; x_wconf 89' lang='lat' dir='ltr'><strong>perdidit</strong></span> <span class='ocrx_word' id='word_1_48' title='bbox 2134 619 2236 676; x_wconf 91' lang='lat' dir='ltr'><strong>per</strong></span> <span class='ocrx_word' id='word_1_49' title='bbox 2338 615 2462 662; x_wconf 88' lang='lat' dir='ltr'><strong>teret</strong></span> <span class='ocrx_word' id='word_1_50' title='bbox 2518 606 2657 663; x_wconf 84' lang='lat' dir='ltr'><strong>Jehu</strong></span> <span class='ocrx_word' id='word_1_51' title='bbox 2707 611 2918 665; x_wconf 86' lang='lat' dir='ltr'><strong>domum</strong></span> <span class='ocrx_word' id='word_1_52' title='bbox 2964 612 3130 676; x_wconf 73' lang='lat' dir='ltr'><strong>Ahab,</strong></span> <span class='ocrx_word' id='word_1_53' title='bbox 3161 614 3344 669; x_wconf 70' lang='lat' dir='ltr'><strong>invenit</strong></span> <span class='ocrx_word' id='word_1_54' title='bbox 3390 620 3596 692; x_wconf 82' lang='lat' dir='ltr'><strong>princeps</strong></span> <span class='ocrx_word' id='word_1_55' title='bbox 3623 599 3743 684; x_wconf 46' lang='grc' dir='ltr'><strong>Ἰιάσ</strong></span> <span class='ocrx_word' id='word_1_56' title='bbox 3772 640 3807 689; x_wconf 69' lang='lat' dir='ltr'><strong>et</strong></span> 
     </span>
    </p>
   </div>
   <div class='ocr_carea' id='block_1_8' title="bbox 649 698 2230 775">
    <p class='ocr_par' dir='ltr' id='par_1_8' title="bbox 649 698 2230 775">
     <span class='ocr_line' id='line_1_8' title="bbox 649 698 2230 775; baseline 0 -17"><span class='ocrx_word' id='word_1_57' title='bbox 649 702 879 758; x_wconf 81' lang='lat' dir='ltr'><strong>liberum</strong></span> <span class='ocrx_word' id='word_1_58' title='bbox 912 701 1217 764; x_wconf 72' lang='lat' dir='ltr'><strong>arbitrium,</strong></span> <span class='ocrx_word' id='word_1_59' title='bbox 1246 709 1298 755; x_wconf 87' lang='lat' dir='ltr'><strong>et</strong></span> <span class='ocrx_word' id='word_1_60' title='bbox 1338 698 1477 756; x_wconf 86' lang='lat' dir='ltr'><strong>hanc</strong></span> <span class='ocrx_word' id='word_1_61' title='bbox 1522 710 1601 757; x_wconf 88' lang='lat' dir='ltr'><strong>est</strong></span> <span class='ocrx_word' id='word_1_62' title='bbox 1654 712 1940 772; x_wconf 88' lang='lat' dir='ltr'><strong>acceptura</strong></span> <span class='ocrx_word' id='word_1_63' title='bbox 1983 718 2081 774; x_wconf 87' lang='lat' dir='ltr'><strong>per</strong></span> <span class='ocrx_word' id='word_1_64' title='bbox 2108 718 2230 775; x_wconf 69' lang='lat' dir='ltr'><strong>gra—</strong></span> 
     </span>
    </p>
   </div>
   <div class='ocr_carea' id='block_1_9' title="bbox 648 791 2234 868">
    <p class='ocr_par' dir='ltr' id='par_1_9' title="bbox 648 791 2234 868">
     <span class='ocr_line' id='line_1_9' title="bbox 648 791 2234 868; baseline 0.001 -17"><span class='ocrx_word' id='word_1_65' title='bbox 648 795 805 860; x_wconf 89' lang='lat' dir='ltr'><strong>tiam,</strong></span> <span class='ocrx_word' id='word_1_66' title='bbox 834 808 994 865; x_wconf 85' lang='lat' dir='ltr'><strong>quam</strong></span> <span class='ocrx_word' id='word_1_67' title='bbox 1026 791 1221 859; x_wconf 84' lang='lat' dir='ltr'><strong>fuerat,</strong></span> <span class='ocrx_word' id='word_1_68' title='bbox 1252 792 1295 848; x_wconf 88' lang='lat' dir='ltr'><strong>si</strong></span> <span class='ocrx_word' id='word_1_69' title='bbox 1325 804 1431 848; x_wconf 89' lang='lat' dir='ltr'><strong>non</strong></span> <span class='ocrx_word' id='word_1_70' title='bbox 1459 802 1767 862; x_wconf 79' lang='lat' dir='ltr'><strong>peccasset,</strong></span> <span class='ocrx_word' id='word_1_71' title='bbox 1812 805 2101 866; x_wconf 88' lang='lat' dir='ltr'><strong>acceptura</strong></span> <span class='ocrx_word' id='word_1_72' title='bbox 2136 813 2234 868; x_wconf 88' lang='lat' dir='ltr'><strong>per</strong></span> 
     </span>
    </p>
   </div>
   <div class='ocr_carea' id='block_1_10' title="bbox 648 883 2231 955">
    <p class='ocr_par' dir='ltr' id='par_1_10' title="bbox 648 883 2231 955">
     <span class='ocr_line' id='line_1_10' title="bbox 648 883 2231 955; baseline 0.001 -13"><span class='ocrx_word' id='word_1_73' title='bbox 648 886 906 942; x_wconf 87' lang='lat' dir='ltr'><strong>meritum</strong></span> <span class='ocrx_word' id='word_1_74' title='bbox 942 902 956 938; x_wconf 89' lang='lat'><strong>:</strong></span> <span class='ocrx_word' id='word_1_75' title='bbox 986 883 1233 954; x_wconf 82' lang='lat' dir='ltr'><strong>quamvis</strong></span> <span class='ocrx_word' id='word_1_76' title='bbox 1271 883 1390 939; x_wconf 88' lang='lat' dir='ltr'><strong>sine</strong></span> <span class='ocrx_word' id='word_1_77' title='bbox 1421 885 1595 955; x_wconf 75' lang='lat' dir='ltr'><strong>gratia</strong></span> <span class='ocrx_word' id='word_1_78' title='bbox 1623 900 1723 941; x_wconf 86' lang='lat' dir='ltr'><strong>nec</strong></span> <span class='ocrx_word' id='word_1_79' title='bbox 1748 893 1877 941; x_wconf 90' lang='lat' dir='ltr'><strong>tunc</strong></span> <span class='ocrx_word' id='word_1_80' title='bbox 1914 887 2082 942; x_wconf 89' lang='lat' dir='ltr'><strong>ullum</strong></span> <span class='ocrx_word' id='word_1_81' title='bbox 2113 903 2231 943; x_wconf 91' lang='lat' dir='ltr'><strong>me-</strong></span> 
     </span>
    </p>
   </div>
   <div class='ocr_carea' id='block_1_11' title="bbox 646 975 2231 1049">
    <p class='ocr_par' dir='ltr' id='par_1_11' title="bbox 646 975 2231 1049">
     <span class='ocr_line' id='line_1_11' title="bbox 646 975 2231 1049; baseline 0.002 -16"><span class='ocrx_word' id='word_1_82' title='bbox 646 976 812 1033; x_wconf 86' lang='lat' dir='ltr'><strong>ritum</strong></span> <span class='ocrx_word' id='word_1_83' title='bbox 858 990 979 1031; x_wconf 88' lang='lat' dir='ltr'><strong>esse</strong></span> <span class='ocrx_word' id='word_1_84' title='bbox 1032 975 1311 1045; x_wconf 85' lang='lat' dir='ltr'><strong>potuisset.</strong></span> <span class='ocrx_word' id='word_1_85' title='bbox 1346 975 1484 1044; x_wconf 83' lang='lat' dir='ltr'><strong>Quia</strong></span> <span class='ocrx_word' id='word_1_86' title='bbox 1527 976 1631 1033; x_wconf 87' lang='lat' dir='ltr'><strong>etsi</strong></span> <span class='ocrx_word' id='word_1_87' title='bbox 1678 987 1959 1049; x_wconf 91' lang='lat' dir='ltr'><strong>peccatum</strong></span> <span class='ocrx_word' id='word_1_88' title='bbox 1996 976 2050 1035; x_wconf 87' lang='lat' dir='ltr'><strong>in</strong></span> <span class='ocrx_word' id='word_1_89' title='bbox 2115 981 2231 1037; x_wconf 88' lang='lat' dir='ltr'><strong>solo</strong></span> 
     </span>
    </p>
   </div>
   <div class='ocr_carea' id='block_1_12' title="bbox 548 1066 2229 1140">
    <p class='ocr_par' dir='ltr' id='par_1_12' title="bbox 548 1066 2229 1140">
     <span class='ocr_line' id='line_1_12' title="bbox 548 1066 2229 1140; baseline 0.001 -15"><span class='ocrx_word' id='word_1_90' title='bbox 548 1080 557 1087; x_wconf 84' lang='lat'><strong><em>&#39;</em></strong></span> <span class='ocrx_word' id='word_1_91' title='bbox 645 1076 765 1126; x_wconf 84' lang='lat' dir='ltr'><strong>erat</strong></span> <span class='ocrx_word' id='word_1_92' title='bbox 790 1066 958 1122; x_wconf 87' lang='lat' dir='ltr'><strong>libero</strong></span> <span class='ocrx_word' id='word_1_93' title='bbox 1002 1066 1228 1122; x_wconf 85' lang='lat' dir='ltr'><strong>arbitrio</strong></span> <span class='ocrx_word' id='word_1_94' title='bbox 1256 1068 1640 1134; x_wconf 86' lang='lat' dir='ltr'><strong>constitutum,</strong></span> <span class='ocrx_word' id='word_1_95' title='bbox 1672 1078 1851 1125; x_wconf 89' lang='lat' dir='ltr'><strong>tamen</strong></span> <span class='ocrx_word' id='word_1_96' title='bbox 1885 1068 2112 1140; x_wconf 69' lang='lat' dir='ltr'><strong>iustitiae</strong></span> <span class='ocrx_word' id='word_1_97' title='bbox 2140 1086 2229 1126; x_wconf 88' lang='lat' dir='ltr'><strong>rc-</strong></span> 
     </span>
    </p>
   </div>
   <div class='ocr_carea' id='block_1_13' title="bbox 644 1155 2229 1233">
    <p class='ocr_par' dir='ltr' id='par_1_13' title="bbox 644 1155 2229 1233">
     <span class='ocr_line' id='line_1_13' title="bbox 644 1155 2229 1233; baseline 0.003 -21"><span class='ocrx_word' id='word_1_98' title='bbox 644 1158 875 1213; x_wconf 79' lang='lat' dir='ltr'><strong>tiueudae</strong></span> <span class='ocrx_word' id='word_1_99' title='bbox 905 1172 1009 1212; x_wconf 89' lang='lat' dir='ltr'><strong>non</strong></span> <span class='ocrx_word' id='word_1_100' title='bbox 1032 1155 1335 1213; x_wconf 74' lang='lat' dir='ltr'><strong>sufﬁciebat</strong></span> <span class='ocrx_word' id='word_1_101' title='bbox 1364 1157 1591 1214; x_wconf 90' lang='lat' dir='ltr'><strong>liberum</strong></span> <span class='ocrx_word' id='word_1_102' title='bbox 1623 1159 1930 1225; x_wconf 77' lang='lat' dir='ltr'><strong>arbitrium,</strong></span> <span class='ocrx_word' id='word_1_103' title='bbox 1969 1162 2072 1216; x_wconf 84' lang='lat' dir='ltr'><strong>nisi</strong></span> <span class='ocrx_word' id='word_1_104' title='bbox 2101 1176 2229 1233; x_wconf 83' lang='lat' dir='ltr'><strong>par-</strong></span> 
     </span>
    </p>
   </div>
   <div class='ocr_carea' id='block_1_14' title="bbox 644 1249 2228 1323">
    <p class='ocr_par' dir='ltr' id='par_1_14' title="bbox 644 1249 2228 1323">
     <span class='ocr_line' id='line_1_14' title="bbox 644 1249 2228 1323; baseline 0.003 -18"><span class='ocrx_word' id='word_1_105' title='bbox 644 1249 961 1320; x_wconf 85' lang='lat' dir='ltr'><strong>ticipatione</strong></span> <span class='ocrx_word' id='word_1_106' title='bbox 1009 1249 1362 1306; x_wconf 80' lang='lat' dir='ltr'><strong>immutabilis</strong></span> <span class='ocrx_word' id='word_1_107' title='bbox 1416 1252 1543 1307; x_wconf 90' lang='lat' dir='ltr'><strong>boni</strong></span> <span class='ocrx_word' id='word_1_108' title='bbox 1596 1251 1840 1307; x_wconf 86' lang='lat' dir='ltr'><strong>divinum</strong></span> <span class='ocrx_word' id='word_1_109' title='bbox 1898 1252 2228 1323; x_wconf 76' lang='lat' dir='ltr'><strong>adiutorium</strong></span> 
     </span>
    </p>
   </div>
   <div class='ocr_carea' id='block_1_15' title="bbox 639 1330 2230 1414">
    <p class='ocr_par' dir='ltr' id='par_1_15' title="bbox 639 1330 2230 1414">
     <span class='ocr_line' id='line_1_15' title="bbox 639 1330 2230 1414; baseline 0.002 -17"><span class='ocrx_word' id='word_1_110' title='bbox 639 1342 993 1414; x_wconf 56' lang='lat' dir='ltr'><strong>praeberetur.</strong></span> <span class='ocrx_word' id='word_1_111' title='bbox 1019 1340 1170 1397; x_wconf 88' lang='lat' dir='ltr'><strong>Sicut</strong></span> <span class='ocrx_word' id='word_1_112' title='bbox 1192 1341 1336 1397; x_wconf 92' lang='lat' dir='ltr'><strong>enim</strong></span> <span class='ocrx_word' id='word_1_113' title='bbox 1358 1330 1601 1398; x_wconf 88' lang='lat' dir='ltr'><strong>moriest</strong></span> <span class='ocrx_word' id='word_1_114' title='bbox 1623 1342 1675 1397; x_wconf 91' lang='lat' dir='ltr'><strong>in</strong></span> <span class='ocrx_word' id='word_1_115' title='bbox 1704 1342 1938 1400; x_wconf 88' lang='lat' dir='ltr'><strong>hominis</strong></span> <span class='ocrx_word' id='word_1_116' title='bbox 1962 1352 2230 1414; x_wconf 87' lang='lat' dir='ltr'><strong>potestate</strong></span> 
     </span>
    </p>
   </div>
   <div class='ocr_carea' id='block_1_16' title="bbox 640 1432 2229 1506">
    <p class='ocr_par' dir='ltr' id='par_1_16' title="bbox 640 1432 2229 1506">
     <span class='ocr_line' id='line_1_16' title="bbox 640 1432 2229 1506; baseline 0.001 -18"><span class='ocrx_word' id='word_1_117' title='bbox 640 1448 765 1489; x_wconf 90' lang='lat' dir='ltr'><strong>cum</strong></span> <span class='ocrx_word' id='word_1_118' title='bbox 790 1432 937 1498; x_wconf 84' lang='lat' dir='ltr'><strong>velit,</strong></span> <span class='ocrx_word' id='word_1_119' title='bbox 967 1447 1127 1489; x_wconf 73' lang='lat' dir='ltr'><strong>neuio</strong></span> <span class='ocrx_word' id='word_1_120' title='bbox 1153 1442 1234 1489; x_wconf 88' lang='lat' dir='ltr'><strong>est</strong></span> <span class='ocrx_word' id='word_1_121' title='bbox 1256 1434 1399 1489; x_wconf 90' lang='lat' dir='ltr'><strong>enim</strong></span> <span class='ocrx_word' id='word_1_122' title='bbox 1438 1434 1530 1503; x_wconf 88' lang='lat' dir='ltr'><strong>qui</strong></span> <span class='ocrx_word' id='word_1_123' title='bbox 1578 1448 1684 1488; x_wconf 90' lang='lat' dir='ltr'><strong>non</strong></span> <span class='ocrx_word' id='word_1_124' title='bbox 1717 1433 1974 1506; x_wconf 86' lang='lat' dir='ltr'><strong>seipsum,</strong></span> <span class='ocrx_word' id='word_1_125' title='bbox 2006 1445 2064 1489; x_wconf 84' lang='lat' dir='ltr'><strong>ut</strong></span> <span class='ocrx_word' id='word_1_126' title='bbox 2094 1432 2229 1490; x_wconf 84' lang='lat' dir='ltr'><strong>nihil</strong></span> 
     </span>
    </p>
   </div>
   <div class='ocr_carea' id='block_1_17' title="bbox 642 1526 2229 1598">
    <p class='ocr_par' dir='ltr' id='par_1_17' title="bbox 642 1526 2229 1598">
     <span class='ocr_line' id='line_1_17' title="bbox 642 1526 2229 1598; baseline 0 -16"><span class='ocrx_word' id='word_1_127' title='bbox 642 1526 790 1583; x_wconf 88' lang='lat' dir='ltr'><strong>aliud</strong></span> <span class='ocrx_word' id='word_1_128' title='bbox 817 1527 1016 1593; x_wconf 85' lang='lat' dir='ltr'><strong>dicam,</strong></span> <span class='ocrx_word' id='word_1_129' title='bbox 1061 1527 1147 1581; x_wconf 96' lang='lat' dir='ltr'><strong>vel</strong></span> <span class='ocrx_word' id='word_1_130' title='bbox 1194 1543 1299 1583; x_wconf 90' lang='lat' dir='ltr'><strong>non</strong></span> <span class='ocrx_word' id='word_1_131' title='bbox 1338 1527 1605 1583; x_wconf 84' lang='lat' dir='ltr'><strong>vescendo</strong></span> <span class='ocrx_word' id='word_1_132' title='bbox 1631 1527 1801 1598; x_wconf 90' lang='lat' dir='ltr'><strong>possit</strong></span> <span class='ocrx_word' id='word_1_133' title='bbox 1835 1527 2085 1583; x_wconf 87' lang='lat' dir='ltr'><strong>occidere</strong></span> <span class='ocrx_word' id='word_1_134' title='bbox 2112 1543 2127 1582; x_wconf 88' lang='lat'><strong>:</strong></span> <span class='ocrx_word' id='word_1_135' title='bbox 2160 1528 2229 1583; x_wconf 84' lang='lat' dir='ltr'><strong>ad</strong></span> 
     </span>
    </p>
   </div>
   <div class='ocr_carea' id='block_1_18' title="bbox 638 1617 2229 1688">
    <p class='ocr_par' dir='ltr' id='par_1_18' title="bbox 638 1617 2229 1688">
     <span class='ocr_line' id='line_1_18' title="bbox 638 1617 2229 1688; baseline -0.001 -13"><span class='ocrx_word' id='word_1_136' title='bbox 638 1618 931 1675; x_wconf 89' lang='lat' dir='ltr'><strong>tenendam</strong></span> <span class='ocrx_word' id='word_1_137' title='bbox 970 1633 1099 1674; x_wconf 89' lang='lat' dir='ltr'><strong>vero</strong></span> <span class='ocrx_word' id='word_1_138' title='bbox 1126 1619 1293 1673; x_wconf 88' lang='lat' dir='ltr'><strong>vitam</strong></span> <span class='ocrx_word' id='word_1_139' title='bbox 1321 1618 1569 1674; x_wconf 81' lang='lat' dir='ltr'><strong>voluntas</strong></span> <span class='ocrx_word' id='word_1_140' title='bbox 1599 1634 1704 1673; x_wconf 90' lang='lat' dir='ltr'><strong>non</strong></span> <span class='ocrx_word' id='word_1_141' title='bbox 1755 1628 1840 1673; x_wconf 90' lang='lat' dir='ltr'><strong>sat</strong></span> <span class='ocrx_word' id='word_1_142' title='bbox 1865 1626 1971 1685; x_wconf 88' lang='lat' dir='ltr'><strong>est,</strong></span> <span class='ocrx_word' id='word_1_143' title='bbox 2002 1619 2045 1674; x_wconf 89' lang='lat' dir='ltr'><strong>si</strong></span> <span class='ocrx_word' id='word_1_144' title='bbox 2076 1617 2229 1688; x_wconf 87' lang='lat' dir='ltr'><strong>adju-</strong></span> 
     </span>
    </p>
   </div>
   <div class='ocr_carea' id='block_1_19' title="bbox 638 1708 2223 1780">
    <p class='ocr_par' dir='ltr' id='par_1_19' title="bbox 638 1708 2223 1780">
     <span class='ocr_line' id='line_1_19' title="bbox 638 1708 2223 1780; baseline -0.001 -14"><span class='ocrx_word' id='word_1_145' title='bbox 638 1709 779 1766; x_wconf 83' lang='lat' dir='ltr'><strong>toria</strong></span> <span class='ocrx_word' id='word_1_146' title='bbox 823 1710 935 1765; x_wconf 83' lang='lat' dir='ltr'><strong>sive</strong></span> <span class='ocrx_word' id='word_1_147' title='bbox 985 1708 1397 1772; x_wconf 83' lang='lat' dir='ltr'><strong>alimentorum,</strong></span> <span class='ocrx_word' id='word_1_148' title='bbox 1431 1709 1546 1765; x_wconf 87' lang='lat' dir='ltr'><strong>sive</strong></span> <span class='ocrx_word' id='word_1_149' title='bbox 1588 1725 2037 1780; x_wconf 88' lang='lat' dir='ltr'><strong>quorumcuuque</strong></span> <span class='ocrx_word' id='word_1_150' title='bbox 2078 1714 2223 1765; x_wconf 84' lang='lat' dir='ltr'><strong>tuta-</strong></span> 
     </span>
    </p>
   </div>
   <div class='ocr_carea' id='block_1_20' title="bbox 638 1799 2227 1872">
    <p class='ocr_par' dir='ltr' id='par_1_20' title="bbox 638 1799 2227 1872">
     <span class='ocr_line' id='line_1_20' title="bbox 638 1799 2227 1872; baseline 0.001 -17"><span class='ocrx_word' id='word_1_151' title='bbox 638 1801 844 1856; x_wconf 89' lang='lat' dir='ltr'><strong>minum</strong></span> <span class='ocrx_word' id='word_1_152' title='bbox 878 1800 1077 1857; x_wconf 85' lang='lat' dir='ltr'><strong>desint.</strong></span> <span class='ocrx_word' id='word_1_153' title='bbox 1114 1799 1205 1856; x_wconf 92' lang='lat' dir='ltr'><strong>Sic</strong></span> <span class='ocrx_word' id='word_1_154' title='bbox 1246 1800 1407 1855; x_wconf 88' lang='lat' dir='ltr'><strong>homo</strong></span> <span class='ocrx_word' id='word_1_155' title='bbox 1445 1800 1498 1855; x_wconf 91' lang='lat' dir='ltr'><strong>in</strong></span> <span class='ocrx_word' id='word_1_156' title='bbox 1528 1801 1778 1872; x_wconf 81' lang='lat' dir='ltr'><strong>paradiso</strong></span> <span class='ocrx_word' id='word_1_157' title='bbox 1806 1801 1872 1856; x_wconf 87' lang='lat' dir='ltr'><strong>ad</strong></span> <span class='ocrx_word' id='word_1_158' title='bbox 1895 1816 1953 1857; x_wconf 92' lang='lat' dir='ltr'><strong>se</strong></span> <span class='ocrx_word' id='word_1_159' title='bbox 1973 1801 2227 1857; x_wconf 86' lang='lat' dir='ltr'><strong>occiden-</strong></span> 
     </span>
    </p>
   </div>
   <div class='ocr_carea' id='block_1_21' title="bbox 637 1891 2231 1965">
    <p class='ocr_par' dir='ltr' id='par_1_21' title="bbox 637 1891 2231 1965">
     <span class='ocr_line' id='line_1_21' title="bbox 637 1891 2231 1965; baseline -0.001 -15"><span class='ocrx_word' id='word_1_160' title='bbox 637 1894 765 1950; x_wconf 78' lang='lat' dir='ltr'><strong>dum</strong></span> <span class='ocrx_word' id='word_1_161' title='bbox 798 1893 1151 1964; x_wconf 83' lang='lat' dir='ltr'><strong>relinquendo</strong></span> <span class='ocrx_word' id='word_1_162' title='bbox 1174 1891 1442 1962; x_wconf 80' lang='lat' dir='ltr'><strong>justitiam</strong></span> <span class='ocrx_word' id='word_1_163' title='bbox 1489 1893 1714 1949; x_wconf 89' lang='lat' dir='ltr'><strong>idoneus</strong></span> <span class='ocrx_word' id='word_1_164' title='bbox 1762 1902 1879 1949; x_wconf 88' lang='lat' dir='ltr'><strong>erat</strong></span> <span class='ocrx_word' id='word_1_165' title='bbox 1921 1906 2021 1965; x_wconf 87' lang='lat' dir='ltr'><strong>pro</strong></span> <span class='ocrx_word' id='word_1_166' title='bbox 2046 1892 2231 1949; x_wconf 89' lang='lat' dir='ltr'><strong>volun-</strong></span> 
     </span>
    </p>
   </div>
   <div class='ocr_carea' id='block_1_22' title="bbox 642 1985 2231 2060">
    <p class='ocr_par' dir='ltr' id='par_1_22' title="bbox 642 1985 2231 2060">
     <span class='ocr_line' id='line_1_22' title="bbox 642 1985 2231 2060; baseline -0.001 -17"><span class='ocrx_word' id='word_1_167' title='bbox 642 1996 757 2043; x_wconf 86' lang='lat' dir='ltr'><strong>tate</strong></span> <span class='ocrx_word' id='word_1_168' title='bbox 791 1987 910 2060; x_wconf 87' lang='lat' dir='ltr'><strong>[al.,</strong></span> <span class='ocrx_word' id='word_1_169' title='bbox 944 2002 1043 2057; x_wconf 87' lang='lat' dir='ltr'><strong>per</strong></span> <span class='ocrx_word' id='word_1_170' title='bbox 1076 1985 1468 2060; x_wconf 81' lang='lat' dir='ltr'><strong>voluntatem],</strong></span> <span class='ocrx_word' id='word_1_171' title='bbox 1505 1995 1565 2042; x_wconf 89' lang='lat' dir='ltr'><strong>ut</strong></span> <span class='ocrx_word' id='word_1_172' title='bbox 1601 1994 1779 2043; x_wconf 90' lang='lat' dir='ltr'><strong>autem</strong></span> <span class='ocrx_word' id='word_1_173' title='bbox 1817 1988 1887 2042; x_wconf 87' lang='lat' dir='ltr'><strong>ab</strong></span> <span class='ocrx_word' id='word_1_174' title='bbox 1926 2002 1990 2043; x_wconf 91' lang='lat' dir='ltr'><strong>eo</strong></span> <span class='ocrx_word' id='word_1_175' title='bbox 2019 1997 2231 2042; x_wconf 84' lang='lat' dir='ltr'><strong>tenere-</strong></span> 
     </span>
    </p>
   </div>
   <div class='ocr_carea' id='block_1_23' title="bbox 638 2078 2228 2149">
    <p class='ocr_par' dir='ltr' id='par_1_23' title="bbox 638 2078 2228 2149">
     <span class='ocr_line' id='line_1_23' title="bbox 638 2078 2228 2149; baseline 0 -15"><span class='ocrx_word' id='word_1_176' title='bbox 638 2078 727 2134; x_wconf 70' lang='lat' dir='ltr'><strong>tur</strong></span> <span class='ocrx_word' id='word_1_177' title='bbox 758 2080 863 2134; x_wconf 87' lang='lat' dir='ltr'><strong>vita</strong></span> <span class='ocrx_word' id='word_1_178' title='bbox 887 2078 1134 2147; x_wconf 63' lang='lat' dir='ltr'><strong>iustitiae,</strong></span> <span class='ocrx_word' id='word_1_179' title='bbox 1165 2094 1355 2149; x_wconf 90' lang='lat' dir='ltr'><strong>parum</strong></span> <span class='ocrx_word' id='word_1_180' title='bbox 1394 2088 1513 2134; x_wconf 88' lang='lat' dir='ltr'><strong>erat</strong></span> <span class='ocrx_word' id='word_1_181' title='bbox 1534 2079 1692 2143; x_wconf 82' lang='lat' dir='ltr'><strong>velle,</strong></span> <span class='ocrx_word' id='word_1_182' title='bbox 1736 2078 1837 2134; x_wconf 84' lang='lat' dir='ltr'><strong>nisi</strong></span> <span class='ocrx_word' id='word_1_183' title='bbox 1867 2078 1955 2133; x_wconf 86' lang='lat' dir='ltr'><strong>ille</strong></span> <span class='ocrx_word' id='word_1_184' title='bbox 1984 2078 2077 2149; x_wconf 89' lang='lat' dir='ltr'><strong>qui</strong></span> <span class='ocrx_word' id='word_1_185' title='bbox 2100 2092 2228 2134; x_wconf 90' lang='lat' dir='ltr'><strong>eum</strong></span> 
     </span>
    </p>
   </div>
   <div class='ocr_carea' id='block_1_24' title="bbox 639 2168 2229 2241">
    <p class='ocr_par' dir='ltr' id='par_1_24' title="bbox 639 2168 2229 2241">
     <span class='ocr_line' id='line_1_24' title="bbox 639 2168 2229 2241; baseline -0.001 -15"><span class='ocrx_word' id='word_1_186' title='bbox 639 2170 842 2227; x_wconf 76' lang='lat' dir='ltr'><strong>fecerat</strong></span> <span class='ocrx_word' id='word_1_187' title='bbox 870 2168 1172 2238; x_wconf 78' lang='lat' dir='ltr'><strong>adiuvaret.</strong></span> <span class='ocrx_word' id='word_1_188' title='bbox 1201 2169 1307 2225; x_wconf 86' lang='lat' dir='ltr'><strong>Sed</strong></span> <span class='ocrx_word' id='word_1_189' title='bbox 1356 2178 1478 2241; x_wconf 90' lang='lat' dir='ltr'><strong>post</strong></span> <span class='ocrx_word' id='word_1_190' title='bbox 1523 2169 1669 2224; x_wconf 90' lang='lat' dir='ltr'><strong>illam</strong></span> <span class='ocrx_word' id='word_1_191' title='bbox 1706 2170 1917 2225; x_wconf 87' lang='lat' dir='ltr'><strong>ruinam</strong></span> <span class='ocrx_word' id='word_1_192' title='bbox 1949 2168 2122 2240; x_wconf 88' lang='lat' dir='ltr'><strong>major</strong></span> <span class='ocrx_word' id='word_1_193' title='bbox 2146 2178 2229 2227; x_wconf 88' lang='lat' dir='ltr'><strong>est</strong></span> 
     </span>
    </p>
   </div>
   <div class='ocr_carea' id='block_1_25' title="bbox 637 2262 2227 2336">
    <p class='ocr_par' dir='ltr' id='par_1_25' title="bbox 637 2262 2227 2336">
     <span class='ocr_line' id='line_1_25' title="bbox 637 2262 2227 2336; baseline -0.001 -17"><span class='ocrx_word' id='word_1_194' title='bbox 637 2265 1013 2321; x_wconf 78' lang='lat' dir='ltr'><strong>misericordia</strong></span> <span class='ocrx_word' id='word_1_195' title='bbox 1044 2264 1164 2331; x_wconf 88' lang='lat' dir='ltr'><strong>Dei,</strong></span> <span class='ocrx_word' id='word_1_196' title='bbox 1217 2262 1436 2336; x_wconf 87' lang='lat' dir='ltr'><strong>quando</strong></span> <span class='ocrx_word' id='word_1_197' title='bbox 1478 2272 1535 2320; x_wconf 91' lang='lat' dir='ltr'><strong>et</strong></span> <span class='ocrx_word' id='word_1_198' title='bbox 1584 2262 1759 2334; x_wconf 89' lang='lat' dir='ltr'><strong>ipsum</strong></span> <span class='ocrx_word' id='word_1_199' title='bbox 1808 2262 2038 2318; x_wconf 88' lang='lat' dir='ltr'><strong>liberum</strong></span> <span class='ocrx_word' id='word_1_200' title='bbox 2078 2262 2227 2318; x_wconf 88' lang='lat' dir='ltr'><strong>arbi-</strong></span> 
     </span>
    </p>
   </div>
   <div class='ocr_carea' id='block_1_26' title="bbox 637 2356 2229 2425">
    <p class='ocr_par' dir='ltr' id='par_1_26' title="bbox 637 2356 2229 2425">
     <span class='ocr_line' id='line_1_26' title="bbox 637 2356 2229 2425; baseline -0.003 -7"><span class='ocrx_word' id='word_1_201' title='bbox 637 2365 799 2418; x_wconf 84' lang='lat' dir='ltr'><strong>trium</strong></span> <span class='ocrx_word' id='word_1_202' title='bbox 829 2362 1168 2419; x_wconf 86' lang='lat' dir='ltr'><strong>liberandum</strong></span> <span class='ocrx_word' id='word_1_203' title='bbox 1209 2369 1293 2418; x_wconf 93' lang='lat' dir='ltr'><strong>est</strong></span> <span class='ocrx_word' id='word_1_204' title='bbox 1349 2378 1376 2414; x_wconf 88' lang='lat' dir='ltr'><strong>a</strong></span> <span class='ocrx_word' id='word_1_205' title='bbox 1427 2356 1728 2425; x_wconf 81' lang='lat' dir='ltr'><strong>servitute,</strong></span> <span class='ocrx_word' id='word_1_206' title='bbox 1779 2358 1867 2415; x_wconf 93' lang='lat' dir='ltr'><strong>cui</strong></span> <span class='ocrx_word' id='word_1_207' title='bbox 1917 2356 2229 2414; x_wconf 78' lang='lat' dir='ltr'><strong>dominatur</strong></span> 
     </span>
    </p>
   </div>
   <div class='ocr_carea' id='block_1_27' title="bbox 638 2450 2227 2529">
    <p class='ocr_par' dir='ltr' id='par_1_27' title="bbox 638 2450 2227 2529">
     <span class='ocr_line' id='line_1_27' title="bbox 638 2450 2227 2529; baseline -0.004 -20"><span class='ocrx_word' id='word_1_208' title='bbox 638 2468 759 2509; x_wconf 84' lang='lat' dir='ltr'><strong>cum</strong></span> <span class='ocrx_word' id='word_1_209' title='bbox 786 2461 959 2509; x_wconf 89' lang='lat' dir='ltr'><strong>morte</strong></span> <span class='ocrx_word' id='word_1_210' title='bbox 1010 2460 1318 2529; x_wconf 86' lang='lat' dir='ltr'><strong>peccatum.</strong></span> <span class='ocrx_word' id='word_1_211' title='bbox 1372 2450 1484 2507; x_wconf 83' lang='lat' dir='ltr'><strong>Nec</strong></span> <span class='ocrx_word' id='word_1_212' title='bbox 1534 2451 1759 2506; x_wconf 88' lang='lat' dir='ltr'><strong>omnino</strong></span> <span class='ocrx_word' id='word_1_213' title='bbox 1806 2464 1903 2520; x_wconf 88' lang='lat' dir='ltr'><strong>per</strong></span> <span class='ocrx_word' id='word_1_214' title='bbox 1948 2450 2227 2520; x_wconf 85' lang='lat' dir='ltr'><strong>seipsum,</strong></span> 
     </span>
    </p>
   </div>
   <div class='ocr_carea' id='block_1_28' title="bbox 638 2543 2231 2618">
    <p class='ocr_par' dir='ltr' id='par_1_28' title="bbox 638 2543 2231 2618">
     <span class='ocr_line' id='line_1_28' title="bbox 638 2543 2231 2618; baseline -0.003 -15"><span class='ocrx_word' id='word_1_215' title='bbox 638 2548 731 2603; x_wconf 86' lang='lat' dir='ltr'><strong>sed</strong></span> <span class='ocrx_word' id='word_1_216' title='bbox 767 2562 866 2618; x_wconf 86' lang='lat' dir='ltr'><strong>per</strong></span> <span class='ocrx_word' id='word_1_217' title='bbox 900 2546 1072 2603; x_wconf 90' lang='lat' dir='ltr'><strong>solam</strong></span> <span class='ocrx_word' id='word_1_218' title='bbox 1124 2546 1221 2602; x_wconf 87' lang='lat' dir='ltr'><strong>Dei</strong></span> <span class='ocrx_word' id='word_1_219' title='bbox 1253 2546 1501 2617; x_wconf 81' lang='lat' dir='ltr'><strong>gratiam,</strong></span> <span class='ocrx_word' id='word_1_220' title='bbox 1529 2544 1648 2615; x_wconf 64' lang='lat' dir='ltr'><strong>qua:</strong></span> <span class='ocrx_word' id='word_1_221' title='bbox 1676 2544 1729 2599; x_wconf 87' lang='lat' dir='ltr'><strong>in</strong></span> <span class='ocrx_word' id='word_1_222' title='bbox 1764 2544 1866 2599; x_wconf 82' lang='lat' dir='ltr'><strong>lidc</strong></span> <span class='ocrx_word' id='word_1_223' title='bbox 1896 2543 2098 2600; x_wconf 83' lang='lat' dir='ltr'><strong>Christi</strong></span> <span class='ocrx_word' id='word_1_224' title='bbox 2136 2558 2231 2615; x_wconf 88' lang='lat' dir='ltr'><strong>po-</strong></span> 
     </span>
    </p>
   </div>
   <div class='ocr_carea' id='block_1_29' title="bbox 637 2632 2233 2708">
    <p class='ocr_par' dir='ltr' id='par_1_29' title="bbox 637 2632 2233 2708">
     <span class='ocr_line' id='line_1_29' title="bbox 637 2632 2233 2708; baseline -0.002 -14"><span class='ocrx_word' id='word_1_225' title='bbox 637 2641 738 2694; x_wconf 84' lang='lat' dir='ltr'><strong>sita</strong></span> <span class='ocrx_word' id='word_1_226' title='bbox 785 2648 888 2704; x_wconf 84' lang='lat' dir='ltr'><strong>est,</strong></span> <span class='ocrx_word' id='word_1_227' title='bbox 920 2637 1213 2704; x_wconf 87' lang='lat' dir='ltr'><strong>liberatur;</strong></span> <span class='ocrx_word' id='word_1_228' title='bbox 1252 2648 1308 2692; x_wconf 87' lang='lat' dir='ltr'><strong>ut</strong></span> <span class='ocrx_word' id='word_1_229' title='bbox 1337 2637 1575 2693; x_wconf 76' lang='lat' dir='ltr'><strong>voluntas</strong></span> <span class='ocrx_word' id='word_1_230' title='bbox 1608 2636 1721 2708; x_wconf 85' lang='lat' dir='ltr'><strong>ipsa</strong></span> <span class='ocrx_word' id='word_1_231' title='bbox 1742 2678 1755 2700; x_wconf 91' lang='lat'><strong>,</strong></span> <span class='ocrx_word' id='word_1_232' title='bbox 1791 2636 1932 2691; x_wconf 86' lang='lat' dir='ltr'><strong>sicut</strong></span> <span class='ocrx_word' id='word_1_233' title='bbox 1964 2632 2233 2706; x_wconf 71' lang='lat' dir='ltr'><strong>scriptum’</strong></span> 
     </span>
    </p>
   </div>
   <div class='ocr_carea' id='block_1_30' title="bbox 637 2725 2225 2803">
    <p class='ocr_par' dir='ltr' id='par_1_30' title="bbox 637 2725 2225 2803">
     <span class='ocr_line' id='line_1_30' title="bbox 637 2725 2225 2803; baseline -0.004 -16"><span class='ocrx_word' id='word_1_234' title='bbox 637 2740 738 2799; x_wconf 86' lang='lat' dir='ltr'><strong>est,</strong></span> <span class='ocrx_word' id='word_1_235' title='bbox 759 2750 791 2786; x_wconf 90' lang='lat' dir='ltr'><strong>a</strong></span> <span class='ocrx_word' id='word_1_236' title='bbox 817 2730 1044 2787; x_wconf 86' lang='lat' dir='ltr'><strong>Domino</strong></span> <span class='ocrx_word' id='word_1_237' title='bbox 1078 2740 1402 2803; x_wconf 79' lang='lat' dir='ltr'><strong>prteparetur</strong></span> <span class='ocrx_word' id='word_1_238' title='bbox 1424 2727 1605 2802; x_wconf 87' lang='lat' dir='ltr'><strong>(Prov.</strong></span> <span class='ocrx_word' id='word_1_239' title='bbox 1637 2745 1753 2794; x_wconf 79' lang='lat' dir='ltr'><strong>vin,</strong></span> <span class='ocrx_word' id='word_1_240' title='bbox 1779 2728 1871 2793; x_wconf 80' lang='lat'><strong>55,</strong></span> <span class='ocrx_word' id='word_1_241' title='bbox 1899 2744 2000 2781; x_wconf 88' lang='lat' dir='ltr'><strong>sec.</strong></span> <span class='ocrx_word' id='word_1_242' title='bbox 2034 2725 2225 2799; x_wconf 79' lang='lat' dir='ltr'><strong><em>LXX),</em></strong></span> 
     </span>
    </p>
   </div>
   <div class='ocr_carea' id='block_1_31' title="bbox 640 2818 2230 2892">
    <p class='ocr_par' dir='ltr' id='par_1_31' title="bbox 640 2818 2230 2892">
     <span class='ocr_line' id='line_1_31' title="bbox 640 2818 2230 2892; baseline -0.001 -18"><span class='ocrx_word' id='word_1_243' title='bbox 640 2824 748 2892; x_wconf 71' lang='lat' dir='ltr'><strong>tnta</strong></span> <span class='ocrx_word' id='word_1_244' title='bbox 781 2829 977 2877; x_wconf 80' lang='lat' dir='ltr'><strong>caetera</strong></span> <span class='ocrx_word' id='word_1_245' title='bbox 1006 2820 1101 2875; x_wconf 91' lang='lat' dir='ltr'><strong>Dei</strong></span> <span class='ocrx_word' id='word_1_246' title='bbox 1125 2835 1351 2875; x_wconf 87' lang='lat' dir='ltr'><strong>munera</strong></span> <span class='ocrx_word' id='word_1_247' title='bbox 1376 2820 1677 2891; x_wconf 81' lang='lat' dir='ltr'><strong>capiantur,</strong></span> <span class='ocrx_word' id='word_1_248' title='bbox 1707 2834 1805 2889; x_wconf 83' lang='lat' dir='ltr'><strong>per</strong></span> <span class='ocrx_word' id='word_1_249' title='bbox 1833 2832 1953 2887; x_wconf 61' lang='lat' dir='ltr'><strong>quae</strong></span> <span class='ocrx_word' id='word_1_250' title='bbox 1979 2818 2230 2872; x_wconf 78' lang='lat' dir='ltr'><strong>veniatur</strong></span> 
     </span>
    </p>
   </div>
   <div class='ocr_carea' id='block_1_32' title="bbox 638 2912 1253 2969">
    <p class='ocr_par' dir='ltr' id='par_1_32' title="bbox 638 2912 1253 2969">
     <span class='ocr_line' id='line_1_32' title="bbox 638 2912 1253 2969; baseline -0.002 -2"><span class='ocrx_word' id='word_1_251' title='bbox 638 2912 707 2969; x_wconf 86' lang='lat' dir='ltr'><strong>ad</strong></span> <span class='ocrx_word' id='word_1_252' title='bbox 738 2928 933 2968; x_wconf 81' lang='lat' dir='ltr'><strong>mumts</strong></span> <span class='ocrx_word' id='word_1_253' title='bbox 967 2922 1253 2968; x_wconf 83' lang='lat' dir='ltr'><strong>aeternum.</strong></span> 
     </span>
    </p>
   </div>
   <div class='ocr_carea' id='block_1_33' title="bbox 707 3002 2229 3076">
    <p class='ocr_par' dir='ltr' id='par_1_33' title="bbox 707 3002 2229 3076">
     <span class='ocr_line' id='line_1_33' title="bbox 707 3002 2229 3076; baseline -0.001 -15"><span class='ocrx_word' id='word_1_254' title='bbox 707 3006 749 3075; x_wconf 71' lang='grc' dir='ltr'><strong>-ι-</strong></span> <span class='ocrx_word' id='word_1_255' title='bbox 769 3004 1093 3076; x_wconf 86' lang='lat' dir='ltr'><strong>Oportuerat</strong></span> <span class='ocrx_word' id='word_1_256' title='bbox 1116 3013 1167 3060; x_wconf 89' lang='lat' dir='ltr'><strong>te</strong></span> <span class='ocrx_word' id='word_1_257' title='bbox 1198 3005 1302 3060; x_wconf 90' lang='lat' dir='ltr'><strong>ista</strong></span> <span class='ocrx_word' id='word_1_258' title='bbox 1335 3002 1600 3076; x_wconf 79' lang='lat' dir='ltr'><strong>legentem</strong></span> <span class='ocrx_word' id='word_1_259' title='bbox 1628 3005 1809 3075; x_wconf 88' lang='lat' dir='ltr'><strong>potius</strong></span> <span class='ocrx_word' id='word_1_260' title='bbox 1836 3004 1917 3059; x_wconf 93' lang='lat' dir='ltr'><strong>ori</strong></span> <span class='ocrx_word' id='word_1_261' title='bbox 1950 3013 2042 3059; x_wconf 89' lang='lat' dir='ltr'><strong>tuo</strong></span> <span class='ocrx_word' id='word_1_262' title='bbox 2064 3003 2229 3060; x_wconf 88' lang='lat' dir='ltr'><strong>silen-</strong></span> 
     </span>
    </p>
   </div>
   <div class='ocr_carea' id='block_1_34' title="bbox 639 3094 2227 3167">
    <p class='ocr_par' dir='ltr' id='par_1_34' title="bbox 639 3094 2227 3167">
     <span class='ocr_line' id='line_1_34' title="bbox 639 3094 2227 3167; baseline 0.001 -17"><span class='ocrx_word' id='word_1_263' title='bbox 639 3098 775 3150; x_wconf 90' lang='lat' dir='ltr'><strong>tium</strong></span> <span class='ocrx_word' id='word_1_264' title='bbox 808 3096 1110 3166; x_wconf 84' lang='lat' dir='ltr'><strong>imponere,</strong></span> <span class='ocrx_word' id='word_1_265' title='bbox 1152 3108 1316 3165; x_wconf 88' lang='lat' dir='ltr'><strong>quam</strong></span> <span class='ocrx_word' id='word_1_266' title='bbox 1348 3094 1551 3166; x_wconf 82' lang='lat' dir='ltr'><strong>aliquid</strong></span> <span class='ocrx_word' id='word_1_267' title='bbox 1603 3106 1709 3152; x_wconf 90' lang='lat' dir='ltr'><strong>tam</strong></span> <span class='ocrx_word' id='word_1_268' title='bbox 1756 3097 2062 3167; x_wconf 83' lang='lat' dir='ltr'><strong>procaciter</strong></span> <span class='ocrx_word' id='word_1_269' title='bbox 2090 3105 2227 3152; x_wconf 83' lang='lat' dir='ltr'><strong>stre-</strong></span> 
     </span>
    </p>
   </div>
   <div class='ocr_carea' id='block_1_35' title="bbox 639 3186 2227 3257">
    <p class='ocr_par' dir='ltr' id='par_1_35' title="bbox 639 3186 2227 3257">
     <span class='ocr_line' id='line_1_35' title="bbox 639 3186 2227 3257; baseline 0.002 -17"><span class='ocrx_word' id='word_1_270' title='bbox 639 3200 770 3257; x_wconf 86' lang='lat' dir='ltr'><strong>pere</strong></span> <span class='ocrx_word' id='word_1_271' title='bbox 814 3186 900 3242; x_wconf 90' lang='lat' dir='ltr'><strong>vel</strong></span> <span class='ocrx_word' id='word_1_272' title='bbox 941 3186 1139 3240; x_wconf 88' lang='lat' dir='ltr'><strong>mutire</strong></span> <span class='ocrx_word' id='word_1_273' title='bbox 1172 3204 1185 3238; x_wconf 86' lang='lat'><strong>:</strong></span> <span class='ocrx_word' id='word_1_274' title='bbox 1219 3187 1360 3240; x_wconf 86' lang='lat' dir='ltr'><strong>sicut</strong></span> <span class='ocrx_word' id='word_1_275' title='bbox 1400 3186 1544 3240; x_wconf 90' lang='lat' dir='ltr'><strong>enim</strong></span> <span class='ocrx_word' id='word_1_276' title='bbox 1594 3200 1717 3241; x_wconf 89' lang='lat' dir='ltr'><strong>cum</strong></span> <span class='ocrx_word' id='word_1_277' title='bbox 1747 3202 1855 3242; x_wconf 89' lang='lat' dir='ltr'><strong>una</strong></span> <span class='ocrx_word' id='word_1_278' title='bbox 1886 3189 1957 3243; x_wconf 91' lang='lat' dir='ltr'><strong>sit</strong></span> <span class='ocrx_word' id='word_1_279' title='bbox 1987 3195 2042 3243; x_wconf 90' lang='lat' dir='ltr'><strong>et</strong></span> <span class='ocrx_word' id='word_1_280' title='bbox 2080 3202 2227 3243; x_wconf 85' lang='lat' dir='ltr'><strong>sem-</strong></span> 
     </span>
    </p>
   </div>
   <div class='ocr_carea' id='block_1_36' title="bbox 649 3279 2229 3353">
    <p class='ocr_par' dir='ltr' id='par_1_36' title="bbox 649 3279 2229 3353">
     <span class='ocr_line' id='line_1_36' title="bbox 649 3279 2229 3353; baseline 0 -17"><span class='ocrx_word' id='word_1_281' title='bbox 649 3296 749 3353; x_wconf 87' lang='lat' dir='ltr'><strong>per</strong></span> <span class='ocrx_word' id='word_1_282' title='bbox 773 3281 963 3336; x_wconf 87' lang='lat' dir='ltr'><strong>eadem</strong></span> <span class='ocrx_word' id='word_1_283' title='bbox 1009 3279 1246 3335; x_wconf 80' lang='lat' dir='ltr'><strong>essentia</strong></span> <span class='ocrx_word' id='word_1_284' title='bbox 1297 3279 1418 3343; x_wconf 75' lang='lat' dir='ltr'><strong>Dei,</strong></span> <span class='ocrx_word' id='word_1_285' title='bbox 1456 3280 1762 3336; x_wconf 85' lang='lat' dir='ltr'><strong>voluntates</strong></span> <span class='ocrx_word' id='word_1_286' title='bbox 1790 3288 1969 3336; x_wconf 89' lang='lat' dir='ltr'><strong>tamen</strong></span> <span class='ocrx_word' id='word_1_287' title='bbox 1996 3279 2112 3349; x_wconf 85' lang='lat' dir='ltr'><strong>ejus</strong></span> <span class='ocrx_word' id='word_1_288' title='bbox 2152 3282 2229 3336; x_wconf 70' lang='lat' dir='ltr'><strong>ita</strong></span> 
     </span>
    </p>
   </div>
   <div class='ocr_carea' id='block_1_37' title="bbox 640 3370 2229 3445">
    <p class='ocr_par' dir='ltr' id='par_1_37' title="bbox 640 3370 2229 3445">
     <span class='ocr_line' id='line_1_37' title="bbox 640 3370 2229 3445; baseline 0 -14"><span class='ocrx_word' id='word_1_289' title='bbox 640 3373 1013 3445; x_wconf 84' lang='lat' dir='ltr'><strong>multipliciter</strong></span> <span class='ocrx_word' id='word_1_290' title='bbox 1038 3371 1359 3439; x_wconf 77' lang='lat' dir='ltr'><strong>ell&#39;eru&#39;ntur,</strong></span> <span class='ocrx_word' id='word_1_291' title='bbox 1390 3379 1450 3426; x_wconf 91' lang='lat' dir='ltr'><strong>ut</strong></span> <span class='ocrx_word' id='word_1_292' title='bbox 1500 3372 1582 3428; x_wconf 87' lang='lat' dir='ltr'><strong>eis</strong></span> <span class='ocrx_word' id='word_1_293' title='bbox 1623 3370 1887 3429; x_wconf 84' lang='lat' dir='ltr'><strong>obsistere</strong></span> <span class='ocrx_word' id='word_1_294' title='bbox 1912 3389 2024 3439; x_wconf 83' lang='lat' dir='ltr'><strong>nec</strong></span> <span class='ocrx_word' id='word_1_295' title='bbox 2051 3375 2229 3445; x_wconf 84' lang='lat' dir='ltr'><strong>possis</strong></span> 
     </span>
    </p>
   </div>
   <div class='ocr_carea' id='block_1_38' title="bbox 640 3466 2228 3537">
    <p class='ocr_par' dir='ltr' id='par_1_38' title="bbox 640 3466 2228 3537">
     <span class='ocr_line' id='line_1_38' title="bbox 640 3466 2228 3537; baseline -0.003 -10"><span class='ocrx_word' id='word_1_296' title='bbox 640 3485 744 3527; x_wconf 90' lang='lat' dir='ltr'><strong>nec</strong></span> <span class='ocrx_word' id='word_1_297' title='bbox 783 3470 999 3531; x_wconf 85' lang='lat' dir='ltr'><strong>debeas,</strong></span> <span class='ocrx_word' id='word_1_298' title='bbox 1047 3468 1239 3525; x_wconf 90' lang='lat' dir='ltr'><strong>eodem</strong></span> <span class='ocrx_word' id='word_1_299' title='bbox 1288 3466 1448 3522; x_wconf 86' lang='lat' dir='ltr'><strong>modo</strong></span> <span class='ocrx_word' id='word_1_300' title='bbox 1488 3466 1555 3521; x_wconf 91' lang='lat' dir='ltr'><strong>de</strong></span> <span class='ocrx_word' id='word_1_301' title='bbox 1598 3466 2072 3537; x_wconf 75' lang='lat' dir='ltr'><strong>przedestinatioue</strong></span> <span class='ocrx_word' id='word_1_302' title='bbox 2101 3481 2228 3523; x_wconf 88' lang='lat' dir='ltr'><strong>sen-</strong></span> 
     </span>
    </p>
   </div>
   <div class='ocr_carea' id='block_1_39' title="bbox 639 3558 2225 3631">
    <p class='ocr_par' dir='ltr' id='par_1_39' title="bbox 639 3558 2225 3631">
     <span class='ocr_line' id='line_1_39' title="bbox 639 3558 2225 3631; baseline -0.004 -12"><span class='ocrx_word' id='word_1_303' title='bbox 639 3564 747 3619; x_wconf 89' lang='lat' dir='ltr'><strong>tire</strong></span> <span class='ocrx_word' id='word_1_304' title='bbox 784 3563 1086 3627; x_wconf 85' lang='lat' dir='ltr'><strong>debueras,</strong></span> <span class='ocrx_word' id='word_1_305' title='bbox 1141 3558 1399 3631; x_wconf 80' lang='lat' dir='ltr'><strong>quoniam</strong></span> <span class='ocrx_word' id='word_1_306' title='bbox 1431 3559 1565 3614; x_wconf 86' lang='lat' dir='ltr'><strong>nihil</strong></span> <span class='ocrx_word' id='word_1_307' title='bbox 1594 3559 1738 3614; x_wconf 87' lang='lat' dir='ltr'><strong>aliud</strong></span> <span class='ocrx_word' id='word_1_308' title='bbox 1780 3558 2225 3628; x_wconf 65' lang='lat' dir='ltr'><strong>praedestinavit,</strong></span> 
     </span>
    </p>
   </div>
   <div class='ocr_carea' id='block_1_40' title="bbox 643 3646 2228 3722">
    <p class='ocr_par' dir='ltr' id='par_1_40' title="bbox 643 3646 2228 3722">
     <span class='ocr_line' id='line_1_40' title="bbox 643 3646 2228 3722; baseline -0.001 -15"><span class='ocrx_word' id='word_1_309' title='bbox 643 3652 747 3707; x_wconf 86' lang='lat' dir='ltr'><strong>nisi</strong></span> <span class='ocrx_word' id='word_1_310' title='bbox 804 3651 949 3722; x_wconf 88' lang='lat' dir='ltr'><strong>quod</strong></span> <span class='ocrx_word' id='word_1_311' title='bbox 980 3666 1011 3705; x_wconf 93' lang='lat' dir='ltr'><strong>a</strong></span> <span class='ocrx_word' id='word_1_312' title='bbox 1052 3662 1115 3706; x_wconf 88' lang='lat' dir='ltr'><strong>se</strong></span> <span class='ocrx_word' id='word_1_313' title='bbox 1154 3649 1269 3705; x_wconf 70' lang='lat' dir='ltr'><strong>fieri</strong></span> <span class='ocrx_word' id='word_1_314' title='bbox 1301 3646 1508 3714; x_wconf 81' lang='lat' dir='ltr'><strong>voluit;</strong></span> <span class='ocrx_word' id='word_1_315' title='bbox 1567 3648 1997 3705; x_wconf 86' lang='lat' dir='ltr'><strong>misericordiam</strong></span> <span class='ocrx_word' id='word_1_316' title='bbox 2040 3649 2228 3705; x_wconf 80' lang='lat' dir='ltr'><strong>videli-</strong></span> 
     </span>
    </p>
   </div>
   <div class='ocr_carea' id='block_1_41' title="bbox 644 3738 2230 3812">
    <p class='ocr_par' dir='ltr' id='par_1_41' title="bbox 644 3738 2230 3812">
     <span class='ocr_line' id='line_1_41' title="bbox 644 3738 2230 3812; baseline 0 -16"><span class='ocrx_word' id='word_1_317' title='bbox 644 3748 733 3796; x_wconf 82' lang='lat' dir='ltr'><strong>cet</strong></span> <span class='ocrx_word' id='word_1_318' title='bbox 773 3750 828 3795; x_wconf 89' lang='lat' dir='ltr'><strong>et</strong></span> <span class='ocrx_word' id='word_1_319' title='bbox 849 3741 1111 3812; x_wconf 86' lang='lat' dir='ltr'><strong>judicium</strong></span> <span class='ocrx_word' id='word_1_320' title='bbox 1146 3758 1159 3795; x_wconf 93' lang='lat'>:</span> <span class='ocrx_word' id='word_1_321' title='bbox 1200 3748 1258 3796; x_wconf 88' lang='lat' dir='ltr'><strong>et</strong></span> <span class='ocrx_word' id='word_1_322' title='bbox 1297 3740 1440 3796; x_wconf 89' lang='lat' dir='ltr'><strong>sicut</strong></span> <span class='ocrx_word' id='word_1_323' title='bbox 1474 3739 1797 3805; x_wconf 75' lang='lat' dir='ltr'><strong>voluntates,</strong></span> <span class='ocrx_word' id='word_1_324' title='bbox 1831 3738 1906 3794; x_wconf 87' lang='lat' dir='ltr'><strong>ita</strong></span> <span class='ocrx_word' id='word_1_325' title='bbox 1947 3741 2230 3810; x_wconf 70' lang='lat' dir='ltr'><strong>praedesti-</strong></span> 
     </span>
    </p>
   </div>
   <div class='ocr_carea' id='block_1_42' title="bbox 640 3823 2227 3903">
    <p class='ocr_par' dir='ltr' id='par_1_42' title="bbox 640 3823 2227 3903">
     <span class='ocr_line' id='line_1_42' title="bbox 640 3823 2227 3903; baseline -0.001 -13"><span class='ocrx_word' id='word_1_326' title='bbox 640 3834 890 3890; x_wconf 88' lang='lat' dir='ltr'><strong>nationes</strong></span> <span class='ocrx_word' id='word_1_327' title='bbox 941 3823 1311 3903; x_wconf 85' lang='lat' dir='ltr'><strong>multipliciter</strong></span> <span class='ocrx_word' id='word_1_328' title='bbox 1358 3831 1538 3887; x_wconf 79' lang='lat' dir='ltr'><strong>eﬂ‘erri</strong></span> <span class='ocrx_word' id='word_1_329' title='bbox 1581 3845 1710 3887; x_wconf 83' lang='lat' dir='ltr'><strong>vera</strong></span> <span class='ocrx_word' id='word_1_330' title='bbox 1757 3832 1899 3887; x_wconf 87' lang='lat' dir='ltr'><strong>ratio</strong></span> <span class='ocrx_word' id='word_1_331' title='bbox 1946 3833 2227 3901; x_wconf 83' lang='lat' dir='ltr'><strong>perdocet.</strong></span> 
     </span>
    </p>
   </div>
   <div class='ocr_carea' id='block_1_43' title="bbox 639 3919 2228 3995">
    <p class='ocr_par' dir='ltr' id='par_1_43' title="bbox 639 3919 2228 3995">
     <span class='ocr_line' id='line_1_43' title="bbox 639 3919 2228 3995; baseline -0.002 -15"><span class='ocrx_word' id='word_1_332' title='bbox 639 3924 770 3980; x_wconf 75' lang='lat' dir='ltr'><strong>lure</strong></span> <span class='ocrx_word' id='word_1_333' title='bbox 795 3927 981 3995; x_wconf 87' lang='lat' dir='ltr'><strong>itaque</strong></span> <span class='ocrx_word' id='word_1_334' title='bbox 1006 3924 1216 3978; x_wconf 88' lang='lat' dir='ltr'><strong>dictum</strong></span> <span class='ocrx_word' id='word_1_335' title='bbox 1247 3932 1371 3987; x_wconf 89' lang='lat' dir='ltr'><strong>est,</strong></span> <span class='ocrx_word' id='word_1_336' title='bbox 1421 3921 1826 3992; x_wconf 61' lang='lat' dir='ltr'><strong>praedestinavit</strong></span> <span class='ocrx_word' id='word_1_337' title='bbox 1874 3919 1940 3975; x_wconf 90' lang='lat' dir='ltr'><strong>ad</strong></span> <span class='ocrx_word' id='word_1_338' title='bbox 1991 3934 2228 3992; x_wconf 63' lang='lat' dir='ltr'><strong>pinnam,</strong></span> 
     </span>
    </p>
   </div>
   <div class='ocr_carea' id='block_1_44' title="bbox 639 4012 2230 4086">
    <p class='ocr_par' dir='ltr' id='par_1_44' title="bbox 639 4012 2230 4086">
     <span class='ocr_line' id='line_1_44' title="bbox 639 4012 2230 4086; baseline 0.001 -15"><span class='ocrx_word' id='word_1_339' title='bbox 639 4016 1043 4086; x_wconf 66' lang='lat' dir='ltr'><strong>praedestinavit</strong></span> <span class='ocrx_word' id='word_1_340' title='bbox 1074 4016 1141 4070; x_wconf 91' lang='lat' dir='ltr'><strong>ad</strong></span> <span class='ocrx_word' id='word_1_341' title='bbox 1169 4016 1420 4086; x_wconf 76' lang='lat' dir='ltr'><strong>gratiam,</strong></span> <span class='ocrx_word' id='word_1_342' title='bbox 1453 4014 1580 4085; x_wconf 86' lang='lat' dir='ltr'><strong>quia</strong></span> <span class='ocrx_word' id='word_1_343' title='bbox 1614 4014 1668 4069; x_wconf 89' lang='lat' dir='ltr'><strong>in</strong></span> <span class='ocrx_word' id='word_1_344' title='bbox 1699 4013 1789 4068; x_wconf 90' lang='lat' dir='ltr'><strong>illo</strong></span> <span class='ocrx_word' id='word_1_345' title='bbox 1815 4015 2052 4070; x_wconf 82' lang='lat' dir='ltr'><strong>servavit</strong></span> <span class='ocrx_word' id='word_1_346' title='bbox 2068 4012 2230 4083; x_wconf 59' lang='lat' dir='ltr'><strong>jnStié</strong></span> 
     </span>
    </p>
   </div>
   <div class='ocr_carea' id='block_1_45' title="bbox 642 4106 1818 4173">
    <p class='ocr_par' dir='ltr' id='par_1_45' title="bbox 642 4106 1818 4173">
     <span class='ocr_line' id='line_1_45' title="bbox 642 4106 1818 4173; baseline -0.003 -10"><span class='ocrx_word' id='word_1_347' title='bbox 642 4110 800 4173; x_wconf 89' lang='lat' dir='ltr'><strong>tiam,</strong></span> <span class='ocrx_word' id='word_1_348' title='bbox 832 4110 885 4161; x_wconf 87' lang='lat' dir='ltr'><strong>in</strong></span> <span class='ocrx_word' id='word_1_349' title='bbox 923 4109 1027 4163; x_wconf 90' lang='lat' dir='ltr'><strong>isto</strong></span> <span class='ocrx_word' id='word_1_350' title='bbox 1062 4107 1314 4163; x_wconf 76' lang='lat' dir='ltr'><strong>exhibuit</strong></span> <span class='ocrx_word' id='word_1_351' title='bbox 1359 4106 1818 4162; x_wconf 87' lang='lat' dir='ltr'><strong>misericordiam.</strong></span> 
     </span>
    </p>
   </div>
   <div class='ocr_carea' id='block_1_46' title="bbox 714 4190 2230 4270">
    <p class='ocr_par' dir='ltr' id='par_1_46' title="bbox 714 4190 2230 4270">
     <span class='ocr_line' id='line_1_46' title="bbox 714 4190 2230 4270; baseline 0.001 -17"><span class='ocrx_word' id='word_1_352' title='bbox 714 4200 755 4270; x_wconf 72' lang='grc' dir='ltr'><strong>-ι-</strong></span> <span class='ocrx_word' id='word_1_353' title='bbox 784 4198 983 4253; x_wconf 81' lang='lat' dir='ltr'><strong>Verum</strong></span> <span class='ocrx_word' id='word_1_354' title='bbox 1029 4199 1158 4270; x_wconf 84' lang='lat' dir='ltr'><strong>quia</strong></span> <span class='ocrx_word' id='word_1_355' title='bbox 1191 4198 1452 4268; x_wconf 86' lang='lat' dir='ltr'><strong>quidquid</strong></span> <span class='ocrx_word' id='word_1_356' title='bbox 1482 4198 1550 4254; x_wconf 88' lang='lat' dir='ltr'><strong>de</strong></span> <span class='ocrx_word' id='word_1_357' title='bbox 1579 4198 1857 4253; x_wconf 86' lang='lat' dir='ltr'><strong>voluntate</strong></span> <span class='ocrx_word' id='word_1_358' title='bbox 1892 4197 1985 4253; x_wconf 83' lang='lat' dir='ltr'><strong>Dei</strong></span> <span class='ocrx_word' id='word_1_359' title='bbox 2034 4190 2230 4254; x_wconf 83' lang='lat' dir='ltr'><strong>intelli-</strong></span> 
     </span>
    </p>
   </div>
   <div class='ocr_carea' id='block_1_47' title="bbox 642 4289 2227 4364">
    <p class='ocr_par' dir='ltr' id='par_1_47' title="bbox 642 4289 2227 4364">
     <span class='ocr_line' id='line_1_47' title="bbox 642 4289 2227 4364; baseline 0 -19"><span class='ocrx_word' id='word_1_360' title='bbox 642 4299 822 4364; x_wconf 76' lang='lat' dir='ltr'><strong>gatur,</strong></span> <span class='ocrx_word' id='word_1_361' title='bbox 862 4299 1030 4345; x_wconf 90' lang='lat' dir='ltr'><strong>totum</strong></span> <span class='ocrx_word' id='word_1_362' title='bbox 1077 4290 1145 4345; x_wconf 91' lang='lat' dir='ltr'><strong>de</strong></span> <span class='ocrx_word' id='word_1_363' title='bbox 1186 4290 1311 4360; x_wconf 82' lang='lat' dir='ltr'><strong>ejus</strong></span> <span class='ocrx_word' id='word_1_364' title='bbox 1361 4289 1841 4360; x_wconf 66' lang='lat' dir='ltr'><strong>praedestinatione</strong></span> <span class='ocrx_word' id='word_1_365' title='bbox 1886 4289 2227 4345; x_wconf 88' lang='lat' dir='ltr'><strong>sentiendum</strong></span> 
     </span>
    </p>
   </div>
   <div class='ocr_carea' id='block_1_48' title="bbox 643 4379 2226 4452">
    <p class='ocr_par' dir='ltr' id='par_1_48' title="bbox 643 4379 2226 4452">
     <span class='ocr_line' id='line_1_48' title="bbox 643 4379 2226 4452; baseline -0.002 -13"><span class='ocrx_word' id='word_1_366' title='bbox 643 4383 849 4447; x_wconf 77' lang='lat' dir='ltr'><strong>dixisti,</strong></span> <span class='ocrx_word' id='word_1_367' title='bbox 894 4381 1018 4436; x_wconf 88' lang='lat' dir='ltr'><strong>audi</strong></span> <span class='ocrx_word' id='word_1_368' title='bbox 1064 4380 1195 4452; x_wconf 90' lang='lat' dir='ltr'><strong>quid</strong></span> <span class='ocrx_word' id='word_1_369' title='bbox 1237 4381 1307 4436; x_wconf 91' lang='lat' dir='ltr'><strong>de</strong></span> <span class='ocrx_word' id='word_1_370' title='bbox 1356 4394 1421 4435; x_wconf 80' lang='lat' dir='ltr'><strong>ea</strong></span> <span class='ocrx_word' id='word_1_371' title='bbox 1470 4394 1635 4434; x_wconf 81' lang='lat' dir='ltr'><strong>verax</strong></span> <span class='ocrx_word' id='word_1_372' title='bbox 1681 4379 1960 4451; x_wconf 88' lang='lat' dir='ltr'><strong>Scriptura</strong></span> <span class='ocrx_word' id='word_1_373' title='bbox 2013 4380 2226 4437; x_wconf 89' lang='lat' dir='ltr'><strong>clamet.</strong></span> 
     </span>
    </p>
   </div>
   <div class='ocr_carea' id='block_1_49' title="bbox 641 4467 2228 4546">
    <p class='ocr_par' dir='ltr' id='par_1_49' title="bbox 641 4467 2228 4546">
     <span class='ocr_line' id='line_1_49' title="bbox 641 4467 2228 4546; baseline -0.004 -15"><span class='ocrx_word' id='word_1_374' title='bbox 641 4475 865 4546; x_wconf 74' lang='lat' dir='ltr'><strong>Legitur</strong></span> <span class='ocrx_word' id='word_1_375' title='bbox 892 4474 944 4528; x_wconf 90' lang='lat' dir='ltr'><strong>in</strong></span> <span class='ocrx_word' id='word_1_376' title='bbox 974 4471 1111 4526; x_wconf 89' lang='lat' dir='ltr'><strong>libro</strong></span> <span class='ocrx_word' id='word_1_377' title='bbox 1142 4470 1318 4525; x_wconf 86' lang='lat' dir='ltr'><strong>Dabre</strong></span> <span class='ocrx_word' id='word_1_378' title='bbox 1346 4469 1526 4527; x_wconf 71' lang='lat' dir='ltr'><strong>lamin</strong></span> <span class='ocrx_word' id='word_1_379' title='bbox 1556 4469 1699 4538; x_wconf 91' lang='lat' dir='ltr'><strong>quod</strong></span> <span class='ocrx_word' id='word_1_380' title='bbox 1738 4470 1872 4524; x_wconf 87' lang='lat' dir='ltr'><strong>venit</strong></span> <span class='ocrx_word' id='word_1_381' title='bbox 1914 4467 2145 4525; x_wconf 81' lang='lat' dir='ltr'><strong>Roboam</strong></span> <span class='ocrx_word' id='word_1_382' title='bbox 2171 4473 2228 4525; x_wconf 86' lang='lat' dir='ltr'><strong>in</strong></span> 
     </span>
    </p>
   </div>
   <div class='ocr_carea' id='block_1_50' title="bbox 644 4560 2225 4630">
    <p class='ocr_par' dir='ltr' id='par_1_50' title="bbox 644 4560 2225 4630">
     <span class='ocr_line' id='line_1_50' title="bbox 644 4560 2225 4630; baseline -0.003 -9"><span class='ocrx_word' id='word_1_383' title='bbox 644 4565 1000 4630; x_wconf 78' lang='lat' dir='ltr'><strong>Hierusalem,</strong></span> <span class='ocrx_word' id='word_1_384' title='bbox 1022 4572 1072 4618; x_wconf 87' lang='lat' dir='ltr'><strong>et</strong></span> <span class='ocrx_word' id='word_1_385' title='bbox 1108 4562 1407 4617; x_wconf 78' lang='lat' dir='ltr'><strong>convocavit</strong></span> <span class='ocrx_word' id='word_1_386' title='bbox 1426 4561 1723 4616; x_wconf 85' lang='lat' dir='ltr'><strong>universam</strong></span> <span class='ocrx_word' id='word_1_387' title='bbox 1748 4561 1962 4617; x_wconf 88' lang='lat' dir='ltr'><strong>domum</strong></span> <span class='ocrx_word' id='word_1_388' title='bbox 1985 4560 2154 4627; x_wconf 80' lang='lat' dir='ltr'><strong>Iuda,</strong></span> <span class='ocrx_word' id='word_1_389' title='bbox 2176 4570 2225 4617; x_wconf 86' lang='lat' dir='ltr'><strong>et</strong></span> 
     </span>
    </p>
   </div>
   <div class='ocr_carea' id='block_1_51' title="bbox 642 4651 2223 4729">
    <p class='ocr_par' dir='ltr' id='par_1_51' title="bbox 642 4651 2223 4729">
     <span class='ocr_line' id='line_1_51' title="bbox 642 4651 2223 4729; baseline -0.003 -16"><span class='ocrx_word' id='word_1_390' title='bbox 642 4657 922 4729; x_wconf 73' lang='lat' dir='ltr'><strong>Benjamin</strong></span> <span class='ocrx_word' id='word_1_391' title='bbox 972 4655 1028 4710; x_wconf 88' lang='lat' dir='ltr'><strong>in</strong></span> <span class='ocrx_word' id='word_1_392' title='bbox 1077 4663 1285 4709; x_wconf 87' lang='lat' dir='ltr'><strong>centum</strong></span> <span class='ocrx_word' id='word_1_393' title='bbox 1325 4653 1589 4723; x_wconf 85' lang='lat' dir='ltr'><strong>octoginta</strong></span> <span class='ocrx_word' id='word_1_394' title='bbox 1638 4652 1868 4707; x_wconf 75' lang='lat' dir='ltr'><strong>millibus</strong></span> <span class='ocrx_word' id='word_1_395' title='bbox 1916 4651 2223 4719; x_wconf 87' lang='lat' dir='ltr'><strong>electorum,</strong></span> 
     </span>
    </p>
   </div>
   <div class='ocr_carea' id='block_1_52' title="bbox 643 4746 2228 4824">
    <p class='ocr_par' dir='ltr' id='par_1_52' title="bbox 643 4746 2228 4824">
     <span class='ocr_line' id='line_1_52' title="bbox 643 4746 2228 4824; baseline -0.003 -17"><span class='ocrx_word' id='word_1_396' title='bbox 643 4763 800 4824; x_wconf 86' lang='lat' dir='ltr'><strong>atque</strong></span> <span class='ocrx_word' id='word_1_397' title='bbox 832 4748 1156 4814; x_wconf 69' lang='lat' dir='ltr'><strong>bellantium,</strong></span> <span class='ocrx_word' id='word_1_398' title='bbox 1187 4756 1247 4801; x_wconf 87' lang='lat' dir='ltr'><strong>ut</strong></span> <span class='ocrx_word' id='word_1_399' title='bbox 1287 4746 1560 4801; x_wconf 85' lang='lat' dir='ltr'><strong>dimicaret</strong></span> <span class='ocrx_word' id='word_1_400' title='bbox 1589 4757 1771 4801; x_wconf 89' lang='lat' dir='ltr'><strong>contra</strong></span> <span class='ocrx_word' id='word_1_401' title='bbox 1798 4746 1989 4811; x_wconf 79' lang='lat' dir='ltr'><strong>Israel,</strong></span> <span class='ocrx_word' id='word_1_402' title='bbox 2014 4752 2061 4802; x_wconf 85' lang='lat' dir='ltr'><strong>et</strong></span> <span class='ocrx_word' id='word_1_403' title='bbox 2103 4764 2228 4802; x_wconf 83' lang='lat' dir='ltr'><strong>con-</strong></span> 
     </span>
    </p>
   </div>
   <div class='ocr_carea' id='block_1_53' title="bbox 641 4839 2225 4913">
    <p class='ocr_par' dir='ltr' id='par_1_53' title="bbox 641 4839 2225 4913">
     <span class='ocr_line' id='line_1_53' title="bbox 641 4839 2225 4913; baseline -0.004 -12"><span class='ocrx_word' id='word_1_404' title='bbox 641 4856 857 4901; x_wconf 77' lang='lat' dir='ltr'><strong>verteret</strong></span> <span class='ocrx_word' id='word_1_405' title='bbox 901 4846 968 4898; x_wconf 86' lang='lat' dir='ltr'><strong>ad</strong></span> <span class='ocrx_word' id='word_1_406' title='bbox 1010 4858 1067 4900; x_wconf 87' lang='lat' dir='ltr'><strong>se</strong></span> <span class='ocrx_word' id='word_1_407' title='bbox 1114 4856 1330 4913; x_wconf 82' lang='lat' dir='ltr'><strong>regnum</strong></span> <span class='ocrx_word' id='word_1_408' title='bbox 1377 4856 1551 4895; x_wconf 87' lang='lat' dir='ltr'><strong>suum.</strong></span> <span class='ocrx_word' id='word_1_409' title='bbox 1586 4839 1886 4912; x_wconf 87' lang='lat' dir='ltr'><strong>Factusque</strong></span> <span class='ocrx_word' id='word_1_410' title='bbox 1932 4851 2007 4897; x_wconf 89' lang='lat' dir='ltr'><strong>est</strong></span> <span class='ocrx_word' id='word_1_411' title='bbox 2053 4858 2225 4896; x_wconf 83' lang='lat' dir='ltr'><strong>sermo</strong></span> 
     </span>
    </p>
   </div>
   <div class='ocr_carea' id='block_1_54' title="bbox 642 4931 2226 5004">
    <p class='ocr_par' dir='ltr' id='par_1_54' title="bbox 642 4931 2226 5004">
     <span class='ocr_line' id='line_1_54' title="bbox 642 4931 2226 5004; baseline -0.001 -11"><span class='ocrx_word' id='word_1_412' title='bbox 642 4938 856 4993; x_wconf 84' lang='lat' dir='ltr'><strong>Domini</strong></span> <span class='ocrx_word' id='word_1_413' title='bbox 882 4937 952 4991; x_wconf 93' lang='lat' dir='ltr'><strong>ad</strong></span> <span class='ocrx_word' id='word_1_414' title='bbox 980 4935 1242 4992; x_wconf 85' lang='lat' dir='ltr'><strong>Semeiam</strong></span> <span class='ocrx_word' id='word_1_415' title='bbox 1271 4933 1534 4987; x_wconf 85' lang='lat' dir='ltr'><strong>hominem</strong></span> <span class='ocrx_word' id='word_1_416' title='bbox 1583 4931 1679 4988; x_wconf 86' lang='lat' dir='ltr'><strong>Dei</strong></span> <span class='ocrx_word' id='word_1_417' title='bbox 1724 4933 1903 4988; x_wconf 89' lang='lat' dir='ltr'><strong>dicens</strong></span> <span class='ocrx_word' id='word_1_418' title='bbox 1934 4945 1954 4985; x_wconf 90' lang='lat'><strong><em>:</em></strong></span> <span class='ocrx_word' id='word_1_419' title='bbox 1991 4931 2226 5004; x_wconf 76' lang='lat' dir='ltr'><strong>Loquere</strong></span> 
     </span>
    </p>
   </div>
   <div class='ocr_carea' id='block_1_55' title="bbox 643 5020 2227 5093">
    <p class='ocr_par' dir='ltr' id='par_1_55' title="bbox 643 5020 2227 5093">
     <span class='ocr_line' id='line_1_55' title="bbox 643 5020 2227 5093; baseline -0.002 -11"><span class='ocrx_word' id='word_1_420' title='bbox 643 5029 712 5083; x_wconf 92' lang='lat' dir='ltr'><strong>ad</strong></span> <span class='ocrx_word' id='word_1_421' title='bbox 766 5025 997 5081; x_wconf 85' lang='lat' dir='ltr'><strong>Roboam</strong></span> <span class='ocrx_word' id='word_1_422' title='bbox 1046 5024 1216 5093; x_wconf 74' lang='lat' dir='ltr'><strong>ﬁlium</strong></span> <span class='ocrx_word' id='word_1_423' title='bbox 1268 5020 1573 5077; x_wconf 87' lang='lat' dir='ltr'><strong>Salomonis</strong></span> <span class='ocrx_word' id='word_1_424' title='bbox 1626 5038 1799 5093; x_wconf 84' lang='lat' dir='ltr'><strong>regem</strong></span> <span class='ocrx_word' id='word_1_425' title='bbox 1852 5022 2018 5088; x_wconf 79' lang='lat' dir='ltr'><strong>Iuda,</strong></span> <span class='ocrx_word' id='word_1_426' title='bbox 2064 5032 2114 5078; x_wconf 88' lang='lat' dir='ltr'><strong>et</strong></span> <span class='ocrx_word' id='word_1_427' title='bbox 2156 5023 2227 5079; x_wconf 85' lang='lat' dir='ltr'><strong>ad</strong></span> 
     </span>
    </p>
   </div>
   <div class='ocr_carea' id='block_1_56' title="bbox 644 5112 2230 5186">
    <p class='ocr_par' dir='ltr' id='par_1_56' title="bbox 644 5112 2230 5186">
     <span class='ocr_line' id='line_1_56' title="bbox 644 5112 2230 5186; baseline -0.001 -13"><span class='ocrx_word' id='word_1_428' title='bbox 644 5119 943 5177; x_wconf 76' lang='lat' dir='ltr'><strong>universum</strong></span> <span class='ocrx_word' id='word_1_429' title='bbox 969 5114 1137 5171; x_wconf 81' lang='lat' dir='ltr'><strong>Israel</strong></span> <span class='ocrx_word' id='word_1_430' title='bbox 1160 5115 1255 5186; x_wconf 82' lang='lat' dir='ltr'><strong>qui</strong></span> <span class='ocrx_word' id='word_1_431' title='bbox 1281 5124 1357 5168; x_wconf 83' lang='lat' dir='ltr'><strong>est</strong></span> <span class='ocrx_word' id='word_1_432' title='bbox 1385 5115 1442 5168; x_wconf 88' lang='lat' dir='ltr'><strong>in</strong></span> <span class='ocrx_word' id='word_1_433' title='bbox 1464 5112 1613 5168; x_wconf 73' lang='lat' dir='ltr'><strong>Iuda</strong></span> <span class='ocrx_word' id='word_1_434' title='bbox 1641 5123 1689 5168; x_wconf 86' lang='lat' dir='ltr'><strong>et</strong></span> <span class='ocrx_word' id='word_1_435' title='bbox 1718 5112 2001 5185; x_wconf 75' lang='lat' dir='ltr'><strong>Benjamin</strong></span> <span class='ocrx_word' id='word_1_436' title='bbox 2034 5131 2054 5170; x_wconf 90' lang='lat'><strong><em>:</em></strong></span> <span class='ocrx_word' id='word_1_437' title='bbox 2096 5114 2230 5173; x_wconf 70' lang='lat' dir='ltr'><strong>Hau:</strong></span> 
     </span>
    </p>
   </div>
   <div class='ocr_carea' id='block_1_57' title="bbox 643 5202 2232 5274">
    <p class='ocr_par' dir='ltr' id='par_1_57' title="bbox 643 5202 2232 5274">
     <span class='ocr_line' id='line_1_57' title="bbox 643 5202 2232 5274; baseline -0.003 -10"><span class='ocrx_word' id='word_1_438' title='bbox 643 5209 770 5264; x_wconf 81' lang='lat' dir='ltr'><strong>dicit</strong></span> <span class='ocrx_word' id='word_1_439' title='bbox 811 5207 1067 5262; x_wconf 79' lang='lat' dir='ltr'><strong>Dominus</strong></span> <span class='ocrx_word' id='word_1_440' title='bbox 1092 5220 1114 5260; x_wconf 88' lang='lat'><strong><em>:</em></strong></span> <span class='ocrx_word' id='word_1_441' title='bbox 1140 5203 1267 5259; x_wconf 84' lang='lat' dir='ltr'><strong>Non</strong></span> <span class='ocrx_word' id='word_1_442' title='bbox 1289 5202 1579 5259; x_wconf 84' lang='lat' dir='ltr'><strong>ascendetis</strong></span> <span class='ocrx_word' id='word_1_443' title='bbox 1605 5218 1767 5273; x_wconf 84' lang='lat' dir='ltr'><strong>neque</strong></span> <span class='ocrx_word' id='word_1_444' title='bbox 1786 5205 2082 5274; x_wconf 74' lang='lat' dir='ltr'><strong>pugnabitis</strong></span> <span class='ocrx_word' id='word_1_445' title='bbox 2109 5222 2232 5261; x_wconf 88' lang='lat' dir='ltr'><strong>con-</strong></span> 
     </span>
    </p>
   </div>
   <div class='ocr_carea' id='block_1_58' title="bbox 644 5295 2232 5371">
    <p class='ocr_par' dir='ltr' id='par_1_58' title="bbox 644 5295 2232 5371">
     <span class='ocr_line' id='line_1_58' title="bbox 644 5295 2232 5371; baseline 0.001 -15"><span class='ocrx_word' id='word_1_446' title='bbox 644 5312 729 5356; x_wconf 85' lang='lat' dir='ltr'><strong>tra</strong></span> <span class='ocrx_word' id='word_1_447' title='bbox 760 5301 952 5371; x_wconf 79' lang='lat' dir='ltr'><strong>fratres</strong></span> <span class='ocrx_word' id='word_1_448' title='bbox 978 5307 1173 5354; x_wconf 83' lang='lat' dir='ltr'><strong>vestros</strong></span> <span class='ocrx_word' id='word_1_449' title='bbox 1189 5336 1207 5363; x_wconf 95' lang='lat'><strong>,</strong></span> <span class='ocrx_word' id='word_1_450' title='bbox 1235 5305 1524 5352; x_wconf 84' lang='lat' dir='ltr'><strong>revertatur</strong></span> <span class='ocrx_word' id='word_1_451' title='bbox 1543 5295 1901 5368; x_wconf 79' lang='lat' dir='ltr'><strong>unusquisque</strong></span> <span class='ocrx_word' id='word_1_452' title='bbox 1929 5297 1983 5353; x_wconf 89' lang='lat' dir='ltr'><strong>in</strong></span> <span class='ocrx_word' id='word_1_453' title='bbox 2017 5298 2232 5357; x_wconf 77' lang='lat' dir='ltr'><strong>domum</strong></span> 
     </span>
    </p>
   </div>
   <div class='ocr_carea' id='block_1_59' title="bbox 644 5383 2229 5460">
    <p class='ocr_par' dir='ltr' id='par_1_59' title="bbox 644 5383 2229 5460">
     <span class='ocr_line' id='line_1_59' title="bbox 644 5383 2229 5460; baseline 0.001 -19"><span class='ocrx_word' id='word_1_454' title='bbox 644 5405 821 5455; x_wconf 76' lang='lat' dir='ltr'><strong>suam,</strong></span> <span class='ocrx_word' id='word_1_455' title='bbox 840 5388 965 5459; x_wconf 88' lang='lat' dir='ltr'><strong>quia</strong></span> <span class='ocrx_word' id='word_1_456' title='bbox 988 5403 1103 5442; x_wconf 88' lang='lat' dir='ltr'><strong>mea</strong></span> <span class='ocrx_word' id='word_1_457' title='bbox 1124 5385 1222 5441; x_wconf 83' lang='lat' dir='ltr'><strong>hoc</strong></span> <span class='ocrx_word' id='word_1_458' title='bbox 1240 5394 1441 5456; x_wconf 81' lang='lat' dir='ltr'><strong>gestum</strong></span> <span class='ocrx_word' id='word_1_459' title='bbox 1462 5394 1537 5441; x_wconf 90' lang='lat' dir='ltr'><strong>est</strong></span> <span class='ocrx_word' id='word_1_460' title='bbox 1564 5383 1826 5441; x_wconf 82' lang='lat' dir='ltr'><strong>voluntate</strong></span> <span class='ocrx_word' id='word_1_461' title='bbox 1839 5385 1927 5458; x_wconf 89' lang='lat' dir='ltr'><strong>(II</strong></span> <span class='ocrx_word' id='word_1_462' title='bbox 1940 5384 2074 5441; x_wconf 87' lang='lat' dir='ltr'><strong>Par.</strong></span> <span class='ocrx_word' id='word_1_463' title='bbox 2094 5387 2229 5460; x_wconf 70' lang='grc'><strong>1-4).</strong></span> 
     </span>
    </p>
   </div>
   <div class='ocr_carea' id='block_1_60' title="bbox 715 5473 2231 5550">
    <p class='ocr_par' dir='ltr' id='par_1_60' title="bbox 715 5473 2231 5550">
     <span class='ocr_line' id='line_1_60' title="bbox 715 5473 2231 5550; baseline 0.003 -18"><span class='ocrx_word' id='word_1_464' title='bbox 715 5479 758 5550; x_wconf 71' lang='grc' dir='ltr'><strong>ει-</strong></span> <span class='ocrx_word' id='word_1_465' title='bbox 780 5478 839 5532; x_wconf 90' lang='lat' dir='ltr'><strong>lu</strong></span> <span class='ocrx_word' id='word_1_466' title='bbox 863 5478 1095 5534; x_wconf 87' lang='lat' dir='ltr'><strong>eodem:</strong></span> <span class='ocrx_word' id='word_1_467' title='bbox 1124 5474 1294 5547; x_wconf 72' lang='lat' dir='ltr'><strong>Igitur</strong></span> <span class='ocrx_word' id='word_1_468' title='bbox 1320 5475 1579 5531; x_wconf 80' lang='lat' dir='ltr'><strong>Ochosias</strong></span> <span class='ocrx_word' id='word_1_469' title='bbox 1600 5473 1744 5531; x_wconf 82' lang='lat' dir='ltr'><strong>ﬁlius</strong></span> <span class='ocrx_word' id='word_1_470' title='bbox 1763 5473 1946 5533; x_wconf 82' lang='lat' dir='ltr'><strong>loram</strong></span> <span class='ocrx_word' id='word_1_471' title='bbox 1972 5493 2070 5534; x_wconf 80' lang='lat' dir='ltr'><strong>rex</strong></span> <span class='ocrx_word' id='word_1_472' title='bbox 2093 5476 2231 5536; x_wconf 82' lang='lat' dir='ltr'><strong>Juda</strong></span> 
     </span>
    </p>
   </div>
   <div class='ocr_carea' id='block_1_61' title="bbox 649 5567 2232 5639">
    <p class='ocr_par' dir='ltr' id='par_1_61' title="bbox 649 5567 2232 5639">
     <span class='ocr_line' id='line_1_61' title="bbox 649 5567 2232 5639; baseline 0 -14"><span class='ocrx_word' id='word_1_473' title='bbox 649 5571 912 5626; x_wconf 81' lang='lat' dir='ltr'><strong>descendit</strong></span> <span class='ocrx_word' id='word_1_474' title='bbox 960 5580 1015 5624; x_wconf 87' lang='lat' dir='ltr'><strong>ut</strong></span> <span class='ocrx_word' id='word_1_475' title='bbox 1048 5570 1289 5625; x_wconf 86' lang='lat' dir='ltr'><strong>inviseret</strong></span> <span class='ocrx_word' id='word_1_476' title='bbox 1322 5567 1511 5625; x_wconf 79' lang='lat' dir='ltr'><strong>Joram</strong></span> <span class='ocrx_word' id='word_1_477' title='bbox 1560 5567 1735 5639; x_wconf 78' lang='lat' dir='ltr'><strong>ﬁlium</strong></span> <span class='ocrx_word' id='word_1_478' title='bbox 1777 5570 1924 5625; x_wconf 81' lang='lat' dir='ltr'><strong>Ahab</strong></span> <span class='ocrx_word' id='word_1_479' title='bbox 1963 5572 2017 5625; x_wconf 86' lang='lat' dir='ltr'><strong>in</strong></span> <span class='ocrx_word' id='word_1_480' title='bbox 2060 5569 2232 5627; x_wconf 90' lang='lat' dir='ltr'><strong>Israel</strong></span> 
     </span>
    </p>
   </div>
   <div class='ocr_carea' id='block_1_62' title="bbox 652 5658 2227 5732">
    <p class='ocr_par' dir='ltr' id='par_1_62' title="bbox 652 5658 2227 5732">
     <span class='ocr_line' id='line_1_62' title="bbox 652 5658 2227 5732; baseline 0.002 -16"><span class='ocrx_word' id='word_1_481' title='bbox 652 5669 1013 5731; x_wconf 70' lang='lat' dir='ltr'><strong>cgrotantem.</strong></span> <span class='ocrx_word' id='word_1_482' title='bbox 1078 5658 1329 5716; x_wconf 78' lang='lat' dir='ltr'><strong>Voluntas</strong></span> <span class='ocrx_word' id='word_1_483' title='bbox 1388 5661 1577 5732; x_wconf 80' lang='lat' dir='ltr'><strong>quippe</strong></span> <span class='ocrx_word' id='word_1_484' title='bbox 1641 5661 1743 5731; x_wconf 86' lang='lat' dir='ltr'><strong>fuit</strong></span> <span class='ocrx_word' id='word_1_485' title='bbox 1800 5662 1899 5717; x_wconf 88' lang='lat' dir='ltr'><strong>Dei</strong></span> <span class='ocrx_word' id='word_1_486' title='bbox 1952 5662 2227 5719; x_wconf 78' lang='lat' dir='ltr'><strong>adversum</strong></span> 
     </span>
    </p>
   </div>
   <div class='ocr_carea' id='block_1_63' title="bbox 659 5749 2229 5821">
    <p class='ocr_par' dir='ltr' id='par_1_63' title="bbox 659 5749 2229 5821">
     <span class='ocr_line' id='line_1_63' title="bbox 659 5749 2229 5821; baseline 0.004 -18"><span class='ocrx_word' id='word_1_487' title='bbox 659 5750 976 5815; x_wconf 80' lang='lat' dir='ltr'><strong>Ochosiam,</strong></span> <span class='ocrx_word' id='word_1_488' title='bbox 1015 5761 1069 5805; x_wconf 90' lang='lat' dir='ltr'><strong>ut</strong></span> <span class='ocrx_word' id='word_1_489' title='bbox 1113 5750 1303 5806; x_wconf 84' lang='lat' dir='ltr'><strong>veniret</strong></span> <span class='ocrx_word' id='word_1_490' title='bbox 1325 5751 1393 5805; x_wconf 86' lang='lat' dir='ltr'><strong>ad</strong></span> <span class='ocrx_word' id='word_1_491' title='bbox 1418 5749 1628 5817; x_wconf 78' lang='lat' dir='ltr'><strong>lorum,</strong></span> <span class='ocrx_word' id='word_1_492' title='bbox 1661 5761 1709 5807; x_wconf 89' lang='lat' dir='ltr'><strong>et</strong></span> <span class='ocrx_word' id='word_1_493' title='bbox 1749 5769 1866 5807; x_wconf 87' lang='lat' dir='ltr'><strong>cum</strong></span> <span class='ocrx_word' id='word_1_494' title='bbox 1902 5754 2145 5821; x_wconf 85' lang='lat' dir='ltr'><strong>venisset,</strong></span> <span class='ocrx_word' id='word_1_495' title='bbox 2172 5763 2229 5809; x_wconf 89' lang='lat' dir='ltr'><strong>ut</strong></span> 
     </span>
    </p>
   </div>
   <div class='ocr_carea' id='block_1_64' title="bbox 2335 697 3805 779">
    <p class='ocr_par' dir='ltr' id='par_1_64' title="bbox 2335 697 3805 779">
     <span class='ocr_line' id='line_1_64' title="bbox 2335 697 3805 779; baseline 0.011 -29"><span class='ocrx_word' id='word_1_496' title='bbox 2335 697 2478 768; x_wconf 81' lang='lat' dir='ltr'><strong>filios</strong></span> <span class='ocrx_word' id='word_1_497' title='bbox 2506 698 2733 768; x_wconf 86' lang='lat' dir='ltr'><strong>fratrum</strong></span> <span class='ocrx_word' id='word_1_498' title='bbox 2779 698 3043 767; x_wconf 73' lang='lat' dir='ltr'><strong>Oehosiar,</strong></span> <span class='ocrx_word' id='word_1_499' title='bbox 3070 705 3160 774; x_wconf 86' lang='lat' dir='ltr'><strong>qui</strong></span> <span class='ocrx_word' id='word_1_500' title='bbox 3190 705 3533 764; x_wconf 77' lang='lat' dir='ltr'><strong>ministrabant</strong></span> <span class='ocrx_word' id='word_1_501' title='bbox 3556 716 3616 779; x_wconf 89' lang='lat' dir='ltr'><strong>ei,</strong></span> <span class='ocrx_word' id='word_1_502' title='bbox 3636 728 3673 771; x_wconf 84' lang='lat' dir='ltr'><strong>et</strong></span> <span class='ocrx_word' id='word_1_503' title='bbox 3693 721 3805 775; x_wconf 78' lang='lat' dir='ltr'><strong>iam.</strong></span> 
     </span>
    </p>
   </div>
   <div class='ocr_carea' id='block_1_65' title="bbox 2337 788 3804 877">
    <p class='ocr_par' dir='ltr' id='par_1_65' title="bbox 2337 788 3804 877">
     <span class='ocr_line' id='line_1_65' title="bbox 2337 788 3804 877; baseline 0.013 -35"><span class='ocrx_word' id='word_1_504' title='bbox 2337 788 2461 859; x_wconf 86' lang='lat' dir='ltr'><strong>fecit</strong></span> <span class='ocrx_word' id='word_1_505' title='bbox 2481 788 2636 854; x_wconf 87' lang='lat' dir='ltr'><strong>illos;</strong></span> <span class='ocrx_word' id='word_1_506' title='bbox 2658 791 2926 861; x_wconf 84' lang='lat' dir='ltr'><strong>ipsumque</strong></span> <span class='ocrx_word' id='word_1_507' title='bbox 2946 796 3246 865; x_wconf 82' lang='lat' dir='ltr'><strong>perquirens</strong></span> <span class='ocrx_word' id='word_1_508' title='bbox 3268 794 3532 855; x_wconf 77' lang='lat' dir='ltr'><strong>Ochosiam</strong></span> <span class='ocrx_word' id='word_1_509' title='bbox 3554 812 3804 877; x_wconf 70' lang='lat' dir='ltr'><strong>comprehen-</strong></span> 
     </span>
    </p>
   </div>
   <div class='ocr_carea' id='block_1_66' title="bbox 2337 881 3805 962">
    <p class='ocr_par' dir='ltr' id='par_1_66' title="bbox 2337 881 3805 962">
     <span class='ocr_line' id='line_1_66' title="bbox 2337 881 3805 962; baseline 0.012 -26"><span class='ocrx_word' id='word_1_510' title='bbox 2337 881 2415 937; x_wconf 86' lang='lat' dir='ltr'><strong>dit</strong></span> <span class='ocrx_word' id='word_1_511' title='bbox 2443 881 2686 938; x_wconf 87' lang='lat' dir='ltr'><strong>latentem</strong></span> <span class='ocrx_word' id='word_1_512' title='bbox 2718 884 2777 938; x_wconf 85' lang='lat' dir='ltr'><strong>in</strong></span> <span class='ocrx_word' id='word_1_513' title='bbox 2808 884 3090 952; x_wconf 84' lang='lat' dir='ltr'><strong>Samaria,</strong></span> <span class='ocrx_word' id='word_1_514' title='bbox 3120 885 3493 962; x_wconf 78' lang='lat' dir='ltr'><strong>adductquue</strong></span> <span class='ocrx_word' id='word_1_515' title='bbox 3518 896 3579 948; x_wconf 84' lang='lat' dir='ltr'><strong>ad</strong></span> <span class='ocrx_word' id='word_1_516' title='bbox 3600 912 3646 951; x_wconf 85' lang='lat' dir='ltr'><strong>se</strong></span> <span class='ocrx_word' id='word_1_517' title='bbox 3672 903 3805 958; x_wconf 68' lang='lat' dir='ltr'><strong>occidit</strong></span> 
     </span>
    </p>
   </div>
   <div class='ocr_carea' id='block_1_67' title="bbox 2337 970 3340 1046">
    <p class='ocr_par' dir='ltr' id='par_1_67' title="bbox 2337 970 3340 1046">
     <span class='ocr_line' id='line_1_67' title="bbox 2337 970 3340 1046; baseline 0.005 -21"><span class='ocrx_word' id='word_1_518' title='bbox 2337 970 2524 1042; x_wconf 62' lang='lat' dir='ltr'><strong>(Ibid,</strong></span> <span class='ocrx_word' id='word_1_519' title='bbox 2548 987 2691 1028; x_wconf 88' lang='lat' dir='ltr'><strong>vers.</strong></span> <span class='ocrx_word' id='word_1_520' title='bbox 2715 975 2847 1046; x_wconf 59' lang='grc' dir='ltr'><strong>ω).</strong></span> <span class='ocrx_word' id='word_1_521' title='bbox 3328 994 3340 1004; x_wconf 91' lang='grc'><strong>-</strong></span> 
     </span>
    </p>
   </div>
   <div class='ocr_carea' id='block_1_68' title="bbox 2409 1065 3806 1148">
    <p class='ocr_par' dir='ltr' id='par_1_68' title="bbox 2409 1065 3806 1148">
     <span class='ocr_line' id='line_1_68' title="bbox 2409 1065 3806 1148; baseline 0.013 -29"><span class='ocrx_word' id='word_1_522' title='bbox 2409 1066 2450 1135; x_wconf 77' lang='grc' dir='ltr'><strong>-ι-</strong></span> <span class='ocrx_word' id='word_1_523' title='bbox 2485 1065 2540 1120; x_wconf 88' lang='lat' dir='ltr'><strong>In</strong></span> <span class='ocrx_word' id='word_1_524' title='bbox 2567 1066 2757 1122; x_wconf 88' lang='lat' dir='ltr'><strong>eodem</strong></span> <span class='ocrx_word' id='word_1_525' title='bbox 2788 1083 2803 1122; x_wconf 88' lang='lat'><strong>:</strong></span> <span class='ocrx_word' id='word_1_526' title='bbox 2836 1067 3025 1122; x_wconf 79' lang='lat' dir='ltr'><strong>Noluit</strong></span> <span class='ocrx_word' id='word_1_527' title='bbox 3060 1070 3250 1133; x_wconf 83' lang='lat' dir='ltr'><strong>audire</strong></span> <span class='ocrx_word' id='word_1_528' title='bbox 3278 1072 3529 1139; x_wconf 78' lang='lat' dir='ltr'><strong>Amasias,</strong></span> <span class='ocrx_word' id='word_1_529' title='bbox 3551 1080 3806 1148; x_wconf 75' lang='lat' dir='ltr'><strong>ecquale-</strong></span> 
     </span>
    </p>
   </div>
   <div class='ocr_carea' id='block_1_69' title="bbox 2335 1157 3807 1228">
    <p class='ocr_par' dir='ltr' id='par_1_69' title="bbox 2335 1157 3807 1228">
     <span class='ocr_line' id='line_1_69' title="bbox 2335 1157 3807 1228; baseline 0.012 -18"><span class='ocrx_word' id='word_1_530' title='bbox 2335 1157 2466 1212; x_wconf 89' lang='lat' dir='ltr'><strong>mini</strong></span> <span class='ocrx_word' id='word_1_531' title='bbox 2502 1168 2631 1213; x_wconf 83' lang='lat' dir='ltr'><strong>esset</strong></span> <span class='ocrx_word' id='word_1_532' title='bbox 2684 1158 2941 1223; x_wconf 83' lang='lat' dir='ltr'><strong>voluntas,</strong></span> <span class='ocrx_word' id='word_1_533' title='bbox 2992 1171 3051 1214; x_wconf 86' lang='lat' dir='ltr'><strong>ut</strong></span> <span class='ocrx_word' id='word_1_534' title='bbox 3092 1162 3385 1217; x_wconf 83' lang='lat' dir='ltr'><strong>traderetur</strong></span> <span class='ocrx_word' id='word_1_535' title='bbox 3427 1165 3477 1219; x_wconf 84' lang='lat' dir='ltr'><strong>in</strong></span> <span class='ocrx_word' id='word_1_536' title='bbox 3518 1170 3712 1224; x_wconf 69' lang='lat' dir='ltr'><strong>manibus</strong></span> <span class='ocrx_word' id='word_1_537' title='bbox 3742 1173 3807 1228; x_wconf 75' lang='lat' dir='ltr'><strong>lto-</strong></span> 
     </span>
    </p>
   </div>
   <div class='ocr_carea' id='block_1_70' title="bbox 2335 1249 3665 1329">
    <p class='ocr_par' dir='ltr' id='par_1_70' title="bbox 2335 1249 3665 1329">
     <span class='ocr_line' id='line_1_70' title="bbox 2335 1249 3665 1329; baseline 0.008 -26"><span class='ocrx_word' id='word_1_538' title='bbox 2335 1250 2493 1303; x_wconf 85' lang='lat' dir='ltr'><strong>stium</strong></span> <span class='ocrx_word' id='word_1_539' title='bbox 2510 1290 2522 1313; x_wconf 90' lang='lat'><strong>,</strong></span> <span class='ocrx_word' id='word_1_540' title='bbox 2563 1258 2777 1319; x_wconf 80' lang='lat' dir='ltr'><strong>propter</strong></span> <span class='ocrx_word' id='word_1_541' title='bbox 2802 1249 2926 1305; x_wconf 85' lang='lat' dir='ltr'><strong>deos</strong></span> <span class='ocrx_word' id='word_1_542' title='bbox 2963 1249 3131 1306; x_wconf 85' lang='lat' dir='ltr'><strong>Edam</strong></span> <span class='ocrx_word' id='word_1_543' title='bbox 3154 1250 3254 1323; x_wconf 89' lang='lat' dir='ltr'><strong>(II</strong></span> <span class='ocrx_word' id='word_1_544' title='bbox 3283 1250 3410 1308; x_wconf 84' lang='lat' dir='ltr'><strong>Par.</strong></span> <span class='ocrx_word' id='word_1_545' title='bbox 3438 1270 3551 1321; x_wconf 76' lang='lat' dir='ltr'><strong>xxv,</strong></span> <span class='ocrx_word' id='word_1_546' title='bbox 3572 1258 3665 1329; x_wconf 66' lang='lat'><strong>20).</strong></span> 
     </span>
    </p>
   </div>
   <div class='ocr_carea' id='block_1_71' title="bbox 2408 1338 3808 1418">
    <p class='ocr_par' dir='ltr' id='par_1_71' title="bbox 2408 1338 3808 1418">
     <span class='ocr_line' id='line_1_71' title="bbox 2408 1338 3808 1418; baseline 0.012 -27"><span class='ocrx_word' id='word_1_547' title='bbox 2408 1340 2449 1409; x_wconf 68' lang='grc' dir='ltr'><strong>οι-</strong></span> <span class='ocrx_word' id='word_1_548' title='bbox 2479 1338 2534 1392; x_wconf 88' lang='lat' dir='ltr'><strong>lu</strong></span> <span class='ocrx_word' id='word_1_549' title='bbox 2567 1339 2654 1394; x_wconf 86' lang='lat' dir='ltr'><strong>bis</strong></span> <span class='ocrx_word' id='word_1_550' title='bbox 2682 1340 3013 1408; x_wconf 87' lang='lat' dir='ltr'><strong>voluntatem</strong></span> <span class='ocrx_word' id='word_1_551' title='bbox 3068 1342 3163 1398; x_wconf 89' lang='lat' dir='ltr'><strong>Dei</strong></span> <span class='ocrx_word' id='word_1_552' title='bbox 3223 1352 3317 1399; x_wconf 86' lang='lat' dir='ltr'><strong>aut</strong></span> <span class='ocrx_word' id='word_1_553' title='bbox 3362 1346 3567 1417; x_wconf 82' lang='lat' dir='ltr'><strong>negabis</strong></span> <span class='ocrx_word' id='word_1_554' title='bbox 3600 1349 3744 1418; x_wconf 81' lang='lat' dir='ltr'><strong>ullam,</strong></span> <span class='ocrx_word' id='word_1_555' title='bbox 3771 1364 3808 1409; x_wconf 80' lang='lat' dir='ltr'><strong>et</strong></span> 
     </span>
    </p>
   </div>
   <div class='ocr_carea' id='block_1_72' title="bbox 2334 1433 3807 1504">
    <p class='ocr_par' dir='ltr' id='par_1_72' title="bbox 2334 1433 3807 1504">
     <span class='ocr_line' id='line_1_72' title="bbox 2334 1433 3807 1504; baseline 0.007 -14"><span class='ocrx_word' id='word_1_556' title='bbox 2334 1434 2676 1490; x_wconf 84' lang='lat' dir='ltr'><strong>eontradiecs</strong></span> <span class='ocrx_word' id='word_1_557' title='bbox 2698 1433 2996 1504; x_wconf 59' lang='lat' dir='ltr'><strong>Scriptura;</strong></span> <span class='ocrx_word' id='word_1_558' title='bbox 3023 1436 3307 1493; x_wconf 81' lang='lat' dir='ltr'><strong>veritatis:</strong></span> <span class='ocrx_word' id='word_1_559' title='bbox 3331 1446 3422 1494; x_wconf 87' lang='lat' dir='ltr'><strong>aut</strong></span> <span class='ocrx_word' id='word_1_560' title='bbox 3448 1442 3491 1494; x_wconf 86' lang='lat' dir='ltr'><strong>si</strong></span> <span class='ocrx_word' id='word_1_561' title='bbox 3515 1442 3635 1498; x_wconf 86' lang='lat' dir='ltr'><strong>hanc</strong></span> <span class='ocrx_word' id='word_1_562' title='bbox 3652 1444 3807 1501; x_wconf 76' lang='lat' dir='ltr'><strong>inliciat</strong></span> 
     </span>
    </p>
   </div>
   <div class='ocr_carea' id='block_1_73' title="bbox 2333 1524 3808 1605">
    <p class='ocr_par' dir='ltr' id='par_1_73' title="bbox 2333 1524 3808 1605">
     <span class='ocr_line' id='line_1_73' title="bbox 2333 1524 3808 1605; baseline 0.008 -26"><span class='ocrx_word' id='word_1_563' title='bbox 2333 1537 2440 1579; x_wconf 85' lang='lat' dir='ltr'><strong>non</strong></span> <span class='ocrx_word' id='word_1_564' title='bbox 2471 1524 2656 1590; x_wconf 85' lang='lat' dir='ltr'><strong>audes,</strong></span> <span class='ocrx_word' id='word_1_565' title='bbox 2689 1524 2871 1596; x_wconf 86' lang='lat' dir='ltr'><strong>recipe</strong></span> <span class='ocrx_word' id='word_1_566' title='bbox 2892 1524 3115 1593; x_wconf 86' lang='lat' dir='ltr'><strong>justam,</strong></span> <span class='ocrx_word' id='word_1_567' title='bbox 3141 1536 3198 1582; x_wconf 89' lang='lat' dir='ltr'><strong>et</strong></span> <span class='ocrx_word' id='word_1_568' title='bbox 3226 1528 3509 1588; x_wconf 83' lang='lat' dir='ltr'><strong>identidem</strong></span> <span class='ocrx_word' id='word_1_569' title='bbox 3535 1532 3592 1588; x_wconf 85' lang='lat' dir='ltr'><strong>de</strong></span> <span class='ocrx_word' id='word_1_570' title='bbox 3610 1532 3808 1605; x_wconf 66' lang='lat' dir='ltr'><strong>ejusm-</strong></span> 
     </span>
    </p>
   </div>
   <div class='ocr_carea' id='block_1_74' title="bbox 2332 1615 3806 1696">
    <p class='ocr_par' dir='ltr' id='par_1_74' title="bbox 2332 1615 3806 1696">
     <span class='ocr_line' id='line_1_74' title="bbox 2332 1615 3806 1696; baseline 0.009 -26"><span class='ocrx_word' id='word_1_571' title='bbox 2332 1615 2697 1671; x_wconf 80' lang='lat' dir='ltr'><strong>destinatioue</strong></span> <span class='ocrx_word' id='word_1_572' title='bbox 2739 1616 2985 1673; x_wconf 87' lang='lat' dir='ltr'><strong>admitte.</strong></span> <span class='ocrx_word' id='word_1_573' title='bbox 3012 1615 3199 1687; x_wconf 85' lang='lat' dir='ltr'><strong>Neque</strong></span> <span class='ocrx_word' id='word_1_574' title='bbox 3222 1619 3366 1674; x_wconf 84' lang='lat' dir='ltr'><strong>enim</strong></span> <span class='ocrx_word' id='word_1_575' title='bbox 3390 1620 3523 1677; x_wconf 90' lang='lat' dir='ltr'><strong>aliud</strong></span> <span class='ocrx_word' id='word_1_576' title='bbox 3543 1623 3681 1679; x_wconf 83' lang='lat' dir='ltr'><strong>voluit</strong></span> <span class='ocrx_word' id='word_1_577' title='bbox 3697 1640 3806 1696; x_wconf 69' lang='lat' dir='ltr'><strong>qua</strong></span> 
     </span>
    </p>
   </div>
   <div class='ocr_carea' id='block_1_75' title="bbox 2329 1705 3808 1786">
    <p class='ocr_par' dir='ltr' id='par_1_75' title="bbox 2329 1705 3808 1786">
     <span class='ocr_line' id='line_1_75' title="bbox 2329 1705 3808 1786; baseline 0.007 -24"><span class='ocrx_word' id='word_1_578' title='bbox 2329 1705 2754 1778; x_wconf 66' lang='lat' dir='ltr'><strong>praedestinavit,</strong></span> <span class='ocrx_word' id='word_1_579' title='bbox 2785 1722 2959 1777; x_wconf 87' lang='lat' dir='ltr'><strong>neque</strong></span> <span class='ocrx_word' id='word_1_580' title='bbox 2986 1707 3132 1764; x_wconf 87' lang='lat' dir='ltr'><strong>aliud</strong></span> <span class='ocrx_word' id='word_1_581' title='bbox 3177 1712 3565 1780; x_wconf 71' lang='lat' dir='ltr'><strong>przedestiuavit</strong></span> <span class='ocrx_word' id='word_1_582' title='bbox 3592 1732 3719 1786; x_wconf 83' lang='lat' dir='ltr'><strong>qua</strong></span> <span class='ocrx_word' id='word_1_583' title='bbox 3747 1734 3808 1773; x_wconf 78' lang='lat' dir='ltr'><strong>vs-</strong></span> 
     </span>
    </p>
   </div>
   <div class='ocr_carea' id='block_1_76' title="bbox 2258 1796 3808 1877">
    <p class='ocr_par' dir='ltr' id='par_1_76' title="bbox 2258 1796 3808 1877">
     <span class='ocr_line' id='line_1_76' title="bbox 2258 1796 3808 1877; baseline 0.008 -24"><span class='ocrx_word' id='word_1_584' title='bbox 2258 1796 2309 1859; x_wconf 83' lang='lat' dir='ltr'><strong>B</strong></span> <span class='ocrx_word' id='word_1_585' title='bbox 2332 1797 2453 1854; x_wconf 87' lang='lat' dir='ltr'><strong>luit.</strong></span> <span class='ocrx_word' id='word_1_586' title='bbox 2488 1799 2556 1854; x_wconf 86' lang='lat' dir='ltr'><strong>Et</strong></span> <span class='ocrx_word' id='word_1_587' title='bbox 2579 1800 2722 1855; x_wconf 86' lang='lat' dir='ltr'><strong>sicut</strong></span> <span class='ocrx_word' id='word_1_588' title='bbox 2741 1800 3051 1857; x_wconf 86' lang='lat' dir='ltr'><strong>voluntates</strong></span> <span class='ocrx_word' id='word_1_589' title='bbox 3073 1800 3191 1870; x_wconf 87' lang='lat' dir='ltr'><strong>ejus</strong></span> <span class='ocrx_word' id='word_1_590' title='bbox 3212 1803 3504 1874; x_wconf 86' lang='lat' dir='ltr'><strong>pluraliter,</strong></span> <span class='ocrx_word' id='word_1_591' title='bbox 3527 1805 3591 1860; x_wconf 84' lang='lat' dir='ltr'><strong>ita</strong></span> <span class='ocrx_word' id='word_1_592' title='bbox 3612 1808 3808 1877; x_wconf 67' lang='lat' dir='ltr'><strong>tit-adesti-</strong></span> 
     </span>
    </p>
   </div>
   <div class='ocr_carea' id='block_1_77' title="bbox 2331 1890 3803 1965">
    <p class='ocr_par' dir='ltr' id='par_1_77' title="bbox 2331 1890 3803 1965">
     <span class='ocr_line' id='line_1_77' title="bbox 2331 1890 3803 1965; baseline 0.007 -18"><span class='ocrx_word' id='word_1_593' title='bbox 2331 1892 2578 1947; x_wconf 87' lang='lat' dir='ltr'><strong>nationes</strong></span> <span class='ocrx_word' id='word_1_594' title='bbox 2630 1890 2811 1947; x_wconf 78' lang='lat' dir='ltr'><strong>eﬁ‘erri</strong></span> <span class='ocrx_word' id='word_1_595' title='bbox 2862 1907 3207 1965; x_wconf 83' lang='lat' dir='ltr'><strong>nequaquam</strong></span> <span class='ocrx_word' id='word_1_596' title='bbox 3264 1895 3487 1953; x_wconf 85' lang='lat' dir='ltr'><strong>ulterius</strong></span> <span class='ocrx_word' id='word_1_597' title='bbox 3529 1902 3803 1958; x_wconf 71' lang='lat' dir='ltr'><strong>contradicts</strong></span> 
     </span>
    </p>
   </div>
   <div class='ocr_carea' id='block_1_78' title="bbox 2329 1980 3810 2066">
    <p class='ocr_par' dir='ltr' id='par_1_78' title="bbox 2329 1980 3810 2066">
     <span class='ocr_line' id='line_1_78' title="bbox 2329 1980 3810 2066; baseline 0.009 -29"><span class='ocrx_word' id='word_1_598' title='bbox 2329 1980 2837 2060; x_wconf 52' lang='lat' dir='ltr'><strong>Interea.miranda</strong></span> <span class='ocrx_word' id='word_1_599' title='bbox 2888 1995 2974 2040; x_wconf 87' lang='lat' dir='ltr'><strong>est</strong></span> <span class='ocrx_word' id='word_1_600' title='bbox 3011 1987 3303 2043; x_wconf 86' lang='lat' dir='ltr'><strong>admodum</strong></span> <span class='ocrx_word' id='word_1_601' title='bbox 3344 1994 3552 2057; x_wconf 82' lang='lat' dir='ltr'><strong>astutia,</strong></span> <span class='ocrx_word' id='word_1_602' title='bbox 3592 1993 3662 2050; x_wconf 79' lang='lat' dir='ltr'><strong>vel</strong></span> <span class='ocrx_word' id='word_1_603' title='bbox 3687 1996 3810 2066; x_wconf 76' lang='lat' dir='ltr'><strong>potius</strong></span> 
     </span>
    </p>
   </div>
   <div class='ocr_carea' id='block_1_79' title="bbox 2331 2075 3809 2157">
    <p class='ocr_par' dir='ltr' id='par_1_79' title="bbox 2331 2075 3809 2157">
     <span class='ocr_line' id='line_1_79' title="bbox 2331 2075 3809 2157; baseline 0.007 -25"><span class='ocrx_word' id='word_1_604' title='bbox 2331 2075 2550 2133; x_wconf 69' lang='lat' dir='ltr'><strong>caecitas</strong></span> <span class='ocrx_word' id='word_1_605' title='bbox 2579 2082 2695 2142; x_wconf 86' lang='lat' dir='ltr'><strong>tua,</strong></span> <span class='ocrx_word' id='word_1_606' title='bbox 2726 2076 2819 2146; x_wconf 86' lang='lat' dir='ltr'><strong>qui</strong></span> <span class='ocrx_word' id='word_1_607' title='bbox 2866 2091 2988 2132; x_wconf 89' lang='lat' dir='ltr'><strong>cum</strong></span> <span class='ocrx_word' id='word_1_608' title='bbox 3044 2078 3350 2137; x_wconf 83' lang='lat' dir='ltr'><strong>dialecticis</strong></span> <span class='ocrx_word' id='word_1_609' title='bbox 3395 2083 3469 2138; x_wconf 87' lang='lat' dir='ltr'><strong>uti</strong></span> <span class='ocrx_word' id='word_1_610' title='bbox 3515 2083 3809 2157; x_wconf 67' lang='lat' dir='ltr'><strong>delegerint-</strong></span> 
     </span>
    </p>
   </div>
   <div class='ocr_carea' id='block_1_80' title="bbox 2330 2168 3811 2250">
    <p class='ocr_par' dir='ltr' id='par_1_80' title="bbox 2330 2168 3811 2250">
     <span class='ocr_line' id='line_1_80' title="bbox 2330 2168 3811 2250; baseline 0.007 -27"><span class='ocrx_word' id='word_1_611' title='bbox 2330 2168 2627 2241; x_wconf 64' lang='lat' dir='ltr'><strong>gumentis,</strong></span> <span class='ocrx_word' id='word_1_612' title='bbox 2674 2174 2732 2222; x_wconf 89' lang='lat' dir='ltr'><strong>et</strong></span> <span class='ocrx_word' id='word_1_613' title='bbox 2778 2168 2976 2239; x_wconf 86' lang='lat' dir='ltr'><strong>opponi</strong></span> <span class='ocrx_word' id='word_1_614' title='bbox 3026 2170 3122 2226; x_wconf 84' lang='lat' dir='ltr'><strong>tibi</strong></span> <span class='ocrx_word' id='word_1_615' title='bbox 3173 2168 3372 2229; x_wconf 75' lang='lat' dir='ltr'><strong>merito</strong></span> <span class='ocrx_word' id='word_1_616' title='bbox 3416 2177 3699 2246; x_wconf 64' lang='lat' dir='ltr'><strong>pravidercs</strong></span> <span class='ocrx_word' id='word_1_617' title='bbox 3722 2192 3811 2250; x_wconf 75' lang='lat' dir='ltr'><strong>prs-</strong></span> 
     </span>
    </p>
   </div>
   <div class='ocr_carea' id='block_1_81' title="bbox 2330 2261 3813 2331">
    <p class='ocr_par' dir='ltr' id='par_1_81' title="bbox 2330 2261 3813 2331">
     <span class='ocr_line' id='line_1_81' title="bbox 2330 2261 3813 2331; baseline 0.007 -15"><span class='ocrx_word' id='word_1_618' title='bbox 2330 2261 2615 2317; x_wconf 88' lang='lat' dir='ltr'><strong>sciemiam</strong></span> <span class='ocrx_word' id='word_1_619' title='bbox 2643 2268 2700 2316; x_wconf 88' lang='lat' dir='ltr'><strong>et</strong></span> <span class='ocrx_word' id='word_1_620' title='bbox 2737 2261 3273 2331; x_wconf 63' lang='lat' dir='ltr'><strong>pradestinationem</strong></span> <span class='ocrx_word' id='word_1_621' title='bbox 3318 2266 3531 2324; x_wconf 77' lang='lat' dir='ltr'><strong>relative</strong></span> <span class='ocrx_word' id='word_1_622' title='bbox 3567 2284 3659 2325; x_wconf 73' lang='lat' dir='ltr'><strong>non</strong></span> <span class='ocrx_word' id='word_1_623' title='bbox 3691 2282 3813 2325; x_wconf 64' lang='lat' dir='ltr'><strong>uses-</strong></span> 
     </span>
    </p>
   </div>
   <div class='ocr_carea' id='block_1_82' title="bbox 2333 2352 3810 2424">
    <p class='ocr_par' dir='ltr' id='par_1_82' title="bbox 2333 2352 3810 2424">
     <span class='ocr_line' id='line_1_82' title="bbox 2333 2352 3810 2424; baseline 0.007 -17"><span class='ocrx_word' id='word_1_624' title='bbox 2333 2352 2534 2407; x_wconf 89' lang='lat' dir='ltr'><strong>tialiter</strong></span> <span class='ocrx_word' id='word_1_625' title='bbox 2553 2352 2865 2422; x_wconf 68' lang='lat' dir='ltr'><strong>praedicari,</strong></span> <span class='ocrx_word' id='word_1_626' title='bbox 2908 2355 3298 2424; x_wconf 66' lang='lat' dir='ltr'><strong>praetermissis</strong></span> <span class='ocrx_word' id='word_1_627' title='bbox 3334 2358 3649 2415; x_wconf 80' lang='lat' dir='ltr'><strong>relativon</strong></span> <span class='ocrx_word' id='word_1_628' title='bbox 3664 2361 3810 2417; x_wconf 75' lang='lat' dir='ltr'><strong>rusci-</strong></span> 
     </span>
    </p>
   </div>
   <div class='ocr_carea' id='block_1_83' title="bbox 2330 2443 3811 2510">
    <p class='ocr_par' dir='ltr' id='par_1_83' title="bbox 2330 2443 3811 2510">
     <span class='ocr_line' id='line_1_83' title="bbox 2330 2443 3811 2510; baseline 0.008 -12"><span class='ocrx_word' id='word_1_629' title='bbox 2330 2443 2434 2498; x_wconf 86' lang='lat' dir='ltr'><strong>bus</strong></span> <span class='ocrx_word' id='word_1_630' title='bbox 2472 2445 2879 2510; x_wconf 87' lang='lat' dir='ltr'><strong>instrumentis,</strong></span> <span class='ocrx_word' id='word_1_631' title='bbox 2927 2444 2995 2501; x_wconf 83' lang='lat' dir='ltr'><strong>ad</strong></span> <span class='ocrx_word' id='word_1_632' title='bbox 3038 2448 3415 2505; x_wconf 84' lang='lat' dir='ltr'><strong>essentialium</strong></span> <span class='ocrx_word' id='word_1_633' title='bbox 3447 2452 3811 2509; x_wconf 67' lang='lat' dir='ltr'><strong>conﬁrmabant:</strong></span> 
     </span>
    </p>
   </div>
   <div class='ocr_carea' id='block_1_84' title="bbox 2332 2536 3811 2606">
    <p class='ocr_par' dir='ltr' id='par_1_84' title="bbox 2332 2536 3811 2606">
     <span class='ocr_line' id='line_1_84' title="bbox 2332 2536 3811 2606; baseline 0.005 -15"><span class='ocrx_word' id='word_1_634' title='bbox 2332 2544 2555 2606; x_wconf 83' lang='lat' dir='ltr'><strong>repente</strong></span> <span class='ocrx_word' id='word_1_635' title='bbox 2579 2536 2885 2592; x_wconf 84' lang='lat' dir='ltr'><strong>transieris.</strong></span> <span class='ocrx_word' id='word_1_636' title='bbox 2903 2537 2981 2592; x_wconf 86' lang='lat' dir='ltr'><strong>ita</strong></span> <span class='ocrx_word' id='word_1_637' title='bbox 3010 2546 3072 2591; x_wconf 91' lang='lat' dir='ltr'><strong>ut</strong></span> <span class='ocrx_word' id='word_1_638' title='bbox 3101 2539 3273 2594; x_wconf 86' lang='lat' dir='ltr'><strong>etiam</strong></span> <span class='ocrx_word' id='word_1_639' title='bbox 3306 2536 3523 2597; x_wconf 69' lang='lat' dir='ltr'><strong>relative</strong></span> <span class='ocrx_word' id='word_1_640' title='bbox 3537 2543 3811 2599; x_wconf 75' lang='lat' dir='ltr'><strong>essentisliuu</strong></span> 
     </span>
    </p>
   </div>
   <div class='ocr_carea' id='block_1_85' title="bbox 2332 2625 3812 2704">
    <p class='ocr_par' dir='ltr' id='par_1_85' title="bbox 2332 2625 3812 2704">
     <span class='ocr_line' id='line_1_85' title="bbox 2332 2625 3812 2704; baseline 0.003 -23"><span class='ocrx_word' id='word_1_641' title='bbox 2332 2634 2541 2681; x_wconf 67' lang='lat' dir='ltr'><strong>natura:</strong></span> <span class='ocrx_word' id='word_1_642' title='bbox 2574 2625 2942 2694; x_wconf 80' lang='lat' dir='ltr'><strong>conjunxeris,</strong></span> <span class='ocrx_word' id='word_1_643' title='bbox 2971 2637 3027 2683; x_wconf 88' lang='lat' dir='ltr'><strong>et</strong></span> <span class='ocrx_word' id='word_1_644' title='bbox 3062 2628 3208 2684; x_wconf 85' lang='lat' dir='ltr'><strong>nulla</strong></span> <span class='ocrx_word' id='word_1_645' title='bbox 3236 2630 3812 2704; x_wconf 76' lang='lat' dir='ltr'><strong>discretionislnterpodu</strong></span> 
     </span>
    </p>
   </div>
   <div class='ocr_carea' id='block_1_86' title="bbox 2333 2712 3815 2795">
    <p class='ocr_par' dir='ltr' id='par_1_86' title="bbox 2333 2712 3815 2795">
     <span class='ocr_line' id='line_1_86' title="bbox 2333 2712 3815 2795; baseline 0.005 -22"><span class='ocrx_word' id='word_1_646' title='bbox 2333 2712 2659 2784; x_wconf 71' lang='lat' dir='ltr'><strong>differentia,</strong></span> <span class='ocrx_word' id='word_1_647' title='bbox 2689 2730 2855 2773; x_wconf 89' lang='lat' dir='ltr'><strong>unum</strong></span> <span class='ocrx_word' id='word_1_648' title='bbox 2888 2720 3141 2790; x_wconf 85' lang='lat' dir='ltr'><strong>idemque</strong></span> <span class='ocrx_word' id='word_1_649' title='bbox 3174 2722 3513 2794; x_wconf 67' lang='lat' dir='ltr'><strong>thltiloquia</strong></span> <span class='ocrx_word' id='word_1_650' title='bbox 3545 2724 3815 2795; x_wconf 59' lang='lat' dir='ltr'><strong>disputatio:</strong></span> 
     </span>
    </p>
   </div>
   <div class='ocr_carea' id='block_1_87' title="bbox 2334 2808 3530 2872">
    <p class='ocr_par' dir='ltr' id='par_1_87' title="bbox 2334 2808 3530 2872">
     <span class='ocr_line' id='line_1_87' title="bbox 2334 2808 3530 2872; baseline 0.007 -10"><span class='ocrx_word' id='word_1_651' title='bbox 2334 2808 2678 2865; x_wconf 80' lang='lat' dir='ltr'><strong>astruxeris:</strong></span> <span class='ocrx_word' id='word_1_652' title='bbox 2714 2810 2833 2865; x_wconf 75' lang='lat' dir='ltr'><strong>haec</strong></span> <span class='ocrx_word' id='word_1_653' title='bbox 2866 2811 3012 2867; x_wconf 86' lang='lat' dir='ltr'><strong>enim</strong></span> <span class='ocrx_word' id='word_1_654' title='bbox 3050 2820 3179 2869; x_wconf 79' lang='lat' dir='ltr'><strong>sunt</strong></span> <span class='ocrx_word' id='word_1_655' title='bbox 3218 2815 3389 2871; x_wconf 63' lang='lat' dir='ltr'><strong>Verba</strong></span> <span class='ocrx_word' id='word_1_656' title='bbox 3426 2826 3530 2872; x_wconf 82' lang='lat' dir='ltr'><strong>tua.</strong></span> 
     </span>
    </p>
   </div>
   <div class='ocr_carea' id='block_1_88' title="bbox 2880 2928 3370 3004">
    <p class='ocr_par' dir='ltr' id='par_1_88' title="bbox 2880 2928 3370 3004">
     <span class='ocr_line' id='line_1_88' title="bbox 2880 2928 3370 3004; baseline 0.004 -5"><span class='ocrx_word' id='word_1_657' title='bbox 2880 2928 3109 3001; x_wconf 66' lang='lat' dir='ltr'><strong>idiaxss</strong></span> <span class='ocrx_word' id='word_1_658' title='bbox 3147 2930 3370 3004; x_wconf 70' lang='lat' dir='ltr'><strong>stores.</strong></span> 
     </span>
    </p>
   </div>
   <div class='ocr_carea' id='block_1_89' title="bbox 2405 3077 3816 3152">
    <p class='ocr_par' dir='ltr' id='par_1_89' title="bbox 2405 3077 3816 3152">
     <span class='ocr_line' id='line_1_89' title="bbox 2405 3077 3816 3152; baseline -0.001 -19"><span class='ocrx_word' id='word_1_659' title='bbox 2405 3077 2556 3149; x_wconf 85' lang='lat' dir='ltr'><strong>(Cap.</strong></span> <span class='ocrx_word' id='word_1_660' title='bbox 2586 3078 2643 3144; x_wconf 71' lang='grc'><strong>2,</strong></span> <span class='ocrx_word' id='word_1_661' title='bbox 2669 3093 2821 3137; x_wconf 83' lang='lat' dir='ltr'><strong>num.</strong></span> <span class='ocrx_word' id='word_1_662' title='bbox 2856 3078 2910 3144; x_wconf 77' lang='grc'><strong>4,</strong></span> <span class='ocrx_word' id='word_1_663' title='bbox 2942 3088 3077 3137; x_wconf 86' lang='lat' dir='ltr'><strong>sect.</strong></span> <span class='ocrx_word' id='word_1_664' title='bbox 3104 3079 3186 3152; x_wconf 71' lang='lat'><strong>2.)</strong></span> <span class='ocrx_word' id='word_1_665' title='bbox 3220 3092 3266 3140; x_wconf 85' lang='grc' dir='ltr'>Θ</span> <span class='ocrx_word' id='word_1_666' title='bbox 3294 3082 3381 3136; x_wconf 80' lang='lat' dir='ltr'><strong>An</strong></span> <span class='ocrx_word' id='word_1_667' title='bbox 3404 3081 3532 3152; x_wconf 87' lang='lat' dir='ltr'><strong>forte</strong></span> <span class='ocrx_word' id='word_1_668' title='bbox 3554 3081 3665 3136; x_wconf 86' lang='lat' dir='ltr'><strong>dicis</strong></span> <span class='ocrx_word' id='word_1_669' title='bbox 3686 3080 3816 3152; x_wconf 72' lang='lat' dir='ltr'><strong>(iere-</strong></span> 
     </span>
    </p>
   </div>
   <div class='ocr_carea' id='block_1_90' title="bbox 2254 3150 3818 3249">
    <p class='ocr_par' dir='ltr' id='par_1_90' title="bbox 2254 3150 3818 3249">
     <span class='ocr_line' id='line_1_90' title="bbox 2254 3150 3818 3249; baseline -0.003 -20"><span class='ocrx_word' id='word_1_670' title='bbox 2254 3150 2305 3229; x_wconf 74' lang='lat' dir='ltr'><strong>il</strong></span> <span class='ocrx_word' id='word_1_671' title='bbox 2334 3173 2457 3241; x_wconf 83' lang='lat' dir='ltr'><strong>tice)</strong></span> <span class='ocrx_word' id='word_1_672' title='bbox 2480 3174 2549 3228; x_wconf 88' lang='lat' dir='ltr'><strong>ad</strong></span> <span class='ocrx_word' id='word_1_673' title='bbox 2573 3172 2921 3231; x_wconf 74' lang='lat' dir='ltr'><strong>substantiam</strong></span> <span class='ocrx_word' id='word_1_674' title='bbox 2947 3172 3047 3229; x_wconf 79' lang='lat' dir='ltr'><strong>Dei</strong></span> <span class='ocrx_word' id='word_1_675' title='bbox 3074 3150 3580 3249; x_wconf 14' lang='lat' dir='ltr'><strong>uoluntatemisuam,</strong></span> <span class='ocrx_word' id='word_1_676' title='bbox 3602 3150 3818 3249; x_wconf 54' lang='lat' dir='ltr'><strong>n9an</strong></span> 
     </span>
    </p>
   </div>
   <div class='ocr_carea' id='block_1_91' title="bbox 2334 3259 3818 3345">
    <p class='ocr_par' dir='ltr' id='par_1_91' title="bbox 2334 3259 3818 3345">
     <span class='ocr_line' id='line_1_91' title="bbox 2334 3259 3818 3345; baseline -0.004 -26"><span class='ocrx_word' id='word_1_677' title='bbox 2334 3264 2844 3338; x_wconf 71' lang='lat' dir='ltr'><strong>prwdestinationem</strong></span> <span class='ocrx_word' id='word_1_678' title='bbox 2884 3280 3035 3323; x_wconf 79' lang='lat' dir='ltr'><strong>suam</strong></span> <span class='ocrx_word' id='word_1_679' title='bbox 3064 3265 3370 3335; x_wconf 79' lang='lat' dir='ltr'><strong>pertinere?</strong></span> <span class='ocrx_word' id='word_1_680' title='bbox 3396 3266 3482 3345; x_wconf 75' lang='lat' dir='ltr'><strong>Ita</strong></span> <span class='ocrx_word' id='word_1_681' title='bbox 3526 3275 3574 3319; x_wconf 84' lang='lat' dir='ltr'><strong>ut</strong></span> <span class='ocrx_word' id='word_1_682' title='bbox 3610 3281 3693 3319; x_wconf 80' lang='lat' dir='ltr'><strong>nos</strong></span> <span class='ocrx_word' id='word_1_683' title='bbox 3720 3259 3818 3316; x_wconf 68' lang='lat' dir='ltr'><strong>aliud</strong></span> 
     </span>
    </p>
   </div>
   <div class='ocr_carea' id='block_1_92' title="bbox 2334 3352 3821 3428">
    <p class='ocr_par' dir='ltr' id='par_1_92' title="bbox 2334 3352 3821 3428">
     <span class='ocr_line' id='line_1_92' title="bbox 2334 3352 3821 3428; baseline -0.004 -17"><span class='ocrx_word' id='word_1_684' title='bbox 2334 3358 2400 3412; x_wconf 85' lang='lat' dir='ltr'><strong>sit</strong></span> <span class='ocrx_word' id='word_1_685' title='bbox 2428 3354 2536 3410; x_wconf 91' lang='lat' dir='ltr'><strong>Deo</strong></span> <span class='ocrx_word' id='word_1_686' title='bbox 2565 3371 2676 3410; x_wconf 90' lang='lat' dir='ltr'><strong>esse</strong></span> <span class='ocrx_word' id='word_1_687' title='bbox 2710 3364 2759 3409; x_wconf 87' lang='lat' dir='ltr'><strong>et</strong></span> <span class='ocrx_word' id='word_1_688' title='bbox 2788 3352 2939 3420; x_wconf 84' lang='lat' dir='ltr'><strong>velle,</strong></span> <span class='ocrx_word' id='word_1_689' title='bbox 2970 3354 3116 3409; x_wconf 86' lang='lat' dir='ltr'><strong>aliud</strong></span> <span class='ocrx_word' id='word_1_690' title='bbox 3159 3370 3283 3409; x_wconf 84' lang='lat' dir='ltr'><strong>vero</strong></span> <span class='ocrx_word' id='word_1_691' title='bbox 3310 3372 3421 3411; x_wconf 86' lang='lat' dir='ltr'><strong>esse</strong></span> <span class='ocrx_word' id='word_1_692' title='bbox 3446 3367 3491 3412; x_wconf 87' lang='lat' dir='ltr'><strong>et</strong></span> <span class='ocrx_word' id='word_1_693' title='bbox 3517 3353 3821 3428; x_wconf 70' lang='lat' dir='ltr'><strong>praedestiuan.</strong></span> 
     </span>
    </p>
   </div>
   <div class='ocr_carea' id='block_1_93' title="bbox 2337 3446 3819 3520">
    <p class='ocr_par' dir='ltr' id='par_1_93' title="bbox 2337 3446 3819 3520">
     <span class='ocr_line' id='line_1_93' title="bbox 2337 3446 3819 3520; baseline -0.006 -15"><span class='ocrx_word' id='word_1_694' title='bbox 2337 3448 2443 3506; x_wconf 88' lang='lat' dir='ltr'><strong>Sed</strong></span> <span class='ocrx_word' id='word_1_695' title='bbox 2481 3449 2578 3503; x_wconf 84' lang='lat' dir='ltr'><strong>hoc</strong></span> <span class='ocrx_word' id='word_1_696' title='bbox 2616 3446 2774 3518; x_wconf 83' lang='lat' dir='ltr'><strong>facile</strong></span> <span class='ocrx_word' id='word_1_697' title='bbox 2798 3462 3074 3518; x_wconf 81' lang='lat' dir='ltr'><strong>possumus</strong></span> <span class='ocrx_word' id='word_1_698' title='bbox 3121 3447 3366 3518; x_wconf 77' lang='lat' dir='ltr'><strong>refellere</strong></span> <span class='ocrx_word' id='word_1_699' title='bbox 3411 3456 3699 3520; x_wconf 75' lang='lat' dir='ltr'><strong>argumento,</strong></span> <span class='ocrx_word' id='word_1_700' title='bbox 3726 3446 3819 3515; x_wconf 75' lang='lat' dir='ltr'><strong>qut</strong></span> 
     </span>
    </p>
   </div>
   <div class='ocr_carea' id='block_1_94' title="bbox 2333 3536 3821 3612">
    <p class='ocr_par' dir='ltr' id='par_1_94' title="bbox 2333 3536 3821 3612">
     <span class='ocr_line' id='line_1_94' title="bbox 2333 3536 3821 3612; baseline -0.005 -15"><span class='ocrx_word' id='word_1_701' title='bbox 2333 3540 2561 3597; x_wconf 86' lang='lat' dir='ltr'><strong>sumitur</strong></span> <span class='ocrx_word' id='word_1_702' title='bbox 2595 3556 2629 3595; x_wconf 91' lang='lat' dir='ltr'><strong>a</strong></span> <span class='ocrx_word' id='word_1_703' title='bbox 2672 3538 2995 3608; x_wconf 77' lang='lat' dir='ltr'><strong>deﬁnitione.</strong></span> <span class='ocrx_word' id='word_1_704' title='bbox 3028 3537 3149 3612; x_wconf 71' lang='lat' dir='ltr'><strong>[Est</strong></span> <span class='ocrx_word' id='word_1_705' title='bbox 3173 3540 3328 3595; x_wconf 84' lang='lat' dir='ltr'><strong>enim</strong></span> <span class='ocrx_word' id='word_1_706' title='bbox 3365 3540 3538 3596; x_wconf 84' lang='lat' dir='ltr'><strong>divina</strong></span> <span class='ocrx_word' id='word_1_707' title='bbox 3563 3536 3821 3610; x_wconf 70' lang='lat' dir='ltr'><strong>praedestina-</strong></span> 
     </span>
    </p>
   </div>
   <div class='ocr_carea' id='block_1_95' title="bbox 2336 3627 3820 3704">
    <p class='ocr_par' dir='ltr' id='par_1_95' title="bbox 2336 3627 3820 3704">
     <span class='ocr_line' id='line_1_95' title="bbox 2336 3627 3820 3704; baseline -0.005 -17"><span class='ocrx_word' id='word_1_708' title='bbox 2336 3632 2435 3699; x_wconf 88' lang='lat' dir='ltr'><strong>tio,</strong></span> <span class='ocrx_word' id='word_1_709' title='bbox 2468 3641 2523 3687; x_wconf 84' lang='lat' dir='ltr'><strong>ut</strong></span> <span class='ocrx_word' id='word_1_710' title='bbox 2568 3632 2644 3685; x_wconf 87' lang='lat' dir='ltr'><strong>ait</strong></span> <span class='ocrx_word' id='word_1_711' title='bbox 2670 3629 2997 3701; x_wconf 80' lang='lat' dir='ltr'><strong>Augustinus</strong></span> <span class='ocrx_word' id='word_1_712' title='bbox 3043 3630 3129 3702; x_wconf 83' lang='lat' dir='ltr'><strong>(de</strong></span> <span class='ocrx_word' id='word_1_713' title='bbox 3162 3632 3320 3688; x_wconf 82' lang='lat' dir='ltr'><strong>Dono</strong></span> <span class='ocrx_word' id='word_1_714' title='bbox 3358 3647 3583 3704; x_wconf 79' lang='lat' dir='ltr'><strong>persev.,</strong></span> <span class='ocrx_word' id='word_1_715' title='bbox 3622 3645 3716 3701; x_wconf 84' lang='lat' dir='ltr'><strong>cap.</strong></span> <span class='ocrx_word' id='word_1_716' title='bbox 3750 3627 3820 3695; x_wconf 80' lang='lat' dir='ltr'><strong>li),</strong></span> 
     </span>
    </p>
   </div>
   <div class='ocr_carea' id='block_1_96' title="bbox 2335 3723 3823 3794">
    <p class='ocr_par' dir='ltr' id='par_1_96' title="bbox 2335 3723 3823 3794">
     <span class='ocr_line' id='line_1_96' title="bbox 2335 3723 3823 3794; baseline -0.002 -13"><span class='ocrx_word' id='word_1_717' title='bbox 2335 3724 2575 3781; x_wconf 86' lang='lat' dir='ltr'><strong>omnium</strong></span> <span class='ocrx_word' id='word_1_718' title='bbox 2603 3739 2727 3794; x_wconf 70' lang='lat' dir='ltr'><strong>qua:</strong></span> <span class='ocrx_word' id='word_1_719' title='bbox 2760 3724 2902 3780; x_wconf 89' lang='lat' dir='ltr'><strong>Deus</strong></span> <span class='ocrx_word' id='word_1_720' title='bbox 2941 3723 3181 3782; x_wconf 81' lang='lat' dir='ltr'><strong>facturus</strong></span> <span class='ocrx_word' id='word_1_721' title='bbox 3209 3735 3299 3785; x_wconf 84' lang='lat' dir='ltr'><strong>est</strong></span> <span class='ocrx_word' id='word_1_722' title='bbox 3328 3735 3457 3783; x_wconf 85' lang='lat' dir='ltr'><strong>ante</strong></span> <span class='ocrx_word' id='word_1_723' title='bbox 3482 3724 3654 3782; x_wconf 67' lang='lat' dir='ltr'><strong>saecula</strong></span> <span class='ocrx_word' id='word_1_724' title='bbox 3683 3735 3823 3793; x_wconf 66' lang='lat' dir='ltr'><strong>prepa-</strong></span> 
     </span>
    </p>
   </div>
   <div class='ocr_carea' id='block_1_97' title="bbox 2334 3813 3822 3890">
    <p class='ocr_par' dir='ltr' id='par_1_97' title="bbox 2334 3813 3822 3890">
     <span class='ocr_line' id='line_1_97' title="bbox 2334 3813 3822 3890; baseline -0.007 -17"><span class='ocrx_word' id='word_1_725' title='bbox 2334 3816 2476 3873; x_wconf 84' lang='lat' dir='ltr'><strong>ratio</strong></span> <span class='ocrx_word' id='word_1_726' title='bbox 2505 3823 2669 3885; x_wconf 80' lang='lat' dir='ltr'><strong>atque</strong></span> <span class='ocrx_word' id='word_1_727' title='bbox 2696 3814 3025 3890; x_wconf 83' lang='lat' dir='ltr'><strong>dispositio.]</strong></span> <span class='ocrx_word' id='word_1_728' title='bbox 3052 3815 3112 3872; x_wconf 88' lang='lat' dir='ltr'><strong>Si</strong></span> <span class='ocrx_word' id='word_1_729' title='bbox 3133 3834 3255 3889; x_wconf 86' lang='lat' dir='ltr'><strong>ergo</strong></span> <span class='ocrx_word' id='word_1_730' title='bbox 3287 3829 3412 3874; x_wconf 86' lang='lat' dir='ltr'><strong>ante</strong></span> <span class='ocrx_word' id='word_1_731' title='bbox 3435 3816 3616 3873; x_wconf 68' lang='lat' dir='ltr'><strong>sarcula</strong></span> <span class='ocrx_word' id='word_1_732' title='bbox 3634 3813 3736 3869; x_wconf 73' lang='lat' dir='ltr'><strong>nihil</strong></span> <span class='ocrx_word' id='word_1_733' title='bbox 3750 3825 3822 3864; x_wconf 77' lang='lat' dir='ltr'><strong>rn-</strong></span> 
     </span>
    </p>
   </div>
   <div class='ocr_carea' id='block_1_98' title="bbox 2333 3902 3823 3981">
    <p class='ocr_par' dir='ltr' id='par_1_98' title="bbox 2333 3902 3823 3981">
     <span class='ocr_line' id='line_1_98' title="bbox 2333 3902 3823 3981; baseline -0.007 -16"><span class='ocrx_word' id='word_1_734' title='bbox 2333 3909 2478 3966; x_wconf 82' lang='lat' dir='ltr'><strong>ditur</strong></span> <span class='ocrx_word' id='word_1_735' title='bbox 2497 3920 2546 3966; x_wconf 90' lang='lat' dir='ltr'><strong>et</strong></span> <span class='ocrx_word' id='word_1_736' title='bbox 2574 3909 2882 3981; x_wconf 55' lang='lat' dir='ltr'><strong>intelligitur</strong></span> <span class='ocrx_word' id='word_1_737' title='bbox 2900 3918 3092 3979; x_wconf 67' lang='lat' dir='ltr'><strong>prater</strong></span> <span class='ocrx_word' id='word_1_738' title='bbox 3118 3912 3293 3979; x_wconf 80' lang='lat' dir='ltr'><strong>solum</strong></span> <span class='ocrx_word' id='word_1_739' title='bbox 3317 3911 3484 3967; x_wconf 86' lang='lat' dir='ltr'><strong>Deum</strong></span> <span class='ocrx_word' id='word_1_740' title='bbox 3508 3910 3668 3981; x_wconf 87' lang='lat' dir='ltr'><strong>fuisse,</strong></span> <span class='ocrx_word' id='word_1_741' title='bbox 3686 3902 3823 3976; x_wconf 70' lang='lat' dir='ltr'><strong>prate-</strong></span> 
     </span>
    </p>
   </div>
   <div class='ocr_carea' id='block_1_99' title="bbox 2334 3999 3823 4063">
    <p class='ocr_par' dir='ltr' id='par_1_99' title="bbox 2334 3999 3823 4063">
     <span class='ocr_line' id='line_1_99' title="bbox 2334 3999 3823 4063; baseline -0.005 -8"><span class='ocrx_word' id='word_1_742' title='bbox 2334 4001 2666 4057; x_wconf 87' lang='lat' dir='ltr'><strong>stinationem</strong></span> <span class='ocrx_word' id='word_1_743' title='bbox 2706 3999 3021 4063; x_wconf 16' lang='lat' dir='ltr'><strong>autemkDei</strong></span> <span class='ocrx_word' id='word_1_744' title='bbox 3066 4010 3187 4056; x_wconf 88' lang='lat' dir='ltr'><strong>ante</strong></span> <span class='ocrx_word' id='word_1_745' title='bbox 3232 4012 3439 4057; x_wconf 83' lang='lat' dir='ltr'><strong>amnem</strong></span> <span class='ocrx_word' id='word_1_746' title='bbox 3466 4011 3720 4057; x_wconf 69' lang='lat' dir='ltr'><strong>creaturam</strong></span> <span class='ocrx_word' id='word_1_747' title='bbox 3750 4006 3823 4048; x_wconf 76' lang='lat' dir='ltr'><strong>eus</strong></span> 
     </span>
    </p>
   </div>
   <div class='ocr_carea' id='block_1_100' title="bbox 2335 4084 3823 4166">
    <p class='ocr_par' dir='ltr' id='par_1_100' title="bbox 2335 4084 3823 4166">
     <span class='ocr_line' id='line_1_100' title="bbox 2335 4084 3823 4166; baseline -0.005 -19"><span class='ocrx_word' id='word_1_748' title='bbox 2335 4092 2511 4155; x_wconf 75' lang='lat' dir='ltr'><strong>nullus</strong></span> <span class='ocrx_word' id='word_1_749' title='bbox 2537 4110 2698 4149; x_wconf 90' lang='lat' dir='ltr'><strong>sanus</strong></span> <span class='ocrx_word' id='word_1_750' title='bbox 2719 4093 2933 4165; x_wconf 87' lang='lat' dir='ltr'><strong>ambigit</strong></span> <span class='ocrx_word' id='word_1_751' title='bbox 2955 4106 2973 4146; x_wconf 88' lang='lat'><strong><em>:</em></strong></span> <span class='ocrx_word' id='word_1_752' title='bbox 2999 4093 3264 4164; x_wconf 80' lang='lat' dir='ltr'><strong>colligitur</strong></span> <span class='ocrx_word' id='word_1_753' title='bbox 3282 4094 3745 4166; x_wconf 74' lang='lat' dir='ltr'><strong>prtedestinationea</strong></span> <span class='ocrx_word' id='word_1_754' title='bbox 3761 4084 3823 4140; x_wconf 68' lang='lat' dir='ltr'><strong>Dei</strong></span> 
     </span>
    </p>
   </div>
   <div class='ocr_carea' id='block_1_101' title="bbox 2336 4185 3822 4260">
    <p class='ocr_par' dir='ltr' id='par_1_101' title="bbox 2336 4185 3822 4260">
     <span class='ocr_line' id='line_1_101' title="bbox 2336 4185 3822 4260; baseline -0.005 -17"><span class='ocrx_word' id='word_1_755' title='bbox 2336 4187 2506 4259; x_wconf 84' lang='lat' dir='ltr'><strong>ipsum</strong></span> <span class='ocrx_word' id='word_1_756' title='bbox 2532 4185 2698 4241; x_wconf 83' lang='lat' dir='ltr'><strong>Deum</strong></span> <span class='ocrx_word' id='word_1_757' title='bbox 2745 4203 2875 4252; x_wconf 88' lang='lat' dir='ltr'><strong>esse,</strong></span> <span class='ocrx_word' id='word_1_758' title='bbox 2914 4197 3067 4259; x_wconf 85' lang='lat' dir='ltr'><strong>atque</strong></span> <span class='ocrx_word' id='word_1_759' title='bbox 3104 4187 3174 4242; x_wconf 81' lang='lat' dir='ltr'><strong>ad</strong></span> <span class='ocrx_word' id='word_1_760' title='bbox 3208 4199 3460 4244; x_wconf 85' lang='lat' dir='ltr'><strong>naturam</strong></span> <span class='ocrx_word' id='word_1_761' title='bbox 3489 4190 3594 4260; x_wconf 79' lang='lat' dir='ltr'><strong>ejus</strong></span> <span class='ocrx_word' id='word_1_762' title='bbox 3622 4186 3822 4257; x_wconf 71' lang='lat' dir='ltr'><strong>pertinere.</strong></span> 
     </span>
    </p>
   </div>
   <div class='ocr_carea' id='block_1_102' title="bbox 2335 4279 3824 4351">
    <p class='ocr_par' dir='ltr' id='par_1_102' title="bbox 2335 4279 3824 4351">
     <span class='ocr_line' id='line_1_102' title="bbox 2335 4279 3824 4351; baseline -0.002 -13"><span class='ocrx_word' id='word_1_763' title='bbox 2335 4280 2443 4338; x_wconf 87' lang='lat' dir='ltr'><strong>Sed</strong></span> <span class='ocrx_word' id='word_1_764' title='bbox 2456 4296 2519 4335; x_wconf 89' lang='lat' dir='ltr'><strong>ne</strong></span> <span class='ocrx_word' id='word_1_765' title='bbox 2531 4280 2666 4351; x_wconf 88' lang='lat' dir='ltr'><strong>forte</strong></span> <span class='ocrx_word' id='word_1_766' title='bbox 2685 4280 2854 4348; x_wconf 86' lang='lat' dir='ltr'><strong>dicas,</strong></span> <span class='ocrx_word' id='word_1_767' title='bbox 2875 4297 2994 4351; x_wconf 63' lang='lat' dir='ltr'><strong>quas</strong></span> <span class='ocrx_word' id='word_1_768' title='bbox 3019 4281 3082 4336; x_wconf 90' lang='lat' dir='ltr'><strong>de</strong></span> <span class='ocrx_word' id='word_1_769' title='bbox 3103 4280 3215 4339; x_wconf 91' lang='lat' dir='ltr'><strong>Deo</strong></span> <span class='ocrx_word' id='word_1_770' title='bbox 3227 4294 3353 4339; x_wconf 84' lang='lat' dir='ltr'><strong>ante</strong></span> <span class='ocrx_word' id='word_1_771' title='bbox 3373 4281 3612 4337; x_wconf 74' lang='lat' dir='ltr'><strong>mundum</strong></span> <span class='ocrx_word' id='word_1_772' title='bbox 3630 4279 3824 4335; x_wconf 69' lang='lat' dir='ltr'><strong>dictum.</strong></span> 
     </span>
    </p>
   </div>
   <div class='ocr_carea' id='block_1_103' title="bbox 2333 4375 3822 4446">
    <p class='ocr_par' dir='ltr' id='par_1_103' title="bbox 2333 4375 3822 4446">
     <span class='ocr_line' id='line_1_103' title="bbox 2333 4375 3822 4446; baseline 0.001 -17"><span class='ocrx_word' id='word_1_773' title='bbox 2333 4390 2436 4429; x_wconf 88' lang='lat' dir='ltr'><strong>non</strong></span> <span class='ocrx_word' id='word_1_774' title='bbox 2473 4375 2651 4444; x_wconf 87' lang='lat' dir='ltr'><strong>utique</strong></span> <span class='ocrx_word' id='word_1_775' title='bbox 2697 4390 2901 4446; x_wconf 81' lang='lat' dir='ltr'><strong>semper</strong></span> <span class='ocrx_word' id='word_1_776' title='bbox 2938 4376 3225 4435; x_wconf 82' lang='lat' dir='ltr'><strong>secundum</strong></span> <span class='ocrx_word' id='word_1_777' title='bbox 3254 4377 3596 4432; x_wconf 77' lang='lat' dir='ltr'><strong>substantiam</strong></span> <span class='ocrx_word' id='word_1_778' title='bbox 3620 4375 3822 4431; x_wconf 64' lang='lat' dir='ltr'><strong>dicunt&quot;;</strong></span> 
     </span>
    </p>
   </div>
   <div class='ocr_carea' id='block_1_104' title="bbox 2329 4462 3822 4541">
    <p class='ocr_par' dir='ltr' id='par_1_104' title="bbox 2329 4462 3822 4541">
     <span class='ocr_line' id='line_1_104' title="bbox 2329 4462 3822 4541; baseline -0.001 -22"><span class='ocrx_word' id='word_1_779' title='bbox 2329 4467 2574 4537; x_wconf 67' lang='lat' dir='ltr'><strong>quaadam</strong></span> <span class='ocrx_word' id='word_1_780' title='bbox 2603 4466 2742 4541; x_wconf 75' lang='lat' dir='ltr'><strong>enim</strong></span> <span class='ocrx_word' id='word_1_781' title='bbox 2786 4468 3145 4537; x_wconf 57' lang='lat' dir='ltr'><strong>praedicantur</strong></span> <span class='ocrx_word' id='word_1_782' title='bbox 3190 4468 3619 4533; x_wconf 80' lang='lat' dir='ltr'><strong>substantialiter,</strong></span> <span class='ocrx_word' id='word_1_783' title='bbox 3650 4462 3822 4537; x_wconf 69' lang='lat' dir='ltr'><strong>quam</strong></span> 
     </span>
    </p>
   </div>
   <div class='ocr_carea' id='block_1_105' title="bbox 2258 4528 3824 4631">
    <p class='ocr_par' dir='ltr' id='par_1_105' title="bbox 2258 4528 3824 4631">
     <span class='ocr_line' id='line_1_105' title="bbox 2258 4528 3824 4631; baseline 0 -19"><span class='ocrx_word' id='word_1_784' title='bbox 2258 4528 2307 4589; x_wconf 69' lang='grc' dir='ltr'><strong>θ</strong></span> <span class='ocrx_word' id='word_1_785' title='bbox 2332 4556 2544 4613; x_wconf 86' lang='lat' dir='ltr'><strong>relative</strong></span> <span class='ocrx_word' id='word_1_786' title='bbox 2573 4570 2592 4610; x_wconf 88' lang='lat'><strong><em>:</em></strong></span> <span class='ocrx_word' id='word_1_787' title='bbox 2618 4532 2722 4613; x_wconf 84' lang='lat' dir='ltr'><strong>non</strong></span> <span class='ocrx_word' id='word_1_788' title='bbox 2749 4559 2886 4615; x_wconf 86' lang='lat' dir='ltr'><strong>enim</strong></span> <span class='ocrx_word' id='word_1_789' title='bbox 2906 4560 3194 4617; x_wconf 78' lang='lat' dir='ltr'><strong>secundum</strong></span> <span class='ocrx_word' id='word_1_790' title='bbox 3212 4560 3579 4631; x_wconf 64' lang='lat' dir='ltr'><strong>substantiam,</strong></span> <span class='ocrx_word' id='word_1_791' title='bbox 3604 4555 3680 4612; x_wconf 82' lang='lat' dir='ltr'><strong>sed</strong></span> <span class='ocrx_word' id='word_1_792' title='bbox 3698 4566 3824 4607; x_wconf 67' lang='grc' dir='ltr'><strong>κιαι·</strong></span> 
     </span>
    </p>
   </div>
   <div class='ocr_carea' id='block_1_106' title="bbox 2331 4643 3927 4723">
    <p class='ocr_par' dir='ltr' id='par_1_106' title="bbox 2331 4643 3927 4723">
     <span class='ocr_line' id='line_1_106' title="bbox 2331 4643 3927 4723; baseline 0.002 -19"><span class='ocrx_word' id='word_1_793' title='bbox 2331 4650 2460 4705; x_wconf 88' lang='lat' dir='ltr'><strong>dum</strong></span> <span class='ocrx_word' id='word_1_794' title='bbox 2488 4649 2793 4703; x_wconf 84' lang='lat' dir='ltr'><strong>relationem</strong></span> <span class='ocrx_word' id='word_1_795' title='bbox 2822 4649 3015 4705; x_wconf 85' lang='lat' dir='ltr'><strong>dicitur</strong></span> <span class='ocrx_word' id='word_1_796' title='bbox 3041 4650 3226 4720; x_wconf 89' lang='lat' dir='ltr'><strong>Pater,</strong></span> <span class='ocrx_word' id='word_1_797' title='bbox 3252 4654 3452 4723; x_wconf 79' lang='lat' dir='ltr'><strong>dicitur</strong></span> <span class='ocrx_word' id='word_1_798' title='bbox 3484 4648 3658 4711; x_wconf 81' lang='lat' dir='ltr'><strong>Filius,</strong></span> <span class='ocrx_word' id='word_1_799' title='bbox 3691 4643 3823 4698; x_wconf 67' lang='lat' dir='ltr'><strong>dicunt</strong></span> <span class='ocrx_word' id='word_1_800' title='bbox 3926 4704 3927 4707; x_wconf 44' lang='grc' dir='ltr'><strong>η</strong></span> 
     </span>
    </p>
   </div>
   <div class='ocr_carea' id='block_1_107' title="bbox 2330 4735 3823 4815">
    <p class='ocr_par' dir='ltr' id='par_1_107' title="bbox 2330 4735 3823 4815">
     <span class='ocr_line' id='line_1_107' title="bbox 2330 4735 3823 4815; baseline -0.001 -18"><span class='ocrx_word' id='word_1_801' title='bbox 2330 4739 2587 4797; x_wconf 82' lang='lat' dir='ltr'><strong>Dominus</strong></span> <span class='ocrx_word' id='word_1_802' title='bbox 2620 4754 2638 4793; x_wconf 91' lang='lat'><strong><em>:</em></strong></span> <span class='ocrx_word' id='word_1_803' title='bbox 2673 4739 2914 4796; x_wconf 85' lang='lat' dir='ltr'><strong>similiter</strong></span> <span class='ocrx_word' id='word_1_804' title='bbox 2934 4743 3325 4813; x_wconf 81' lang='lat' dir='ltr'><strong>prtedestinatio</strong></span> <span class='ocrx_word' id='word_1_805' title='bbox 3352 4744 3469 4815; x_wconf 67' lang='lat' dir='ltr'><strong>ejus</strong></span> <span class='ocrx_word' id='word_1_806' title='bbox 3498 4742 3683 4811; x_wconf 80' lang='lat' dir='ltr'><strong>relqtire</strong></span> <span class='ocrx_word' id='word_1_807' title='bbox 3710 4735 3761 4789; x_wconf 69' lang='lat' dir='ltr'><strong>ad</strong></span> <span class='ocrx_word' id='word_1_808' title='bbox 3783 4746 3823 4785; x_wconf 65' lang='grc' dir='ltr'><em>α</em></span> 
     </span>
    </p>
   </div>
   <div class='ocr_carea' id='block_1_108' title="bbox 2329 4830 3821 4905">
    <p class='ocr_par' dir='ltr' id='par_1_108' title="bbox 2329 4830 3821 4905">
     <span class='ocr_line' id='line_1_108' title="bbox 2329 4830 3821 4905; baseline -0.001 -20"><span class='ocrx_word' id='word_1_809' title='bbox 2329 4847 2452 4903; x_wconf 70' lang='lat' dir='ltr'><strong>qua:</strong></span> <span class='ocrx_word' id='word_1_810' title='bbox 2486 4830 2860 4901; x_wconf 66' lang='lat' dir='ltr'><strong>pra&#39;destinata</strong></span> <span class='ocrx_word' id='word_1_811' title='bbox 2900 4842 3023 4889; x_wconf 83' lang='lat' dir='ltr'><strong>sunt</strong></span> <span class='ocrx_word' id='word_1_812' title='bbox 3059 4834 3349 4905; x_wconf 84' lang='lat' dir='ltr'><strong>profertur.</strong></span> <span class='ocrx_word' id='word_1_813' title='bbox 3374 4835 3536 4905; x_wconf 24' lang='lat' dir='ltr'><strong>dludi</strong></span> <span class='ocrx_word' id='word_1_814' title='bbox 3572 4831 3821 4903; x_wconf 67' lang='lat' dir='ltr'><strong>Scriptum</strong></span> 
     </span>
    </p>
   </div>
   <div class='ocr_carea' id='block_1_109' title="bbox 2330 4904 3824 5005">
    <p class='ocr_par' dir='ltr' id='par_1_109' title="bbox 2330 4904 3824 5005">
     <span class='ocr_line' id='line_1_109' title="bbox 2330 4904 3824 5005; baseline -0.002 -28"><span class='ocrx_word' id='word_1_815' title='bbox 2330 4922 2397 4979; x_wconf 88' lang='lat' dir='ltr'><strong>de</strong></span> <span class='ocrx_word' id='word_1_816' title='bbox 2442 4921 2647 4978; x_wconf 78' lang='lat' dir='ltr'><strong>Christo</strong></span> <span class='ocrx_word' id='word_1_817' title='bbox 2673 4922 2929 4977; x_wconf 83' lang='lat' dir='ltr'><strong>dicentem</strong></span> <span class='ocrx_word' id='word_1_818' title='bbox 2959 4940 2979 4979; x_wconf 89' lang='lat'><strong><em>:</em></strong></span> <span class='ocrx_word' id='word_1_819' title='bbox 3005 4923 3063 4979; x_wconf 89' lang='lat' dir='ltr'><strong>In</strong></span> <span class='ocrx_word' id='word_1_820' title='bbox 3108 4941 3216 4997; x_wconf 88' lang='lat' dir='ltr'><strong>quo</strong></span> <span class='ocrx_word' id='word_1_821' title='bbox 3262 4904 3396 4983; x_wconf 70' lang='lat' dir='ltr'><strong>suui.</strong></span> <span class='ocrx_word' id='word_1_822' title='bbox 3439 4940 3616 5005; x_wconf 72' lang='lat' dir='ltr'><strong>omnes</strong></span> <span class='ocrx_word' id='word_1_823' title='bbox 3653 4911 3824 4976; x_wconf 73' lang='lat' dir='ltr'><strong>thesauri</strong></span> 
     </span>
    </p>
   </div>
   <div class='ocr_carea' id='block_1_110' title="bbox 2332 5014 3824 5095">
    <p class='ocr_par' dir='ltr' id='par_1_110' title="bbox 2332 5014 3824 5095">
     <span class='ocr_line' id='line_1_110' title="bbox 2332 5014 3824 5095; baseline -0.002 -23"><span class='ocrx_word' id='word_1_824' title='bbox 2332 5015 2573 5072; x_wconf 67' lang='lat' dir='ltr'><strong>scientiae</strong></span> <span class='ocrx_word' id='word_1_825' title='bbox 2585 5023 2641 5070; x_wconf 88' lang='lat' dir='ltr'><strong>et</strong></span> <span class='ocrx_word' id='word_1_826' title='bbox 2652 5014 2930 5085; x_wconf 65' lang='lat' dir='ltr'><strong>sapientiae</strong></span> <span class='ocrx_word' id='word_1_827' title='bbox 2943 5015 3240 5091; x_wconf 80' lang='lat' dir='ltr'><strong>absconditi</strong></span> <span class='ocrx_word' id='word_1_828' title='bbox 3256 5015 3451 5095; x_wconf 37' lang='lat' dir='ltr'><strong>(Calui:</strong></span> <span class='ocrx_word' id='word_1_829' title='bbox 3460 5059 3476 5084; x_wconf 93' lang='lat'><strong>,</strong></span> <span class='ocrx_word' id='word_1_830' title='bbox 3486 5019 3560 5089; x_wconf 76' lang='lat'><strong>3).</strong></span> <span class='ocrx_word' id='word_1_831' title='bbox 3572 5016 3671 5095; x_wconf 70' lang='lat' dir='ltr'><strong>Dic,</strong></span> <span class='ocrx_word' id='word_1_832' title='bbox 3684 5021 3824 5084; x_wconf 65' lang='lat' dir='ltr'><strong>qm.</strong></span> 
     </span>
    </p>
   </div>
   <div class='ocr_carea' id='block_1_111' title="bbox 2331 5086 3825 5188">
    <p class='ocr_par' dir='ltr' id='par_1_111' title="bbox 2331 5086 3825 5188">
     <span class='ocr_line' id='line_1_111' title="bbox 2331 5086 3825 5188; baseline -0.005 -27"><span class='ocrx_word' id='word_1_833' title='bbox 2331 5107 2457 5179; x_wconf 89' lang='lat' dir='ltr'><strong>quid</strong></span> <span class='ocrx_word' id='word_1_834' title='bbox 2488 5106 2543 5161; x_wconf 89' lang='lat' dir='ltr'><strong>in</strong></span> <span class='ocrx_word' id='word_1_835' title='bbox 2570 5105 2651 5160; x_wconf 86' lang='lat' dir='ltr'><strong>his</strong></span> <span class='ocrx_word' id='word_1_836' title='bbox 2680 5103 2844 5161; x_wconf 86' lang='lat' dir='ltr'><strong>verbis</strong></span> <span class='ocrx_word' id='word_1_837' title='bbox 2875 5086 3161 5177; x_wconf 80' lang='lat' dir='ltr'><strong>intelligere</strong></span> <span class='ocrx_word' id='word_1_838' title='bbox 3186 5086 3439 5162; x_wconf 45' lang='lat' dir='ltr'><strong>conaris)</strong></span> <span class='ocrx_word' id='word_1_839' title='bbox 3475 5086 3552 5161; x_wconf 77' lang='lat' dir='ltr'><strong>An</strong></span> <span class='ocrx_word' id='word_1_840' title='bbox 3573 5086 3688 5188; x_wconf 50' lang='lat' dir='ltr'><strong>[forte</strong></span> <span class='ocrx_word' id='word_1_841' title='bbox 3706 5098 3825 5155; x_wconf 72' lang='lat' dir='ltr'><strong>stin-</strong></span> 
     </span>
    </p>
   </div>
   <div class='ocr_carea' id='block_1_112' title="bbox 2333 5199 3826 5274">
    <p class='ocr_par' dir='ltr' id='par_1_112' title="bbox 2333 5199 3826 5274">
     <span class='ocr_line' id='line_1_112' title="bbox 2333 5199 3826 5274; baseline -0.007 -15"><span class='ocrx_word' id='word_1_842' title='bbox 2333 5205 2462 5259; x_wconf 89' lang='lat' dir='ltr'><strong>tiam</strong></span> <span class='ocrx_word' id='word_1_843' title='bbox 2481 5214 2529 5258; x_wconf 87' lang='lat' dir='ltr'><strong>et</strong></span> <span class='ocrx_word' id='word_1_844' title='bbox 2549 5201 2864 5272; x_wconf 84' lang='lat' dir='ltr'><strong>sapientiam</strong></span> <span class='ocrx_word' id='word_1_845' title='bbox 2884 5201 3083 5257; x_wconf 81' lang='lat' dir='ltr'><strong>Christi</strong></span> <span class='ocrx_word' id='word_1_846' title='bbox 3106 5218 3215 5258; x_wconf 89' lang='lat' dir='ltr'><strong>esse</strong></span> <span class='ocrx_word' id='word_1_847' title='bbox 3225 5202 3443 5274; x_wconf 87' lang='lat' dir='ltr'><strong>judicas</strong></span> <span class='ocrx_word' id='word_1_848' title='bbox 3471 5199 3738 5261; x_wconf 78' lang='lat' dir='ltr'><strong>accidentia,</strong></span> <span class='ocrx_word' id='word_1_849' title='bbox 3758 5204 3826 5274; x_wconf 68' lang='lat' dir='ltr'><strong>ut</strong></span> 
     </span>
    </p>
   </div>
   <div class='ocr_carea' id='block_1_113' title="bbox 2335 5272 3828 5367">
    <p class='ocr_par' dir='ltr' id='par_1_113' title="bbox 2335 5272 3828 5367">
     <span class='ocr_line' id='line_1_113' title="bbox 2335 5272 3828 5367; baseline -0.009 -15"><span class='ocrx_word' id='word_1_850' title='bbox 2335 5305 2508 5353; x_wconf 88' lang='lat' dir='ltr'><strong>autem</strong></span> <span class='ocrx_word' id='word_1_851' title='bbox 2533 5294 2647 5367; x_wconf 83' lang='lat' dir='ltr'><strong>ejus</strong></span> <span class='ocrx_word' id='word_1_852' title='bbox 2670 5295 2955 5350; x_wconf 88' lang='lat' dir='ltr'><strong>secundum</strong></span> <span class='ocrx_word' id='word_1_853' title='bbox 2984 5310 3135 5350; x_wconf 88' lang='lat' dir='ltr'><strong>suam</strong></span> <span class='ocrx_word' id='word_1_854' title='bbox 3174 5272 3499 5366; x_wconf 58' lang='lat' dir='ltr'><strong>divinitatem</strong></span> <span class='ocrx_word' id='word_1_855' title='bbox 3521 5272 3828 5349; x_wconf 65' lang='lat' dir='ltr'><strong>substantia?</strong></span> 
     </span>
    </p>
   </div>
   <div class='ocr_carea' id='block_1_114' title="bbox 2338 5376 3825 5455">
    <p class='ocr_par' dir='ltr' id='par_1_114' title="bbox 2338 5376 3825 5455">
     <span class='ocr_line' id='line_1_114' title="bbox 2338 5376 3825 5455; baseline -0.009 -14"><span class='ocrx_word' id='word_1_856' title='bbox 2338 5385 2491 5454; x_wconf 82' lang='lat' dir='ltr'><strong>Quod</strong></span> <span class='ocrx_word' id='word_1_857' title='bbox 2534 5385 2914 5441; x_wconf 82' lang='lat' dir='ltr'><strong>absurdissime</strong></span> <span class='ocrx_word' id='word_1_858' title='bbox 2950 5386 3182 5441; x_wconf 81' lang='lat' dir='ltr'><strong>creditur</strong></span> <span class='ocrx_word' id='word_1_859' title='bbox 3215 5393 3263 5441; x_wconf 87' lang='lat' dir='ltr'><strong>et</strong></span> <span class='ocrx_word' id='word_1_860' title='bbox 3307 5384 3586 5455; x_wconf 82' lang='lat' dir='ltr'><strong>falsissime</strong></span> <span class='ocrx_word' id='word_1_861' title='bbox 3626 5376 3825 5436; x_wconf 63' lang='lat' dir='ltr'><strong>suadetur.</strong></span> 
     </span>
    </p>
   </div>
   <div class='ocr_carea' id='block_1_115' title="bbox 2334 5470 3827 5557">
    <p class='ocr_par' dir='ltr' id='par_1_115' title="bbox 2334 5470 3827 5557">
     <span class='ocr_line' id='line_1_115' title="bbox 2334 5470 3827 5557; baseline -0.007 -24"><span class='ocrx_word' id='word_1_862' title='bbox 2334 5477 2581 5537; x_wconf 86' lang='lat' dir='ltr'><strong>Summus</strong></span> <span class='ocrx_word' id='word_1_863' title='bbox 2608 5480 2749 5535; x_wconf 88' lang='lat' dir='ltr'><strong>enim</strong></span> <span class='ocrx_word' id='word_1_864' title='bbox 2790 5478 2879 5534; x_wconf 91' lang='lat' dir='ltr'><strong>ille</strong></span> <span class='ocrx_word' id='word_1_865' title='bbox 2913 5478 3222 5545; x_wconf 87' lang='lat' dir='ltr'><strong>intellectus,</strong></span> <span class='ocrx_word' id='word_1_866' title='bbox 3252 5477 3312 5535; x_wconf 85' lang='lat' dir='ltr'><strong>in</strong></span> <span class='ocrx_word' id='word_1_867' title='bbox 3357 5493 3466 5551; x_wconf 87' lang='lat' dir='ltr'><strong>quo</strong></span> <span class='ocrx_word' id='word_1_868' title='bbox 3498 5484 3615 5557; x_wconf 75' lang='lat' dir='ltr'><strong>sunt</strong></span> <span class='ocrx_word' id='word_1_869' title='bbox 3645 5470 3827 5557; x_wconf 49' lang='lat' dir='ltr'><strong>universi</strong></span> 
     </span>
    </p>
   </div>
   <div class='ocr_carea' id='block_1_116' title="bbox 2334 5552 3825 5644">
    <p class='ocr_par' dir='ltr' id='par_1_116' title="bbox 2334 5552 3825 5644">
     <span class='ocr_line' id='line_1_116' title="bbox 2334 5552 3825 5644; baseline -0.009 -19"><span class='ocrx_word' id='word_1_870' title='bbox 2334 5569 2471 5640; x_wconf 89' lang='lat' dir='ltr'><strong>(Col.</strong></span> <span class='ocrx_word' id='word_1_871' title='bbox 2504 5588 2545 5638; x_wconf 80' lang='grc' dir='ltr'><strong>ι,</strong></span> <span class='ocrx_word' id='word_1_872' title='bbox 2597 5571 2710 5644; x_wconf 83' lang='grc'><strong>16),</strong></span> <span class='ocrx_word' id='word_1_873' title='bbox 2749 5572 2856 5627; x_wconf 88' lang='lat' dir='ltr'><strong>imo</strong></span> <span class='ocrx_word' id='word_1_874' title='bbox 2902 5573 3012 5644; x_wconf 84' lang='lat' dir='ltr'><strong>ipse</strong></span> <span class='ocrx_word' id='word_1_875' title='bbox 3050 5581 3126 5626; x_wconf 88' lang='lat' dir='ltr'><strong>est</strong></span> <span class='ocrx_word' id='word_1_876' title='bbox 3180 5571 3443 5637; x_wconf 75' lang='lat' dir='ltr'><strong>universa,</strong></span> <span class='ocrx_word' id='word_1_877' title='bbox 3671 5552 3825 5616; x_wconf 62' lang='lat' dir='ltr'><strong>ditent!</strong></span> 
     </span>
    </p>
   </div>
   <div class='ocr_carea' id='block_1_117' title="bbox 2331 5654 3824 5744">
    <p class='ocr_par' dir='ltr' id='par_1_117' title="bbox 2331 5654 3824 5744">
     <span class='ocr_line' id='line_1_117' title="bbox 2331 5654 3824 5744; baseline -0.007 -27"><span class='ocrx_word' id='word_1_878' title='bbox 2331 5661 2798 5735; x_wconf 82' lang='lat' dir='ltr'><strong>signiﬁcationibus</strong></span> <span class='ocrx_word' id='word_1_879' title='bbox 2844 5664 3114 5718; x_wconf 84' lang='lat' dir='ltr'><strong>nominum</strong></span> <span class='ocrx_word' id='word_1_880' title='bbox 3143 5663 3206 5718; x_wconf 89' lang='lat' dir='ltr'><strong>ab</strong></span> <span class='ocrx_word' id='word_1_881' title='bbox 3243 5662 3361 5735; x_wconf 85' lang='lat' dir='ltr'><strong>ipsa</strong></span> <span class='ocrx_word' id='word_1_882' title='bbox 3405 5654 3635 5716; x_wconf 86' lang='lat' dir='ltr'><strong>rationali</strong></span> <span class='ocrx_word' id='word_1_883' title='bbox 3674 5657 3824 5744; x_wconf 38' lang='lat' dir='ltr'><strong>halt&quot;:</strong></span> 
     </span>
    </p>
   </div>
   <div class='ocr_carea' id='block_1_118' title="bbox 2329 5743 3828 5855">
    <p class='ocr_par' dir='ltr' id='par_1_118' title="bbox 2329 5743 3828 5855">
     <span class='ocr_line' id='line_1_118' title="bbox 2329 5743 3828 5855; baseline -0.009 -44"><span class='ocrx_word' id='word_1_884' title='bbox 2329 5771 2448 5827; x_wconf 71' lang='lat' dir='ltr'><strong>qua</strong></span> <span class='ocrx_word' id='word_1_885' title='bbox 2474 5755 2543 5811; x_wconf 92' lang='lat' dir='ltr'><strong>ad</strong></span> <span class='ocrx_word' id='word_1_886' title='bbox 2573 5755 2943 5827; x_wconf 86' lang='lat' dir='ltr'><strong>inquirendum</strong></span> <span class='ocrx_word' id='word_1_887' title='bbox 2975 5772 3091 5812; x_wconf 87' lang='lat' dir='ltr'><strong>eum</strong></span> <span class='ocrx_word' id='word_1_888' title='bbox 3117 5763 3290 5811; x_wconf 83' lang='lat' dir='ltr'><strong>creata</strong></span> <span class='ocrx_word' id='word_1_889' title='bbox 3317 5761 3396 5809; x_wconf 88' lang='lat' dir='ltr'><strong>est</strong></span> <span class='ocrx_word' id='word_1_890' title='bbox 3433 5748 3692 5855; x_wconf 54' lang='lat' dir='ltr'><strong>appelletur</strong></span> <span class='ocrx_word' id='word_1_891' title='bbox 3714 5756 3731 5795; x_wconf 89' lang='lat'><strong><em>:</em></strong></span> <span class='ocrx_word' id='word_1_892' title='bbox 3754 5743 3828 5799; x_wconf 63' lang='lat' dir='ltr'><strong>tt“</strong></span> 
     </span>
    </p>
   </div>
  </div>
