4064 6346
223 363 370 426 1057

1079 357 1164 413 DE
1198 349 1874 412 PRAEDESTINATIONE
1909 347 2190 406 CONTRA
2223 349 2274 406 J.
2317 345 2622 407 SCOTUM.

3347 341 3486 398 l058

219 491 394 540 tanien
419 481 474 534 in
505 475 562 533 se
589 479 700 548 ipso
721 493 858 530 unus
881 485 1036 544 atque
1057 473 1194 528 idem
1219 481 1316 536 est,
1341 487 1456 526 cum
1481 471 1804 524 sitamm‘um
1833 471 1878 528 Α
1909 467 2084 524 Patris
2123 467 2293 524 Filius
2339 475 2452 534 est,
2493 467 2730 538 Spiritus
2775 475 2998 522 sanctus
3039 463 3214 520 Patris
3261 473 3318 522 et
3365 465 3490 522 Filii

219 583 532 632 naturarum
565 585 726 624 causa
753 565 972 636 simplex
991 575 1038 620 et
1069 563 1340 634 nuittiplea:
1365 581 1378 616 :
1411 563 1550 634 quod
1578 571 1654 616 est
1683 577 1806 631 ergo

223 665 330 720 Deo
359 679 492 726 esse,
523 661 622 714 lioc
659 669 732 714 est
759 659 806 712 ei
836 674 1048 728 sapere;
1079 665 1126 710 et
1151 655 1289 726 quod
1311 665 1384 708 est
1405 655 1452 707 ei
1481 669 1684 724 sapere,
1707 651 1810 706 hoc

218 759 296 810 est
325 753 480 817 scire,
507 759 554 804 et
583 749 720 820 quod
741 757 816 802 est
841 747 998 812 scire,
1021 747 1116 800 hoc
1137 755 1212 800 est
1235 743 1520 798 destinare.

812 847 1216 894 COBRECTIO.

291 935 334 1005 -ι-
361 933 500 988 Ecce
529 931 734 999 absque
755 927 938 984 nubilo
963 925 1254 982 duhietalis
1285 923 1508 978 relativa
1535 921 1806 978 essentia;

221 1027 344 1084 liter
357 1024 558 1080 asseris
577 1031 768 1079 contra
787 1019 1028 1076 omnium
1045 1017 1350 1087 opiniones,
1369 1018 1460 1085 qui
1475 1023 1632 1070 acute
1646 1023 1808 1084 atque

221 1119 516 1192 prudenter
541 1115 608 1168 de
635 1113 829 1168 talibus
847 1117 1234 1166 tractaverunt.
1259 1107 1394 1164 Cum
1421 1107 1564 1162 enim
1597 1113 1810 1162 constet

221 1205 620 1280 eategoriarum
677 1201 884 1272 species
935 1200 1120 1256 decem
1181 1211 1334 1260 esse,
1387 1195 1810 1262 earumdemque

219 1299 470 1372 primam.
503 1309 694 1355 usiam,
749 1291 986 1360 reliquas
1033 1303 1249 1352 novem,
1291 1285 1612 1348 accidentia,
1643 1285 1696 1340 id
1725 1293 1810 1340 est

221 1403 346 1460 quae
369 1385 622 1440 accidunt
637 1385 690 1436 in
713 1381 1036 1446 subs'tantia,
1057 1389 1378 1448 certumque
1399 1379 1470 1432 sit
1493 1377 1808 1432 relationem

223 1477 522 1536 secundum
548 1475 820 1536 accidens,
853 1487 960 1526 non
981 1469 1276 1526 secundum
1303 1469 1472 1522 usiam
1503 1467 1804 1536 praedicari,-

223 1585 332 1640 qua
373 1569 552 1622 fronte
591 1565 842 1636 accidens
889 1561 1246 1618 substantiam
1285 1573 1578 1629 nuncupes,
1615 1572 1810 1626 nequa-

223 1675 388 1734 quam
417 1659 594 1714 video.
643 1657 776 1710 Nam
819 1655 1092 1710 destinare
1129 1661 1184 1708 et
1223 1651 1626 1722 praedestinare,
1671 1650 1810 1704 sicut

223 1751 426 1816 facere,
461 1746 1016 1832 creare,.disponere,
1039 1743 1372 1812 dispensare,
1409 1742 1680 1802 ordinare,
1711 1741 1805 1794 ad-

1909 561 2144 634 Spiritus
2193 573 2320 620 est:
2361 564 2622 620 Dominus
2667 577 2796 618 vero
2837 561 2979 618 servi
3047 561 3304 616 Dominus
3355 567 3488 616 est:

1906 657 2150 722 Creator,
2181 665 2456 728 operator,
2501 657 2820 718 destinator,
2851 665 3116 712 creatura:
3161 657 3278 710 sine
3325 655 3488 712 dubio

1907 757 2144 811 creator,
2170 757 2424 818 cperator
2447 755 2502 800 et
2535 747 2836 802 destinator
2867 755 2950 800 est
2981 765 2992 798 :
3041 745 3328 800 conficitur
3355 759 3486 812 ergo

1907 839 2214 895 nullatenus
2239 839 2654 896 destinationem
2682 839 2747 892 de
2777 839 2884 894 Deo
2910 827 3270 893 essentialiter
3299 837 3494 908 prtedi;

1908 931 2040 986 cari.
2069 929 2408 1000 Quapropter
2441 945 2564 984 cum
2597 930 2710 1000 ipse
2749 929 3110 984 essentialiter
3137 943 3350 998 semper
3377 928 3492 982 fuc-

1909 1023 2016 1088 rit,
2059 1029 2238 1078 tamen
2289 1037 2562 1092 nunquam
2606 1031 2762 1075 antea
2797 1017 3054 1076 Dominus
3091 1019 3388 1090 appellatus
3411 1027 3498 1075 est

1909 1127 2068 1182 quam
2101 1111 2214 1182 ipse
2255 1111 2458 1167 faceret
2485 1109 2638 1180 cujus
2663 1111 2924 1166 Dominus
2961 1111 3250 1166 diceretur.
3283 1107 3490 1167 Simili-'-

1911 1209 1994 1258 ter
2023 1219 2143 1258 cum
2175 1217 2386 1272 semper
2413 1201 2660 1257 habuerit
2708 1201 2762 1256 in
2814 1211 3017 1256 aeterno
3061 1201 3356 1257 voluntatis
3385 1217 3496 1258 suze

1911 1295 2135 1352 consilio
2158 1295 2320 1364 quid,
2349 1295 2568 1364 quando
2597 1303 2650 1348 et
2679 1295 2948 1363 quomodo
2970 1336 2984 1359 ,
3013 1295 3097 1348 vel
3127 1295 3217 1348 ubi
3256 1293 3458 1350 faceret
3483 1337 3500 1362 ,

1910 1385 2206 1444 destinaret
2233 1395 2394 1456 atque
2419 1385 2758 1454 disponeret,
2789 1401 2894 1439 non
2921 1385 3070 1456 prius
3101 1385 3296 1450 factor,
3327 1387 3498 1444 desti-

1911 1487 2070 1532 nator
2097 1487 2258 1546 atque
2283 1477 2576 1548 dispositor
2605 1478 2782 1532 dictus
2809 1485 2924 1540 est,
2948 1493 3108 1546 quam
3138 1477 3372 1544 faceret,
3399 1477 3496 1534 de-

1911 1567 2140 1622 stinaret
2178 1577 2340 1638 atque
2375 1567 2708 1638 disponeret.
2752 1567 3112 1634 Quamobrem
3159 1567 3304 1622 nullo
3335 1569 3496 1624 modo

1911 1661 2274 1714 substantiam
2324 1661 2440 1731 ejus
2477 1659 2846 1726 demonstrat,
2897 1675 3016 1713 cum
3063 1659 3260 1714 dicitur
3287 1659 3500 1724 facere,

1911 1751 2146 1821 operari,
2202 1751 2474 1806 destinare
2517 1761 2678 1820 atque
2725 1751 3009 1820 disponere
3057 1769 3070 1805 :
3120 1751 3212 1806 sed
3251 1745 3497 1808 effectum

223 1843 556 1904 ministrare.
586 1839 910 1910 gubernare.
931 1835 1198 1907 iudicare.
1225 1835 1500 1898 dan‘mare.
1533 1843 1588 1888 et
1613 1843 1808 1888 caetera
1841 1847 1886 1908 Β
1912 1843 2450 1914 omnipotentissimaa
2499 1843 2794 1897 voluntatis
2830 1841 3010 1904 illius,
3059 1841 3113 1896 in
3151 1859 3256 1912 qua
3289 1857 3496 1913 semper

223 1935 422 1994 similia
451 1933 672 1990 relative
701 1931 818 2002 dici
839 1929 1040 1994 nudus,
1069 1929 1161 1998 qui
1193 1929 1388 1984 horum
1419 1925 1812 1996 aliquantulum

223 2023 506 2083 assecutus
527 2033 608 2080 est
633 2022 904 2094 peritiam,
931 2035 1156 2092 prorsus
1193 2019 1430 2090 ignorat.
1475 2017 1628 2086 Quod
1667 2017 1814 2074 enim

223 2119 550 2182 destinatur,
573 2115 720 2170 aliud
753 2125 978 2170 necesse
1003 2120 1088 2168 est
1125 2111 1198 2168 sit
1219 2109 1520 2174 destinatis,
1553 2107 1695 2162 aliud
1721 2109 1818 2162 de-

225 2209 507 2264 stinatum.
532 2207 610 2260 Ac
637 2219 732 2276 per
763 2205 866 2258 hoc
895 2217 1002 2258 non
1043 2199 1472 2258 substantialiter
1503 2201 1578 2254 ita
1617 2197 1820 2252 dicitur

223 2301 524 2367 destinare,
543 2301 688 2356 sicut
697 2299 894 2356 dicitur
907 2312 1028 2352 esse
1050 2311 1064 2350 :
1087 2311 1208 2352 esse
1225 2297 1420 2366 quippe
1437 2295 1812 2358 substantiam,

227 2397 504 2454 destinare
531 2409 660 2450 vero
685 2393 802 2464 ejus
829 2391 1104 2456 accidens,
1137 2389 1190 2446 id
1211 2399 1294 2444 est
1315 2387 1632 2446 relationem
1655 2385 1818 2457 signi-

227 2489 378 2547 ﬁcat.
407 2487 594 2556 Itaque
621 2501 744 2541 cum
771 2483 970 2540 dicitur
1007 2482 1192 2544 homo,
1221 2473 1524 2550 substantia
1553 2487 1660 2544 est,
1695 2491 1816 2532 cum

227 2595 362 2638 vero
391 2579 590 2634 dicitur
611 2575 932 2638 destinator,
967 2571 1082 2642 ejus
1119 2571 1396 2634 accidens,
1441 2569 1496 2624 id
1523 2577 1606 2626 est
1629 2568 1820 2624 relatio

227 2671 586 2746 praedicatur;
609 2677 664 2724 et
679 2668 796 2724 usia
809 2666 1025 2738 quidem
1049 2679 1216 2720 unum
1238 2661 1440 2734 aliquid
1461 2663 1822 2720 essentialiter

229 2765 586 2826 demonstrat,
629 2759 884 2814 accidens
929 2771 1062 2812 vero
1115 2755 1260 2810 illius
1301 2755 1414 2825 jam
1464 2754 1618 2824 plura
1673 2769 1822 2808 com-

229 2857 504 2930 plectitur.
541 2853 774 2910 Dicendo
819 2850 1046 2914 etenim,
1095 2849 1278 2914 homo,
1309 2849 1444 2904 nihil
1489 2848 1632 2902 aliud
1659 2863 1821 2917 quam

233 2951 508 3008 hominem
549 2945 870 3018 pronuntio;
921 2951 978 2998 at
1017 2959 1140 2998 cum
1183 2943 1372 2998 dixero
1415 2941 1736 3006 destinator,
1767 2947 1822 2996 et

231 3043 508 3100 hominem
565 3047 620 3094 et
667 3037 784 3108 ejus
837 3035 1090 3092 accidens
1135 3034 1342 3106 pariter
1387 3035 1630 3090 enuntio.
1687 3031 1822 3088 Nam

233 3133 536 3190 destinator
562 3143 784 3184 necesse
803 3135 888 3182 est
913 3125 1118 3196 aliquid
1139 3125 1394 3188 destinet,
1423 3125 1580 3180 homo
1600 3137 1732 3178 vero
1755 3123 1822 3180 ad

1917 1935 2018 1990 fuit
2041 1937 2178 1990 ratio
2203 1954 2216 1989 :
2241 1951 2346 2004 qua
2378 1949 2604 2003 quaeque
2633 1931 2923 1998 voluisset,
2951 1933 3064 2002 ipse
3089 1933 3216 1986 nulli
3245 1941 3336 1986 aut
3365 1943 3503 1987 tem-

1915 2027 2312 2100 poralitati'aut
2343 2025 2691 2080 mutabilitati
2742 2023 3009 2078 obnoxius
3029 2065 3042 2088 ,
3095 2023 3418 2094 temporalia
3449 2033 3512 2079 et

1917 2117 2196 2174 mutabilia
2217 2159 2232 2184 ,
2261 2115 2634 2186 temporaliter
2659 2123 2712 2170 ct
2743 2115 3080 2169 mutabiliter
3103 2115 3220 2170 sine
3239 2115 3426 2172 labore
3451 2123 3506 2171 ct

1917 2211 2234 2284 fatigatione
2281 2209 2652 2280 quietissimus
2705 2205 3034 2273 destinaret,
3084 2215 3406 2278 operaretur
3453 2215 3512 2263 et

1918 2305 2141 2361 faceret.
2185 2305 2386 2360 Verum
2427 2301 2714 2374 Augustini
2760 2299 3042 2366 definitio,
3101 2315 3262 2371 quam
3305 2315 3507 2372 ponere

1919 2395 2172 2456 voluisti,
2227 2407 2334 2446 non
2367 2391 2532 2447 habet
2561 2391 3092 2462 praedestinationem
3123 2389 3216 2444 Dei
3245 2405 3364 2446 esse
3385 2393 3514 2446 sub-

1919 2487 2174 2542 stantiam
2199 2525 2211 2550 ,
2241 2483 2334 2540 sed
2371 2483 2822 2554 pra'parationem
2851 2497 2916 2538 ac
2939 2481 3351 2554 dispositionem
3389 2497 3507 2536 om-

1921 2579 2068 2634 nium
2103 2591 2221 2648 qua:
2253 2585 2371 2631 erat
2403 2577 2515 2646 ipse
2545 2573 2808 2630 facturus.

1993 2669 2162 2726 Porro
2201 2669 2521 2740 sapientiam
2557 2677 2612 2722 et
2641 2669 2924 2722 scientiam
2953 2667 3018 2722 de
3062 2667 3172 2722 Deo
3206 2665 3512 2722 essentiali-

1923 2773 2006 2819 ter
2027 2763 2310 2834 praedicari
2336 2763 2458 2832 quis
2479 2761 2726 2818 nesciat?
2759 2759 2874 2815 Non
2906 2759 3048 2816 enim
3079 2759 3303 2814 relative
3332 2759 3514 2814 dicun-

1925 2861 2014 2908 tur
2051 2871 2064 2906 :
2095 2853 2190 2908 Est
2234 2853 2432 2922 quippe
2477 2851 2694 2920 sapiens
2725 2849 2904 2914 Pater,
2946 2849 3160 2921 sapiens
3187 2847 3388 2912 Filius,
3428 2859 3516 2902 sa-

1922 2945 2076 3016 piens
2099 2943 2334 3014 Spiritus
2362 2951 2616 3010 sanctus;
2645 2943 2822 2998 sciens
2865 2941 3046 3008 Pater,
3094 2943 3272 2998 sciens
3309 2940 3512 3008 Filius,

1925 3037 2106 3091 sciens
2153 3035 2386 3106 Spiritus
2427 3047 2649 3090 sanctus
2681 3051 2696 3090 :
2729 3035 2838 3090 imo
2889 3034 3152 3104 sapientia
3201 3033 3386 3099 Pater,
3431 3049 3518 3088 sa-

1927 3131 2126 3200 pientia
2179 3129 2378 3194 Filius,
2411 3131 2676 3200 sapientia
2717 3129 2950 3200 Spiritus
2993 3139 3252 3186 sanctus:
3285 3129 3514 3185 scientia

233 3225 372 3282 nihil
403 3221 546 3278 aliud
575 3221 805 3276 relatum
843 3218 1162 3288 simpliciter
1199 3217 1500 3272 substantia
1529 3217 1820 3272 indicatur.
1851 3209 1896 3270 Ο
1929 3223 2106 3284 Pater,
2133 3223 2358 3276 scientia
2389 3223 2580 3288 Filius,
2601 3221 2832 3277 scientia
2857 3221 3092 3291 Spiritus
3115 3221 3520 3286 sanctus,sicut

303 3315 548 3384 Apparet
591 3311 758 3382 igitur
815 3309 1250 3372 accidentaliter,
1295 3323 1402 3364 non
1463 3307 1826 3364 essentialiter

235 3407 656 3466 destinationem
703 3405 808 3460 dici
857 3417 982 3458 cum
1027 3417 1134 3458 nou
1191 3403 1258 3458 de
1303 3401 1568 3472 subjecto,
1623 3401 1718 3456 sed
1769 3401 1826 3456 in

235 3499 482 3570 subjecto
517 3497 862 3569 praedicetur.
906 3493 964 3550 Si
1000 3495 1142 3550 enim
1191 3493 1494 3548 substantia
1533 3491 1730 3547 dicitur
1759 3489 1828 3546 ab

233 3609 304 3650 eo
331 3593 474 3664 quod
519 3591 698 3646 clunis
749 3603 836 3644 res
889 3587 960 3642 ad
1031 3585 1264 3656 seipsam
1313 3585 1592 3648 subsistat,
1633 3597 1830 3652 Corpus

237 3687 440 3757 quippe
485 3681 756 3746 subsistit,
807 3687 864 3734 et
904 3679 1024 3734 ideo
1073 3677 1374 3734 substantia
1427 3685 1534 3738 est,
1573 3675 1828 3730 nimirum

239 3777 566 3842 accidentia,
597 3789 716 3846 qua:
747 3773 800 3828 in
827 3773 1156 3828 subsistente
1195 3777 1356 3840 atque
1399 3767 1642 3836 subjecto
1683 3777 1828 3834 sunt,

239 3867 560 3925 substantiae
589 3881 696 3920 non
729 3869 876 3926 sunt,
905 3863 1032 3932 quia
1073 3875 1180 3914 non
1227 3859 1550 3924 subsistunt,
1589 3859 1684 3914 sed
1713 3873 1834 3912 mu-

243 3969 460 4025 tantur;
489 3959 630 4014 sicut
658 3935 958 4021 homo,.vel
985 3969 1176 4024 equus,
1205 3941 1290 4008 vel
1313 3953 1470 4022 lapis,
1501 3953 1690 4006 eadem
1713 3965 1836 4006 esse

242 4065 472 4110 necesse
499 4059 584 4104 est
613 4065 626 4102 :
677 4047 875 4102 bonum
903 4055 1106 4110 autem,
1143 4043 1228 4100 vel
1259 4043 1482 4120 malum,
1515 4041 1598 4100 vel
1625 4041 1836 4110 sapien-

247 4155 380 4208 tem,
405 4143 488 4198 vel
515 4143 785 4206 hebetem,
819 4139 902 4194 vel
927 4137 1232 4210 pulchrum,
1273 4135 1358 4192 vel
1399 4136 1696 4192 deformem
1727 4149 1836 4190 non

245 4250 464 4306 semper
485 4235 626 4288 idem
650 4233 866 4294 dicitur,
895 4229 1148 4299 quoniam
1175 4229 1610 4299 quandocunquc
1635 4237 1690 4282 et
1705 4243 1838 4296 quo-

248 4329 626 4398 modocunque
671 4325 930 4380 nuuabile
975 4323 1392 4394 comprobatur;
1435 4323 1663 4392 proinde
1712 4337 1838 4376 cum

249 4433 466 4489 semper
491 4417 662 4488 possit
687 4429 808 4470 esse
839 4415 1002 4470 homo
1021 4455 1036 4480 ,
1061 4429 1402 4484 nequaquam
1429 4413 1674 4481 sequitur
1699 4427 1842 4468 sem-

249 4525 352 4584 per
381 4509 450 4566 sit
477 4509 796 4564 destinator.
831 4505 988 4560 Verbi
1019 4505 1192 4575 gratia
1223 4521 1236 4558 :
1264 4503 1482 4574 quando
1509 4503 1642 4558 nihil
1677 4505 1842 4559 habet

1929 3315 2072 3370 Deus
2095 3313 2280 3378 Pater,
2315 3313 2456 3368 Deus
2485 3313 2686 3376 Filius,
2721 3313 2860 3368 Dens
2899 3311 3133 3383 Spiritus
3161 3319 3382 3368 sanctus
3417 3329 3430 3365 :
3467 3319 3524 3365 et

1933 3415 2112 3462 tamen
2169 3421 2274 3462 non
2329 3415 2440 3460 tres
2485 3406 2792 3476 sapientes,
2846 3413 2940 3458 aut
2983 3415 3094 3459 tres
3139 3407 3400 3470 scientes,
3435 3403 3524 3458 vel

1933 3506 2044 3552 tres
2089 3497 2399 3566 sapientiae,
2441 3496 2558 3550 sive
2607 3505 2720 3550 tres
2764 3495 3038 3560 scientiae,
3077 3495 3218 3550 sicut
3263 3501 3522 3574 nec_tres

1933 3591 2004 3646 dii
2029 3609 2042 3654 ;
2071 3591 2164 3644 sed
2193 3603 2332 3642 IIIIIIS
2359 3587 2611 3658 sapiens,
2639 3603 2776 3643 unus
2807 3587 3018 3652 sciens,
3049 3585 3134 3640 vel
3161 3601 3266 3640 una
3297 3585 3519 3654 sapien-

1933 3685 2006 3738 tia
2027 3725 2040 3748 ,
2075 3699 2181 3736 una
2227 3681 2452 3737 scientia
2473 3723 2486 3746 ,
2521 3681 2662 3736 sicut
2707 3697 2847 3736 unus
2875 3681 3036 3734 Deus.
3077 3677 3279 3748 Sapere
3303 3677 3527 3748 quidem

1937 3785 1990 3833 et
2023 3777 2164 3831 scire
2201 3775 2274 3829 illi
2309 3783 2391 3828 est
2443 3773 2808 3829 essentialiter
2845 3773 2988 3842 quod
3027 3787 3148 3826 esse
3181 3787 3196 3824 :
3229 3785 3336 3825 non
3379 3769 3528 3826 enim

1938 3869 2004 3922 ad
2037 3867 2240 3936 aliquid
2292 3865 2560 3932 refertur;
2593 3873 2650 3920 at
2691 3865 2964 3920 destinare
3007 3873 3168 3933 atque
3207 3863 3530 3934 disponere,

1939 3961 2194 4032 quoniam
2243 3959 2310 4014 ad
2362 3959 2564 4029 aliquid
2596 3957 2852 4022 refertur,
2898 3957 3204 4012 nullatenus
3251 3957 3316 4013 de
3343 3973 3410 4012 eo
3436 3971 3526 4012 es-

1939 4051 2242 4108 sentialiter
2263 4051 2608 4121 prtedicatur.
2633 4049 2768 4106 Cum
2791 4051 2956 4122 igitur
2977 4057 3190 4105 constet
3211 4049 3528 4104 translative

1941 4145 2472 4218 przedestinationem
2521 4145 2572 4198 in
2615 4145 2725 4198 Deo
2751 4139 3014 4212 proferri,
3067 4141 3238 4210 liquet
3285 4139 3530 4210 profecto

1943 4257 2050 4298 non
2099 4239 2482 4304 essentialiter,
2539 4239 2633 4293 scd
2683 4237 2906 4291 relative
2955 4235 3218 4305 depromi.
3259 4233 3417 4288 “Nam
3485 4231 3535 4290 si

1947 4331 2316 4388 essentialiter
2361 4331 2429 4386 de
2477 4331 2588 4385 Deo
2637 4329 2910 4386 diceretur
2947 4329 3366 4400 praedestinare,
3397 4327 3540 4383 sicut

1947 4435 2066 4478 esse
2087 4465 2100 4488 ,
2131 4435 2322 4492 sapere
2348 4429 2404 4475 et
2433 4421 2574 4476 scire
2597 4461 2612 4486 ,
2639 4435 2977 4488 consequens
3001 4427 3144 4474 esset
3165 4431 3224 4473 ut
3255 4418 3371 4489 ejus
3401 4431 3540 4490 pra:-

1947 4513 2240 4569 destinatio
2283 4527 2388 4568 non
2439 4513 2504 4566 ad
2537 4511 2740 4582 aliquid
2775 4509 3090 4574 referretur,
3131 4511 3272 4566 sicut
3313 4527 3413 4565 nec
3447 4525 3538 4566 es-

251 4605 400 4676 quod
436 4604 706 4668 destinet.
741 4618 848 4658 non
879 4609 1028 4656 recte
1059 4599 1366 4656 destinator
1393 4599 1728 4670 appellatur;
1759 4601 1844 4657 di-
1875 4593 1926 4653 D
1951 4605 2144 4671 sentia,
2201 4603 2550 4676 magnitudo,
2603 4603 2846 4668 bonitas,
2899 4603 3136 4673 potentia
3165 4643 3180 4666 ,
3241 4599 3538 4670 sapientia,

255 4697 402 4754 citur
427 4705 602 4751 autem
629 4697 792 4751 homo
811 4735 826 4760 ,
853 4693 1066 4750 etiamsi
1097 4693 1232 4748 nihil
1256 4693 1508 4748 destinat.
1541 4693 1694 4761 Quod
1721 4709 1846 4750 cum

257 4787 326 4844 de
353 4787 622 4842 creaturis
655 4783 1070 4840 rationabilibus
1097 4781 1220 4852 jure
1255 4783 1476 4848 dicitur,
1501 4785 1570 4839 de
1593 4783 1700 4840 Deo
1719 4825 1734 4850 ,
1761 4786 1848 4840 cui

257 4883 362 4941 soli
391 4881 524 4938 nihil
554 4881 784 4946 accidit,
823 4879 992 4934 multo
1013 4877 1172 4932 aliter
1193 4877 1519 4948 przedicatur
1543 4895 1556 4931 :
1587 4879 1850 4948 quidquid

259 4977 407 5032 enim
421 4976 490 5030 de
503 4975 614 5030 Deo
625 4975 692 5029 ab
705 4973 922 5030 homine
933 4969 1166 5034 dicatur,
1181 4981 1272 5024 aut
1283 4971 1578 5024 secundum
1595 4987 1654 5024 su
1663 4971 1849 5026 bstan-

263 5069 430 5133 tiam,
481 5073 574 5120 aut
619 5065 916 5120 secundum
971 5061 1320 5128 relationem,
1361 5059 1444 5116 vel
1473 5061 1720 5130 proprie,
1765 5059 1852 5116 vel

263 5159 528 5217 translate
555 5157 660 5212 dici
693 5169 914 5212 necesse
942 5163 1046 5210 est.
1077 5155 1218 5209 Deus
1251 5153 1450 5224 quippe
1475 5167 1730 5224 magnus,
1759 5155 1854 5210 lio-

265 5269 400 5316 nus,
431 5251 808 5321 omnipotens,
837 5247 1072 5318 sapiens,
1097 5247 1312 5317 justus,
1339 5245 1736 5316 sempiternus,
1765 5259 1856 5302 es-

265 5341 570 5401 sentialiter
596 5341 868 5396 dicuntur.
907 5339 1153 5404 Creator,
1195 5339 1462 5402 conditor,
1495 5337 1688 5404 factor,
1728 5353 1858 5408 ope-

269 5445 444 5500 rator,
467 5433 780 5504 dispositor,
809 5433 1128 5498 destinator,
1169 5432 1472 5497 ordinatur,
1505 5433 1854 5502 gubernator,

265 5527 438 5600 judex
493 5525 715 5582 relative
755 5525 1126 5596 proferuntur,
1187 5537 1308 5594 quae
1349 5533 1528 5580 tamen
1573 5527 1766 5582 relatio
1807 5529 1862 5584 in

274 5623 390 5679 Deo
417 5621 614 5690 partim
667 5621 732 5676 ad
783 5635 876 5686 se,
922 5619 1122 5689 partim
1169 5617 1238 5672 ad
1285 5625 1564 5674 creaturas
1609 5619 1859 5677 refertur.

273 5709 442 5768 Pater
465 5713 642 5778 enim,
673 5719 728 5766 et
771 5709 968 5776 Filius,
1019 5717 1074 5764 et
1119 5707 1356 5779 Spiritus
1395 5719 1612 5766 sanctus
1637 5713 1704 5768 ad
1743 5727 1864 5768 sese

275 5801 472 5873 nmine
491 5803 802 5862 referuntur
825 5801 1016 5859 :Pater
1047 5803 1192 5858 enim
1217 5799 1340 5858 Filii
1371 5801 1532 5858 Pater
1555 5813 1662 5872 est,
1695 5805 1864 5862 Filius

1953 4695 2212 4758 scientia,
2256 4695 2470 4766 justitia
2519 4693 2662 4748 illius
2691 4693 2758 4748 ad
2789 4693 2993 4764 aliquid
3035 4691 3376 4754 referuntur;
3421 4705 3538 4742 ma-

1953 4787 2212 4861 gnitudo,
2269 4786 2516 4854 bonitas,
2587 4785 2856 4857 potentia,
2918 4785 3216 4856 sapientia,
3273 4781 3540 4850 scientia,

1947 4879 2159 4950 justitia
2188 4893 2310 4934 cum
2339 4877 2405 4932 de
2433 4877 2544 4932 Dco
2575 4877 2846 4944 dicuntur,
2878 4879 3004 4948 quid
3033 4875 3398 4932 essentialiter
3427 4875 3540 4946 ipse

1957 4973 2030 5027 sit
2059 4971 2336 5026 indicatur
2361 4987 2374 5022 :
2401 4969 2804 5038 priedestinatio
2833 4985 2936 5025 non
2985 4969 3112 5038 quid
3157 4969 3272 5038 ipse
3315 4967 3416 5032 sit,
3447 4965 3544 5022 sed

1961 5063 2090 5134 quid
2119 5061 2278 5127 velit,
2305 5061 2554 5130 disponat
2573 5069 2628 5116 et
2649 5071 2906 5131 operetur
2931 5059 3196 5115 enuntiat.
3227 5059 3544 5115 Substantia

1961 5157 2056 5214 Dei
2103 5169 2376 5226 nunquam
2419 5154 2702 5225 pluraliter
2747 5153 2983 5210 effertur.
3031 5151 3546 5209 Praedcstinationes

1963 5249 2080 5320 ejus
2097 5289 2112 5313 ,
2135 5249 2276 5303 sicut
2297 5247 2680 5318 dispositiones
2705 5287 2720 5312 ,
2763 5245 3218 5316 dispensationes,
3246 5244 3549 5301 ordinatio-

1965 5361 2094 5412 nes,
2151 5345 2527 5416 operatioues,
2583 5343 2992 5398 distributiones
3061 5341 3208 5412 ejus,
3263 5341 3550 5414 pluraliter

1965 5439 2234 5496 enuntiari
2259 5449 2314 5496 et
2339 5441 2702 5502 ostendimus,
2741 5446 2796 5491 et
2835 5439 2926 5490 ubi
2959 5437 3304 5492 commodum
3347 5435 3545 5504 fuerit,

1966 5533 2180 5589 favente
2222 5533 2480 5594 Domino,
2511 5529 2882 5586 ostendemus.
2931 5529 3039 5584 Sed
3087 5529 3436 5598 quoniam'de
3465 5527 3552 5584 his

1967 5627 2020 5680 lu
2046 5637 2302 5695 processu
2325 5621 2506 5694 cperis
2533 5621 2692 5690 hujus
2713 5663 2726 5686 ,
2755 5619 2996 5674 adhibito
3023 5619 3308 5691 Augustini
3339 5619 3550 5686 favore,

1929 5715 2052 5772 .vel
2091 5715 2395 5786 copiosius,
2427 5711 2510 5768 vel
2559 5709 2920 5777 fastidiosius,
2977 5725 3068 5767 seu
3111 5719 3258 5766 certe
3307 5709 3552 5765 fallacius

1970 5807 2118 5878 agis,
2163 5819 2282 5860 cum
2331 5803 2398 5860 ad
2429 5804 2570 5858 idem
2617 5801 2858 5860 iocorum
2895 5811 3110 5858 ventum
3157 5801 3554 5871 fuerin-ipsius
