4064 6346
678 363 702 418 1
713 363 817 420 059

1689 358 1746 413 s.
1786 354 2158 414 pauonum
2197 323 2578 410 TBECENSIS
2616 353 2924 411 EPlSCOPl

3719 367 3810 428 l0l0

675 476 856 535 Patris
893 473 1177 546 Augustini
1212 473 1522 529 testimonio
1542 512 1558 539 ,
1589 481 1859 527 annuente
1886 467 2098 527 Domini
2125 470 2252 526 Jesu
2279 475 2327 534 Α
2350 471 2679 540 probamus,
2707 437 2774 525 id
2795 479 2880 524 est
2908 470 3148 540 peccati,
3178 472 3365 526 mortis
3385 479 3532 542 atque
3552 473 3734 531 miseriae
3755 491 3812 534 :ct

677 567 883 626 Christi
908 567 1106 640 gratia,
1124 565 1514 622 confutaberis.

1286 699 1512 756 CAPUT
1566 699 1652 755 III.

685 820 765 877 De
814 835 875 875 eo
921 815 1058 888 quod
1105 816 1239 869 duas
1284 813 1766 884 prwdestinationes
1801 813 1938 868 ratio
1983 829 2086 867 non
2134 812 2258 867 sinit

1405 900 1514 939 εσσε
1520 923 1534 937 .

752 999 962 1058 Deinde
991 997 1158 1053 tantis
1183 996 1344 1052 tertio
1370 995 1674 1050 vanitatum
1697 1002 1912 1050 tuarum
1937 994 2257 1056 ludicro,ar-

683 1098 1063 1167 gumentorum
1116 1085 1576 1158 superﬂuitatibus
1631 1100 1720 1140 res
1780 1099 1886 1140 non
1925 1085 2261 1140 necessarias

678 1181 1068 1254 replicantibus
1113 1187 1326 1245 seates,
1359 1186 1420 1232 ut
1465 1177 1666 1249 pudeat
1706 1178 1930 1244 audire,
1959 1179 2155 1234 nedum
2185 1178 2263 1232 le-

613 1333 618 1338 ,
678 1289 838 1346 gere,
871 1271 1168 1342 quemlibet
1195 1271 1577 1336 honestorum,
1612 1270 1704 1339 qui
1754 1270 1879 1324 dum
1925 1271 2262 1341 multiloquio

677 1365 938 1429 insudas,
968 1378 1193 1433 prorsus
1235 1363 1463 1418 evadere
1505 1361 1795 1431 nequivisti
1838 1361 1980 1430 quod
2023 1360 2259 1414 dicitur:

679 1456 750 1512 In
778 1455 1107 1524 multiloquio
1147 1469 1253 1508 non
1279 1452 1494 1523 e/I‘ugies
1536 1461 1806 1522 peccatum
1831 1450 2014 1522 (Prov.
2046 1467 2079 1505 χ
2101 1492 2116 1517 ,
2149 1450 2255 1522 19).

678 1547 778 1602 Ais
799 1547 940 1600 enim
959 1585 975 1611 ,
1015 1544 1334 1614 multiloque
1369 1545 1568 1614 repetis
1595 1559 1625 1597 a
1652 1544 1748 1599 Dei
1779 1545 2056 1598 voluntate
2101 1551 2264 1611 atque

681 1640 940 1704 essentia,
966 1639 1298 1710 perindeque
1318 1637 1810 1707 praedestinatione,
1836 1651 2049 1692 omnem
2075 1635 2266 1689 abesse

681 1730 1087 1788 necessitatem.
1115 1729 1248 1796 Quis
1277 1730 1380 1784 hoc
1409 1729 1658 1798 ignoret?
1687 1728 1822 1796 Quis
1854 1728 2060 1784 nesciat
2097 1727 2265 1782 Deum

682 1823 816 1878 nulli
871 1820 1171 1890 subjectum
1225 1836 1345 1876 esse
1393 1821 1574 1876 noxia:
1641 1820 1970 1875 necessitati.
2033 1817 2266 1874 Proinde

684 1913 935 1984 quamvis
972 1911 1154 1966 omnia
1203 1927 1539 1981 quaecunque
1570 1911 1713 1966 Deus
1755 1909 1954 1976 voluit,
2004 1910 2269 1980 disposuit

684 2021 752 2059 ac
780 2003 1101 2067 destinavit,
1147 2017 1370 2057 necesse
1399 2013 1484 2057 est
1507 2011 1566 2056 ut
1597 2003 1673 2056 ita
1717 2016 1818 2056 nee
1854 2001 2009 2056 aliter
2049 2000 2269 2057 omnino

683 2098 845 2162 ﬁant;
875 2095 1007 2150 nulli
1035 2077 1214 2148 tamen
1241 2093 1555 2148 violentiam
1590 2095 1658 2148 ad
1689 2094 1958 2148 utrumvis
1984 2094 2103 2164 ejus
2131 2079 2271 2163 prai—

688 2185 1114 2241 destinationem
1144 2181 1347 2239 inferre
1372 2184 1483 2254 jam
1504 2192 1557 2238 et
1579 2183 1814 2239 diximus
1834 2191 1888 2238 et
1918 2184 2170 2238 fatemur.
2193 2184 2273 2240 Ae

687 2293 788 2348 per
816 2277 919 2332 hoc
951 2291 1074 2331 cum
1099 2277 1370 2332 neminem
1395 2276 1522 2330 huic
1553 2276 1842 2331 assertioni
1870 2275 2169 2331 favere‘aut
2196 2275 2273 2330 le-

691 2373 863 2445 gerim
889 2379 983 2426 aut
1010 2357 1308 2437 audierim,
1339 2369 1524 2424 videre
1571 2385 1782 2440 nequeo
1828 2372 2178 2440 quamobrem
2206 2371 2272 2426 de

688 2464 1012 2520 necessitate
1037 2463 1530 2534 praedestinatiouis
1578 2463 1840 2534 tantisper
1879 2463 2270 2534 disputaveris,

687 2555 790 2610 nisi
828 2555 955 2625 quia
1005 2571 1111 2611 non
1141 2554 1364 2609 habens
1410 2553 1538 2623 quid
1577 2555 1694 2608 veri
1741 2553 1983 2616 diceres,
2033 2553 2272 2622 quaesisti

691 2661 800 2716 quo
848 2644 1086 2700 insanire
1109 2684 1124 2711 ,
1169 2644 1312 2700 unde
1346 2644 1874 2714 prmdestinationem
1923 2645 2210 2715 impiorum
2240 2659 2272 2698 a

686 2735 941 2792 Patribus
971 2739 1167 2806 stepius
1194 2734 1518 2790 inculcatam
1547 2733 1788 2790 funditus
1808 2735 2118 2806 abrogares.
2144 2734 2274 2791 Post

635 2871 660 2886 .,
688 2825 858 2882 multa
887 2825 1034 2881 enim
1061 2842 1076 2879 :
1297 2882 1300 2884 ν

1247 2931 1476 2972 JOANNES
1509 2931 1730 2972 SCOTUS.

760 3029 914 3103 (Cap.
951 3046 1013 3084 Ill
1033 3070 1049 3097 ,
1082 3043 1231 3084 num.
1260 3028 1313 3094 1,
1342 3037 1474 3084 sect.
1511 3028 1593 3100 '5.)
1621 3038 1664 3086 Θ
1695 3026 1820 3082 Non
1845 3029 2125 3098 estigitur,
2157 3011 2268 3096 ais,

687 3123 784 3178 illa
812 3120 1204 3192 prwdestinatio
1223 3137 1340 3192 qua:
1363 3121 1499 3191 cogit
1529 3119 1812 3174 inevitabili
1839 3121 2170 3186 necessitate,
2195 3121 2272 3174 vi-

2357 561 2565 631 peeeati
2613 561 2828 632 quidem
2877 562 3054 628 Deus,
3103 562 3238 617 sicut
3288 577 3390 617 non
3437 571 3618 629 auctor,
3660 567 3716 620 ita
3749 585 3816 625 nec

2357 665 2523 706 causa
2552 660 2652 706 est.

2429 743 2616 798 Mortis
2644 754 2824 798 autem
2847 784 2861 809 ,
2909 758 3030 812 quae
3050 784 3064 809 ,
3108 751 3170 797 ut
3212 743 3322 810 ais,
3353 743 3557 801 effectus
3579 749 3736 816 peccati
3767 761 3822 804 est

2359 843 2522 906 atque.
2548 836 2808 900 miserias,
2839 852 3002 892 causa
3044 853 3149 892 non
3189 847 3302 902 est;
3329 847 3504 894 auctor
3533 849 3680 895 tamen
3715 852 3821 913 atque

2363 929 2634 999 irrogator
2673 930 3016 999 mquissimus
3037 939 3140 984 est.
3173 929 3307 984 Nam
3334 931 3530 996 mortis,
3557 949 3654 1002 qua:
3675 933 3720 986 lit
3743 951 3820 988 cum

2363 1021 2566 1076 deserit
2595 1021 2777 1076 anima
2805 1037 3022 1088 veram,
3051 1037 3316 1077 summam
3344 1031 3397 1076 et
3433 1023 3747 1092 sempiternam
3771 1029 3823 1080 ri-

2364 1120 2472 1168 tam
2493 1155 2508 1180 ,
2535 1121 2590 1168 et
2617 1114 2846 1168 vertitur
2871 1114 3158 1169 libidinose
3186 1115 3253 1169 ad
3281 1114 3457 1168 intima
3488 1125 3535 1169 et
3561 1117 3823 1179 caduca,nec

2364 1222 2560 1274 causa,
2608 1222 2709 1261 nec
2750 1215 2940 1261 auctor
2979 1214 3063 1261 est
3099 1206 3276 1270 Deus,
3320 1207 3382 1260 de
3422 1221 3516 1276 qua
3559 1207 3719 1261 dicitur
3747 1211 3824 1277 quia

2365 1307 2584 1352 mortem
2625 1296 2764 1351 Deus
2795 1313 2898 1350 non
2928 1297 3048 1367 fecit
3096 1295 3252 1368 (Sap.
3288 1313 3343 1362 ι,
3376 1296 3458 1368 15)
3478 1338 3491 1361 ,
3523 1299 3729 1367 quoniam
3751 1315 3824 1353 eam

2365 1388 2588 1444 Creator
2617 1404 2723 1442 non
2751 1388 3029 1454 condidit,
3061 1388 3155 1442 sed
3185 1387 3545 1444 malevolentia
3585 1388 3654 1443 vel
3687 1389 3825 1460 angeli,

2365 1480 2452 1535 vel
2494 1479 2855 1549 superbientis
2901 1478 3138 1556 hominis
3179 1478 3453 1534 adinvenit
3493 1479 3671 1548 sibique
3703 1495 3827 1548 super-

2366 1571 2564 1627 biendo
2608 1571 2890 1626 conscivit.
2932 1569 3076 1624 Mors
3103 1584 3235 1625 vero
3261 1585 3381 1640 quae
3410 1569 3467 1624 ﬁt
3489 1585 3596 1631 cum
3629 1570 3760 1623 anima
3777 1569 3827 1622 di-

2371 1661 2543 1716 scedit
2570 1676 2599 1714 a
2627 1675 2876 1731 corpore,
2909 1668 3046 1715 teste
3073 1659 3375 1730 Scriptura,
3402 1677 3430 1715 a
3456 1661 3557 1715 Deo
3580 1669 3669 1725 est,
3690 1661 3830 1714 dicente

2373 1757 2439 1810 ad
2460 1755 2664 1826 primos
2685 1755 2858 1809 nostri
2883 1755 3094 1827 generis
3115 1755 3364 1810 homines
3383 1762 3534 1824 atque
3553 1753 3831 1808 interminante

2298 1864 2347 1924 Β
2374 1849 2513 1903 Deo:
2533 1847 2616 1902 Ex
2629 1847 2770 1901 omni
2784 1847 2924 1924 ligno
2944 1847 3083 1918 quod
3103 1857 3178 1901 est
3197 1848 3254 1900 in
3273 1845 3522 1901 Paradiso
3541 1845 3665 1908 edite,
3680 1846 3727 1899 de
3741 1845 3830 1916 ligna

2373 1951 2547 1995 autem
2590 1939 2820 1994 scientia:
2861 1938 2978 1992 boni
3022 1947 3068 1992 et
3099 1937 3228 1992 mali
3257 1953 3319 1991 ne
3361 1936 3833 2004 comedatis:qsacsn-

2372 2047 2470 2102 que
2499 2041 2673 2084 autem
2709 2029 2794 2083 die
2833 2027 3159 2082 comederitis
3204 2044 3271 2082 ea:
3318 2043 3412 2093 eo,
3449 2037 3595 2081 morte
3635 2025 3832 2079 moriemini

2379 2122 2532 2194 (Gen.
2570 2139 2628 2186 ιι,
2670 2119 2778 2192 16).
2812 2120 2868 2174 In
2894 2119 3090 2190 quibus
3111 2119 3296 2174 verbis
3327 2129 3541 2174 mortem
3581 2118 3729 2172 anima:
3745 2132 3832 2185 pra-

2374 2213 2509 2268 dixit
2553 2221 2782 2275 tantum,
2818 2227 2925 2266 non
2959 2211 3124 2265 etiam
3161 2211 3440 2282 irrogavit.
3477 2211 3547 2266 Ae
3583 2225 3662 2280 per
3683 2210 3756 2264 hoc
3774 2224 3834 2263 nec

2373 2320 2558 2370 causa,
2605 2319 2705 2360 nec
2763 2311 2951 2358 auctor
3003 2301 3119 2372 ejus
3174 2317 3298 2358 esse
3346 2303 3664 2358 convincitur.
3706 2301 3835 2354 Deinde

2373 2406 2698 2468 prtesumpto
2745 2396 2989 2452 inhibitis
3029 2396 3158 2467 ligni
3210 2395 3413 2462 edulio,
3461 2396 3630 2451 iterum
3660 2394 3835 2449 Dominus

2372 2498 2497 2560 post
2524 2487 2822 2558 piissimam
2861 2499 3024 2558 atque
3065 2487 3494 2542 inaestimabilem
3519 2486 3835 2554 redargutionem

2373 2590 2430 2635 et
2455 2580 2788 2650 patientiam,
2819 2595 2926 2649 qua
2952 2594 3045 2634 eos
3077 2578 3144 2632 ad
3175 2577 3541 2648 paenitentiam
3576 2573 3834 2629 misericordi-

2375 2683 2459 2729 ter
2489 2674 2790 2739 invitabat,
2839 2688 3004 2743 quam
3049 2671 3126 2727 illi
3167 2673 3475 2727 econtrario
3517 2668 3836 2725 obstinacissime

2375 2763 2744 2834 repellebant,
2807 2778 3136 2833 causamque
3188 2763 3541 2834 prolapsionis
3588 2761 3762 2832 propria
3803 2757 3834 2809 in

2375 2858 2544 2913 Deum
2590 2857 2975 2928 superbissime
3003 2858 3570 2927 eontumacissirneque
3606 2851 3836 2912 referebant.

2375 2947 2668 3004 inevitabili
2749 2949 2954 3019 judicio
3027 2949 3356 3018 sententiam
3421 2945 3724 3003 damnationis
3777 2943 3837 2996 de-

2374 3041 2637 3110 prompsit
2665 3041 2851 3095 dicens
2888 3041 2941 3093 in
2980 3039 3151 3094 Adam
3197 3040 3417 3109 quidem
3459 3041 3525 3092 ita
3557 3055 3568 3092 :
3603 3037 3712 3103 Quid
3733 3033 3840 3102 fecisti

2374 3137 2491 3200 hoc,
2533 3144 2580 3188 et
2608 3134 2866 3188 audivisti
2898 3150 3072 3188 vocem
3115 3134 3302 3187 uxoris
3343 3143 3448 3187 ture
3481 3131 3584 3202 plus
3607 3144 3729 3200 quam
3756 3136 3839 3177 ne:

687 3226 832 3280 tam,
851 3215 1150 3285 justitiam,
1199 3213 1608 3278 beatitudinem,
1649 3228 1742 3266 nec
1781 3211 1878 3266 illa
1918 3229 2035 3283 qua:
2065 3221 2267 3283 cogeret
2294 3221 2344 3287 ο
2375 3225 2660 3280 Μαιειιεεεη
2689 3235 2828 3279 terra
2877 3225 2931 3278 in
2969 3241 3121 3293 opere
3166 3234 3305 3291 tuo;
3356 3241 3470 3279 cum
3512 3230 3712 3292 operatus
3734 3215 3838 3286 fuerit

683 3306 1059 3378 praedictorum
1109 3307 1362 3360 bonorum
1399 3307 1701 3371 contraria,
1741 3304 1976 3360 videlicet
2017 3316 2266 3374 mortem,

671 3407 988 3472 peccatum,
1018 3399 1302 3463 miseriam,
1339 3414 1456 3467 qua:
1501 3397 1660 3462 ratio,
1689 3397 1888 3468 inquis,
1917 3399 2271 3468 enthymema-

683 3490 752 3545 tis
770 3499 1074 3560 argumento
1094 3488 1450 3554 concluditur,
1463 3488 1602 3558 quod
1618 3476 1819 3558 semper
1833 3497 1906 3542 est
1928 3505 1958 3542 a
1980 3491 2268 3557 contrario,

671 3582 836 3653 cujus
858 3582 1140 3653 propositio
1161 3579 1281 3634 talis
1307 3589 1381 3634 est
1410 3594 1428 3632 :
1464 3578 1588 3634 Non
1609 3590 1656 3634 et
1691 3579 1833 3634 Deus
1862 3596 2067 3634 summa
2099 3597 2272 3636 essen-

684 3674 760 3729 tia
795 3675 892 3741 sit,
925 3684 972 3728 et
1021 3689 1201 3728 eorum
1243 3681 1447 3726 tantum
1477 3689 1594 3743 qua:
1627 3673 1692 3726 ab
1721 3689 1782 3727 eo
1820 3683 1939 3727 sunt
1977 3689 2138 3728 causa
2168 3690 2271 3728 non

681 3767 782 3831 sit,
813 3776 888 3820 est
911 3774 1087 3819 autem
1115 3763 1253 3818 Deus
1288 3780 1494 3817 summa
1524 3764 1780 3828 essentia,
1809 3773 1884 3818 est
1907 3764 2070 3834 igitur
2089 3781 2270 3819 eorum

683 3865 890 3910 tantum
925 3872 1044 3926 qua:
1069 3855 1134 3910 ab
1165 3871 1225 3909 eo
1256 3864 1377 3908 sunt
1408 3870 1589 3908 causa.
1618 3852 1932 3922 Peccatum,
1977 3871 2146 3921 mors,
2175 3858 2272 3911 mi-

665 3947 851 4011 .seria,
879 3964 910 4000 a
940 3947 1044 4000 Deo
1076 3963 1179 4000 non
1201 3955 1358 4013 sunt,
1389 3963 1570 4000 eorum
1594 3947 1756 4016 igitur
1784 3963 1946 4003 causa
1987 3947 2128 4002 Deus
2169 3965 2271 4002 non

681 4050 779 4095 est.
812 4039 960 4094 Idem
991 4056 1194 4111 quoque
1217 4039 1551 4110 syllogismus
1579 4041 1676 4094 hoc
1709 4040 1862 4094 modo
1905 4041 2230 4094 connectitur
2249 4057 2269 4094 :

577 4126 618 4166 ’τ
685 4130 810 4184 Non
832 4141 878 4184 et
911 4130 1051 4184 Deus
1077 4147 1258 4184 eorum
1277 4148 1394 4202 quae
1414 4141 1535 4185 sunt
1561 4149 1722 4184 causa
1745 4133 1846 4196 sit,
1869 4141 1916 4185 et
1943 4148 2121 4185 eorum
2153 4150 2270 4202 qua:

682 4220 815 4276 nihil
835 4232 957 4274 sunt
978 4239 1139 4275 causa
1169 4223 1235 4276 sit
1266 4231 1382 4276 :est
1405 4231 1578 4276 autem
1609 4221 1747 4275 Deus
1771 4237 1950 4276 eorum
1970 4239 2130 4276 causa
2152 4240 2268 4294 quae

681 4323 804 4368 sunt
830 4329 848 4366 :
889 4312 1047 4383 igitur
1068 4331 1170 4367 non
1199 4323 1274 4368 est
1301 4331 1462 4368 causa
1493 4329 1672 4368 eorum
1694 4329 1811 4383 qua:
1834 4330 1935 4368 non
1965 4325 2105 4369 sunt.
2131 4315 2266 4370 Pec-

683 4417 861 4462 catum
887 4407 1099 4478 ejusque
1119 4407 1353 4476 eﬂ'ectus,
1374 4423 1512 4461 mors
1535 4405 1766 4476 profecto
1795 4406 1878 4459 cui
1901 4407 2264 4472 adlaazret,mi-

682 4498 822 4554 seria
846 4513 950 4551 non
972 4505 1128 4562 sunt;
1149 4512 1330 4551 eorum
1366 4497 1529 4566 igitur
1549 4511 1641 4548 nec
1665 4494 1833 4560 Deus,
1866 4512 1958 4550 nec
1986 4497 2098 4567 ejus
2125 4515 2263 4568 pra:-

2375 3334 2512 3382 eam,
2549 3333 2650 3370 non
2680 3317 2822 3370 dabit
2851 3316 3056 3385 {ructus
3099 3332 3246 3382 suos,
3287 3316 3378 3370 sed
3422 3315 3582 3385 spinas
3614 3321 3654 3364 et
3697 3303 3838 3361 tribulos

2373 3408 2683 3479 germinabit
2711 3408 2823 3461 tibi.
2854 3407 2920 3460 In
2949 3407 3141 3462 sudore
3172 3407 3350 3462 vultus
3386 3408 3460 3461 tui
3495 3403 3692 3459 comedet
3720 3411 3838 3468 pum

2374 3511 2523 3555 tuum
2553 3503 2753 3555 cunctis
2793 3501 2974 3556 diebus
3018 3501 3137 3555 vita:
3171 3512 3302 3566 tum,
3351 3501 3506 3554 donec
3549 3492 3774 3550 revertaris.
3805 3485 3837 3538 ln

2371 3591 2540 3647 Evam
2563 3607 2692 3669 vero
2719 3610 2732 3646 :
2765 3591 3125 3664 Multiplicabo
3158 3608 3425 3646 (erumnas
3461 3600 3568 3643 tuas
3591 3596 3630 3640 et
3654 3589 3837 3669 conceptu

2372 3693 2523 3750 tuos;
2546 3668 2603 3738 in
2623 3683 2803 3738 dolore
2828 3686 3000 3755 paries
3026 3683 3185 3753 ﬁlios,
3215 3693 3264 3737 et
3288 3682 3393 3755 sub
3415 3682 3506 3736 viri
3539 3685 3737 3748 potestate
3761 3668 3836 3728 erit,

2371 3782 2420 3828 et
2440 3775 2549 3844 ipse
2585 3753 2943 3829 dominabitur
2961 3775 3053 3828 tibi
3082 3772 3234 3846 (Gen.
3271 3791 3353 3839 Ill,
3383 3753 3446 3827 '17
3471 3772 3596 3841 seq.)

2357 3893 2360 3896 ’
2443 3866 2614 3939 Hujus
2639 3869 2831 3923 mortis
2855 3877 3018 3938 atque
3055 3869 3291 3924 miseria:
3316 3869 3470 3928 Deus,
3497 3880 3603 3919 cum
3635 3871 3755 3914 causa
3775 3864 3838 3904 non

2373 3961 2464 4026 sit,
2506 3968 2696 4016 auctor
2733 3971 2933 4026 tamen,
2965 3962 3021 4017 id
3055 3971 3142 4016 est
3169 3961 3505 4031 justissimus
3539 3959 3839 4024 irrogatorccr-

2373 4052 2580 4107 tissime
2612 4053 2874 4119 creditur,
2905 4053 3364 4123 quemadmodum
3403 4051 3568 4106 verbis
3591 4034 3838 4116 peucedani-

2369 4141 2471 4197 bus
2491 4143 2814 4208 declaratur,
2839 4143 3035 4212 quibus
3059 4142 3103 4198 si
3127 4144 3394 4214 quispiam
3415 4139 3658 4197 contraire
3673 4128 3838 4187 voluerit.

2369 4244 2498 4304 puto
2529 4235 2654 4305 quia
2683 4251 2766 4292 me
2791 4242 3004 4290 tacente
3029 4236 3322 4306 impietatis
3344 4251 3464 4290 reus
3493 4233 3737 4288 addicetur.
3750 4220 3839 4275 Mors

2369 4329 2614 4399 corporis
2658 4329 2918 4386 discessio
2960 4338 3042 4385 est
3073 4330 3268 4385 anima:
3290 4346 3321 4384 a
3349 4342 3596 4399 corpore;
3629 4323 3722 4376 ideo
3741 4310 3838 4380 iullus

2368 4429 2559 4475 auctor
2584 4421 2780 4476 dicitur
2811 4421 2972 4487 Deus,
3001 4423 3280 4493 quoniam,
3326 4423 3442 4493 ipso
3468 4419 3687 4490 puniente
3714 4424 3758 4463 ac
3783 4419 3839 4456 t0-

2366 4509 2531 4577 lente,
2561 4513 2901 4567 abstrahitur
2943 4529 2973 4566 a
3003 4527 3251 4584 corpore,
3295 4514 3465 4568 donec
3491 4511 3596 4580 ipso
3628 4503 3838 4559 volenlcat

682 4590 997 4655 destinatio,
1040 4604 1157 4660 qua:
1201 4596 1279 4642 est
1305 4587 1445 4659 quod
1492 4588 1602 4658 ipse
1654 4595 1764 4654 est,
1801 4604 1961 4642 causa
2010 4605 2119 4644 esse
2161 4607 2266 4645 non
2291 4591 2345 4652 D
2362 4598 2640 4671 judicame
2661 4602 3068 4672 resurgeniibus
3103 4603 3376 4667 omnibus,
3414 4619 3509 4657 suo
3546 4608 3730 4669 qumque
3763 4600 3839 4642 cor-

677 4691 863 4752 potest.

762 4793 764 4795 »
1024 4797 1037 4806 .
1319 4765 1637 4806 CORREC‘I‘IO.

749 4869 789 4939 -ι-
813 4866 998 4922 Mirari
1028 4865 1162 4922 satis
1209 4879 1420 4936 nequeo
1444 4880 1614 4936 quare
1642 4865 2055 4936 praesumpseris
2085 4865 2265 4923 dicere

678 4962 821 5032 quod
839 4959 1018 5014 nullus
1033 4967 1222 5014 auctor
1245 4965 1573 5012 tractatorve
1598 4957 1906 5012 divinorum
1922 4957 2262 5027 eloquiorum

677 5053 835 5109 dixit.
867 5051 1402 5107 Praedestinationem
1445 5050 1580 5105 dicis
1609 5064 1730 5104 esse
1766 5049 1933 5104 Deum
1957 5091 1970 5114 ,
2003 5051 2106 5105 hoc
2132 5065 2261 5120 pro-

677 5145 894 5216 phetica
919 5152 972 5197 et
1003 5143 1294 5212 apostolica
1325 5141 1606 5211 Scriptura
1629 5156 1904 5210 nunquam
1935 5141 2070 5196 dixit
2103 5157 2116 5194 :
2155 5150 2266 5196 tra-

679 5246 922 5293 ctatores
976 5236 1093 5306 ejus
1143 5250 1420 5304 nunquam
1472 5234 1674 5289 dixisse
1733 5235 2118 5305 reperiuntur:
2159 5251 2266 5304 qua

647 5330 857 5387 .Ironte
898 5345 1062 5385 ausus
1090 5344 1151 5384 es
1195 5329 1400 5398 tingere
1433 5329 1576 5397 quod
1620 5328 1916 5397 Scriptura:
1945 5329 2266 5384 auctoritate

674 5437 916 5494 nequeas
944 5421 1254 5477 afﬁrmare?
1281 5418 1398 5475 Jam
1426 5436 1554 5476 vero
1583 5421 1726 5490 quod
1753 5420 1892 5475 dicis
1915 5422 2266 5492 praedestina-

674 5515 809 5571 tioni
834 5514 930 5570 Dei
959 5514 1158 5570 nullam
1189 5515 1367 5568 inesse
1393 5513 1501 5568 vim
1530 5529 1635 5583 qua
1663 5512 1785 5582 quis
1813 5523 2042 5584 cogatur
2070 5515 2137 5568 ad
2161 5515 2262 5570 ali-

677 5607 844 5677 quid,
891 5616 949 5661 et
996 5621 1094 5660 nos
1124 5605 1352 5660 dicimus
1392 5612 1445 5658 et
1479 5603 1791 5674 probamus.
1830 5603 2093 5660 Similiter
2120 5607 2264 5676 quod

677 5697 865 5760 addis,
893 5697 1061 5752 Deum
1087 5705 1143 5752 et
1163 5697 1693 5768 praedestinationem
1719 5696 1836 5768 ejus
1861 5714 1968 5756 non
1992 5713 2114 5756 esse
2135 5715 2264 5756 cau-

678 5803 796 5843 sam
829 5803 1013 5844 eorum
1041 5804 1162 5856 quae
1197 5803 1303 5843 non
1351 5790 1490 5854 sint,
1526 5799 1580 5846 et
1615 5792 1717 5849 hoc
1765 5796 2120 5853 nihilominus
2164 5813 2260 5868 ap-

2369 4691 2488 4762 pori
2531 4691 2613 4744 vel
2649 4691 2790 4746 mala
2817 4706 2914 4763 pro
2939 4692 3148 4748 meritis
3178 4701 3466 4764 receptura
3492 4689 3567 4744 vel
3591 4688 3705 4742 bona
3737 4676 3838 4734 mti-

2369 4790 2570 4836 tuatur.
2613 4781 2823 4837 Iustum
2855 4790 2938 4836 est
2982 4782 3126 4837 enim
3171 4790 3231 4836 ut
3277 4799 3386 4852 quo
3437 4788 3636 4836 auctore
3678 4778 3838 4828 creatur.

2347 4874 2530 4934 datur
2567 4881 2726 4946 atque
2757 4874 3068 4930 immittitur
3103 4876 3340 4945 corpori,
3392 4876 3504 4945 ipso
3537 4877 3733 4927 auctore.
3760 4857 3837 4930 qui!

2365 4967 2687 5037 promeruit,
2717 4967 3090 5033 abstrahatur;
3137 4975 3192 5022 et
3230 4967 3385 5036 cujus
3429 4968 3638 5038 primum
3679 4955 3839 5014 bonitate

2369 5057 2565 5112 donata
2603 5066 2707 5122 est,
2732 5058 2848 5129 ejus
2872 5058 3210 5128 postmodum
3245 5057 3456 5127 justitia
3489 5049 3784 5111 subtrahatur,
3805 5047 3838 5090 ul

2369 5149 2512 5220 quod
2539 5150 2847 5220 benignitas
2877 5150 3125 5214 contulit,
3168 5150 3395 5220 aequitas
3422 5149 3605 5204 demat.
3631 5141 3733 5208 Qtuc
3763 5143 3837 5187 cum

2345 5285 2348 5288 .
2370 5241 2582 5311 corpori
2613 5241 2890 5305 inseritur,
2910 5241 3074 5296 vitam
3092 5242 3301 5308 tribuit,
3326 5257 3446 5297 cum
3471 5223 3835 5322 aulerturadimil;

2342 5338 2427 5387 .et
2454 5331 2568 5387 hinc
2607 5332 2718 5400 ipsa
2769 5331 3064 5400 ademptio,
3098 5333 3181 5385 vel
3227 5333 3448 5397 ablatio,
3492 5327 3566 5382 vel
3610 5323 3836 5380 subtracta.

2371 5423 2564 5478 mortis
2587 5421 2850 5477 vocabulo
2878 5431 3239 5492 nuncupatur,
3264 5423 3404 5494 quod
3437 5434 3551 5476 cum
3575 5407 3746 5470 nonnisi

2361 5514 2544 5586 iudice
2579 5513 2692 5580 ﬁat,
2723 5515 2844 5585 quis
2887 5528 3089 5586 negare
3119 5492 3312 5572 audeat
3355 5515 3518 5570 Deum
3551 5505 3708 5565 mortis
3736 5492 3838 5562 huius

2364 5621 2485 5664 esse
2512 5607 2822 5663 auctorem?

2439 5701 2532 5756 Sic
2557 5701 2718 5756 etiam
2743 5701 2809 5756 de
2835 5701 3053 5757 miseria
3094 5702 3432 5758 sentiendum
3467 5718 3479 5752 :
3507 5711 3612 5769 qua:
3634 5702 3729 5745 cum
3751 5683 3831 5736 δραι

2368 5791 2616 5848 titudinis
2647 5791 2843 5847 dicitur
2877 5790 3198 5863 indigentia,
3238 5807 3341 5847 non
3379 5790 3483 5844 Deo
3525 5775 3700 5840 auctori
3727 5770 3836 5836 δαίνυ’
