4064 6346
233 351 356 409 1041

1091 351 1180 407 DE
1213 347 1886 410 PREDESTINATIONE
1921 349 2197 408 CONTRA
2233 351 2282 407 J.
2326 349 2623 408 SCOTUM.

3342 357 3485 417 10ιῖ

231 480 384 536 tatur,
418 470 512 526 sed
551 471 815 526 creatura
834 467 1108 537 rationali,
1151 485 1274 542 qua:
1308 469 1609 526 voluntaria
1645 483 1798 524 aver—
1823 471 1874 532 Α
1901 469 1993 540 qui
2017 468 2332 540 puniuntur,
2357 466 2451 524 sed
2491 467 2595 523 hoc
2639 467 2710 522 ita
2752 467 2895 535 dixi,
2923 472 3374 540 quemadmodum
3402 479 3485 536 di-

229 564 371 620 sione
428 580 458 618 a
525 578 668 618 veras
713 561 1076 619 'beatitudinis
1135 577 1347 619 summo
1405 563 1579 628 bono,
1637 571 1798 632 atque

228 656 526 711 adhaesione
551 654 840 710 damnabili
871 655 924 710 in
954 656 1138 711 intimo
1160 656 1324 721 bono,
1351 655 1453 710 sibi
1489 670 1607 710 eam
1663 669 1794 710 con-

231 745 454 800 traxisse
499 744 804 799 nullatenus
848 745 1163 816 ambigitur.
1222 744 1356 800 Cum
1401 759 1530 799 vero
1579 743 1796 799 miseria

227 835 444 906 pmnalis
467 834 626 905 hujus
661 836 785 891 vitae
807 836 1168 901 conversatio,
1209 835 1295 890 vel
1333 835 1712 904 subsequentis
1741 834 1798 891 in

227 926 462 998 gehenna
484 926 767 982 retributio
805 926 1023 991 dicitur,
1053 926 1172 996 quis
1212 926 1379 981 Deum
1423 935 1702 980 auctorem
1733 925 1799 980 il-

231 1017 328 1074 lius
356 1019 583 1085 nesciat,
632 1017 786 1087 cujus
829 1027 991 1088 atque
1023 1017 1227 1087 judicio
1269 1017 1568 1087 dispensari
1615 1017 1798 1074 omnia

226 1125 326 1164 non
370 1109 684 1180 ignoratur?
726 1107 784 1164 Si
823 1109 991 1173 enim,
1033 1107 1248 1164 dicente
1299 1107 1603 1178 Scriptura,
1645 1106 1798 1162 Nihil

222 1201 330 1254 sine
367 1217 527 1254 causa
578 1201 636 1269 ﬁt
688 1217 844 1270 super
886 1209 1080 1254 terram
1133 1199 1277 1271 (Job.
1316 1216 1366 1262 v,
1424 1199 1499 1268 6),
1551 1199 1797 1270 profecto

227 1290 387 1359 liquet
414 1290 541 1359 quia
569 1291 711 1345 sicut
749 1291 911 1355 bona,
944 1291 1054 1344 Deo
1081 1299 1322 1355 auctore,
1349 1298 1616 1354 constant,
1637 1290 1713 1344 ita
1741 1296 1798 1345 et

225 1381 357 1436 mala
378 1391 542 1451 atque
571 1381 804 1437 miseriae
837 1380 922 1436 vel
944 1382 1011 1436 ad
1046 1382 1417 1452 probationem
1449 1381 1680 1450 piorum,
1713 1379 1797 1436 vel

224 1471 286 1526 ad
310 1471 746 1541 reprobationem
773 1471 1085 1543 impiorum,
1122 1472 1206 1527 vel
1245 1472 1332 1528 hic
1362 1470 1446 1525 vel
1477 1470 1583 1526 illic
1611 1486 1795 1542 poma-

224 1562 341 1617 litcr
376 1561 587 1618 inﬂictae
616 1559 892 1629 non'alio,
921 1578 1084 1633 quam
1121 1572 1344 1619 auctore
1391 1562 1502 1618 Deo
1540 1562 1796 1618 nimirum

216 1650 510 1721 iustissimo
537 1656 655 1710 ﬁeri
682 1655 947 1712 credenda
988 1666 1115 1711 sunt
1146 1674 1160 1710 :
1204 1655 1564 1711 consideratis
1599 1654 1798 1726 quippe

221 1759 550 1816 quascunque
574 1747 860 1816 pmnaliter
885 1747 1222 1818 ingeruntur,
1255 1746 1431 1802 nullas
1453 1746 1565 1800 fere
1593 1745 1798 1815 absque

222 1839 482 1894 creaturis
509 1839 604 1894 Dei
633 1855 822 1911 pmnas
867 1849 1030 1910 atque
1071 1840 1319 1895 miserias
1354 1838 1679 1894 invenimus.
1726 1837 1794 1892 Et
1821 1831 1870 1892 Β

220 1931 363 2000 quia,
395 1931 623 1988 docente
649 1933 807 1988 beato
829 1932 1112 2004 Gregorio,
1138 1949 1298 2012 omne
1321 1931 1586 2023 judicium
1617 1933 1670 1988 in
1697 1932 1794 1987 bo-

220 2025 450 2081 minibus
515 2041 613 2095 per
673 2026 894 2096 angelos
961 2036 1290 2094 exercetur.
1349 2034 1502 2097 patet
1552 2024 1796 2095 profecto

219 2115 492 2185 quidquid,
519 2115 629 2171 Deo
654 2116 860 2184 judice,
890 2117 1177 2188 pmnaliter
1212 2115 1791 2182 hominibusinfertur,

219 2220 550 2276 nequaquam
582 2207 683 2262 nisi
716 2223 813 2278 per
850 2217 1132 2264 creaturas
1159 2209 1277 2279 ejus
1312 2207 1448 2263 ﬁeri.
1486 2208 1645 2263 Verbi
1675 2223 1798 2279 gra-

220 2297 312 2364 tia,
333 2306 426 2352 aut
455 2313 580 2352 aere
600 2308 874 2369 corrupto,
898 2308 992 2354 aut
1011 2307 1291 2354 ventorum
1317 2295 1794 2369 irimqiialitatibus,

225 2399 313 2444 aut
334 2391 463 2446 solis
484 2392 752 2446 caloribus
781 2393 982 2456 nimiis,
1007 2392 1419 2464 autpluviarum
1447 2391 1797 2448 effusionibus

217 2482 480 2548 adversis,
533 2499 626 2538 seu
687 2484 1100 2554 quibuscnnqne
1146 2485 1267 2540 aliis
1311 2481 1796 2540 animadversionis

216 2588 457 2642 superna:
493 2575 802 2644 generibus,
844 2576 910 2630 de
955 2575 1150 2646 quibus
1198 2575 1466 2644 Propheta
1515 2583 1791 2629 testatur:

215 2663 378 2730 Misit,
409 2665 676 2735 inquiens,
701 2667 844 2721 baud
865 2665 1086 2721 dubium
1119 2667 1248 2737 quin
1276 2667 1438 2732 Deus,
1474 2666 1528 2718 in
1546 2682 1633 2719 eos
1661 2666 1794 2718 iram

214 2758 586 2829 indignationis
613 2776 744 2825 saw,
776 2760 1213 2830 indignationem,
1241 2772 1288 2815 et
1314 2761 1472 2826 iram,
1499 2770 1546 2814 et
1583 2758 1798 2813 tribula-

213 2849 426 2916 tionem,
459 2851 834 2907 immissionem
870 2869 962 2922 per
984 2851 1195 2923 angelos
1238 2851 1431 2918 malos,
1466 2859 1571 2907 etc.
1617 2849 1791 2923 (Psal.

212 2959 413 3009 Lxxvu,
439 2945 553 3014 49).
593 2945 691 3002 Ubi
723 2948 972 3016 quamvis
998 2962 1095 3017 per
1125 2948 1348 3018 angelos
1374 2947 1543 3002 malos
1587 2946 1796 3002 immis~

211 3033 416 3090 sionem
438 3036 660 3091 missam
685 3037 902 3104 dixerit,
928 3037 1158 3109 legimus
1189 3048 1369 3094 tamen
1392 3039 1554 3094 etiam
1579 3053 1678 3110 per
1698 3039 1795 3093 bo-

211 3139 308 3181 nos
332 3127 552 3198 angelos
580 3127 895 3195 identidem,
919 3130 1028 3186 Deo
1049 3131 1280 3199 vindice,
1315 3131 1530 3187 actitari
1560 3150 1572 3187 :
1605 3147 1793 3202 quem-

1897 567 2044 615 ctum
2089 569 2212 615 est:
2245 559 2388 615 Deus
2415 569 2636 615 mortem
2670 577 2774 616 non
2812 561 2930 632 fecit
2959 561 3104 634 (Sap.
3141 581 3182 631 ι,
3211 566 3321 638 15),
3354 585 3481 629 cum

1897 651 2023 706 alibi
2071 652 2333 722 scriptum
2364 652 2468 708 sit:
2496 652 2642 708 Mors
2679 662 2728 708 et
2769 655 2874 709 vita
2923 672 2956 708 a
2994 654 3222 712 Domino
3251 658 3364 715 Deo
3403 669 3484 718 est

1897 742 2050 813 (Sap.
2081 759 2202 809 xvi,
2235 744 2346 815 15).
2377 743 2637 799 Malorum
2669 759 2798 817 ergo
2822 759 3002 816 poena,
3030 763 3150 818 quae
3176 764 3208 804 a
3239 749 3352 806 Deo
3372 761 3477 819 est,

1897 835 2098 889 malum
2129 844 2216 891 est
2239 837 2456 906 quidem
2491 837 2672 903 malis,
2695 839 2788 894 sed
2823 839 2878 893 in
2920 840 3076 895 bonis
3101 841 3197 897 Dei
3225 843 3480 913 operibus

1895 935 2001 992 est,
2027 929 2280 997 quoniam
2305 928 2510 998 justum
2533 940 2619 986 est
2639 941 2700 987 ut
2720 931 2844 987 mali
2873 933 3183 1002 puniantur,
3210 946 3266 991 et
3293 937 3480 1008 utique

1895 1016 2095 1073 bonum
2124 1028 2208 1074 est
2232 1035 2393 1076 omne
2418 1023 2561 1090 quod
2578 1020 2783 1090 justum
2809 1023 2952 1096 est.)

1900 1149 1906 1154 .
1951 1109 2006 1178 ει·
2031 1107 2190 1164 Sede
2216 1112 2438 1176 sanctis,
2482 1112 2843 1186 Hieronymus
2891 1115 2946 1171 in
2995 1117 3481 1188 Explanationibus

1895 1200 2305 1270 prophetarum,
2333 1205 2426 1274 qui
2453 1205 2539 1259 vel
2577 1206 2814 1262 maxime
2855 1207 3012 1276 hujus
3055 1209 3340 1267 locutionis
3384 1228 3478 1283 ge-

1895 1305 2026 1346 nere
2047 1291 2188 1362 pleni
2218 1301 2359 1358 sunt,
2393 1295 2596 1351 eisdem
2623 1297 2884 1369 vestigiis,
2915 1301 3041 1369 quia
3067 1302 3255 1356 eodem
3286 1304 3480 1372 spiritu

1897 1384 2160 1454 graditur,
2175 1385 2267 1456 qui
2289 1386 2587 1456 explanans
2606 1387 2798 1445 Jonam
2820 1392 3138 1461 prophetam
3166 1396 3242 1464 (in
3263 1411 3376 1465 cap.
3403 1398 3440 1467 ι)
3463 1414 3476 1450 :

1899 1475 2040 1548 [Hic,
2085 1477 2278 1549 inquit,
2305 1480 2565 1536 malitiam
2614 1498 2714 1553 pro
2757 1481 3046 1541 alllictione
3089 1496 3141 1542 et
3170 1488 3478 1546 calamitate

1897 1570 2143 1638 accipere
2170 1571 2446 1639 debemus,
2471 1577 2766 1630 secundum
2791 1576 2919 1632 illud
2949 1596 2962 1632 :
2989 1577 3186 1650 Sufﬁcit
3217 1580 3322 1634 diei
3362 1599 3477 1636 ma-

1897 1659 2012 1714 litia
2057 1678 2155 1716 sua
2185 1663 2400 1733 (Matth.
2430 1681 2504 1733 Vl,
2531 1665 2656 1738 34);
2689 1675 2745 1723 et
2789 1668 2842 1722 in
2887 1669 3054 1725 Amos
3096 1673 3354 1742 pr0pheta
3383 1671 3480 1730 :Si

1897 1762 1973 1806 est
2027 1753 2232 1808 malitia
2274 1757 2327 1809 in
2375 1757 2580 1812 civitate
2633 1776 2790 1830 quam
2843 1759 3100 1817 Dominus
3149 1779 3251 1818 non
3299 1766 3481 1834 fecerit

1897 1842 2098 1914 (Amos.
2129 1861 2212 1911 Ill,
2239 1844 2327 1916 6):
2359 1860 2414 1902 et
2457 1848 2510 1902 in
2556 1848 2693 1904 lsaia
2719 1868 2732 1904 :
2757 1851 2870 1922 Ego
2905 1851 3164 1908 Dominus
3210 1856 3300 1925 qui
3339 1856 3479 1925 facio

1895 1951 2078 2005 pacem
2115 1946 2163 1990 et
2194 1953 2312 1992 creo
2341 1938 2485 1993 mala
2526 1939 2662 2010 (lsa.
2693 1957 2813 2007 ην,
2847 1943 2920 2014 7).
2949 1943 3007 1998 In
3041 1944 3146 1999 alio
3190 1961 3320 2001 vero
3362 1948 3482 2001 loco

1898 2021 2099 2077 malitia
2147 2025 2420 2080 contraria
2464 2027 2651 2082 virtuti
2700 2029 3037 2100 intelligitur,
3071 2031 3222 2101 juxta
3251 2034 3392 2102 quod
3425 2033 3480 2088 in

1897 2111 2001 2166 hoc
2029 2113 2216 2168 eodem
2239 2115 2500 2186 propheta
2524 2133 2690 2188 supra
2717 2117 2944 2189 legimus
2970 2139 2982 2174 :
3008 2121 3254 2176 Ascendit
3280 2122 3482 2177 clamor

1896 2201 2114 2256 malitiae
2138 2204 2251 2272 ejus
2277 2206 2346 2259 ad
2371 2223 2452 2261 me
2481 2206 2654 2277 (Jama
2681 2224 2719 2276 ι,
2743 2209 2851 2283 2).]
2915 2271 2922 2276 ,
3481 2231 3486 2236 '

1967 2294 2006 2363 -ι-
2039 2293 2243 2362 Quibus
2287 2299 2536 2354 omnibus
2566 2308 2815 2370 patenter
2863 2303 3134 2360 indicatur
3179 2307 3345 2362 Deum
3377 2321 3480 2362 nec

1895 2396 2172 2442 auctorem
2217 2403 2315 2443 nec
2353 2404 2574 2445 causam
2603 2405 2722 2448 esse
2749 2395 2990 2462 peccati;
3029 2395 3294 2451 malorum
3323 2411 3478 2463 vero,

1896 2475 1952 2530 id
1985 2487 2066 2532 est
2095 2492 2378 2547 pinnarum
2403 2481 2766 2551 quarumlibet
2793 2493 2956 2554 atque
2981 2485 3349 2552 alllictionum,
3383 2502 3482 2544 au-

1895 2578 2104 2624 ctorem
2155 2570 2373 2640 quidem
2431 2572 2662 2629 ﬁdeliter
2705 2577 2988 2644 praedicari
3027 2595 3039 2629 :
3077 2593 3300 2633 causam
3348 2594 3480 2635 vero

1894 2674 2081 2716 eorum
2113 2673 2425 2732 peccatores
2451 2680 2746 2738 eorumque
2785 2680 3007 2740 peccata
3043 2672 3352 2729 nullatenus
3379 2674 3480 2729 du-

1895 2751 2080 2806 bitari.

1967 2844 2316 2918 Progredcris
2345 2849 2468 2906 inde
2495 2851 2560 2906 ad
2602 2852 2725 2919 alia,
2752 2863 2808 2908 et
2833 2853 2997 2910 veluti
3029 2857 3206 2927 prima
3228 2857 3295 2912 de
3321 2857 3480 2912 hoste

1895 2939 2280 3010 congressione
2326 2943 2501 3000 victor
2547 2944 2772 3002 ell‘ectus
2812 2947 3234 3020 gloriabundus,
3262 2951 3330 3006 ad
3372 2950 3481 3005 alia

1895 3032 2219 3088 revincenda
2250 3032 2569 3091 furibundus
2593 3039 2862 3107 procedis,
2896 3039 3078 3094 multis
3107 3041 3319 3096 hostem
3349 3056 3479 3096 con-

1893 3123 2052 3179 viciis
2095 3124 2380 3196 impetens,
2425 3136 2479 3183 et
2525 3129 2827 3187 maledictis
2870 3132 3292 3203 incessens,'qui
3334 3133 3380 3189 si
3415 3147 3482 3188 ea
3516 3161 3529 3176 ο

211 3196 499 3288 admodum
530 3221 670 3290 apud
703 3221 994 3278 Sodo’mam
1023 3196 1338 3290 actitatum,
1370 3233 1427 3278 et
1457 3224 1507 3278 ei
1536 3196 1793 3279 finitimas
1820 3196 1867 3262 θ
1897 3215 2100 3288 legeret
2121 3217 2333 3289 sibique
2359 3218 2588 3276 facultas
2611 3231 2939 3294 suppeteret,
2973 3224 3221 3281 fortassis
3253 3233 3348 3280 aut
3377 3226 3480 3280 mi-

208 3309 481 3374 civitates,
507 3310 683 3380 ignem
715 3311 930 3368 caelitus
961 3311 1178 3382 pluente
1213 3312 1443 3368 Domino
1480 3311 1633 3386 (Gen.
1676 3329 1790 3379 xxx,

207 3398 323 3471 24),
342 3416 505 3456 verax
529 3412 716 3457 narrat
733 3403 993 3460 historia:
1020 3420 1158 3476 quos
1177 3407 1368 3463 beatos
1383 3407 1408 3460 l‘
1407 3409 1549 3463 uisse
1573 3408 1796 3478 angelos

209 3491 390 3547 nullus
424 3493 515 3563 qui
545 3495 791 3550 eamdem
821 3496 1100 3551 historiam
1123 3496 1354 3552 ﬁdeliter
1379 3497 1526 3568 legit,
1560 3498 1791 3570 ignorat.

279 3585 416 3641 Cum
448 3587 610 3659 igitur
635 3588 719 3644 vel
754 3589 805 3643 in
836 3589 940 3645 hoc
965 3589 1162 3646 saeculo
1187 3589 1272 3646 vel
1300 3591 1354 3644 in
1386 3591 1494 3662 igni
1534 3590 1794 3663 gehenna:

207 3675 406 3732 debita:
445 3680 821 3748 peccatoribus
865 3695 1039 3752 poem:-
1069 3696 1169 3753 per
1215 3693 1496 3738 creaturas
1546 3682 1641 3738 Dei
1677 3683 1794 3744 ﬁeri

205 3767 434 3822 minime
480 3769 817 3838 nesciantur,
875 3772 998 3840 quis
1053 3787 1241 3827 earum
1293 3783 1570 3830 auctorem
1622 3773 1792 3830 Deum

198 3859 569 3928 justissimum
628 3862 827 3917 audeat
881 3862 1134 3919 dilIiteri?
1178 3865 1416 3933 Quarum
1473 3867 1517 3922 si
1573 3883 1794 3923 causam

203 3951 434 4019 quaeris,
461 3962 778 4020 peccatores
814 3969 846 4008 e
875 3955 1106 4025 vestigio
1151 3966 1470 4023 occurrunt,
1502 3958 1593 4027 qui
1639 3957 1795 4013 malis

203 4042 326 4096 suis
354 4043 610 4111 operibus
629 4043 796 4099 Deum
827 4059 1037 4100 summe
1063 4047 1265 4101 bonum
1285 4056 1340 4102 et
1354 4046 1560 4116 justum
1587 4048 1654 4102 ad
1679 4049 1795 4104 haec

201 4133 313 4188 sibi
339 4134 536 4189 merito
571 4136 915 4191 retribuenda
948 4137 1360 4192 concitaverunt
1399 4155 1412 4190 :
1455 4140 1704 4208 quamvis
1729 4142 1796 4196 de

201 4227 393 4281 anima
419 4235 474 4282 et
516 4227 724 4298 angelis
753 4229 1090 4299 apostaticis,
1119 4230 1312 4298 quibus
1341 4231 1516 4300 pmnis
1563 4247 1796 4301 urgean-

203 4326 323 4384 tur,
345 4321 652 4376 neccssario
674 4330 968 4390 quaeratur,
993 4337 1133 4392 qua},
1159 4322 1212 4376 id
1237 4331 1322 4380 est
1336 4337 1528 4392 pinnae,
1552 4323 1665 4378 sive
1687 4332 1798 4378 tor-

200 4419 412 4474 menta,
444 4426 768 4482 quocunque
795 4413 902 4469 alio
948 4414 1286 4470 commodius
1317 4414 1581 4471 vocabulo
1620 4429 1796 4470 enun-

201 4503 436 4570 tientur,
467 4520 575 4561 non
600 4505 805 4562 idcirco
828 4506 968 4563 mala
991 4516 1273 4575 vocantur,
1304 4509 1447 4579 quod
1462 4523 1609 4575 vere,
1641 4509 1695 4564 id
1713 4518 1798 4564 cst

198 4596 554 4665 naturaliter,
609 4599 721 4654 sint
770 4599 933 4667 mala,
981 4601 1180 4672 quippe
1216 4616 1339 4657 cum
1381 4600 1476 4657 Dei
1531 4610 1796 4657 creatura:

198 4690 320 4745 sint
357 4707 372 4745 :
411 4691 538 4744 vidit
584 4691 726 4746 enim
765 4690 909 4746 Deus
947 4701 1137 4746 cuncta
1172 4708 1290 4763 qua:
1321 4691 1532 4762 fecerat,
1567 4701 1616 4746 et
1644 4699 1794 4745 erant

195 4779 363 4835 ualde
389 4779 524 4835 bona
565 4777 720 4852 (Gen.
763 4797 804 4848 ι,
835 4781 962 4853 51);
994 4783 1086 4839 sed
1133 4783 1258 4853 quia
1288 4782 1621 4851 patientibus
1661 4788 1813 4838 (ξοη-⁴

198 4872 380 4927 traria
416 4872 606 4943 procul
632 4873 796 4929 dubio
825 4874 983 4940 ﬁunt,
1012 4875 1081 4930 ab
1110 4889 1299 4931 eorum
1340 4874 1596 4929 nimirum
1633 4889 1798 4932 sensu

196 4966 338 5022 mali
369 4965 632 5023 vocabulo
669 4968 1018 5022 denotantur.

225 5101 228 5105 .
276 5058 442 5117 Unde
491 5069 546 5114 et
593 5059 788 5116 beatus
833 5060 1164 5132 Augustinus
1201 5061 1344 5115 inter
1391 5061 1798 5117 retractandum

197 5153 384 5209 libros
414 5169 563 5218 suos,
592 5168 716 5208 cum
738 5161 957 5208 ventum
987 5162 1132 5210 esset
1159 5154 1226 5209 ad
1250 5151 1370 5223 ejus
1395 5153 1516 5208 libri
1539 5160 1802 5208 retracta-

198 5248 442 5314 tionem,
475 5247 630 5316 cujus
656 5248 869 5302 titulum
901 5263 1022 5304 esse
1045 5247 1215 5304 voluit
1243 5248 1311 5303 de
1331 5248 1603 5318 octoginta
1631 5245 1802 5301 tribus

193 5339 625 5408 qumstionibus,
666 5340 743 5394 ait
790 5339 1098 5411 (Retractat.
1129 5339 1166 5395 ι.
1197 5357 1238 5406 ι,
1267 5357 1384 5411 cap.
1427 5339 1516 5412 26)
1543 5355 1558 5395 :
1583 5338 1801 5413 [Utrum

196 5434 359 5489 Deus
387 5433 512 5488 mali
542 5442 732 5489 auctor
753 5449 857 5489 non
880 5434 968 5489 sit.
995 5434 1406 5490 Ubividendum
1427 5441 1532 5500 est,
1560 5449 1629 5488 ne
1659 5432 1802 5489 male

195 5525 577 5597 intelligatur,
613 5529 756 5596 quod
801 5528 951 5584 dixi:
990 5528 1114 5582 Mali
1147 5535 1336 5582 auctor
1373 5543 1477 5583 non
1519 5538 1631 5593 est,
1673 5544 1802 5598 quia

192 5619 461 5672 omnium
492 5635 611 5689 quae
633 5628 756 5674 sunt
779 5628 968 5674 auctor
995 5628 1094 5683 est,
1129 5621 1254 5690 quia
1288 5621 1340 5673 in
1367 5629 1629 5690 quantum
1652 5630 1798 5688 sunt,

194 5708 260 5762 in
301 5717 515 5763 tantum
539 5711 676 5765 bona
708 5719 832 5765 sunt
859 5729 871 5764 :
898 5719 952 5766 et
981 5726 1050 5766 ne
1084 5711 1210 5766 hinc
1234 5721 1451 5780 putetur
1476 5728 1582 5766 non
1616 5713 1682 5767 ab
1713 5712 1802 5767 illo

193 5815 336 5858 esse
366 5816 584 5874 pinnam
629 5802 893 5860 malorum
915 5842 930 5869 ,
961 5818 1080 5875 qua:
1125 5802 1315 5874 utique
1360 5803 1561 5858 malum
1607 5812 1690 5859 est
1720 5804 1806 5862 bis

1898 3309 2037 3364 tiora
2061 3317 2155 3365 aut
2180 3327 2415 3383 congrua
2446 3315 2817 3384 responderet.
2851 3315 3056 3383 Quibus
3082 3316 3320 3383 omissis,
3343 3333 3482 3388 quo-

1897 3401 2043 3455 niam
2087 3416 2150 3456 ea
2199 3411 2403 3458 tantum
2436 3404 2490 3459 in
2526 3405 2723 3474 quibus
2749 3421 2778 3461 a
2809 3406 3074 3463 catholica
3115 3408 3347 3464 veritate
3373 3407 3484 3464 dis-

1897 3491 2066 3547 sentis
2116 3492 2453 3550 discutienda
2508 3503 2603 3560 et,
2674 3505 2933 3566 quantum
2993 3497 3253 3554 divinitus
3310 3497 3484 3568 adjuti

1897 3598 2204 3654 possumus,
2253 3585 2537 3642 refutanda
2577 3589 2934 3659 suscepimus,
2976 3588 3057 3644 eis
3109 3589 3484 3644 tantummodo

1898 3674 2302 3731 considerandis
2327 3685 2487 3748 atque
2516 3677 2862 3735 advertendis
2895 3679 3034 3750 stylo
3073 3681 3482 3751 imperavimus.

1898 3763 1992 3818 Ais
2038 3764 2103 3819 de
2140 3765 2406 3821 cbaritate
2449 3767 2592 3837 quod
2634 3783 2740 3822 una
2779 3769 2884 3833 sit,
2918 3769 3046 3825 licet
3079 3769 3187 3826 duo
3217 3771 3325 3826 sint
3366 3772 3486 3842 ejus

1897 3867 2188 3929 przecepta,
2236 3859 2378 3914 idem
2422 3868 2480 3914 et
2523 3876 2621 3916 nos
2663 3861 2915 3928 dicimus,
2947 3863 3275 3932 astipulante
3322 3865 3484 3920 beato

1899 3949 2176 4020 Gregorio,
2207 3951 2334 4021 quia
2365 3952 2504 4006 sicut
2534 3967 2639 4007 una
2678 3962 2762 4008 est
2804 3955 3047 4011 charitas
3071 3964 3127 4010 et
3157 3956 3263 4012 duo
3287 3971 3486 4028 praecec

1898 4048 2011 4111 pta,
2045 4040 2119 4094 ita
2149 4056 2287 4096 unus
2318 4039 2554 4112 Spiritus
2579 4051 2633 4098 et
2660 4043 2764 4099 duo
2793 4046 2939 4100 data.
2989 4046 3135 4102 Dicis
3163 4047 3486 4104 charitatem

1900 4148 2020 4189 esse
2042 4135 2233 4200 Deum,
2261 4143 2316 4189 et
2353 4150 2452 4191 nos
2487 4137 2800 4204 annuimus,
2828 4137 3081 4194 instructi
3110 4155 3139 4194 a
3171 4139 3488 4197 beatissimo
3521 4163 3530 4172 ν

1901 4223 2166 4281 Dominici
2199 4227 2436 4298 pectoris
2467 4231 2694 4293 recubo,
2725 4230 2818 4300 qui
2846 4231 2924 4285 ait
2949 4248 2962 4285 :
2987 4231 3128 4288 Deus
3155 4234 3386 4290 charitas
3411 4246 3488 4290 est

1901 4317 1952 4390 (I
1973 4316 2134 4372 Joan.
2165 4334 2239 4385 ιν,
2266 4319 2342 4392 8).
2370 4318 2475 4375 Sed
2502 4322 2646 4391 quod
2675 4323 2759 4378 bis
2787 4323 3039 4381 omnibus
3064 4326 3132 4380 ad
3159 4327 3486 4385 destructio-

1901 4423 2025 4462 nem
2066 4410 2295 4479 gemina:
2342 4411 2838 4482 praedestinationis
2881 4417 3048 4473 uteris
3093 4418 3484 4490 improbamus.

1904 4501 2046 4557 Dicit
2075 4503 2219 4557 enim
2262 4503 2579 4575 Scriptura:
2605 4506 2747 4563 Deus
2789 4510 3024 4565 cltaritas
3067 4521 3182 4577 est;
3212 4513 3306 4568 sed
3344 4528 3486 4568 nun-

1824 4580 1877 4641 D
1902 4607 2066 4662 quam
2115 4592 2246 4647 dicit
2286 4595 2428 4650 Deus
2466 4579 2869 4666 praedestinatio
2899 4608 3016 4660 est.
3072 4601 3212 4669 Quid
3257 4602 3488 4672 amplius

1905 4687 2198 4757 quaeritur?
2223 4686 2357 4741 Nam
2387 4690 2490 4744 etsi
2519 4691 2651 4746 nihil
2682 4693 2839 4748 nobis
2867 4693 3010 4750 aliud
3035 4696 3104 4750 ad
3128 4703 3232 4751 tuae
3256 4710 3479 4766 perver-

1906 4779 2083 4834 sitatis
2107 4778 2533 4837 confutationem
2562 4785 2958 4856 suppeditaret,
2989 4788 3091 4843 hoc
3135 4795 3342 4842 tantum
3375 4789 3488 4843 suf-

1907 4867 2094 4924 ticeret
2111 4869 2255 4938 quod
2280 4869 2426 4925 nulla
2455 4871 2506 4926 id
2542 4874 2881 4944 prophetica,
2907 4875 3214 4948 evangelica
3245 4876 3330 4932 vel
3355 4892 3486 4948 apo-

1907 4961 2096 5018 stolica
2123 4961 2404 5033 Scriptura
2435 4973 2682 5021 testatur.
2714 4966 2858 5040 Lego
2883 4969 3206 5025 charitatem
3236 4969 3484 5038 Domini,

1904 5073 2011 5118 non
2056 5059 2174 5132 lego
2215 5061 2744 5131 praadestinationem
2795 5064 3046 5119 Domini:
3074 5080 3182 5121 non
3224 5066 3328 5122 hoc
3358 5084 3483 5138 pro-

1903 5151 2078 5222 pheta:
2096 5153 2480 5222 praedixerunt,
2503 5170 2610 5211 non
2633 5155 2976 5227 evangelista:
3000 5157 3490 5230 annuntiaverunt,

1904 5261 2012 5302 non
2034 5247 2260 5318 apostoli
2296 5251 2745 5320 praedicaverunt.
2795 5249 2982 5308 Nullus
3008 5251 3226 5311 Patrum
3252 5271 3488 5316 venera-

1905 5339 2112 5408 bilium,
2133 5357 2232 5412 per
2249 5357 2384 5413 quos
2404 5345 2561 5401 nobis
2575 5346 2774 5400 eaedem
2795 5345 3147 5416 prophetica,
3162 5355 3495 5426 evangelica:

1907 5442 2070 5504 atque
2091 5435 2398 5505 apostolicae
2423 5435 2716 5507 Scripturae
2735 5435 2967 5494 diversis
2989 5437 3123 5495 locis
3146 5447 3201 5495 et
3226 5445 3492 5516 tempori-

1907 5527 2009 5582 bus
2042 5526 2272 5584 ﬁdeliter
2302 5543 2366 5584 ac
2401 5527 2693 5583 salubriter
2719 5529 2963 5585 enodataa
2993 5539 3141 5598 sunt,
3170 5532 3380 5594 dixisse
3409 5552 3496 5592 re-

1906 5619 2134 5689 peritur.
2181 5619 2297 5675 Non
2332 5619 2494 5689 igitur
2516 5618 2853 5678 admittimus
2892 5623 3037 5693 quod
3067 5640 3177 5682 non
3224 5629 3278 5683 in
3322 5627 3497 5682 sacris

1908 5712 2104 5768 litteris
2143 5713 2466 5778 invenimus,
2489 5713 2790 5782 praesertim
2822 5709 2947 5772 cum
2974 5715 3028 5772 id
3057 5709 3156 5771 υιὶι
3201 5720 3495 5776 ratiocina-

1911 5805 2166 5862 tiunculis
2194 5803 2432 5876 aﬂingas,
2465 5818 2572 5861 non
2611 5803 2918 5864 divinorum
2965 5806 3312 5883 eloquiorum
3341 5810 3494 5868 testi-
