4064 6346
526 331 685 399 ,Ιοῶ

1568 328 1626 384 S.
1665 324 2046 383 PRUDENTII
2087 321 2468 383 “ECENSIS
2503 323 2811 382 EPISCOPI

3690 322 3827 381 {ad

532 444 740 505 neniis
761 458 1059 505 asseveres.
1088 442 1157 505 Et
1172 441 1300 513 quia
1324 439 1461 497 nihil
1485 447 1640 499 extra
1667 438 1948 509 recipitur,
1970 437 2123 511 quid.
2142 437 2202 507 Α
2226 434 2451 507 {Merito
2472 437 2613 507 apud
2636 435 3010 495 Samaritanus
3032 437 3255 495 biduum
3274 438 3405 496 fecit
3429 437 3618 505 Iesus,
3644 450 3716 495 ut
3732 455 3833 498 an

538 536 674 611 quid
705 551 736 591 a
766 544 819 591 te
847 544 1003 593 extra
1029 535 1249 601 dicitur,
1274 534 1469 591 merito
1494 532 1835 603 reprobatur.

610 629 893 697 Quamvis,
920 628 1063 685 sicm
1086 642 1250 698 supra
1278 634 1639 683 monstratum
1661 634 1745 682 est
1767 665 1784 691 ,
1810 632 2125 681 sanctorum

536 718 765 795 Patrum
790 719 1186 785 venerabilibus
1214 716 1464 788 scriptis,
1500 724 1559 773 et
1590 716 1819 790 geminae
1846 714 2127 787 praedesti-

538 811 779 869 nationis
803 811 1005 869 veritas
1028 809 1373 881 approbatur,
1403 818 1460 867 et
1495 819 1627 873 tua,
1667 808 1721 864 id
1745 818 1831 865 est
1869 807 2124 865 solitaria

536 901 1062 975 praedestinatiouis,
1099 898 1309 959 falsitas
1342 900 1711 971 improbetur:
1742 900 1865 971 quis
1896 900 2043 955 enim
2070 907 2124 957 te

536 990 858 1057 barbarum,
883 998 938 1046 et
964 990 1126 1046 nullis
1152 991 1537 1049 ecclesiastica
1560 991 1836 1062 dignitatis
1865 990 2123 1061 gradibus

534 1083 847 1155 insignitum
876 1097 978 1139 nec
1012 1098 1247 1153 unquam
1292 1098 1323 1139 a
1359 1080 1641 1139 catholicis
1682 1081 2077 1151 insigniendum
2100 1120 2118 1149 ,

535 1175 791 1231 adversus
813 1172 1071 1230 Romanae
1090 1174 1241 1235 urbis
1260 1183 1314 1230 et
1333 1174 1640 1244 apostolicae
1658 1175 1802 1231 sedis
1823 1174 2121 1243 antistitem

532 1263 875 1337 Gregorium,
903 1274 960 1321 et
984 1264 1104 1335 ejus
1131 1266 1272 1322 sicut
1296 1267 1557 1323 doctrinae
1578 1276 1636 1323 et
1662 1266 1807 1332 ﬁdei,
1841 1268 1915 1322 ita
1946 1268 2120 1339 digni.

535 1358 663 1412 tatis
687 1365 850 1428 atque
878 1357 1041 1415 oliicii
1066 1360 1300 1425 socium,
1326 1357 1543 1415 beatum
1573 1359 1823 1415 videlicet
1854 1359 2117 1419 lsidorum

532 1447 869 1518 episcopum,
900 1449 1083 1505 audiat
1106 1449 1486 1505 oblatrantem.
1525 1449 1726 1506 Verum
1767 1450 1812 1506 si
1850 1450 1995 1507 beati
2022 1450 2120 1507 Isi-

530 1538 648 1594 dori
674 1538 842 1595 solius
856 1541 1313 1603 contemnendam
1334 1542 1555 1599 duxeris
1575 1542 1974 1607 auctoritatem,
1992 1544 2120 1613 quis

529 1633 830 1699 teoaudiat,
869 1634 992 1704 quis
1029 1644 1321 1704 sequatur,
1367 1634 1470 1691 nisi
1509 1644 1689 1691 mente
1730 1636 1964 1706 captus?
1991 1652 2117 1692 cum

527 1723 909 1797 eum-ejusque
930 1725 1235 1783 doctrinam
1264 1728 1319 1783 in
1347 1743 1515 1784 causa
1540 1728 1664 1784 ﬁdei
1690 1730 1971 1786 catholicis
1990 1746 2113 1786 om-

2222 528 2493 585 charitate
2534 529 2820 585 ﬁrmaret:
2864 528 3087 587 Binario
3114 546 3245 599 ergo
3274 532 3380 588 isto
3420 548 3663 589 numero
3698 549 3829 589 e-

2218 620 2428 691 aliquid
2452 622 2578 678 boni
2608 621 2979 691 signiﬁcatur,
3006 624 3243 680 maxime
3270 626 3534 696 hipartita
3576 627 3834 683 charita

2220 711 2681 784 commendatur].
2714 713 2754 784 -ι-
2780 713 2946 778 Idem,
2974 714 3068 770 lib.
3097 731 3153 770 tv
3176 716 3245 772 de
3268 716 3559 773 Consensu
3589 734 3834 791 evange-

2221 803 2508 863 listarum:
2544 804 2705 877 [Eum
2735 807 2827 876 qui
2859 807 3026 864 Filius
3061 809 3157 864 Dei
3192 824 3410 880 semper
3448 821 3567 875 est,
3600 822 3835 883 propter

2220 908 2323 949 nos
2350 894 2517 949 lilium
2546 895 2785 953 hominis
2816 897 3039 965 factum,
3064 908 3125 954 ut
3142 903 3479 973 sempiterna
3503 904 3691 961 virtus
3708 907 3835 975 eius

2220 996 2279 1043 et
2307 988 2562 1045 divinitas
2587 998 2791 1047 nostra:
2814 990 3119 1048 inﬁrmitati
3142 1004 3200 1049 et
3228 996 3545 1051 mortalitati
3572 1006 3835 1052 conteru-

2218 1088 2444 1148 perata,
2490 1082 2556 1136 de
2588 1092 2777 1138 nostro
2822 1084 2979 1139 nobis
3020 1085 3076 1140 in
3114 1101 3177 1142 se
3204 1096 3370 1157 atque
3397 1089 3468 1142 ad
3506 1104 3573 1143 se
3614 1089 3649 1142 l’.
3673 1098 3834 1144 ceret

2218 1169 2401 1235 etiam,
2445 1185 2566 1226 cum
2596 1187 2788 1244 magna
2829 1175 2945 1243 spei
2990 1174 3174 1230 laetitia
3212 1176 3448 1234 ﬁdeliter
3494 1188 3713 1242 teneat,
3765 1194 3835 1235 ne

2220 1271 2407 1331 peccet
2432 1276 2465 1317 a
2494 1277 2620 1334 rege
2656 1262 2875 1320 Christo
2918 1277 3176 1337 regatur:
3214 1269 3263 1323 si
3291 1267 3433 1325 forte
3473 1272 3833 1339 peccaverit,

2220 1350 2292 1409 ab
2332 1351 2523 1409 eodem
2569 1356 2853 1411 sacerdote
2886 1357 3173 1428 expietur,
3216 1369 3380 1429 atque
3408 1361 3481 1414 ita
3512 1362 3571 1415 in
3604 1363 3839 1419 actione

2218 1444 2373 1501 bona:
2403 1449 2835 1504 conversationis
2872 1459 2929 1506 et
2957 1451 3085 1505 vita:
3119 1453 3340 1507 nutritis
3368 1454 3566 1523 pennis
3590 1457 3840 1525 gemina

2219 1534 2556 1602 dilectionis,
2606 1545 2864 1609 tanquam
2906 1540 3115 1595 duabus
3158 1541 3272 1596 alis
3300 1542 3495 1599 validis
3530 1556 3777 1600 evectus
3802 1558 3837 1599 a

2220 1629 2416 1695 terris,
2448 1630 2517 1684 ab
2558 1631 2747 1686 eodem
2798 1622 2915 1702 ipso
2956 1630 3175 1688 Christo
3202 1635 3370 1690 verbo
3415 1634 3837 1710 illuminetur.]

2218 1726 2259 1794 ἰ’
2285 1723 2455 1791 Idem,
2498 1724 2553 1780 in
2588 1724 2728 1781 libro
2754 1726 3181 1782 Adnotationum
3229 1728 3281 1781 in
3320 1727 3460 1783 Joh:
3512 1729 3840 1802 [Βενθηά

525 1813 688 1877 nibus
734 1825 1121 1888 congruentem
1169 1826 1317 1874 tanta
1363 1821 1671 1875 annositate
1716 1830 2014 1891 temporum
2060 1830 2115 1878 et

2222 1815 2415 1885 pennis
2443 1815 2737 1871 immobilis
2760 1826 2819 1872 et
2846 1819 3147 1888 respiciens
3183 1819 3249 1873 ad
3278 1828 3545 1884 austrum,
3578 1821 3841 1892 explica-

526 1906 862 1976 probabilem
904 1908 1086 1964 videat
1128 1916 1185 1964 et
1230 1919 1573 1980 susceptam,
1625 1912 1862 1967 maxime
1902 1927 2026 1968 cum
2062 1922 2120 1970 et

530 1996 796 2069 hodieque
821 1998 952 2067 Leo,
986 2001 1310 2057 venerabilis
1337 2001 1647 2072 apostolicae
1672 2003 1818 2058 sedis
1850 2004 2082 2061 antistes
2099 2045 2116 2069 ,

530 2091 701 2151 missa
722 2101 843 2146 ante
871 2093 1155 2158 triennium
1185 2094 1251 2148 ad
1278 2094 1564 2164 episcopos
1591 2093 1998 2163 Britannorum,
2024 2097 2115 2166 qui

528 2180 718 2238 Galliae
763 2181 1052 2238 inferiores
1089 2195 1273 2256 partes
1308 2185 1571 2250 incolunt,
1601 2202 1768 2257 super
1794 2188 2114 2258 quibusdam

523 2270 917 2343 quaestionibus
948 2288 1060 2329 suae
1100 2274 1468 2343 responsionis
1514 2276 1774 2346 epistola,
1817 2277 2029 2332 censuit
2058 2285 2119 2332 ut

526 2363 788 2447 quidquid
812 2366 865 2419 in
895 2366 1117 2422 dubium
1142 2367 1447 2434 deveniret,
1479 2378 1642 2439 atque
1671 2370 1723 2424 in
1755 2371 1929 2425 sacris
1952 2385 2117 2425 cano-

528 2454 690 2511 uihus
730 2456 951 2512 minime
979 2456 1210 2511 inveniri
1242 2467 1453 2528 posset,
1488 2460 1555 2514 ad
1585 2459 1973 2514 catholicorum
2016 2458 2119 2513 Pa-

529 2546 988 2607 trunt'volumina
1023 2549 1478 2620 confugiendum,
1524 2560 1583 2606 et
1628 2551 1683 2605 in
1731 2552 1812 2607 eis
1854 2551 2116 2623 quidquid

530 2645 677 2701 esset
706 2637 942 2709 ambigui
967 2641 1348 2709 requirendum
1381 2651 1546 2711 atque
1573 2644 1908 2712 sequendum
1933 2661 1948 2696 :
1981 2658 2117 2713 quos

528 2742 652 2781 cum
665 2728 982 2784 nominatim
997 2731 1344 2801 exprimeret,
1362 2733 1577 2788 beatum
1594 2733 1852 2789 Isidorum
1869 2751 1991 2789 cum
2005 2750 2114 2790 cac-

530 2821 662 2877 teris
705 2823 897 2877 codem
931 2824 1137 2880 honore
1167 2835 1221 2881 et
1252 2825 1515 2897 dignitate
1566 2828 1769 2895 pariter
1814 2828 2111 2884 adnotavit.

438 2906 445 2913 ’
529 2908 701 2979 Ilnjus
726 2913 980 2981 quoniam
1010 2914 1257 2969 doctrina
1292 2915 1341 2967 in
1373 2930 1537 2970 causa
1573 2915 1693 2973 lidei
1723 2916 1792 2971 ab
1818 2916 2116 2988 apostolica

526 3004 655 3057 sede
700 3004 996 3074 approbata
1022 3008 1320 3072 'cernitur,
1357 3008 1621 3078 quidquid
1670 3019 1861 3065 contra
1905 3012 2117 3081 garrire

528 3095 748 3173 molitus
772 3111 853 3163 es,
886 3095 1168 3164 ell'etatur,
1199 3098 1360 3155 nullis
1394 3100 1447 3155 in
1476 3110 1754 3171 posterum
1784 3101 1989 3159 viribus
2016 3100 2118 3157 ful-

531 3183 804 3241 ciendum.

548 3336 555 3343 ,
600 3275 852 3332 Attamen
896 3279 1040 3348 quod
1080 3279 1350 3350 geminam
1394 3281 1718 3337 charitatem
1758 3282 2114 3357 quemadmo-

525 3364 654 3433 dum
684 3368 953 3439 geminam
983 3370 1511 3441 praedestinationem
1544 3388 1743 3444 negas,
1784 3373 2009 3443 ejusque
2032 3389 2116 3431 as-

528 3469 767 3516 sertores
790 3460 937 3516 velut
964 3462 1251 3518 luereticos
1279 3464 1535 3529 damnas,
1581 3465 1783 3521 videris
1826 3465 1941 3535 ipse
1982 3465 2114 3535 quid

528 3553 725 3625 egeris.
770 3551 904 3608 Nam
934 3552 1125 3609 Patres
1154 3555 1439 3611 orthodoxi
1485 3555 1755 3627 geminam
1789 3555 2112 3617 cltaritatem

526 3642 611 3721 vel
644 3642 989 3701 dilectionem
1020 3661 1407 3716 nonnunquam
1448 3647 1503 3702 in
1544 3648 1661 3701 suis
1700 3646 1975 3717 opusculis
2017 3663 2116 3718 po-

525 3734 703 3791 suisse
727 3737 1094 3806 reperiuntur,
1117 3754 1349 3809 quorum
1372 3738 1517 3794 Beda
1542 3738 1868 3795 venerabilis
1893 3743 2117 3811 preshy.

523 3834 606 3883 ter
635 3826 688 3882 in
718 3827 1065 3898 Expositione
1095 3828 1428 3885 tabernaculi
1456 3828 1568 3898 (lib.
1596 3845 1659 3894 Il,
1687 3845 1803 3900 cap.
1835 3830 1945 3901 ll),
1969 3831 2114 3901 quod

525 3917 741 3984 Moses,
788 3918 1014 3987 jubeute
1071 3919 1338 3987 Domino,
1392 3921 1650 3977 statuisse
1697 3921 1943 3994 legitur:
1992 3921 2116 3996 [Vel

523 4025 602 4064 ce:
620 4019 691 4076 te,
731 4009 925 4080 inquit,
963 4010 1202 4082 forcipe,
1233 4012 1429 4083 duplici
1458 4012 1705 4069 videlicet
1745 4013 2110 4081 ferramento,

524 4102 835 4171 sacerdotes
862 4104 1040 4175 ignem
1071 4104 1261 4159 altaris
1282 4105 1592 4171 emendant,
1621 4121 1741 4160 cum
1781 4106 1833 4161 in
1861 4107 2114 4163 omnibus

525 4212 646 4269 quae
673 4201 866 4255 docent
898 4199 1284 4270 praedicatores
1313 4200 1516 4264 sancti,
1546 4201 1805 4255 virtutem
1841 4201 1996 4257 nobis
2022 4216 2116 4273 ge-

528 4289 687 4343 minze
713 4290 998 4346 charitatis
1020 4290 1327 4355 infundere,
1350 4300 1403 4345 et
1424 4290 1584 4360 hujus
1605 4291 1780 4362 gratia
1802 4305 1901 4347 nos
1921 4292 2116 4349 ardere

527 4377 685 4433 simul
715 4388 768 4433 et
790 4378 970 4436 lucere
994 4378 1359 4453 prtecipiunt.]

2219 1907 2288 1962 tis
2316 1906 2386 1962 ab
2411 1906 2558 1963 omni
2586 1907 2974 1978 impedimento
2998 1908 3244 1963 saculari
3274 1909 3573 1965 virtutibus
3589 1912 3838 1982 gemina

2218 1999 2549 2066 dilectionis,
2576 2015 2904 2069 permanens
2939 2001 3293 2057 inconcussus
3316 2001 3368 2056 in
3400 2001 3547 2057 ﬁde:
3588 2018 3706 2057 non
3740 2013 3836 2057 ta-

2218 2104 2340 2147 men
2374 2090 2429 2145 in
2469 2089 2573 2145 hoc
2600 2088 2716 2158 ipso
2738 2088 2805 2144 de
2839 2104 2899 2145 se
2924 2089 3042 2160 ipso
3068 2105 3403 2159 praesumens
3421 2131 3438 2156 ,
3464 2092 3563 2147 sed
3588 2106 3837 2162 spera.

2217 2177 2269 2233 in
2302 2179 2466 2233 Deum
2493 2186 2546 2234 et
2576 2178 2779 2233 nullum
2815 2194 3078 2235 revocans
3102 2180 3156 2235 in
3190 2181 3547 2237 tentatiouem
3596 2180 3701 2254 (at.
3723 2222 3743 2247 ,
3776 2184 3833 2238 il

2217 2269 2365 2327 illum
2397 2266 2657 2326 revoca‘ns
2683 2268 3101 2343 intentionem],
3146 2287 3179 2327 a
3219 2287 3326 2342 quo
3368 2272 3483 2342 ipse
3524 2273 3835 2329 claritati

2217 2362 2379 2417 ardor
2404 2362 2722 2431 inspiratur,
2750 2372 2809 2417 ut
2838 2362 3209 2418 fortitudinem
3234 2379 3389 2419 suam
3416 2365 3487 2417 ad
3514 2365 3701 2433 ipsum
3734 2379 3835 2418 ω-

2217 2451 2417 2507 stodiat
2441 2452 2630 2507 dicens
2654 2470 2669 2506 :
2713 2450 2905 2507 Nonne
2936 2450 3045 2507 Deo
3071 2452 3307 2523 subjecta
3337 2454 3434 2508 erit
3458 2455 3645 2509 anima
3674 2471 3827 2521 nec,

2216 2543 2282 2603 ab
2310 2545 2424 2613 ipso
2461 2545 2601 2599 enirn
2628 2543 2865 2599 salutare
2886 2561 3080 2601 meum.
3122 2542 3331 2601 Etenim
3361 2546 3471 2616 ipse
3500 2546 3647 2601 Dens
3669 2562 3837 2607 σε.

2215 2647 2262 2691 et
2289 2638 2540 2693 salutaris
2566 2655 2710 2694 meus
2729 2679 2745 2703 ,
2776 2651 3044 2710 susceptor
3069 2655 3247 2706 metu,
3276 2657 3384 2695 non
3422 2640 3674 2697 merebor
3706 2658 3829 2695 am-

2214 2730 2352 2801 plius
2377 2731 2551 2802 (Psul.
2584 2747 2696 2797 ut,
2727 2732 2782 2797 l,
2810 2730 2927 2804 2).]
2979 2787 2986 2795 _

2286 2824 2327 2894 οι-
2355 2824 2463 2878 Leo
2492 2825 2547 2879 in
2576 2840 2828 2881 sermone
2855 2824 2921 2879 de
2941 2823 3149 2895 jejunio
3186 2823 3393 2879 mensis
3416 2825 3641 2895 septimi
3666 2842 3681 2880 :
3721 2825 3829 2899 [Et

2217 2930 2339 2971 cum
2370 2916 2495 2971 inde
2522 2916 2770 2973 dicatur:
2809 2915 3008 2986 Diliges
3049 2915 3331 2971 Dominum
3368 2916 3543 2973 Deum
3572 2928 3828 2973 tunc:

2216 3016 2324 3061 toto
2363 3007 2520 3063 corde
2563 3018 2688 3071 tuo,
2734 3017 2785 3063 et
2820 3007 3005 3077 diliges
3033 3008 3335 3078 proximum
3362 3017 3514 3062 tm
3562 3010 3705 3064 sicut
3746 3019 3827 3064 u-

2218 3100 2389 3170 ipsum
2421 3097 2654 3165 (Matth.
2686 3115 2824 3163 χχιι,
2859 3097 2929 3154 37
2952 3099 2971 3169 )
2998 3117 3011 3154 :
3041 3098 3263 3155 Christo
3306 3099 3539 3155 Domino
3571 3101 3823 3167 dicetne,

2217 3189 2594 3258 cognosdmus
2632 3190 2911 3259 quoniam.
2934 3190 2991 3245 in
3025 3190 3108 3247 his
3146 3192 3354 3247 duobus
3394 3193 3667 3249 nuntiatis
3706 3204 3825 3249 tua

2218 3280 2303 3339 lex
2328 3280 2515 3350 pendet
2540 3289 2589 3334 et
2615 3281 2879 3352 prophetae
2905 3280 3109 3353 (Ibid,
3125 3296 3269 3339 vers.
3284 3282 3410 3355 £0);
3440 3291 3709 3354 tantaque
3736 3292 3827 3340 est

2216 3374 2320 3429 sub
2348 3372 2508 3442 hujus
2534 3373 2765 3445 gemina:
2790 3373 3079 3429 cbaritatis
3098 3375 3279 3430 edicto
3303 3375 3593 3446 utriusque
3616 3373 3825 3447 eopuh

2217 3463 2570 3531 Testamenti,
2595 3475 2654 3521 ut
2675 3466 2793 3521 sine
2818 3467 3045 3522 istarum
3068 3469 3407 3525 connexione
3424 3471 3693 3526 virtutum
3720 3484 3825 3529 nec

2216 3571 2311 3613 rex
2349 3555 2657 3626 quempiam
2706 3556 3020 3613 inveniatur
3044 3557 3379 3628 iustiﬁcasse
3427 3576 3531 3616 nec
3576 3558 3820 3635 grstia.]

2214 3647 2255 3718 1-
2282 3646 2514 3717 Ideoque
2536 3648 2593 3701 in
2622 3647 2811 3705 eodem
2840 3666 2854 3702 :
2888 3646 3154 3720 [Dilectio
3192 3649 3427 3720 proximi
3464 3649 3691 3706 dilectio
3722 3650 3819 3707 Di

2213 3746 2333 3802 BSt,
2364 3737 2456 3807 qui
2486 3736 2878 3808 plenitudinem
2926 3737 3063 3810 legis
3098 3747 3157 3795 et
3193 3739 3587 3810 prophetarum
3626 3741 3685 3796 in
3714 3741 3821 3797 hac

2215 3829 2447 3899 geminae
2468 3829 2753 3887 charitatis
2782 3829 2989 3889 unitate
3017 3831 3322 3896 constituit,
3350 3839 3412 3886 ut
3442 3846 3610 3887 nemo
3644 3831 3819 3887 anthi-

2213 3929 2367 3991 geret
2393 3921 2503 3977 Deo
2528 3936 2586 3977 se
2604 3918 2799 3976 oll‘erre
2822 3920 3081 3992 quidquid
3103 3921 3226 3994 [al.,
3258 3908 3427 3996 quod]
3448 3923 3662 3978 homini
3687 3937 3819 3985 etus,-

2216 4011 2462 4076 tulisset,
2492 4012 2707 4067 dicente
2736 4011 2965 4069 Domino
3002 4011 3308 4078 Salvatore,
3338 4029 3462 4070 cum
3500 4015 3571 4069 de
3604 4013 3819 4070 alendi

2207 4102 2574 4174 juvandisque
2603 4105 2934 4174 pauperibus
2966 4104 3291 4175 loqueretur
3328 4123 3343 4160 :
3385 4103 3542 4171 Quod
3586 4107 3681 4160 ιιιιί
3726 4121 3818 4161 σε

2215 4212 2330 4251 rum
2358 4195 2575 4265 fecistis,
2597 4195 2725 4251 mihi
2753 4195 2949 4265 fecistis
2979 4193 3198 4265 (Matth.
3226 4211 3358 4267 μυ,
3380 4193 3521 4268 40).]

2282 4284 2321 4358 -ι-
2352 4283 2496 4341 Sane
2527 4300 2633 4339 non
2655 4285 2812 4341 video
2842 4284 2970 4355 quid
3004 4284 3201 4343 rationi
3228 4294 3285 4341 et
3309 4285 3525 4340 veritati
3550 4284 3812 4348 obsistat.

2215 4376 2259 4435 si
2296 4376 2516 4447 gemina
2548 4375 2790 4431 charitas
2821 4387 3197 4445 nunwpetur.
3236 4376 3488 4446 quamvis
3510 4374 3663 4433 Dens
3690 4378 3817 4430 du-

597 4470 636 4540 ",-
666 4468 810 4524 Idem
851 4469 904 4524 in
933 4472 1121 4525 eodem
1152 4471 1293 4525 Beda
1327 4471 1438 4543 (lib.
1468 4487 1562 4535 tu,
1599 4485 1719 4542 cap.
1749 4471 1838 4542 4):
1874 4470 2026 4544 [Non
2056 4472 2115 4527 iu
2142 4517 2194 4544 η
2220 4470 2350 4525 ritas
2384 4467 2714 4539 appelletur,
2762 4484 2886 4523 eum
2914 4469 3085 4527 multa
3114 4468 3170 4527 in
3200 4470 3375 4529 sacris
3410 4469 3613 4529 litteris
3652 4485 3815 4541 repe-

2139 4517 2195 4583 D

524 4578 628 4616 una
660 4570 813 4631 parte
858 4560 1316 4632 superhumeralis
1342 4578 1566 4629 aurum,
1598 4563 1651 4618 in
1685 4562 1853 4619 altera
1881 4565 2110 4635 hyacin-
2139 4560 2194 4583 ν
2220 4562 2466 4628 riautur,
2510 4573 2565 4617 et
2605 4562 2672 4617 dc
2700 4560 2814 4619 Deo
2840 4562 2983 4623 dicta
3004 4603 3021 4629 ,
3063 4572 3120 4625 et
3156 4563 3439 4635 pluraliter
3482 4565 3809 4625 etmntiata:

531 4658 672 4725 titus,
705 4656 757 4710 in
783 4655 889 4711 alia
921 4671 1134 4711 rursum
1162 4654 1255 4709 alii
1284 4666 1447 4725 atque
1487 4655 1577 4713 alii
1619 4655 1830 4715 colores
1867 4657 2107 4715 luerunt.

524 4752 629 4817 Sed
652 4766 843 4807 onines
872 4749 1080 4806 colores
1121 4749 1308 4820 utique
1342 4764 1439 4820 per
1464 4750 1646 4807 omnia
1685 4765 1810 4809 cum
1831 4766 1969 4806 auro
1992 4750 2111 4821 ipso

525 4844 675 4897 fuere
710 4844 980 4907 contexti,
1007 4839 1133 4912 quia
1166 4841 1417 4895 nimirum
1446 4840 1500 4896 in
1540 4841 1753 4903 actione
1781 4840 2110 4901 sacerdotali

524 4949 798 5003 nunquam
827 4933 1007 5005 aliqua
1038 4947 1354 5002 magnarum
1392 4932 1648 4987 virtutum
1692 4932 1777 4991 vel
1811 4934 1877 4989 ad
1915 4935 2108 4993 horam

524 5008 571 5080 ιίε
595 5030 681 5081 2.01
712 5026 1021 5092 intermitti,
1046 5025 1139 5081 sed
1167 5040 1384 5097 semper
1407 5039 1542 5081 auro
1572 5027 1853 5098 sapientia:
1873 5026 2106 5097 lucidus,

524 5136 735 5188 Semper
765 5119 1060 5191 hyacintho
1101 5118 1215 5189 spei
1254 5117 1309 5171 in
1338 5132 1570 5187 superna
1599 5126 1816 5174 erectus
1836 5158 1851 5183 ,
1893 5134 2110 5190 semper

528 5200 676 5280 regni
710 5210 948 5267 caelestis
976 5226 1215 5282 pmpura
1244 5210 1505 5265 adversus
1532 5209 1785 5277 vitiorum
1818 5210 1959 5269 bella
1994 5226 2108 5267 ma-

523 5302 844 5375 gnanimus,
891 5317 1107 5374 semper
1151 5316 1315 5359 cocco
1362 5300 1447 5356 bis
1492 5298 1662 5355 tincto
1702 5300 1930 5371 geminae
1970 5301 2107 5359 dile-

524 5390 721 5466 ctionis
762 5390 1073 5460 ﬂammeus,
1121 5407 1337 5462 semper
1376 5399 1580 5447 retorta
1626 5391 1785 5464 bysso
1824 5394 2112 5466 castigata

523 5464 705 5536 carnis
733 5482 988 5539 sacerdos
1027 5483 1143 5543 sive
1174 5481 1365 5538 doctor
1396 5481 1631 5539 tidelium
1675 5483 1835 5539 debet
1870 5464 1993 5541 esse
2022 5487 2103 5543 ni-

526 5570 724 5648 tidus.]

595 5662 637 5732 -ι-
672 5662 1000 5735 Augustinus
1026 5667 1078 5723 in
1102 5684 1355 5729 sermone
1378 5670 1445 5727 de
1469 5670 1723 5745 languido
1743 5670 1965 5743 triginta
1986 5680 2111 5728 octo

525 5764 696 5859 annos
740 5752 1109 5817 inﬁrmitatem
1140 5760 1373 5823 habente
1418 5761 1621 5837 (Tract.
1648 5779 1759 5821 xvu
1790 5765 1844 5820 in
1871 5764 2105 5841 10am):

2219 4652 2341 4722 quis
2365 4652 2511 4709 enim
2540 4652 2749 4709 nesciat
2780 4652 3236 4720 misericordiam,
3262 4653 3697 4719 uisentium,
3722 4654 3815 4726 ju-

2217 4745 2444 4811 stitiam,
2467 4742 2913 4815 justiticationem
2933 4787 2946 4809 ,
2981 4747 3299 4811 scientiam,
3326 4749 3669 4811 hostium,
3694 4747 3813 4802 lau-

2216 4837 2362 4905 dem,
2388 4835 2792 4904 laudationem,
2836 4836 3142 4902 veritatem.
3178 4847 3234 4894 et
3258 4839 3428 4896 multa
3454 4838 3561 4895 alia
3590 4837 3811 4895 Βωήἠ

2216 4927 2357 4994 dici,
2403 4936 2460 4982 et
2487 4936 2664 4983 tamen
2695 4927 2977 5000 pluraliter
3003 4929 3144 4987 elata
3180 4930 3429 5001 quisquis
3446 4930 3546 5000 pie
3570 4927 3809 4985 adverti

2214 5023 2471 5091 facillime
2503 5024 2728 5079 invenit.
2761 5022 2901 5078 Dicit
2928 5024 3076 5081 enim
3100 5022 3412 5093 Propheta:
3447 5023 3587 5081 Dens
3624 5037 3808 5085 meas,

2214 5116 2577 5173 misericordia
2608 5132 2725 5172 mea
2746 5112 2922 5187 (Psal.
2954 5132 3106 5183 Lvnt,
3132 5115 3262 5188 18);
3294 5125 3351 5172 et
3378 5116 3521 5172 idem
3547 5133 3561 5170 :
3592 5113 3811 5171 Histri-

2216 5208 2426 5275 qordt'as
2441 5207 2655 5263 Domini
2674 5208 2731 5263 in
2749 5218 3001 5267 (sternunt
3020 5205 3431 5278 cantabo(Psal.
3444 5207 3805 5277 LXXXVIII,5).

2216 5301 2403 5369 Idem:
2448 5301 2796 5359 Reminiscere
2843 5302 3235 5359 miserationem
3286 5313 3497 5359 tuarum
3522 5344 3540 5369 ,
3582 5301 3809 5358 Daunias

2218 5394 2392 5466 (Psal.
2423 5411 2571 5461 utv,
2600 5393 2677 5465 6).
2707 5394 2851 5451 Idem
2876 5412 2890 5449 :
2929 5393 3163 5453 Iustitia
3191 5393 3403 5450 Domini
3428 5404 3587 5453 recte
3616 5392 3805 5465 (Ρωι.

2216 5503 2371 5554 xvtn,
2403 5488 2494 5558 9).
2530 5487 2715 5544 Idem:
2758 5485 2825 5542 In
2857 5487 3329 5558 justiﬁcatiom'bus
3366 5489 3471 5543 tuis
3510 5489 3809 5544 meditate

2216 5576 2390 5655 (Psal.
2419 5592 2611 5643 cxvut,
2643 5576 2755 5649 l6).
2786 5576 2856 5633 Et
2892 5577 3058 5633 alibi:
3100 5575 3365 5643 Quoniam
3388 5576 3531 5633 Das
3559 5578 3811 5633 “icui.-

2213 5688 2328 5725 rum
2354 5669 2610 5725 Dominus
2631 5680 2707 5725 est
2737 5669 2793 5741 (Ι
2820 5668 2949 5741 Reg.
2980 5685 3044 5736 tl,
3070 5669 3148 5743 ὅ).
3181 5669 3250 5727 Ει
3272 5670 3466 5727 iterum
3488 5686 3504 5724 :
3530 5667 3675 5736 Quid
3698 5670 3807 5738 fot-

2210 5762 2381 5826 tituda
2401 5779 2518 5825 mea
2604 5762 2723 5823 laus
2743 5778 2861 5823 mea
2881 5762 3138 5843 Dominus
3154 5759 3489 5835 Dusﬂ’sal.
3502 5775 3675 5833 emt,
3692 5759 3803 5839 ll).
