4064 6346
273 381 298 434 i
309 380 414 438 045

1125 379 1210 436 DE
1245 375 1912 436 PREDESTINATIONE
1953 375 2229 436 CONTRA
2267 377 2315 432 J.
2361 375 2662 434 SCOTIIM.

3391 375 3532 434 Nili

273 493 340 548 Et
383 493 522 548 idem
555 507 570 548 :
611 491 892 548 Fortitudo
931 507 1044 548 mea
1075 503 1121 548 et
1164 493 1400 548 laudatio
1441 511 1553 548 mea
1599 493 1848 548 Dominus
1877 495 1926 554 Α
1955 494 2094 546 bitrii
2125 503 2436 562 contempto,
2463 509 2644 546 OttltltS'
2663 491 2832 560 fidelis
2861 491 3126 560 fastigium
3149 491 3375 562 justititu
3401 509 3526 546 con-

273 583 444 656 (Psal.
475 601 554 652 ιι,
579 585 686 658 l5).
719 585 882 640 Item:
909 585 974 640 Ut
997 588 1298 642 annuntiem
1319 603 1494 640 omnes
1519 587 1850 640 laudationes

271 689 394 732 tuas
421 675 596 746 (Psal.
629 693 756 742 xxx,
781 677 894 748 21).
925 679 1068 732 Idem
1093 696 1106 731 :
1135 677 1396 743 Quoniam
1417 677 1660 730 veritates
1683 677 1852 747 requi-

271 767 340 820 rit
367 765 624 820 Dominus
653 777 700 822 et
727 767 1000 822 diminuta:
1041 777 1162 822 sunt
1189 767 1424 822 veritates
1451 781 1482 818 α
1521 765 1648 834 ﬁliis
1685 767 1852 820 homi-

269 877 396 914 num
423 857 596 930 (Psal.
623 875 698 926 χι,
727 861 804 930 2).
833 861 1038 926 Quibus
1065 859 1314 915 omnibus
1333 865 1586 930 patenter
1611 859 1852 914 innuitur

273 955 400 1008 talia
429 955 494 1008 de
517 955 628 1010 Deo
655 955 872 1024 quidem
897 969 1054 1024 posse
1077 953 1332 1022 proferri,
1349 961 1404 1007 et
1425 961 1602 1006 tamen
1629 939 1851 1008 minime

267 1063 300 1102 a
333 1047 638 1118 plura‘itate
659 1045 964 1116 praepediri.
991 1045 1122 1100 Nam
1145 1043 1504 1110 Salvatorem,
1524 1041 1844 1108 Salutarem,

267 1149 326 1194 et
367 1138 644 1195 Christum
673 1139 960 1194 Dominum
989 1145 1234 1194 nostrum
1265 1137 1532 1192 veraciter
1559 1145 1608 1192 et
1635 1133 1852 1208 proprie

269 1229 526 1299 appellari
575 1229 750 1284 nullus
785 1229 1040 1300 ignorat:
1077 1243 1179 1284 nec
1207 1237 1388 1284 tamen
1417 1227 1674 1299 praedicat
1717 1227 1848 1296 quin

267 1319 603 1386 salvatores,
653 1319 921 1376 salutares
963 1329 1018 1376 et
1061 1319 1262 1376 Christi
1303 1319 1584 1391 pluraliter
1611 1319 1844 1374 circ-rau-

267 1423 377 1468 tur.
427 1413 668 1482 Quorum
705 1413 948 1484 exempla
991 1413 1236 1484 quisquis
1267 1413 1570 1468 divinorum
1601 1411 1846 1483 eloquio-

265 1519 388 1558 rum
420 1504 704 1560 scientiam
737 1519 834 1558 usu
873 1513 928 1560 et
973 1503 1236 1558 memoria
1271 1501 1504 1568 imbibit,
1545 1501 1849 1558 nullatenus

265 1593 458 1649 nescit.
557 1605 562 1610 ‘
1813 1577 1838 1588 ”

337 1685 448 1742 Nec
491 1689 924 1758 praetereundum
973 1687 1116 1758 quod
1165 1687 1286 1742 ideo
1323 1685 1850 1756 praedestinationem

265 1777 332 1832 ad
363 1777 458 1832 Dei
487 1787 738 1834 naturam
767 1781 1040 1849 pertinere
1079 1779 1228 1834 dicas
1249 1821 1262 1844 ,
1291 1779 1416 1848 quia
1464 1789 1588 1834 ante
1633 1793 1852 1834 omnem

265 1879 568 1926 creaturam
613 1873 716 1936 sit,
767 1873 906 1928 sicut
935 1873 1098 1928 Deus.
1135 1873 1230 1928 Dic
1259 1887 1388 1944 ergo
1432 1881 1486 1928 et
1527 1871 1848 1928 electionem

261 1961 356 2016 Dei
391 1977 512 2018 esse
537 1973 784 2018 naturam
811 1965 1090 2036 quoniam,
1123 1965 1346 2020 docente
1378 1963 1656 2036 Apostolu,
1695 1965 1848 2020 addi-

265 2054 488 2120 scimus,
519 2057 663 2124 quod
691 2057 746 2110 iu
771 2055 976 2112 Christo
1013 2055 1138 2111 Iesu
1181 2055 1402 2110 Domino
1435 2067 1612 2111 nostra
1639 2057 1850 2128 elegerit

261 2161 358 2201 nos
385 2157 508 2202 ante
535 2149 716 2202 mundi
741 2150 1157 2204 constitutionem
1185 2149 1344 2222 (Eph.
1383 2167 1420 2214 ι,
1451 2149 1526 2222 4).
1557 2149 1655 2204 Dic
1685 2151 1848 2206 etiam

259 2239 676 2310 promissionem
709 2241 802 2298 Dei
849 2243 966 2312 ejus
995 2257 1114 2298 esse
1157 2241 1544 2306 substantiam,
1591 2243 1848 2312 quoniam

261 2329 404 2386 Idem
431 2332 719 2403 Apostolus
751 2343 980 2389 testatur
1001 2376 1014 2400 ,
1039 2351 1196 2405 quam
1225 2333 1462 2404 promisit
1489 2351 1590 2388 non
1625 2333 1850 2388 mendax

265 2420 406 2478 Deus
447 2433 568 2476 ante
595 2433 826 2494 tempora
861 2425 1140 2478 stecutaria
1187 2423 1315 2492 (Tit.
1351 2439 1400 2490 ι,
1429 2425 1516 2494 ‘2),
1563 2433 1618 2478 et
1665 2423 1848 2478 omnia

265 2529 606 2585 quaecunque
629 2531 698 2570 ex
723 2525 928 2570 aeterno
957 2515 1182 2570 consilio
1205 2513 1498 2570 voluntatis
1521 2513 1654 2582 ejus,
1688 2531 1848 2584 quam

263 2605 410 2660 nulla
447 2613 690 2676 tempora
719 2605 804 2662 vel
841 2607 1100 2662 iuchoant
1135 2605 1216 2660 vel
1253 2613 1570 2676 angustant,
1617 2605 1702 2660 cui
1751 2621 1850 2660 nec

261 2695 536 2765 praeterita
573 2705 856 2752 transeunt
883 2713 980 2752 nec
1003 2695 1180 2750 futura
1219 2695 1546 2762 succedunt,
1573 2695 1728 2750 nobis
1757 2711 1854 2766 per

263 2795 506 2857 tempora
533 2797 590 2844 et
613 2787 732 2842 loca
763 2788 904 2854 ﬁeri,
937 2787 1180 2844 inchoari
1201 2829 1216 2854 ,
1245 2803 1570 2859 procurrere
1603 2787 1852 2858 liuirique

265 2879 526 2934 decrevit.
558 2879 694 2934 Cum
729 2879 894 2951 igitur
923 2887 1136 2934 constet
1162 2879 1288 2950 quia
1319 2893 1656 2950 quaecunque
1697 2887 1854 2933 natu-

263 2971 454 3026 raliter
477 2981 624 3040 sunt,
649 2973 1136 3044 quomodocunque
1177 2971 1309 3038 sint,
1337 2971 1552 3028 nonnisi
1579 2969 1854 3026 voluntate

263 3061 436 3132 ipsius
463 3071 620 3130 sunt,
671 3077 1010 3133 consequens
1039 3063 1166 3130 erit,
1201 3071 1260 3118 ut
1292 3063 1553 3132 quidquid
1581 3061 1854 3117 voluntate

265 3147 386 3220 ejus
413 3151 491 3216 lit,
517 3153 584 3208 ad
613 3151 730 3222 ejus
769 3147 1063 3209 essentiam
1113 3153 1382 3224 pertinere
1415 3153 1672 3226 dicatur:
1713 3167 1850 3222 quo-

267 3243 414 3298 niam
443 3243 562 3316 ejus
589 3243 800 3312 facere,
827 3245 1074 3316 operari,
1109 3245 1390 3315 praescire,
1433 3245 1850 3318 praedestinare,

265 3329 962 3407 dispensare,'gubernare,
981 3337 1250 3408 judicare,
1277 3323 1554 3402 damnare,
1575 3347 1630 3392 et
1655 3347 1850 3392 caetera

266 3427 356 3484 his
411 3427 644 3496 similia,
681 3431 894 3486 nonnisi
941 3429 1078 3486 velle
1107 3431 1274 3500 ipsius
1315 3441 1418 3486 est.
1465 3431 1580 3488 Non
1623 3433 1764 3488 enim
1795 3431 1852 3488 iu

265 3521 456 3578 labore
481 3521 758 3592 fatigatur,
789 3531 884 3578 aut
911 3537 1074 3592 opere
1099 3523 1450 3594 inquietatur,
1483 3525 1576 3580 sed
1603 3507 1852 3580 voluntas

263 3615 384 3686 ejus
409 3631 548 3688 opus
575 3625 660 3673 est
685 3615 830 3702 .ejus.
871 3617 1105 3674 Proinde
1143 3634 1266 3674 cum
1303 3617 1438 3674 velle
1483 3619 1578 3674 Dei
1623 3619 1692 3674 sit
1731 3633 1852 3674 esse

263 3711 458 3782 ipsius,
487 3701 700 3768 nonnisi
725 3713 888 3784 impie
911 3715 1128 3780 dicitur,
1157 3713 1222 3770 ad
1257 3721 1504 3769 naturam
1537 3715 1654 3786 ejus
1683 3701 1850 3786 perti-

263 3807 396 3858 nere
425 3805 684 3876 quidquid
711 3821 778 3862 cx
807 3806 1084 3862 voluntate
1105 3795 1224 3878 ejus
1243 3807 1462 3878 prodire
1487 3795 1848 3878 cognoscitur.

261 3897 482 3956 Judicat
520 3903 716 3974 quippe
759 3901 938 3968 Deus,
989 3903 1228 3972 nunquid
1267 3911 1552 3974 propterea
1587 3889 1852 3972 judicium

263 3989 385 4060 ejus
412 3975 732 4048 erit'natura
761 3993 966 4064 ipsius?
989 3993 1188 4048 Eodem
1217 3995 1375 4048 modo
1404 3995 1470 4048 de
1497 3993 1710 4050 caeteris
1732 3979 1852 4049 sen-

265 4083 510 4140 tieudum
536 4099 869 4156 quacunque
895 4087 960 4142 de
989 4101 1054 4140 eo
1085 4083 1306 4140 relative
1329 4085 1602 4140 dicuntur.

873 4195 1102 4280 caper
1156 4195 1246 4258 tv.

507 4291 592 4370 .De
611 4309 722 4360 una
743 4307 866 4348 vera
887 4291 1102 4378 solaque
1129 4291 1604 4362 prtedestinatione.

339 4401 528 4476 Pergis
569 4405 640 4460 ad
687 4405 812 4470 alia,
841 4411 898 4472 et
931 4413 1132 4474 quarto
1179 4401 1586 4470 mendaciorum
1637 4411 1852 4470 tuorum

265 4495 506 4550 ludibrio
529 4495 744 4554 tertiam
773 4511 842 4552 ex
871 4497 1080 4566 duabus
1109 4494 1366 4564 lateresim
1389 4493 1596 4562 factam
1633 4507 1850 4562 asseve-

1951 585 2136 654 tingat.
2171 581 2286 638 Una
2319 583 2500 654 igitur,
2525 593 2580 636 ut
2609 583 2804 636 dictum
2839 593 2936 646 est,
2967 575 3160 636 donum
3198 585 3382 652 gratim
3405 599 3530 638 con-

1951 675 2150 740 temnit,
2169 673 2334 728 altera
2353 673 2546 728 donum
2569 673 2822 728 libertatis
2847 673 3050 727 arbitrii
3066 687 3082 723 :
3097 673 3248 726 ambo
3270 673 3532 744 impietate

1949 785 2121 838 pares,
2145 777 2284 822 secta
2319 785 2438 822 vero
2468 765 2722 838 dispares.
2785 767 2914 822 Π(εέ
2949 777 3120 822 autem
3151 769 3214 822 de
3253 787 3356 840 qua
3393 783 3530 824 nunc

1951 861 2146 930 agitur,
2167 861 2242 914 sic
2275 871 2348 914 est
2371 861 2424 914 in
2453 859 2624 914 medio
2647 861 2782 914 inter
2813 869 3058 932 utrasque
3087 859 3388 930 praedictas,
3413 869 3532 914 tan-

1949 969 2107 1024 quam
2154 955 2506 1008 extremitates
2543 955 2680 1008 inter
2709 971 2762 1008 se
2809 953 3102 1008 contrarias
3149 953 3446 1022 conjuncta,
3477 963 3532 1008 ut

1951 1047 2078 1116 ipsis
2098 1047 2288 1118 partim
2313 1047 2620 1112 consentiat,
2639 1049 2830 1118 partim
2863 1047 3212 1113 contradicat,
3229 1049 3532 1117 proprium-

1951 1155 2048 1208 que
2091 1139 2190 1192 sibi
2231 1139 2450 1194 vindicet
2490 1139 2628 1210 quod
2677 1141 2816 1210 ipsas
2862 1157 2962 1194 non
2999 1139 3186 1194 habere
3233 1141 3529 1196 contendat.

1953 1229 2088 1283 Dum
2119 1231 2255 1283 enim
2279 1231 2508 1284 omnium
2531 1231 2776 1285 virtutum
2801 1231 2986 1301 quibus
3011 1233 3305 1300 pervenitur
3325 1231 3392 1286 ad
3415 1233 3534 1286 bea-

1949 1323 2256 1388 titudinem,
2289 1323 2624 1394 omniumque
2669 1323 2908 1378 vitiorum
2955 1323 3140 1394 quibus
3179 1323 3536 1394 pra’cipitatur

1951 1413 2018 1466 ad
2061 1413 2324 1468 miseriam
2377 1411 2430 1466 in
2483 1413 3026 1484 pra'destinationibus
3071 1413 3374 1478 divinis,ut
3419 1413 3534 1482 ipsa

1950 1501 2122 1572 ﬁngit,
2155 1503 2474 1556 necessarias
2499 1503 2920 1574 inecitabilesque
2949 1521 3136 1558 causas
3157 1515 3380 1558 conatur
3411 1519 3536 1558 con-

1951 1591 2184 1656 stituere,
2203 1591 2326 1662 quid
2355 1591 2506 1646 aliud
2535 1593 2738 1648 ridetur
2765 1594 2984 1648 suadere
3013 1595 3114 1648 nisi
3141 1593 3232 1647 Dei
3261 1595 3536 1658 dona,hoc

1955 1693 2028 1738 est
2071 1683 2290 1738 liberum
2323 1685 2604 1742 voluntatis
2641 1687 2918 1742 arbitrium
2953 1695 3002 1741 et
3035 1687 3220 1758 gratia!
3253 1685 3534 1754 auxilium,

1957 1777 2240 1840 destruere,
2271 1779 2460 1848 quibus
2499 1779 2704 1834 duobus
2744 1779 2976 1849 profecto
3007 1779 3274 1848 plenitudo
3307 1779 3536 1850 justitia:

1881 1845 1928 1906 B
1955 1867 2180 1920 hominis
2205 1877 2252 1920 et
2284 1845 2562 1922 inchoatur
2597 1877 2646 1922 et
2683 1845 2968 1938 perﬁcitur.

2585 2019 2902 2060 CORREC110.

2023 2135 2064 2204 -ι-
2095 2134 2384 2204 Hucusque
2429 2141 2642 2188 tuorum
2669 2133 2936 2190 dictorum
2965 2134 3126 2188 verba
3153 2132 3314 2188 latius
3357 2131 3542 2202 posui-

1955 2245 2096 2294 mus,
2137 2243 2246 2284 non
2291 2237 2348 2284 ut
2389 2237 2576 2284 nostra
2619 2227 2892 2298 profusius
2923 2227 3296 2292 dilataremus,
3341 2225 3436 2280 sed
3481 2233 3542 2280 ut

1957 2331 2048 2376 tua
2095 2322 2292 2392 quibus
2329 2321 2552 2376 venenis
2586 2329 2772 2376 essent
2813 2319 3014 2376 infecta
3055 2319 3434 2390 pandet-emus.
3463 2317 3542 2372 De

1955 2415 2240 2486 Pelagiana
2291 2413 2580 2484 siquidem,
2609 2413 2752 2482 quod
2793 2411 3098 2468 libertatem
3149 2409 3360 2464 arbitrii
3405 2409 3540 2464 adeo

1953 2507 2226 2568 extulerit,
2257 2515 2314 2560 ut
2341 2507 2546 2576 absque
2573 2505 2776 2560 auxilio
2809 2505 2998 2578 gratim
3025 2505 3116 2558 Dei
3147 2503 3380 2574 propriis
3405 2499 3538 2554 viri-

1955 2601 2056 2654 bus
2085 2601 2368 2664 niteretur,
2397 2609 2450 2654 et
2473 2599 2722 2654 novimus
2749 2607 2804 2654 et
2827 2599 3180 2654 detestamur.
3205 2595 3536 2660 Secundam,

1955 2707 2120 2760 quam
2151 2691 2358 2746 duabus
2391 2689 2604 2754 inseris,
2627 2699 2680 2744 et
2703 2705 2768 2744 ex
2791 2689 3000 2744 duabus
3025 2697 3362 2758 compactam
3389 2697 3540 2740 asse-

1957 2785 2054 2848 ris,
2101 2783 2352 2840 videlicet
2399 2783 2452 2838 in
2505 2781 3000 2854 priet-testinationis
3051 2779 3382 2836 necessitate
3425 2787 3540 2834 tam

1957 2875 2244 2936 bonorum,
2273 2889 2432 2942 quam
2455 2873 2722 2930 malorum
2747 2873 2988 2928 omnium
3011 2873 3328 2936 constituta,
3351 2883 3544 2940 quam-

1957 2983 2064 3038 que
2107 2965 2612 3022 Gottcscalchanam
2645 2981 2784 3020 novo
2815 2965 3076 3022 vocabulo
3107 2977 3404 3034 nuncupas,
3441 2977 3544 3020 nec

1957 3057 2296 3114 defendimus
2325 3073 2422 3114 nec
2451 3065 2714 3112 tenemus.
2747 3057 2986 3112 Tertiam
3013 3073 3162 3120 vero,
3191 3071 3352 3126 quam
3375 3053 3536 3110 Pela-

1957 3151 2132 3221 gianis
2180 3151 2506 3204 contrariam
2562 3151 2782 3214 asseris,
2813 3165 2920 3220 qua
2969 3151 3046 3206 ita
3100 3149 3300 3204 donum
3351 3147 3542 3218 gratiae

1955 3241 2300 3314 praedicetur,
2333 3251 2392 3296 ut
2431 3243 2654 3298 libertas
2699 3241 2908 3298 arbitrii
2957 3241 3196 3296 funditus
3239 3239 3538 3304 auferatur,

1955 3349 2054 3390 nec
2119 3333 2346 3404 legimus
2387 3349 2486 3390 nec
2529 3333 2834 3388 audivimus
2877 3352 2890 3386 :
2933 3341 3218 3402 perspecto
3273 3329 3540 3402 siquidem

1955 3425 2098 3480 beati
2133 3423 2418 3496 Augustini
2447 3425 2512 3478 de
2553 3425 2844 3494 nonaginta
2883 3423 3188 3478 llaaresibus
3219 3421 3360 3478 libro
3401 3421 3542 3476 hanc

1953 3505 2168 3588 penitus
2201 3533 2308 3571 nou
2349 3515 2548 3570 inveni.
2583 3515 2860 3572 Debueras
2887 3515 3050 3586 igitur
3073 3513 3380 3584 expressius
3411 3511 3539 3566 iuti-

1953 3625 2122 3672 mare,
2155 3624 2262 3678 quo
2281 3609 2396 3664 huic
2423 3619 2640 3664 auctore
2663 3609 3004 3672 subsisteret,
3021 3616 3078 3662 et
3101 3621 3206 3676 quo
3227 3609 3276 3660 ei
3303 3603 3538 3670 facilius,

1955 3701 2514 3778 ipto‘competentius,
2547 3698 2856 3772 responderi
2887 3705 3088 3768 posset.
3135 3695 3240 3750 Sed
3265 3695 3354 3748 diu
3387 3693 3450 3748 dc
3473 3707 3540 3746 ea

1954 3789 2250 3864 cogitanti,
2293 3799 2348 3846 et
2393 3789 2614 3860 ancipiti
2670 3787 2936 3842 sententia
2985 3785 3208 3840 nimium
3259 3783 3540 3838 ﬂuctuanti
3573 3843 3594 3866 ο,

1953 3883 2110 3946 mihi,
2141 3881 2276 3936 nihil
2315 3879 2458 3934 aliud
2503 3889 2552 3934 te
2584 3879 2636 3934 in
2661 3895 2724 3933 ea
2755 3877 3092 3948 expressisse
3135 3877 3396 3940 occurrit,
3433 3875 3538 3930 nisi

1953 3975 2182 4046 quodin
2225 3975 2346 4038 hac,
2379 3965 2828 4042 quemadmodutil
2857 3979 2912 4026 et
2955 3971 3008 4026 in
3049 3971 3276 4042 gemina:
3323 3969 3536 4040 praede-

1955 4063 2264 4120 stinatiouis
2313 4059 2530 4116 nomine
2573 4061 2824 4116 omnibus
2855 4059 3172 4124 catholicis,
3197 4059 3286 4130 qui
3319 4073 3416 4114 nos
3453 4055 3542 4114 vel

1947 4151 2062 4224 jam
2095 4155 2148 4208 in
2181 4154 2408 4208 Domino
2433 4161 2848 4224 praecesserunt,
2871 4151 2958 4206 vel
2985 4151 3078 4222 qui
3103 4151 3280 4206 adhuc
3313 4149 3542 4204 inﬁrmi-

1959 4253 2066 4300 tate
2093 4243 2276 4300 carnis
2305 4243 2512 4314 gravati
2539 4243 2608 4296 ad
2633 4257 2818 4296 eorum
2847 4241 3160 4296 societatem
3185 4239 3326 4294 dono
3351 4237 3540 4308 gratia:

1953 4337 2238 4410 pervenire
2265 4333 2560 4406 suspirant,
2593 4333 2810 4402 oblique
2855 4333 3116 4404 derogare
3157 4331 3414 4396 volueris,
3447 4329 3542 4400 qui

1953 4445 2142 4486 omnes
2169 4445 2274 4484 una
2307 4443 2528 4498 prorsus
2557 4425 2918 4494 concordique
2941 4423 3208 4480 sententia
3237 4421 3312 4476 ita
3339 4421 3542 4476 donum

1955 4541 2046 4598 gra
2055 4524 2140 4578 tia:
2161 4521 2478 4594 praedicant,
2501 4531 2562 4576 ut
2589 4521 2792 4590 absque
2815 4535 2882 4574 eo
2901 4517 3204 4574 libertatem
3233 4513 3440 4570 arbitrii
3473 4511 3544 4566 ad

267 4601 380 4650 ras,
405 4587 630 4642 duarum
657 4585 882 4642 alteram
903 4587 1142 4642 auctoris
1171 4585 1392 4642 nomine
1419 4584 1684 4654 insinuas,
1715 4583 1850 4638 alte-
1869 4571 1928 4658 .D
1955 4571 2140 4669 ῐξηξξ
2591 4571 2789 4666 ὧξᾷ
3195 4605 3264 4662 Et
3307 4605 3434 4674 quia
3473 4601 3544 4656 de

267 4695 390 4736 ram
421 4681 582 4738 tacito
607 4681 826 4768 nomine
855 4689 1234 4751 repraesentas.
1269 4679 1414 4734 Dicis
1447 4679 1594 4734 enim
1625 4695 1638 4732 τ

825 4807 1050 4850 ιολβυεε
1087 4805 1306 4848 εευτυε.

343 4901 498 4974 (Cap.
531 4919 604 4970 tv,
637 4919 782 4958 num.
817 4903 878 4968 l,
907 4911 1038 4958 sect.
1073 4903 1150 4974 1.)
1187 4911 1228 4960 Θ
1277 4901 1406 4958 Η(εό
1445 4901 1610 4972 igitur
1645 4901 1858 4956 liceresis

270 4993 788 5060 Gottescalchana,si
805 4993 900 5048 tali
926 4995 1130 5048 nomine
1151 5003 1316 5066 potest
1345 4993 1542 5058 vocari,
1559 4993 1696 5048 inter
1721 4993 1856 5046 duas

272 5085 468 5142 alteras
517 5087 738 5142 hwreses
785 5085 884 5141 sibi
917 5085 1136 5142 invicem
1179 5085 1514 5140 adversantes
1559 5085 1852 5138 medietatis

271 5177 388 5232 loco
415 5181 692 5234 constituta
719 5189 794 5234 est
823 5193 840 5230 :
865 5181 1002 5234 inter
1017 5177 1164 5232 illam
1199 5177 1354 5250 plane
1381 5193 1502 5248 qua:
1531 5177 1728 5230 dicitur
1751 5173 1854 5232 Pe-

273 5271 490 5340 lagiana
525 5313 540 5337 ,
563 5281 610 5325 et
633 5271 780 5326 illaut
803 5289 920 5342 qua?
949 5271 998 5326 ei
1029 5281 1300 5342 repugnat,
1325 5285 1552 5342 quarum
1587 5287 1690 5324 una
1713 5269 1852 5323 dono

273 5363 466 5418 divina!
504 5363 688 5434 gratia:
725 5363 972 5434 derogat,
997 5363 1162 5417 altera
1191 5361 1480 5416 libertatem
1507 5359 1712 5415 arbitrii
1737 5375 1856 5413 con-

275 5455 508 5510 demnat.
547 5453 832 5526 Pelagiana
875 5455 1126 5526 siquidem
1163 5463 1302 5508 secta
1331 5453 1620 5506 libertatem
1649 5449 1856 5506 arbitrii

279 5547 556 5604 rationalis
591 5559 796 5602 natura:
817 5549 870 5602 in
899 5559 1102 5602 tantum
1133 5547 1482 5612 commendat,
1507 5555 1564 5600 ut
1585 5549 1696 5600 sine
1721 5545 1858 5600 dono

277 5641 466 5714 gratia!
485 5641 552 5694 ad
571 5639 938 5714 perﬁciendam
961 5639 1184 5692 hominis
1191 5639 1456 5709 justitiam
1479 5637 1696 5710 sufﬁciat
1712 5651 1728 5688 :
1743 5637 1858 5708 ejus

279 5749 406 5788 vero
419 5743 558 5786 secta
580 5745 758 5788 contra
768 5731 844 5784 ria
867 5731 1106 5802 gratuita’
1137 5729 1322 5800 gratia:
1339 5727 1534 5784 donum
1551 5727 1856 5798 conﬁrmat,

281 5837 338 5886 ut
367 5845 426 5884 eo
453 5825 564 5882 solo
593 5827 648 5882 in
676 5825 882 5880 homine
910 5833 1170 5898 Oper-ante,
1197 5821 1338 5876 omni
1373 5831 1566 5876 conatu
1587 5821 1738 5876 liberi
1764 5835 1860 5900 ar-

1959 4705 2130 4777 gratia
2169 4713 2226 4760 et
2269 4705 2442 4760 libero
2469 4703 2698 4758 arbitrio
2725 4703 2858 4758 satis
2885 4701 3204 4770 abundeque
3227 4705 3282 4752 et
3311 4713 3340 4750 a
3375 4693 3546 4750 Patri-

1959 4795 2060 4850 bns
2087 4805 2266 4850 actum
2283 4833 2300 4860 ,
2329 4801 2386 4850 et
2407 4809 2440 4848 a
2471 4793 2630 4850 nobis
2673 4803 2836 4864 atque
2867 4791 2988 4848 aliis
3013 4789 3234 4859 udisque
3259 4783 3542 4842 catholicis

1959 4887 2218 4943 nimirum
2247 4887 2382 4942 viris
2401 4885 2788 4942 eruditissimis
2817 4883 3088 4954 decerptis
3109 4891 3270 4950 atque
3301 4875 3542 4934 collectis

1961 4993 2150 5034 eorum
2181 4977 2462 5034 sententiis
2487 4977 2818 5034 elaboratum
2847 4987 2954 5040 est,
2977 4989 3136 5032 unam
3171 4967 3542 5026 tantummodo

1959 5071 2104 5128 boati
2145 5071 2324 5126 Patris
2351 5071 2638 5144 Augustini
2665 5067 2988 5126 sententiam
3027 5066 3093 5120 ad
3121 5061 3352 5118 medium
3383 5057 3544 5116 dedu-

1959 5163 2104 5218 xisse
2133 5161 2386 5226 sulﬁciat,
2409 5163 2502 5232 qui
2533 5161 2588 5216 in
2625 5161 2764 5216 libro
2795 5175 2954 5230 quem
2999 5158 3064 5212 de
3093 5153 3448 5224 Correptioue
3485 5161 3546 5208 et

1959 5255 2148 5312 Gratia
2177 5257 2244 5310 ad
2273 5257 2616 5312 Valerianum
2649 5265 2702 5310 et
2725 5255 2844 5326 ejus
2865 5251 3158 5308 monachos
3179 5247 3368 5312 edidit,
3399 5247 3544 5304 inter

1961 5359 2158 5404 caetera
2183 5347 2264 5420 sic
2290 5347 2366 5403 ait
2393 5349 2532 5420 (cap.
2565 5349 2650 5419 l):

2039 5443 2140 5516 [Ac
2171 5413 2268 5514 ρὲι·
2297 5443 2402 5500 hoc
2441 5453 2498 5498 et
2545 5443 2854 5498 desiderare
2891 5439 3148 5495 auxilium
3193 5439 3406 5510 gratim,
3433 5437 3554 5494 ini-

1967 5537 2100 5592 tium
2151 5537 2338 5608 gratia:
2385 5545 2490 5590 est.
2521 5535 2596 5590 De
2647 5549 2756 5604 quo
2807 5533 2882 5586 ait
2933 5531 3062 5586 ille:
3099 5529 3164 5584 Et
3195 5531 3306 5584 dixi
3337 5547 3348 5584 :
3387 5527 3554 5584 Nunc

1965 5609 2114 5702 ccepi.
2137 5631 2264 5687 Herc
2283 5641 2356 5686 est
2385 5629 2676 5684 immutatio
2699 5629 2922 5682 dexterae
2947 5625 3152 5681 Eacelsi
3173 5623 3342 5692 (Psal.
3363 5639 3554 5688 unum,

1969 5723 2078 5796 ll).
2115 5723 2368 5778 Liberum
2407 5723 2590 5792 itaque
2631 5719 2914 5776 arbitrium
2951 5729 3008 5774 et
3041 5717 3106 5772 ad
3157 5713 3352 5772 malum
3389 5723 3446 5768 et
3491 5715 3554 5770 ad

1971 5819 2174 5874 bonum
2221 5815 2522 5872 faciendum
2567 5823 2772 5872 certum
2825 5823 2910 5872 est
2953 5829 3050 5870 nos
3091 5811 3308 5868 habere.
3343 5805 3460 5864 Sed
3507 5807 3554 5864 il
