4064 6346
539 415 679 474 1047
1547 415 1604 473 S.
1644 417 2018 477 PRUDENTII
2061 421 2144 477 TR

2234 419 2444 480 IENSIS
2483 421 2796 482 EPISCOPI
3689 431 3839 493 1048

533 529 680 586 malo
709 527 957 584 faciendo
1003 525 1143 583 liber
1171 535 1256 582 est
1274 527 1517 623 quisque
1545 526 1792 597 justitize,
1825 547 2123 603 servusque
2151 537 2201 596 A
2227 535 2317 603 55,
2346 538 2459 610 56).
2510 539 2642 606 Quis
2693 540 2838 596 enim
2884 556 2980 599 eos
3029 545 3239 602 nesciat
3288 548 3470 618 primo
3511 548 3837 623 Egyptiis,

531 623 741 693 peccati
768 641 780 676 :
813 622 866 676 in
897 622 1040 676 bono
1063 628 1244 678 autem
1273 620 1412 676 liber
1435 635 1555 676 esse
1583 622 1762 678 nullus
1785 634 1983 692 potest,
2017 626 2121 682 nisi
2228 631 2423 686 deinde
2472 631 2717 700 interra
2763 637 3202 705 repromissionis
3242 611 3410 698 variis
3449 611 3734 714 gentibus,
3771 611 3840 702 ac

530 713 700 770 fuerit
731 715 992 770 liberatus
1037 715 1116 808 ab
1148 728 1213 808 eo
1255 714 1346 808 qui
1377 714 1552 808 diuit:
1584 713 1648 771 Si
1673 733 1759 770 vos
1787 715 1962 772 Filius
1995 717 2122 773 libe-
2223 736 2346 797 post
2379 727 2533 798 regni
2578 730 2827 800 adeptam
2879 734 3178 801 potentiam
3221 713 3490 808 Assyriis,
3523 737 3836 804 Chaldaeis,

532 807 892 873 rauerit,tunc
923 823 1036 861 rere
1061 805 1210 860 liberi
1235 807 1588 878 erilis(.loan.
1624 809 1878 879 vm,56).
1909 809 2018 866 Nec
2045 812 2120 867 ita
2223 819 2415 886 Medis,
2456 819 2658 886 Persis,
2696 821 2921 890 Graecis,
2963 833 3020 880 et
3063 825 3130 880 ad
3180 805 3487 884 extre—mum
3531 829 3836 898 Romanis,

529 910 592 956 ut
633 916 756 956 cum
799 901 1026 970 quisque
1062 899 1230 955 fuerit
1265 916 1293 955 a
1322 901 1530 971 peccati
1574 901 1945 960 dominatione
1983 904 2078 978 [al.
2100 947 2116 973 ,
2216 911 2349 988 jugo
2369 912 2667 969 miserabili
2690 914 3183 973 deservisse?Nam
3207 927 3261 975 et
3289 929 3436 985 tunc,
3457 920 3684 990 quando
3711 923 3836 978 hac

529 990 894 1063 damnatione]
917 990 1202 1058 liberatus,
1212 991 1326 1062 jam
1352 1006 1458 1046 non
1491 990 1729 1063 indigeat
1755 993 1837 1048 sui
1863 994 2120 1049 liberato-
2221 1004 2482 1058 adversus
2511 1002 2798 1058 Dominum
2838 1004 3220 1076 loquebantur,
3243 1007 3505 1065 Romanis
3543 1011 3834 1076 subditos,

527 1085 608 1140 ris
649 1085 868 1150 auxilio,
905 1085 1000 1140 sed
1039 1085 1114 1139 ita
1163 1085 1344 1155 potius
1370 1093 1430 1139 ut
1467 1085 1535 1140 ab
1566 1085 1659 1142 illo
1694 1088 1918 1144 audiens
1948 1107 1961 1143 :
1992 1089 2116 1145 Sine
2219 1094 2409 1164 eisque
2449 1094 2648 1149 tributa
2696 1097 3031 1166 pendentes,
3068 1099 3232 1154 etiam
3276 1099 3591 1171 evangelica
3634 1103 3837 1172 prodit

525 1197 608 1234 me
663 1180 792 1234 nihil
839 1181 1053 1251 potestis
1103 1180 1277 1249 facere
1306 1182 1489 1252 (Joan.
1533 1200 1624 1250 xv,
1663 1184 1739 1252 5),
1781 1185 1922 1241 dicat
1967 1187 2014 1241 ei
2060 1195 2116 1242 et
2209 1185 2467 1240 "historia.
2501 1185 2641 1254 Quid
2682 1195 2768 1242 est
2805 1203 2934 1259 ergo
2983 1191 3126 1259 quod
3173 1191 3250 1246 ait
3286 1191 3593 1247 Dominus:
3628 1191 3694 1248 Si
3739 1210 3834 1248 ros

524 1268 640 1339 ipse
670 1287 683 1324 :
716 1270 945 1341 Adjutor
987 1287 1132 1326 meus
1172 1281 1304 1338 esto,
1341 1289 1405 1327 ne
1451 1273 1783 1346 derelinquas
1820 1293 1902 1330 me
1937 1277 2110 1347 (Psal.
2219 1275 2395 1331 Filius
2445 1277 2760 1345 liberaverit,
2793 1289 2915 1334 tunc
2971 1298 3087 1336 uere
3138 1281 3287 1337 liberi
3326 1284 3512 1338 eritis?
3557 1283 3834 1356 Nunquid

521 1381 671 1432 xxvr,
705 1365 823 1439 9).]
872 1368 912 1438 1-
951 1367 1014 1422 Et
1059 1368 1246 1438 paucis
1288 1368 1621 1438 interpositis
1663 1371 1808 1441 (cap.
1840 1371 1910 1444 2)
1947 1371 2113 1444 :.[Est
2217 1367 2494 1425 Romanos
2537 1371 2883 1440 subacturus,
2911 1382 2969 1428 et
3007 1375 3268 1430 mundum
3313 1391 3410 1431 suo
3453 1385 3682 1432 terreno
3721 1378 3834 1432 im-

521 1456 690 1521 cnim,
725 1457 920 1528 inquit,
952 1459 1125 1530 gratia
1159 1459 1254 1514 Dei
1284 1474 1382 1530 per
1410 1458 1592 1514 Iesum
1619 1459 1893 1517 Christum
1925 1463 2110 1518 Domi-
2215 1459 2368 1528 perio
2411 1458 2774 1528 subjecturus,
2811 1463 2999 1533 sicque
3038 1465 3180 1534 apud
3219 1466 3520 1536 terrigenas
3556 1483 3686 1522 cum
3735 1467 3830 1522 his

520 1565 653 1604 num
682 1558 951 1617 nostrum,
985 1566 1089 1620 qua
1121 1551 1234 1607 sola
1271 1551 1520 1608 homines
1545 1552 1847 1609 liberantur
1877 1569 1908 1608 a
1945 1556 2108 1624 male,
2215 1547 2458 1606 liberatis
2481 1560 2705 1608 venerat
2733 1565 3078 1626 regnaturus,
3111 1562 3170 1610 ut
3198 1556 3320 1612 ideo
3345 1557 3549 1613 dixerit
3578 1577 3592 1612 :
3627 1557 3696 1615 Si
3731 1577 3827 1614 vos

521 1652 578 1696 et
602 1641 721 1696 sine
753 1657 860 1712 qua
899 1642 1104 1698 nullum
1151 1643 1352 1698 bonum
1399 1658 1624 1712 prorsus
1659 1646 1773 1700 sive
1799 1646 2108 1715 cogitando,
2215 1637 2390 1696 Filius
2431 1641 2724 1698 liberaverit
2745 1685 2760 1710 .
2798 1657 2921 1699 ιαηε
2955 1663 3071 1701 vere
3114 1646 3264 1701 liberi
3309 1650 3485 1715 ενὶιὶες
3518 1663 3648 1704 Cum
3701 1651 3828 1720 ῖρεε

519 1733 634 1788 sive
669 1733 898 1790 volendo
937 1745 990 1791 et
1032 1737 1287 1803 amando,
1320 1736 1436 1792 sive
1469 1739 1678 1810 agendo
1707 1737 1912 1794 facium
1949 1758 1962 1793 ε
1998 1757 2105 1797 non
2213 1731 2556 1790 fraudulenta
2622 1736 3047 1808 interrogatione
3108 1739 3511 1797 sciscitantibus
3555 1760 3571 1795 :
3616 1739 3822 1796 Utrum

516 1825 690 1880 solum
745 1836 840 1892 ιιι,
894 1836 1231 1884 monstrante
1284 1829 1438 1898 ipsa,
1492 1831 1619 1900 quid
1675 1830 1981 1888 faciendum
2037 1835 2112 1888 είι
2212 1824 2387 1878 liceret
2411 1842 2619 1882 censum
2639 1828 2769 1883 dare
2791 1828 3010 1897 Ca'sari,
3033 1832 3669 1901 responderitzReddite
3693 1851 3824 1905 qua

516 1917 713 1983 sciant,
747 1933 936 1974 verum
963 1921 1125 1976 etiam
1158 1930 1234 1988 ut,
1263 1931 1555 1993 praestante
1583 1924 1719 1995 ipsa,
1751 1924 1953 1981 faciant
1979 1941 2104 1982 cum

2215 1925 2332 1970 sunt
2370 1915 2596 1972 Cwsaris
2635 1918 2837 1975 Caesari
2865 1920 3082 1992 (Matth.
3125 1939 3264 1990 xm,
3296 1924 3384 1996 17)
3411 1945 3425 1980 :
3454 1926 3603 1980 absit
3631 1927 3746 1982 hoc
3785 1944 3820 1981 ι

515 2012 806 2069 dilectione
845 2017 988 2085 quod
1031 2017 1229 2072 sciunt.
1269 2015 1421 2073 Hanc
1462 2017 1659 2089 quippe
1699 2019 2106 2089 inspirationem
2212 2004 2452 2061 ﬁdelium
2509 2009 2796 2074 cordibus,
2847 2011 2937 2082 (ιυί
2975 2028 3100 2068 eum
3152 2022 3377 2085 Ρτορῑθτ
3421 2015 3822 2074 liberationem

511 2106 669 2161 bonae
719 2108 1014 2164 voluntatis
1067 2118 1230 2179 atque
1275 2111 1458 2180 operis
1516 2111 1772 2181 poscebat
1819 2113 2108 2183 Apostolus

2216 2111 2452 2155 nostram
2491 2102 2654 2157 morti
2695 2105 3095 2173 proximantem
3137 2115 3473 2179 terrenaeque
3513 2111 3821 2179 potestatis

512 2201 612 2265 eis,
644 2203 841 2277 quibus
867 2204 1116 2260 dicebat:
1151 2205 1380 2263 Oramus
1412 2219 1598 2276 autem
1619 2209 1689 2263 ad
1718 2209 2004 2265 Dominum
2042 2227 2107 2266 ne
2209 2191 2568 2248 tribunalibus
2613 2203 2805 2264 εβοηιθ
2855 2197 3160 2264 subditum.
3197 2200 3411 2268 PWSidi
3457 2202 3820 2272 respondisse

513 2291 640 2360 quid
682 2293 892 2361 faciatis
931 2295 1059 2348 mali
1080 2312 1098 2350 :
1123 2312 1226 2350 non
1271 2307 1328 2350 ut
1359 2315 1452 2352 nos
1493 2298 1701 2368 probati
1734 2317 2103 2370 appareamus,

2212 2281 2392 2352 legunt
2424 2294 2478 2339 et
2514 2287 2786 2341 credunt:
2822 2287 3062 2360 Regnum
3107 2308 3280 2346 meum
3323 2310 3429 2347 non
3473 2305 3550 2348 est
3603 2295 3668 2348 de
3711 2296 3817 2350 hoc

512 2380 604 2434 sed
633 2393 688 2435 ut
715 2401 804 2437 vos
827 2386 966 2455 quod
997 2386 1186 2441 bonum
1221 2397 1296 2442 est
1325 2389 1574 2458 faciatis?
1599 2388 1685 2461 (II
1715 2389 1837 2444 Cor.
1868 2407 1988 2457 xm,
2023 2391 2102 2464 7.)

2206 2375 2423 2429 mundo.
2452 2374 2512 2430 Si
2544 2377 2608 2430 de
2643 2377 2740 2431 hoc
2781 2380 2978 2434 mundo
3014 2391 3145 2436 esset
3184 2398 3399 2452 regnum
3446 2400 3658 2449 meum,
3711 2386 3793 2437 mi

509 2471 552 2540 σιμ
580 2470 645 2525 Et
675 2481 868 2529 οωιθι-ε,
900 2491 1018 2544 qua,
1049 2476 1209 2531 latius
1243 2478 1299 2532 ίη
1340 2480 1529 2535 eodem
1570 2494 1736 2550 opere
1765 2482 2096 2551 exsequitur.
2206 2465 2356 2518 nistri
2377 2467 2477 2520 mei
2502 2468 2680 2538 utique
2699 2467 3049 2538 decertarent,
3075 2482 3133 2526 ut
3161 2490 3265 2528 non
3289 2475 3527 2530 traderer
3545 2475 3770 2530 Inditis
3795 2491 3818 2528 :

511 2561 644 2630 Quae
676 2581 798 2619 cum
843 2567 915 2621 sit
957 2569 1238 2624 catholicae
1261 2571 1391 2626 ﬁdei
1431 2587 1557 2626 vera
1590 2573 1940 2644 perfectaque
1974 2590 2102 2630 con-
2204 2571 2342 2608 """c
2371 2566 2544 2611 ("Hem
2578 2575 2792 2629 νεθηίυη
2823 2578 2994 2615 meum
3034 2581 3138 2619 ηοη
3161 2575 3236 2620 εει
3267 2567 3388 2621 hinc
3419 2567 3607 2639 (Ῑοαηο
3640 2585 3818 2636 “me

510 2659 713 2720 sensio,
743 2657 929 2712 nescio
960 2673 1121 2728 quem
1151 2661 1327 2732 elogio
1352 2663 1526 2718 tertiae
1556 2672 1661 2719 tuae
1698 2665 1969 2721 haereseos
2007 2667 2102 2721 de-
2203 2646 2314 2718 ⁵6)·
2349 2647 2502 2704 Unde
2543 2665 2672 2721 9'80
2702 2651 2746 2706 Si
2776 2667 2806 2706 τι
2835 2653 2973 2708 Filio
3009 2654 3700 2738 iiberareniur._eruendos
3747 2663 3818 2718 li-

507 2753 700 2802 notare
735 2746 990 2814 volueris,
1023 2751 1127 2804 nisi
1169 2751 1312 2806 beati
1350 2753 1638 2825 Augustini
1672 2755 1940 2811 dictorum
1981 2771 2101 2827 quae

2209 2739 2470 2811 berosque
2511 2740 2723 2800 futuros
2771 2747 3086 2815 pronuntiat
3125 2751 3364 2819 peccatis
3401 2766 3498 2807 eos
3541 2755 3814 2811 cronibus

505 2837 899 2905 praemisimus,
955 2840 1064 2895 imo
1107 2841 1498 2898 caihoiicomm
1548 2846 1786 2901 omnium
1807 2888 1822 2912 ,
1868 2845 2101 2903 ﬁdeliter
2201 2831 2529 2900 substratos,
2555 2843 2609 2890 et
2633 2837 2870 2892 maxime
2893 2840 3038 2908 quod
3064 2840 3118 2895 in
3141 2839 3235 2896 Dei
3265 2841 3462 2898 Filium
3486 2860 3598 2901 non
3623 2847 3813 2903 solum

503 2931 884 3002 veraciterque
933 2949 1212 3005 sequaces.
1258 2937 1410 3004 Quod
1453 2937 1617 3009 igitur
1668 2940 1732 2993 de
1782 2941 1885 2996 hac
1933 2956 2098 3012 quam
2201 2937 2308 2976 non
2333 2925 2686 2992 crediderint,
2712 2942 2900 2983 verum
2924 2929 3091 2986 etiam
3113 2933 3277 2988 morti
3307 2947 3432 2990 eum
3459 2935 3808 3005 addixerint,

503 3023 706 3078 asseris
737 3027 952 3080 tertiam
985 3028 1238 3084 haeresim
1280 3030 1379 3095 ais,
1413 3040 1733 3103 argumento
1760 3047 1981 3104 prorsus
2007 3050 2097 3090 su-
2200 3016 2323 3086 quis
2354 3017 2610 3089 ambigat,
2642 3021 2764 3089 quis
2796 3021 3042 3090 ignore”

501 3113 730 3182 perﬂuo,
762 3133 864 3174 nec
886 3119 952 3174 ad
980 3135 1094 3176 rem
1125 3122 1448 3192 pertinente.
2270 3108 2462 3164 Restat
2491 3125 2622 3180 ergo
2652 3120 2712 3166 ut
2741 3115 2806 3168 de
2829 3116 3038 3183 peccati
3072 3119 3316 3183 servitio,
3345 3134 3456 3190 quo
3502 3120 3804 3178 inevitabi-

2199 3200 2324 3270 liter
2364 3203 2690 3259 tenebantur
2717 3207 2952 3274 astricti,
2981 3217 3036 3263 et
3079 3209 3282 3266 diaboli
3329 3211 3571 3268 dominio
3617 3212 3802 3270 famu-

1501 3273 1758 3374 :.,,L____m
1820 3353 1868 3374 ,μ
1884 3353 2063 3374 ω-,ω
2120 3273 2167 3338 C
2199 3291 2453 3347 iabaniﬂi‘
2473 3294 2694 3360 anneXi,
2718 3273 3005 3352 Dominum
3034 3299 3240 3356 dixisse
3278 3301 3650 3374 intelligamus
3683 3324 3699 3360 ε
3733 3305 3802 3361 δε

749 3342 803 3407 δ’
831 3359 980 3453 ΜΨ
1013 3345 1066 3411 2’
1101 3357 1234 3402 seel‘
1259 3349 1420 3453 ,Θ
1454 3347 1782 3453 ῖςίλίίξεηιηδ
1817 3353 2090 3453 infigens,
2197 3399 2286 3438 uos
2303 3379 2479 3438 Filius
2507 3341 2960 3453 liber’aberit,tunc
2986 3406 3104 3444 uere
3129 3390 3280 3446 liberi
3299 3341 3578 3448 uitiaui]?
3591 3341 3800 3451 uilici;

1184 3450 1415 3507 pmesus’
1435 3443 1700 3510 Jud'cmm
1729 3447 1910 3500 mund'
1937 3446 2086 3516 lim"
2197 3475 2288 3530 illa
2315 3475 2562 3543 libertas,
2582 3493 2687 3548 qua
2711 3479 2777 3534 de
2805 3478 3060 3552 Egyptia
3086 3483 3348 3540 servitute
3383 3484 3627 3551 liberati,
3675 3487 3796 3541 cir-

1053 3249 1282 3290 JOANNES
1320 3251 1538 3292 SCOTUS.

498 3540 617 3578 "lim
644 3543 753 3581 esse
784 3545 887 3581 non
913 3530 1145 3584 creditis.
2358 3569 2369 3580 .
2403 3530 2418 3582 ζ
2718 3530 2771 3534 η
2805 3530 3060 3584 fair“
3086 3530 3165 3538 ___
3190 3530 3348 3540 ______
3384 3530 3627 3551 "nu",
3679 3530 3754 3541 ψ

566 3618 606 3674 -ὶ-
644 3618 710 3674 Ει
746 3619 908 3674 intra,
2195 3583 2557 3674 cumctsmms
2598 3579 2865 3674 .m'ysterlt‘q
2915 3582 3141 3674 tu-typo
3188 3575 3446 3674 fundendi
3504 3579 3793 3674 sanguinis

644 3618 710 3674 Et
746 3619 908 3676 infra.

566 3618 763 3779 '(rNum.
797 3711 887 3779 5.)
925 3723 966 3770 Θ
1000 3712 1247 3769 Liberum
1295 3731 1417 3779 ergo
1469 3715 1745 3771 arbitrium
1790 3716 1990 3773 homini
2052 3735 2088 3774 α

2201 3618 2542 3625 -___--------_
2606 3618 2861 3646 ---ν-νητ
3016 3618 3138 3646 Ἥ...
3188 3618 3446 3632 ..............
3504 3618 3790 3650 πνευιμ...

2195 3662 2409 3717 Domini
2440 3662 2614 3719 nostri
2647 3661 2774 3718 Jcsu
2803 3661 3030 3732 Christi,
3061 3682 3092 3720 a
3121 3682 3266 3723 nexu
3304 3665 3587 3740 originalis
3630 3685 3790 3726 none

2192 3766 2298 3779 “nn
2333 3752 2650 3779 A..L:sn.-.o.._
2683 3753 2959 3779 ..ιιι-,Διηιέο
3008 3754 3159 3779 n---a
3211 3757 3345 3779 __:__
3388 3773 3530 3779 ____-
3575 3759 3626 3779 ε-
3680 3758 3782 3779 Δ)-

691 3712 977 3824 maia.
1000 3712 1247 3824 Liberum
1295 3731 1417 3786 ergo
1443 3715 1745 3824 arbitrium
1790 3716 1990 3773 Ιιοηιεηί
2052 3735 2088 3774 α
2192 3712 2669 3810 suissuis;
2681 3712 3357 3824 ;i.;.i.;1;';"s;oi';;i.;
3370 3712 3792 3814 ’ἓζὲἷὲἶηᾝὶξ

494 3801 606 3859 Deo
636 3805 818 3860 datum
847 3807 1069 3878 impium
1093 3815 1167 3863 ⁸³⁸
1199 3825 1302 3863 ¹²⁰¹³
1334 3808 1562 3864 ⁶ν⁶ά⁶³ν⁸⁶
2191 3843 2436 3915 ejusdem
2467 3844 2871 3916 sanguinisjam
2898 3801 3311 3905 fusi‘ilobiscum
3338 3851 3450 3920 agit
3479 3851 3784 3920 baptisma,

1131 3936 1452 3977 CORRECTIO-
2189 3933 2294 3989 hoc
2343 3934 2484 4004 apud
2535 3934 2787 4006 antiquos
2838 3936 2892 3990 iu
2943 3935 3048 3992 ﬁde
3075 3937 3244 4007 ipsius
3291 3939 3470 3994 adhuc
3511 3939 3784 3996 fundendi

565 4029 608 4102 -ι-
647 4029 780 4096 Quis
808 4046 1064 4100 unquam,
1091 4031 1195 4088 nisi
1222 4048 1252 4086 τι
1286 4029 1391 4087 ﬁde
1431 4039 1486 4086 et
1527 4032 1746 4089 nomine
1772 4031 2083 4090 Christiano
2188 4024 2364 4095 egisse
2411 4025 2882 4082 circumcisionem
2923 4026 3102 4084 nullus
3147 4030 3574 4086 orthodoxorum
3625 4032 3786 4086 dubi-

493 4123 710 4192 pcnitus
747 4123 988 4189 alienus,
1038 4131 1131 4178 aut
1172 4121 1403 4179 liberum
1455 4124 1690 4178 hominis
1735 4123 2018 4178 arbitrium
2050 4140 2079 4178 a
2188 4125 2307 4172 tat:
2339 4118 2612 4188 quomodo
2657 4133 2786 4189 ergo
2839 4119 3102 4175 liberandi
3156 4130 3466 4187 censentur,
3518 4123 3616 4192 qui
3663 4121 3782 4192 jam

492 4214 784 4269 Conditore
813 4214 1018 4280 datum,
1054 4222 1148 4269 aut
1182 4213 1444 4284 judicium
1477 4215 1716 4269 futurum
1749 4216 1942 4286 neget?
1975 4215 2083 4270 Da-
2184 4210 2397 4266 liberati
2421 4212 2753 4268 noscuntur?
2777 4211 2894 4268 Nisi
2935 4214 3061 4284 quia
3095 4215 3393 4270 secundum
3450 4216 3779 4288 Apostolum

493 4317 606 4361 tum
636 4308 799 4378 igitur
830 4309 1037 4364 homini
1075 4309 1303 4365 liberum
1346 4310 1655 4375 arbitrium,
1693 4309 1846 4380 pulsa
1891 4311 2080 4381 procul
2183 4305 2276 4375 qui
2306 4304 2418 4360 ait:
2446 4303 2552 4376 Spe
2577 4309 2718 4360 enim
2747 4305 2882 4360 salvi
2910 4307 3039 4377 facti
3072 4323 3252 4362 sumus
3291 4307 3468 4377 (Rom.
3507 4324 3626 4372 Vm,
3658 4309 3774 4380 24),

488 4400 636 4455 omni
672 4403 1077 4467 retractatione,
1105 4401 1380 4457 credimus
1407 4411 1462 4456 et
1493 4401 1847 4467 conﬁtemur;
1880 4403 1975 4458 sed
2003 4403 2079 4457 ita
2183 4395 2360 4451 adhuc
2376 4410 2584 4461 veram.
2618 4395 2672 4451 id
2699 4403 2783 4452 est
2811 4395 3130 4467 ρθτῐθοιθω,
3152 4398 3459 4456 libertatem
3484 4411 3774 4472 exspecta-

489 4509 519 4547 a
549 4495 902 4563 peccantibus
936 4495 1182 4549 vitiatum
1211 4503 1374 4564 atque
1400 4502 1737 4564 corruptum,
1766 4503 1826 4550 ut
1851 4511 2078 4565 prorsus
2181 4503 2334 4544 mils:
2361 4488 2406 4542 Si
2445 4488 2591 4543 enim
2618 4486 2730 4556 iam
2757 4488 2972 4546 liberali
2999 4499 3161 4561 atque
3189 4491 3381 4547 salvali
3430 4494 3536 4548 nisi
3578 4494 3634 4548 in
3673 4510 3774 4564 spe

486 4585 588 4642 nisi
622 4587 982 4656 praeveniente
1017 4585 1192 4657 gratia
1223 4585 1316 4640 Dei
1353 4585 1422 4640 ad
1459 4584 1665 4640 nullum
1713 4586 1912 4640 bonum
1947 4601 2076 4656 pro-
2101 4630 2152 4660 η
2179 4595 2389 4646 sumus,
2418 4595 2588 4660 quare
2619 4595 2839 4636 oramus
2885 4591 2942 4636 ut
2990 4583 3285 4639 liberemur
3320 4599 3350 4638 a
3376 4583 3566 4638 malo?
3592 4601 3770 4655 quare

485 4677 603 4744 pria
641 4676 922 4732 voluntate
954 4684 1118 4746 atque
1151 4676 1355 4731 virtute
1397 4675 1569 4746 possit
1597 4690 1900 4747 assurgere.
1931 4675 2070 4743 Quid
2098 4674 2150 4691 "
2181 4676 2482 4732 clamantes
2509 4675 2738 4731 dicimus
2768 4675 2997 4730 Domino
3026 4693 3038 4729 :
3071 4674 3330 4747 Exsurge,
3358 4677 3554 4747 adjuua
3587 4687 3770 4739 ποια

483 4764 628 4820 enim
656 4764 856 4820 habere
879 4764 1075 4820 virium
1117 4765 1184 4820 ad
1225 4765 1355 4822 boni
1384 4765 1657 4836 quippiam
1685 4781 1784 4836 per
1807 4781 1865 4821 se
1890 4765 1975 4820 vel
2003 4781 2070 4822 ex
2179 4770 2344 4824 libera
2384 4786 2477 4823 nos
2508 4779 2719 4840 propter
2743 4784 2928 4823 nomen
2951 4778 3097 4822 tuum
3119 4770 3144 4822 ?
3183 4767 3300 4842 (Ps.
3334 4772 3490 4835 mu,
3525 4769 3647 4842 26.)
3677 4769 3769 4825 Li-

485 4873 544 4913 se
564 4866 778 4929 poterat
805 4857 1058 4914 venditus
1085 4858 1188 4914 sub
1212 4859 1468 4930 peccato?
1497 4858 1598 4926 Qui
1623 4858 1768 4913 enim
1793 4874 1913 4914 sese
1937 4875 2071 4915 ven-
2177 4860 2488 4916 beratorum
2518 4869 2681 4930 atque
2727 4864 3126 4930 redemptorum
3160 4861 3283 4930 quis
3319 4862 3457 4916 hanc
3496 4877 3620 4917 esse
3670 4877 3768 4918 vo-

483 4951 613 5004 dere
662 4948 1008 5019 dominioque
1060 4950 1272 5020 tyranni
1315 4950 1547 5006 subdere
1591 4949 1820 5004 liberum
1857 4950 2066 5017 habuit,
2175 4964 2294 5006 cem
2318 4949 2551 5014 dubitet,
2577 4949 2701 5020 quis
2729 4949 2981 5020 ignoret?
3012 4949 3128 5015 sed,
3181 4950 3323 5005 sicut
3372 4949 3764 5022 praemisimus,

481 5041 672 5112 procul
703 5042 866 5098 dubio
890 5041 1011 5113 jam
1046 5042 1291 5098 servituti
1323 5042 1591 5108 addictus,
1623 5056 1967 5112 nequaquam
2005 5042 2068 5097 li-
2175 5043 2476 5112 apostolico
2502 5042 2826 5098 doctuuento
2865 5041 3219 5096 instruimur:
3253 5041 3388 5106 Quia
3417 5043 3469 5094 in
3506 5059 3595 5110 spe
3624 5042 3762 5096 salui

480 5134 661 5189 berari
694 5143 748 5190 et
782 5151 813 5189 a
851 5136 1110 5191 servitute
1152 5135 1435 5206 tyrannica
1467 5133 1672 5189 absolvi
1705 5132 1932 5188 liberum
1965 5135 2066 5190 ha-
2174 5136 2305 5205 facti
2373 5152 2574 5190 sumus.
2629 5132 2755 5205 Spes
2795 5143 2968 5189 autem
3007 5150 3110 5188 non
3137 5135 3342 5188 videtur
3366 5151 3385 5188 :
3413 5135 3554 5206 quod
3583 5145 3763 5188 autem

479 5227 618 5291 liuit,
649 5227 754 5282 nisi
801 5242 899 5298 per
944 5226 1060 5296 ejus
1111 5227 1406 5282 indebitam
1444 5226 1674 5296 gratiam
1722 5225 2063 5293 liberaretur,
2171 5227 2306 5283 uidet
2329 5229 2468 5298 quis,
2501 5225 2762 5298 quomodo
2789 5226 3011 5296 sperat?
3034 5227 3081 5280 si
3108 5236 3284 5280 autem
3315 5227 3454 5297 quod
3485 5242 3590 5280 non
3621 5227 3760 5280 uide-

481 5318 633 5387 cujus
662 5319 798 5375 Filio
830 5328 1164 5390 protestante
1192 5319 1500 5383 didicimus,
1539 5320 1660 5390 quia
1689 5319 1735 5372 si
1775 5335 1860 5390 vos
1893 5316 2066 5374 Filius
2171 5337 2286 5374 mus
2314 5335 2605 5390 speramus,
2636 5335 2728 5388 per
2754 5318 3058 5387 patientiam
3074 5327 3431 5388 exspectamus
3447 5315 3623 5387 (Rom.
3641 5334 3763 5381 vm,

478 5411 792 5477 liberaverit,
821 5387 937 5466 uere
967 5411 1117 5466 liberi
1148 5411 1294 5466 eritis
1324 5409 1505 5481 (Joan.
1539 5387 1652 5476 rm,
1675 5410 1784 5482 50').
1809 5387 1924 5466 Hoc
1952 5411 2065 5480 ipse
2169 5412 2239 5465 24
2264 5387 2486 5481 seq.)Et
2501 5427 2714 5465 rursum
2733 5411 2858 5480 quia
2877 5427 2890 5464 :
2908 5409 3090 5464 Omnis
3116 5421 3359 5465 creatura
3390 5411 3688 5480 ingemiscit
3715 5423 3763 5465 et

477 5505 740 5561 Dominus
758 5504 958 5560 Iudaeis
985 5517 1105 5560 sese
1139 5503 1206 5558 de
1231 5502 1512 5558 nobilitate
1540 5501 1754 5572 generis
1773 5500 2066 5570 iactantius
2171 5504 2419 5574 parturit,
2447 5501 2810 5556 reuelationem
2855 5501 3088 5572 ﬁliorum
3120 5500 3215 5557 Dei
3239 5513 3546 5571 exspectans
3569 5518 3587 5554 :
3609 5505 3764 5556 raui-

477 5596 827 5652 clferuntibus
863 5604 917 5650 et
957 5594 1234 5651 servitutis
1269 5610 1477 5648 nmvum
1515 5610 1544 5648 a
1577 5609 1699 5650 sese
1733 5594 2066 5648 mendaciter
2173 5593 2271 5648 tati
2304 5595 2442 5648 enim
2473 5601 2716 5647 creatura
2762 5591 2995 5660 subjecta
3039 5602 3112 5646 est
3143 5609 3245 5646 non
3275 5591 3473 5659 uolens,
3521 5593 3615 5646 sed
3643 5609 3765 5663 pro-

478 5690 889 5758 abrogantihus,
935 5689 1342 5758 dicentibusquc
1369 5707 1380 5742 :
1418 5686 1533 5742 Nos
1573 5688 1724 5742 liberi
1774 5705 1986 5753 sumus,
2015 5696 2063 5741 et
2171 5693 2284 5756 pter
2313 5701 2431 5739 eum
2461 5684 2551 5754 qui
2574 5682 2795 5752 subjecit
2827 5698 2942 5735 eam
2967 5683 3022 5736 in
3051 5699 3159 5751 spe;
3204 5681 3343 5749 Quia
3373 5693 3424 5739 et
3463 5683 3582 5753 ipsa
3614 5701 3760 5738 crea-

475 5777 672 5832 nemini
706 5779 1002 5833 seruiuimus
1047 5797 1298 5850 unquam,
1341 5781 1684 5848 respondisse
1731 5780 1924 5848 legitur
1954 5797 1966 5832 :
2001 5778 2062 5833 Si
2171 5786 2292 5830 tura
2339 5775 2644 5830 liberabitur
2683 5791 2716 5826 a
2761 5773 3005 5828 seruitute
3033 5776 3381 5845 corruptionis
3427 5777 3484 5829 in
3523 5775 3760 5828 libertate

473 5887 564 5928 uos
579 5867 752 5924 Filius
782 5869 1100 5936 liberat-erit,
1118 5879 1241 5924 tunc
1264 5887 1379 5926 uere
1403 5869 1551 5924 liberi
1573 5871 1718 5925 eritis
1741 5868 2057 5942 (Ιοαηένιιι,
2171 5867 2353 5941 gloriae
2380 5867 2611 5939 ﬁliorum
2657 5864 2754 5920 Dei
2794 5863 3006 5940 (Ibid.).
3053 5866 3364 5940 Apostolica
3401 5867 3574 5943 igitur
3601 5867 3759 5924 doco-
