4064 6346
251 406 393 469 1049

1103 423 1189 480 DE
1227 424 1900 491 PREDESTINATIONE
1936 434 2215 490 CONTRA
2251 437 2300 492 ,1.
2340 437 2638 500 SCOTUM.

3360 449 3498 506 l050

249 543 372 584 mur
395 528 717 586 auctoritate
742 533 885 614 quod
910 533 1122 592 liberati
1149 555 1357 607 sumus,
1390 543 1484 598 sed
1515 543 1778 601 liberandi
1807 565 1818 600 :
1850 553 1902 612 Α
1927 549 2052 603 dum
2078 548 2163 604 vel
2192 549 2525 608 faciendum:
2551 571 2676 610 nam
2705 557 2772 612 ad
2795 558 2992 614 malum
3021 575 3232 631 semper
3255 564 3302 618 ei
3326 564 3498 619 adfuit

251 618 469 674 liberati
501 635 531 674 a
571 621 785 678 vinculo
805 625 994 694 primae
1038 632 1516 698 praevaricationis,
1558 635 1822 693 liberandi

247 710 316 763 ab
343 712 489 764 omni
516 711 648 767 vitio
673 717 1069 786 corruptionis;
1099 720 1309 776 liberati
1350 724 1402 778 in
1431 740 1544 794 spe,
1584 727 1825 783 liberan-

247 799 298 853 di
332 801 385 855 in
411 817 501 867 re;
529 802 741 858 liberati
772 815 830 860 ut
857 823 977 862 cum
1011 810 1164 866 hoste
1209 829 1529 883 pugnemus,
1559 815 1823 875 liberandi

245 899 306 945 ut
332 909 608 964 nunquam
641 896 854 954 hostem
885 909 1208 958 metuamus.
1237 904 1313 959 lbi
1370 906 1514 960 enim
1562 909 1665 962 erit
1694 925 1822 964 vera

245 983 488 1050 libertas,
515 987 606 1041 ubi
633 998 780 1044 certa
809 992 1104 1060 securitas;
1141 994 1212 1049 ibi
1249 1011 1440 1051 secura
1463 997 1701 1064 libertas,
1732 1000 1822 1055 ubi

243 1074 392 1129 nulla
444 1076 776 1148 impugnabit
822 1081 1114 1152 iniquitas:
1146 1084 1218 1140 ibi
1250 1102 1375 1142 vera
1415 1087 1681 1154 liberatio,
1732 1091 1822 1145 ubi

243 1164 388 1218 nulla
431 1168 699 1235 supererit
747 1171 1050 1240 corruptio;
1085 1173 1158 1228 ibi
1202 1191 1331 1231 vera
1359 1177 1717 1248 possidebitur
1751 1180 1819 1234 li-

243 1255 450 1322 bertas,
476 1259 564 1313 ubi
607 1259 752 1314 nulla
798 1263 1009 1332 urgebit
1034 1265 1338 1336 captivitas.
1383 1268 1482 1324 Hic
1517 1279 1694 1325 autem
1729 1272 1820 1328 tibi

243 1347 551 1403 indefessus
589 1351 808 1405 obsistit
836 1354 1198 1422 adversarius,
1233 1357 1323 1411 ubi
1367 1360 1664 1416 acerrimus
1686 1377 1818 1416 con-

242 1439 536 1510 tinuusque
573 1455 694 1494 cum
742 1443 886 1498 vitiis
917 1444 1082 1499 instat
1124 1445 1424 1513 conflictus,
1469 1450 1560 1503 ubi
1597 1449 1819 1506 libertas

237 1531 406 1582 etiam
454 1539 642 1585 eontra
669 1541 852 1588 votum
883 1535 1160 1592 multoties
1208 1540 1411 1595 servire
1459 1541 1816 1611 compellitur,

239 1620 518 1676 humiliari
547 1639 645 1678 nos
687 1633 850 1694 atque
872 1627 1131 1682 auxilium
1175 1632 1363 1700 gratia:
1404 1631 1683 1688 liberantis
1725 1651 1818 1704 pe-

239 1721 358 1768 tere
376 1714 579 1786 jugiter
599 1726 847 1786 oportet:
883 1719 956 1774 ita
995 1729 1052 1774 ut
1080 1737 1203 1776 cum
1228 1723 1484 1793 Apostolo
1525 1725 1813 1792 humiliati,

237 1815 291 1857 et
321 1807 456 1860 nihil
503 1807 570 1862 de
613 1811 846 1880 propriae
891 1811 1160 1868 libertatis
1190 1815 1397 1871 viribus
1423 1828 1814 1886 praesumentes

1925 641 2156 708 servilis,
2183 653 2242 697 ut
2269 643 2342 698 ita
2367 645 2616 712 dixerim,
2645 647 2870 705 libertas
2894 668 2907 704 :
2936 667 2999 707 ac
3020 667 3117 722 per
3145 654 3264 717 hoc,
3293 663 3351 709 ut
3375 655 3492 725 jam

1925 732 2006 785 vel
2037 733 2174 788 bene
2207 735 2356 800 velit,
2387 735 2470 790 vel
2499 738 2638 794 bene
2662 741 2851 809 possit,
2897 743 3108 798 nonnisi
3157 745 3224 800 ad
3266 747 3496 816 gratiam

1926 823 2018 878 Dei
2041 826 2274 894 pertinet
2299 842 2396 896 per
2421 825 2602 883 Jesum
2630 829 2902 887 Christum
2927 833 3208 889 Dominum
3230 846 3494 892 nostrum.

1925 915 2156 971 Sanetur
2175 932 2304 990 ergo
2341 927 2398 972 ut
2421 920 2697 986 liberetur,
2730 932 2952 979 sanetur
2977 924 3120 980 illius
3154 925 3264 980 limi
3301 943 3500 996 perun-

1923 1017 2008 1062 cta
2061 1010 2434 1085 medicamine,
2487 1027 2593 1082 quo
2641 1029 2671 1067 a
2715 1015 2995 1070 nativitate
3031 1016 3156 1072 eieci
3187 1017 3328 1072 oculi
3372 1025 3500 1073 sunt

1921 1099 2113 1153 sanati.
2169 1100 2409 1157 Sanitate
2457 1103 2654 1158 etenim
2706 1120 2840 1175 opus
2869 1106 3034 1162 habet
3058 1109 3148 1178 qui
3177 1108 3303 1163 dicit
3334 1127 3348 1163 :
3385 1109 3498 1180 Ego

1921 1192 2052 1257 dixi,
2093 1192 2330 1258 Domine,
2385 1196 2628 1250 miserere
2677 1198 2816 1252 mei:
2855 1216 2984 1254 sana
3031 1200 3262 1254 animant
3306 1216 3496 1266 meum,

1919 1287 2043 1356 quia
2064 1288 2289 1356 peccavit
2319 1288 2412 1342 tibi
2442 1287 2614 1360 (Psal.
2653 1307 2740 1356 XL,
2773 1292 2851 1363 5).
2882 1293 2948 1348 Et
2973 1293 3166 1348 iterum
3200 1313 3213 1350 :
3248 1294 3503 1366 Miserere

1921 1379 2060 1444 mei,
2121 1378 2377 1445 Domine,
2421 1382 2671 1450 quoniam
2717 1383 2958 1452 inﬁrmus
3005 1403 3158 1452 sum;
3214 1404 3344 1441 sana
3393 1403 3495 1452 me,

1919 1467 2162 1535 Domine,
2191 1471 2435 1541 quoniam
2487 1474 2796 1528 conturbata
2824 1484 2946 1528 sunt
2971 1491 3090 1530 ossa
3119 1493 3269 1540 mea;
3295 1485 3344 1530 et
3381 1477 3497 1530 ani-

1919 1577 2006 1614 ma
2053 1579 2169 1616 mea
2217 1562 2425 1616 turbata
2475 1572 2549 1618 est
2598 1563 2765 1631 valde,
2805 1566 2896 1619 sed
2924 1575 3002 1632 tu,
3034 1567 3274 1634 Domine,
3311 1583 3498 1638 usque-

1917 1653 2058 1723 quo?
2086 1651 2414 1718 Convertere,
2443 1655 2685 1721 Domine,
2717 1657 2857 1726 eripe
2893 1659 3124 1712 animam
3149 1676 3335 1722 meam,
3385 1659 3496 1712 sal-

1917 1760 2038 1798 vum
2068 1761 2149 1798 me
2184 1745 2268 1814 fac
2313 1756 2524 1817 propter
2559 1748 2974 1803 misericordiam
3019 1741 3163 1804 tuam
3214 1751 3386 1818 (Psal.
3420 1767 3495 1815 vr,

1918 1835 2054 1906 διδ).
2089 1835 2202 1891 Hac
2229 1837 2461 1891 sanitate
2483 1846 2648 1906 atque
2679 1839 2926 1894 libertate
2951 1841 3262 1910 indigebant
3285 1843 3351 1898 de
3377 1843 3498 1912 qui-

238 1895 519 1951 dicamus:
549 1897 891 1955 Condelector
922 1902 1022 1973 legi
1049 1903 1147 1958 Dei
1185 1907 1469 1960 secundum
1510 1910 1811 1964 interiorem
1840 1893 1891 1954 Β
1921 1893 2028 1982 bus,
2051 1927 2311 1983 Dominus
2340 1929 2391 1982 in
2432 1893 2722 2002 Ενειξεριίο
2766 1893 3185 1988 Ῠάίοέβέίζνλΐοη
3223 1946 3296 1989 ρει
3353 1893 3497 1990 “Lm

236 1993 495 2047 hominem
521 2013 540 2059 ;
570 1996 716 2050 video
743 2007 914 2052 autem
960 1998 1120 2054 aliam
1151 1999 1311 2072 legem
1340 2003 1394 2056 in
1420 2003 1662 2058 membris
1687 2005 1814 2060 meis

237 2095 608 2153 repugnantem
639 2086 740 2157 legi
767 2091 952 2144 mentis
981 2107 1128 2156 metu,
1159 2102 1206 2145 et
1229 2094 1489 2162 captivum
1519 2111 1602 2147 me
1621 2095 1814 2151 ducen-

236 2181 337 2224 tem
365 2173 419 2226 in
448 2173 558 2244 lege
591 2179 814 2245 peccati,
846 2197 962 2250 quae
984 2191 1056 2234 est
1086 2182 1140 2236 in
1169 2184 1412 2238 membris
1460 2186 1588 2238 meis
1632 2185 1808 2256 (Rom.

234 2277 332 2328 vn,
360 2263 448 2328 22,
476 2265 591 2334 23).
623 2265 840 2338 Hacque
864 2271 1482 2344 humilitatesalubriqrie
1499 2275 1812 2333 confusione

234 2358 544 2427 compuncti
570 2360 934 2419 exclamemus
962 2380 1084 2419 cum
1115 2367 1304 2422 eodem
1331 2369 1588 2438 Apostolo
1615 2389 1627 2423 :
1663 2371 1812 2441 Infe-

235 2445 312 2500 lix
325 2463 417 2516 ego
432 2449 605 2515 homo,
631 2453 745 2522 quis
761 2469 839 2506 me
855 2453 1091 2508 liberabit
1112 2457 1175 2511 de
1190 2473 1404 2528 corpore
1419 2462 1599 2515 mortis
1613 2462 1772 2532 hujus
1787 2463 1814 2516 ?

236 2537 425 2608 (lbid.,
467 2557 611 2597 vers.
637 2543 752 2616 24.)
785 2544 986 2614 Sicque
1025 2548 1090 2602 de
1113 2549 1482 2606 misericordia
1505 2553 1810 2610 nullatenus

235 2628 538 2687 diﬁidentes
563 2632 981 2706 subjungamus:
1013 2635 1196 2693 Gratia
1226 2639 1324 2694 Dei
1344 2658 1436 2710 per
1457 2641 1639 2697 Jesum
1665 2641 1816 2698 Chri-

231 2732 373 2776 stum
400 2723 679 2779 Dominum
711 2739 945 2782 nostrum
997 2729 1186 2800 (lbid.,
1209 2747 1350 2788 vers.
1381 2734 1494 2806 25).
1526 2734 1664 2791 Ecce
1709 2737 1812 2793 lto-

233 2812 334 2868 stis
371 2813 710 2885 impugnans,
771 2833 896 2875 ecce
935 2823 1219 2891 captivitas
1251 2827 1494 2893 trahens,
1551 2844 1680 2884 ecce
1725 2829 1810 2886 lex

235 2903 525 2972 rebellans,
575 2921 701 2963 ecce
741 2924 936 2982 corpus
965 2915 1172 2979 mortis,
1201 2924 1256 2971 et
1298 2918 1390 2972 ubi
1433 2919 1690 2988 libertas;
1717 2923 1812 2978 sed

232 2997 382 3064 audi,
415 2999 504 3054 ubi
545 3004 716 3072 gratia
741 2995 854 3060 'Dei
895 3023 987 3078 per
1015 3008 1197 3065 Jesum
1226 3011 1490 3070 Christum
1528 3016 1810 3072 Dominum

229 3098 468 3144 nostrum
489 3090 515 3144 Ρ

303 3183 450 3239 Inest
471 3185 636 3256 igitur
655 3185 860 3244 homini
887 3190 1116 3248 liberum
1145 3196 1450 3264 arbitrium,
1491 3201 1582 3255 sed
1610 3200 1677 3255 ad
1717 3202 1812 3257 bo—

229 3292 361 3331 num
391 3287 500 3333 tam
524 3277 854 3350 languidum,
882 3292 989 3338 tam
1021 3286 1335 3358 invalidum,
1365 3301 1474 3346 tam
1513 3291 1810 3362 inﬁrmum,

231 3377 312 3434 ut,
345 3369 449 3424 nisi
497 3372 828 3441 princedente
855 3377 1049 3445 gratia,
1086 3395 1183 3435 nec
1225 3381 1359 3439 velle
1391 3384 1591 3440 bonum
1646 3388 1816 3457 possit

229 3477 335 3518 nec
361 3478 538 3534 agere.
593 3464 746 3520 Unde
787 3476 842 3522 et
869 3468 1064 3528 beatus
1101 3472 1433 3545 Augustinus
1479 3477 1534 3532 in
1575 3476 1712 3534 libro
1750 3480 1816 3535 de

229 3555 384 3612 Dono
414 3562 828 3628 perseverantiae
865 3561 1004 3633 (cap.
1031 3565 1085 3636 7)
1129 3584 1142 3620 :
1173 3566 1312 3639 [Non
1343 3577 1426 3625 est
1468 3572 1590 3638 hoc,
1618 3573 1812 3642 inquit,

227 3647 454 3703 omnino
483 3650 536 3703 in
558 3651 764 3707 viribus
795 3653 951 3709 liberi
971 3656 1182 3712 arbitrii
1214 3659 1402 3730 quales
1451 3677 1595 3718 nunc
1647 3673 1810 3720 sunt:

227 3740 410 3795 fuerat
462 3741 515 3796 in
571 3743 788 3798 homine
837 3755 1124 3818 antequam
1180 3751 1415 3806 caderet.
1466 3751 1596 3820 Quae
1633 3762 1813 3810 tamen

227 3833 454 3889 libet-las
485 3834 774 3892 voluntatis
816 3838 867 3892 in
899 3839 1041 3896 illius
1077 3841 1271 3910 prima:
1297 3845 1624 3900 conditionis
1673 3862 1812 3916 prae-

227 3926 429 3980 stantia
457 3937 719 3996 quantum
757 3930 1006 3998 valuerit,
1050 3935 1297 4004 apparuit
1341 3936 1395 3990 in
1445 3936 1671 4007 angelis,
1698 3940 1812 4008 qui,

227 4017 446 4072 diabolo
482 4035 603 4074 cum
635 4021 748 4077 suis
783 4025 1028 4090 cadente,
1066 4025 1118 4080 in
1158 4027 1386 4083 veritate
1425 4037 1714 4098 steterunt,
1760 4041 1815 4088 et

228 4111 299 4165 ad
331 4112 674 4170 securitatem
706 4125 1019 4186 perpetuam
1043 4134 1149 4173 non
1181 4120 1422 4186 cadendi,
1454 4123 1507 4177 in
1534 4139 1639 4193 qua
1672 4141 1814 4182 nunc

228 4217 327 4258 eos
380 4218 500 4259 esse
548 4207 837 4261 certissimi
885 4223 1094 4277 sumus,
1149 4213 1430 4280 pervenire
1476 4227 1809 4272 meruerunt.

229 4295 365 4350 Post
393 4311 578 4351 casum
602 4307 781 4353 autem
807 4300 1041 4356 hominis
1064 4303 1276 4358 nonnisi
1309 4304 1375 4358 ad
1403 4306 1630 4374 gratiam
1659 4323 1812 4364 suam

229 4387 376 4443 Deus
398 4387 566 4444 voluit
592 4391 884 4460 pertinere,
907 4401 968 4446 ut
1001 4393 1161 4448 homo
1185 4396 1409 4450 accedat
1435 4397 1502 4451 ad
1525 4412 1648 4452 eum
1673 4416 1688 4466 ;
1713 4415 1811 4455 ne-

228 4493 338 4548 que
369 4479 470 4533 nisi
504 4479 569 4534 ad
595 4480 822 4550 gratiam
850 4497 1001 4536 suam
1029 4483 1198 4537 voluit
1227 4485 1518 4554 pertinere,
1563 4497 1620 4542 ut
1651 4489 1813 4546 homo

1917 2036 2046 2090 opus
2075 2019 2327 2086 medicus,
2357 2021 2448 2075 sed
2488 2021 2623 2076 male
2660 2022 2984 2078 habentibus.
3038 2023 3161 2078 Non
3201 2027 3337 2079 enim
3381 2026 3497 2080 veni

1915 2127 2099 2165 uocare
2124 2111 2319 2180 justas,
2354 2113 2444 2166 sed
2475 2123 2770 2184 peccatores
2807 2115 2861 2168 in
2900 2117 3250 2186 paenitentiam
3277 2117 3492 2188 (Matth.

1913 2221 1991 2267 ix.
2033 2206 2143 2277 l2).
2172 2206 2240 2260 Et
2269 2222 2484 2262 rursum
2516 2225 2528 2262 :
2563 2205 2713 2261 Venit
2743 2209 2880 2262 enim
2909 2207 3083 2263 Filius
3110 2211 3336 2264 hominis
3357 2226 3497 2281 qna:-

1914 2314 2028 2354 rere
2058 2308 2106 2354 et
2148 2300 2347 2354 salvum
2390 2300 2560 2370 facere
2604 2301 2743 2371 quod
2787 2303 3011 2372 perierat
3050 2301 3202 2374 (Luc.
3239 2319 3348 2369 XIX,
3382 2302 3491 2374 10).

1911 2387 1970 2442 Id
2003 2399 2086 2444 est
2111 2389 2294 2456 venit,
2327 2387 2494 2443 Filius
2533 2389 2770 2445 hominis
2812 2405 3052 2460 quaerere
3103 2391 3410 2462 fugitivum,
3443 2401 3498 2449 et

1912 2480 2142 2538 liberare
2173 2484 2442 2553 captivum
2471 2502 2482 2536 :
2519 2484 2564 2537 si
2591 2483 2730 2539 liber
2760 2493 2900 2550 erat,
2931 2487 3200 2555 quomodo
3224 2486 3497 2558 perierat?

1913 2575 2008 2629 sed
2030 2573 2284 2627 nimirum
2311 2573 2565 2643 perierat,
2602 2573 2693 2642 qui
2740 2589 2771 2627 a
2821 2589 2950 2630 vero
3000 2575 3204 2630 lumine
3247 2591 3492 2642 aversus,

1911 2663 2058 2718 vitiis
2110 2671 2164 2717 et
2194 2663 2526 2718 daemonibus
2571 2664 2787 2720 additus
2846 2667 3156 2732 serviebat;
3195 2675 3255 2721 ut
3311 2677 3494 2722 autem

1911 2751 2235 2808 liberaretur
2273 2753 2419 2806 venit
2467 2753 2579 2819 ille,
2621 2755 2675 2807 in
2711 2770 2813 2823 quo
2849 2754 2980 2808 nihil
3025 2755 3208 2809 habuit
3257 2755 3494 2825 princeps

1911 2845 2096 2900 mundi
2133 2844 2314 2916 (Joan.
2346 2860 2457 2910 xiv,
2487 2845 2599 2916 30),
2625 2856 2671 2900 et
2701 2849 2791 2916 qui
2813 2846 2956 2901 solus
2984 2847 3080 2917 fuit
3105 2847 3240 2902 inter
3263 2858 3494 2903 mortuos

1913 2938 2044 2993 liber
2073 2935 2244 3008 (Psal.
2275 2953 2514 3002 1.xxxvn,
2547 2936 2638 3006 5);
2670 2939 2737 2992 ad
2764 2936 2918 3006 cujus
2948 2953 3131 2992 veram
3167 2937 3492 3008 perfectam-

1913 3044 2017 3100 que
2042 3029 2346 3084 libertatem
2373 3029 2416 3083 si
2446 3029 2730 3098 pervenire
2774 3029 3166 3095 desideramus,
3211 3029 3328 3100 ejus
3356 3044 3495 3100 prte-

1910 3121 2138 3176 ventrici
2168 3129 2330 3190 atque
2357 3119 2682 3175 auxiliatrici
2720 3120 2908 3190 gratia:
2949 3119 3227 3175 humiliter
3263 3119 3497 3175 submis-

1915 3230 2080 3284 seque
2107 3214 2420 3275 subdamur,
2447 3214 2536 3283 qui
2572 3213 2705 3266 venit
2735 3228 2986 3282 quaerere,
3019 3221 3065 3265 et
3089 3210 3292 3265 salvum
3323 3211 3494 3280 facere

1919 3305 2057 3379 quod
2077 3306 2300 3376 perierat
2332 3305 2484 3376 (Luc.
2521 3321 2634 3371 xu,
2670 3303 2780 3376 l0).
2813 3303 3015 3360 Deinde
3045 3304 3352 3360 subnectis:

2463 3434 2688 3474 JOANNES
2723 3433 2942 3473 SCOTUS.

1991 3511 2141 3584 (Cap.
2172 3512 2224 3576 4,
2251 3528 2400 3566 num.
2432 3511 2489 3576 4,
2526 3520 2661 3566 sect.
2693 3509 2770 3582 5.)
2815 3519 2856 3568 θ
2899 3507 3022 3565 Νοη
3081 3509 3234 3564 aliter
3260 3510 3497 3565 debuisse

1913 3605 2032 3673 ﬁeri
2077 3603 2386 3658 rationalem
2417 3604 2595 3669 vitam,
2627 3602 2727 3656 nisi
2775 3601 3143 3666 voluntariam,
3187 3617 3303 3655 cum
3340 3601 3405 3654 ab
3435 3617 3496 3654 ea

1917 3695 2183 3750 voluntate
2221 3711 2338 3766 quae
2369 3703 2444 3748 est
2481 3709 2642 3748 causa
2676 3693 2927 3754 omnium,
2953 3700 3129 3745 creata
3157 3692 3222 3744 sit
3256 3691 3325 3744 ad
3364 3693 3499 3744 inta-

1915 3787 2087 3857 ginem
2135 3794 2181 3839 et
2229 3783 2625 3839 similitudinem
2663 3784 2764 3836 sui.
2822 3782 2924 3835 Aut
2971 3781 3249 3852 quomodo,
3293 3781 3496 3852 inquis,

1916 3895 2031 3932 eam
2059 3877 2236 3930 divina
2286 3874 2548 3940 voluntas,
2594 3891 2799 3928 summa
2855 3873 3088 3928 videlicet
3149 3874 3497 3928 universitatis

1918 3971 2073 4032 ratio,
2125 3984 2241 4038 quw
2268 3966 2414 4020 nulla
2453 3967 2758 4021 necessitate
2788 3966 3085 4036 stringitur,
3116 3966 3362 4036 quoniam
3403 3981 3500 4018 sua

1917 4059 2184 4113 liberrima
2256 4059 2488 4127 potentia
2552 4058 2770 4128 potitur,
2815 4059 3093 4128 imaginem
3151 4059 3234 4112 sui
3276 4057 3498 4112 similem

1918 4155 2132 4224 faceret,
2180 4153 2225 4207 si
2271 4170 2375 4207 non
2406 4153 2520 4223 ejus
2558 4152 2906 4207 substantiam
2942 4162 3160 4218 crearet,
3185 4151 3498 4208 uoluntatem

1921 4247 2140 4302 liberam
2171 4246 2498 4302 rationalem.

2533 4353 2855 4394 CORDECTIO.

1986 4431 2026 4501 1-
2064 4431 2120 4486 In
2148 4447 2256 4501 quo
2282 4432 2424 4502 quod
2450 4431 2589 4487 dicis
2619 4430 2974 4486 substantiam
3006 4430 3258 4502 imaginis
3287 4430 3404 4491 Dei.
3446 4430 3499 4486 id

1914 4530 2000 4577 est
2055 4523 2290 4578 hominis
2335 4522 2693 4588 voluntatem,
2729 4521 2956 4578 liberam
2995 4522 3316 4576 rationalem
3355 4537 3498 4586 esse,

227 4588 340 4627 non
377 4575 594 4628 recedat
619 4575 687 4629 ab
723 4590 806 4630 eo.
841 4575 992 4677 lianc
1022 4578 1268 4685 gratiam.
1291 4581 1486 4683 posuit.
1515 4582 1568 4637 in
1613 4583 1720 4685 illo:
1756 4584 1809 4639 ίη
1838 4612 1892 4672 D
1916 4575 2288 4684 novumquid
2319 4625 2482 4685 atque
2534 4575 2767 4670 antehac
2809 4614 3109 4670 inauditum
3143 4616 3366 4669 auribus
3395 4629 3496 4667 no-

228 4677 339 4733 quo
358 4671 560 4718 sortem
591 4667 862 4720 consecuti
890 4682 1096 4732 sumus,
1123 4670 1488 4738 przedestinati
1518 4675 1812 4731 secundum

228 4757 567 4827 propositum
599 4757 716 4828 ejus
735 4759 822 4828 qui
859 4759 1107 4814 universa
1135 4762 1436 4835 operatum]

301 4846 344 4916 1-
367 4845 520 4912 Quod
551 4855 701 4902 tanto
725 4848 967 4918 apertius
994 4858 1196 4920 quanto
1225 4851 1440 4908 brevius
1463 4853 1602 4910 idem
1626 4856 1816 4914 beatus

227 4940 567 5012 Augustinus
610 4942 664 4998 in
694 4942 832 4998 libro
872 4943 1221 5013 Enchiridion
1264 4947 1403 5017 (cap.
1453 4948 1544 5022 30)
1583 4952 1814 5008 manife-

228 5043 361 5100 stat,
393 5035 484 5090 ubi
515 5035 631 5090 ait:
661 5033 896 5106 [Libero
924 5037 1149 5092 arbitrio
1177 5038 1316 5094 male
1354 5047 1512 5096 utens
1544 5043 1726 5112 homo,
1759 5051 1814 5100 et

229 5141 292 5181 se
321 5125 559 5196 perdidit
597 5133 652 5180 et
673 5126 868 5197 ipsum.
893 5125 914 5198 ]
939 5127 980 5198 1-
1019 5126 1114 5184 llis
1147 5127 1402 5186 brevibus
1439 5140 1496 5186 et
1529 5135 1812 5191 veracibus

227 5228 396 5288 atque
438 5217 683 5273 fidelibus
709 5219 890 5274 verbis
934 5220 1124 5275 beatus
1147 5220 1484 5293 Augustinus
1529 5223 1812 5280 inﬁrmita-

229 5317 345 5364 tem
373 5309 529 5364 liberi
558 5309 766 5365 arbitrii
790 5320 1035 5380 patenter
1065 5313 1297 5370 innotuit
1339 5312 1454 5388 [pro
1491 5324 1675 5372 notam
1715 5333 1812 5373 ex-

228 5398 432 5472 hibuit]
464 5399 695 5456 dicendo
724 5403 868 5472 quod
903 5403 1064 5458 homo
1091 5403 1232 5460 male
1264 5413 1422 5461 utens
1456 5405 1627 5463 libero
1665 5408 1811 5464 arbi-

228 5491 360 5556 trio,
377 5499 430 5546 et
459 5506 517 5547 se
540 5493 773 5563 perdidit
789 5501 844 5548 et
868 5493 1066 5564 ipsum,
1083 5496 1136 5550 id
1158 5505 1240 5552 est
1253 5497 1479 5553 liberum
1502 5501 1806 5558 arbitrium.

229 5581 515 5650 Quomodo
536 5593 716 5640 autem
742 5569 882 5641 idem
914 5585 1143 5642 liberum
1189 5589 1472 5646 arbitrium
1517 5595 1816 5663 perdiderit

229 5676 515 5746 praemissa
557 5676 858 5732 declarant.
888 5677 1132 5733 Perdidit
1176 5680 1318 5735 enim
1360 5697 1438 5748 se,
1477 5687 1600 5754 quia
1653 5690 1813 5744 morti

229 5757 755 5836 subjecit;perdidit
792 5767 1020 5823 liberum
1049 5770 1354 5839 arbitrium,
1399 5776 1524 5844 quia
1570 5793 1628 5833 se
1671 5781 1814 5836 hosti

230 5858 494 5916 vendidit.
526 5859 785 5930 Perdidit,
815 5861 1056 5934 inquam,
1086 5864 1180 5922 sed
1204 5865 1272 5922 ad
1293 5865 1494 5928 bonum
1516 5870 1599 5929 vel
1627 5873 1814 5930 volen-

1921 4704 2050 4759 stris
2085 4704 2348 4769 insonuit,
2377 4719 2498 4758 cum
2523 4705 2854 4760 voluntatem
2879 4706 3114 4760 hominis
3143 4704 3499 4759 substantiam

1919 4793 2036 4863 ejus
2071 4807 2373 4860 asseveras,
2427 4795 2679 4866 quodque
2716 4795 2992 4864 profusius
3039 4795 3276 4866 explicas
3305 4793 3498 4864 adjun-

1919 4887 2113 4958 gendo.

1927 4989 1930 4992 ~
2465 4973 2695 5014 JOANNES
2731 4975 2948 5017 SCOTUS.

1992 5050 2146 5123 (Cap.
2171 5051 2228 5118 4,
2259 5068 2407 5108 num.
2441 5053 2496 5119 5,
2525 5063 2660 5110 sect.
2688 5056 2767 5127 6.)
2806 5065 2850 5112 Θ
2886 5055 3022 5122 Hoc,
3047 5055 3316 5125 inquiens,
3345 5072 3499 5126 aper-

1919 5143 2120 5198 tissime
2153 5144 2406 5215 probatur
2462 5155 2788 5216 argumento,
2828 5147 2964 5218 quod
3014 5147 3240 5200 sumitur
3275 5164 3341 5202 ex
3388 5150 3503 5218 pri-

1922 5235 1996 5288 mi
2059 5236 2285 5291 hominis
2341 5249 2552 5308 peccato
2595 5254 2612 5294 :
2654 5238 2888 5308 quamvis
2928 5238 3088 5302 enim,
3137 5237 3238 5304 ais,
3297 5238 3502 5293 beatam

1920 5329 2079 5382 vitam
2134 5331 2399 5400 peccando
2464 5331 2723 5403 perdidit,
2777 5331 3125 5386 substantiam
3188 5349 3339 5387 suam
3398 5347 3502 5387 non

1920 5418 2116 5472 amisit.

1990 5509 2030 5579 1-
2097 5509 2165 5565 Ει
2221 5527 2470 5582 quaenam
2526 5519 2669 5568 esset
2721 5512 2836 5583 ipsa
2895 5512 3230 5581 substantia,
3281 5513 3504 5584 subjun-

1921 5599 2004 5670 gis
2031 5617 2043 5654 :

1993 5693 2174 5763 (Num.
2202 5694 2279 5764 6.)
2317 5705 2359 5751 Θ
2398 5695 2528 5760 Qua:
2572 5705 2668 5761 est,
2703 5695 2970 5766 inquiens,
2996 5713 3130 5764 esse,
3176 5697 3302 5752 velle
3347 5697 3499 5752 scire.

1923 5784 2017 5838 Est
2070 5787 2205 5840 enim
2241 5797 2289 5839 et
2326 5787 2430 5840 vult
2476 5798 2523 5842 et
2550 5790 2689 5843 scit:
2735 5787 2842 5844 vult
2871 5805 2926 5844 se
2951 5805 3062 5844 esse
3103 5797 3152 5845 et
3192 5789 3325 5844 scire
3365 5787 3505 5843 :scit

1924 5893 1978 5933 se
2030 5893 2139 5932 esse
2171 5886 2218 5931 et
2254 5878 2398 5934 velle.
