  <div class='ocr_page' id='page_1' title='image "/cluster/home/n/w/nwhite01/storage/ocr_20150623/115/hvd.32044015466873/529.png"; bbox 0 0 4064 6346; ppageno 0'>
   <div class='ocr_carea' id='block_1_1' title="bbox 653 379 786 448">
    <p class='ocr_par' dir='ltr' id='par_1_1' title="bbox 653 379 786 448">
     <span class='ocr_line' id='line_1_1' title="bbox 653 379 786 448; baseline 0 -10"><span class='ocrx_word' id='word_1_1' title='bbox 653 379 786 448; x_wconf 69' lang='grc'><strong>1051</strong></span> 
     </span>
    </p>
   </div>
   <div class='ocr_carea' id='block_1_2' title="bbox 1277 503 1592 548">
    <p class='ocr_par' dir='ltr' id='par_1_2' title="bbox 1277 503 1592 548">
     <span class='ocr_line' id='line_1_2' title="bbox 1277 503 1592 548; baseline -0.016 -1"><span class='ocrx_word' id='word_1_2' title='bbox 1277 503 1592 548; x_wconf 71' lang='lat' dir='ltr'><strong>CORBECTIO.</strong></span> 
     </span>
    </p>
   </div>
   <div class='ocr_carea' id='block_1_3' title="bbox 723 600 2238 676">
    <p class='ocr_par' dir='ltr' id='par_1_3' title="bbox 723 600 2238 676">
     <span class='ocr_line' id='line_1_3' title="bbox 723 600 2238 676; baseline -0.005 -15"><span class='ocrx_word' id='word_1_3' title='bbox 723 605 938 676; x_wconf 66' lang='lat' dir='ltr'><strong>1-Ecce</strong></span> <span class='ocrx_word' id='word_1_4' title='bbox 1003 603 1332 658; x_wconf 72' lang='lat' dir='ltr'><strong>voluntatem</strong></span> <span class='ocrx_word' id='word_1_5' title='bbox 1399 611 1562 670; x_wconf 88' lang='lat' dir='ltr'><strong>atque</strong></span> <span class='ocrx_word' id='word_1_6' title='bbox 1637 601 1922 656; x_wconf 73' lang='lat' dir='ltr'><strong>scientiam</strong></span> <span class='ocrx_word' id='word_1_7' title='bbox 2003 600 2238 656; x_wconf 82' lang='lat' dir='ltr'><strong>hominis</strong></span> 
     </span>
    </p>
   </div>
   <div class='ocr_carea' id='block_1_4' title="bbox 653 691 2239 767">
    <p class='ocr_par' dir='ltr' id='par_1_4' title="bbox 653 691 2239 767">
     <span class='ocr_line' id='line_1_4' title="bbox 653 691 2239 767; baseline -0.006 -13"><span class='ocrx_word' id='word_1_8' title='bbox 653 699 856 764; x_wconf 82' lang='lat' dir='ltr'><strong>astrais</strong></span> <span class='ocrx_word' id='word_1_9' title='bbox 881 697 996 767; x_wconf 81' lang='lat' dir='ltr'><strong>ejus</strong></span> <span class='ocrx_word' id='word_1_10' title='bbox 1019 713 1136 752; x_wconf 88' lang='lat' dir='ltr'><strong>esse</strong></span> <span class='ocrx_word' id='word_1_11' title='bbox 1167 695 1484 758; x_wconf 79' lang='lat' dir='ltr'><strong>essentiam,</strong></span> <span class='ocrx_word' id='word_1_12' title='bbox 1513 695 1654 764; x_wconf 85' lang='lat' dir='ltr'><strong>quod</strong></span> <span class='ocrx_word' id='word_1_13' title='bbox 1685 709 1808 749; x_wconf 89' lang='lat' dir='ltr'><strong>cum</strong></span> <span class='ocrx_word' id='word_1_14' title='bbox 1839 695 1944 748; x_wconf 87' lang='lat' dir='ltr'><strong>tuis</strong></span> <span class='ocrx_word' id='word_1_15' title='bbox 1979 691 2239 748; x_wconf 88' lang='lat' dir='ltr'><strong>adiuven-</strong></span> 
     </span>
    </p>
   </div>
   <div class='ocr_carea' id='block_1_5' title="bbox 657 788 2240 860">
    <p class='ocr_par' dir='ltr' id='par_1_5' title="bbox 657 788 2240 860">
     <span class='ocr_line' id='line_1_5' title="bbox 657 788 2240 860; baseline -0.004 -12"><span class='ocrx_word' id='word_1_16' title='bbox 657 793 892 848; x_wconf 87' lang='lat' dir='ltr'><strong>tionibns</strong></span> <span class='ocrx_word' id='word_1_17' title='bbox 937 802 1096 860; x_wconf 83' lang='lat' dir='ltr'><strong>atque</strong></span> <span class='ocrx_word' id='word_1_18' title='bbox 1133 789 1696 860; x_wconf 79' lang='lat' dir='ltr'><strong>argumentationibus</strong></span> <span class='ocrx_word' id='word_1_19' title='bbox 1733 797 1970 852; x_wconf 80' lang='lat' dir='ltr'><strong>astruas,</strong></span> <span class='ocrx_word' id='word_1_20' title='bbox 2007 788 2240 842; x_wconf 82' lang='lat' dir='ltr'><strong>auctori-</strong></span> 
     </span>
    </p>
   </div>
   <div class='ocr_carea' id='block_1_6' title="bbox 655 879 2239 952">
    <p class='ocr_par' dir='ltr' id='par_1_6' title="bbox 655 879 2239 952">
     <span class='ocr_line' id='line_1_6' title="bbox 655 879 2239 952; baseline -0.003 -14"><span class='ocrx_word' id='word_1_21' title='bbox 655 893 766 938; x_wconf 72' lang='lat' dir='ltr'><strong>tate</strong></span> <span class='ocrx_word' id='word_1_22' title='bbox 807 899 910 938; x_wconf 89' lang='lat' dir='ltr'><strong>non</strong></span> <span class='ocrx_word' id='word_1_23' title='bbox 951 883 1126 938; x_wconf 77' lang='lat' dir='ltr'><strong>[tinnis</strong></span> <span class='ocrx_word' id='word_1_24' title='bbox 1157 899 1168 934; x_wconf 94' lang='lat'><strong>:</strong></span> <span class='ocrx_word' id='word_1_25' title='bbox 1197 881 1320 952; x_wconf 89' lang='lat' dir='ltr'><strong>quis</strong></span> <span class='ocrx_word' id='word_1_26' title='bbox 1347 881 1492 936; x_wconf 86' lang='lat' dir='ltr'><strong>enim</strong></span> <span class='ocrx_word' id='word_1_27' title='bbox 1525 881 1732 936; x_wconf 88' lang='lat' dir='ltr'><strong>nesciat</strong></span> <span class='ocrx_word' id='word_1_28' title='bbox 1769 879 2082 934; x_wconf 81' lang='lat' dir='ltr'><strong>rationalem</strong></span> <span class='ocrx_word' id='word_1_29' title='bbox 2123 879 2239 934; x_wconf 86' lang='lat' dir='ltr'><strong>ani-</strong></span> 
     </span>
    </p>
   </div>
   <div class='ocr_carea' id='block_1_7' title="bbox 655 970 2242 1042">
    <p class='ocr_par' dir='ltr' id='par_1_7' title="bbox 655 970 2242 1042">
     <span class='ocr_line' id='line_1_7' title="bbox 655 970 2242 1042; baseline -0.003 -14"><span class='ocrx_word' id='word_1_30' title='bbox 655 991 796 1028; x_wconf 83' lang='lat' dir='ltr'><strong>mam</strong></span> <span class='ocrx_word' id='word_1_31' title='bbox 827 989 964 1036; x_wconf 87' lang='lat' dir='ltr'><strong>esse,</strong></span> <span class='ocrx_word' id='word_1_32' title='bbox 995 973 1150 1042; x_wconf 81' lang='lat' dir='ltr'><strong>eique</strong></span> <span class='ocrx_word' id='word_1_33' title='bbox 1183 973 1358 1028; x_wconf 87' lang='lat' dir='ltr'><strong>inesse</strong></span> <span class='ocrx_word' id='word_1_34' title='bbox 1399 972 1534 1026; x_wconf 89' lang='lat' dir='ltr'><strong>velle</strong></span> <span class='ocrx_word' id='word_1_35' title='bbox 1559 981 1614 1026; x_wconf 90' lang='lat' dir='ltr'><strong>et</strong></span> <span class='ocrx_word' id='word_1_36' title='bbox 1643 973 1816 1028; x_wconf 88' lang='lat' dir='ltr'><strong>scire?</strong></span> <span class='ocrx_word' id='word_1_37' title='bbox 1845 970 1952 1026; x_wconf 86' lang='lat' dir='ltr'><strong>Sed</strong></span> <span class='ocrx_word' id='word_1_38' title='bbox 1994 985 2116 1026; x_wconf 82' lang='lat' dir='ltr'><strong>esse</strong></span> <span class='ocrx_word' id='word_1_39' title='bbox 2155 979 2242 1026; x_wconf 89' lang='lat' dir='ltr'><strong>est</strong></span> 
     </span>
    </p>
   </div>
   <div class='ocr_carea' id='block_1_8' title="bbox 654 1065 2238 1136">
    <p class='ocr_par' dir='ltr' id='par_1_8' title="bbox 654 1065 2238 1136">
     <span class='ocr_line' id='line_1_8' title="bbox 654 1065 2238 1136; baseline 0.001 -18"><span class='ocrx_word' id='word_1_40' title='bbox 654 1065 768 1132; x_wconf 80' lang='lat' dir='ltr'><strong>ejus</strong></span> <span class='ocrx_word' id='word_1_41' title='bbox 817 1073 1008 1120; x_wconf 84' lang='lat' dir='ltr'><strong>natura</strong></span> <span class='ocrx_word' id='word_1_42' title='bbox 1055 1073 1218 1136; x_wconf 89' lang='lat' dir='ltr'><strong>atque</strong></span> <span class='ocrx_word' id='word_1_43' title='bbox 1273 1065 1608 1132; x_wconf 74' lang='lat' dir='ltr'><strong>substantia;</strong></span> <span class='ocrx_word' id='word_1_44' title='bbox 1641 1065 1800 1130; x_wconf 91' lang='lat' dir='ltr'><strong>velle,</strong></span> <span class='ocrx_word' id='word_1_45' title='bbox 1841 1073 1896 1120; x_wconf 89' lang='lat' dir='ltr'><strong>et</strong></span> <span class='ocrx_word' id='word_1_46' title='bbox 1939 1067 2082 1120; x_wconf 91' lang='lat' dir='ltr'><strong>scire</strong></span> <span class='ocrx_word' id='word_1_47' title='bbox 2131 1081 2238 1120; x_wconf 90' lang='lat' dir='ltr'><strong>non</strong></span> 
     </span>
    </p>
   </div>
   <div class='ocr_carea' id='block_1_9' title="bbox 653 1153 2238 1224">
    <p class='ocr_par' dir='ltr' id='par_1_9' title="bbox 653 1153 2238 1224">
     <span class='ocr_line' id='line_1_9' title="bbox 653 1153 2238 1224; baseline 0 -14"><span class='ocrx_word' id='word_1_48' title='bbox 653 1163 778 1210; x_wconf 88' lang='lat' dir='ltr'><strong>sunt</strong></span> <span class='ocrx_word' id='word_1_49' title='bbox 819 1153 936 1224; x_wconf 83' lang='lat' dir='ltr'><strong>ejus</strong></span> <span class='ocrx_word' id='word_1_50' title='bbox 981 1157 1282 1212; x_wconf 81' lang='lat' dir='ltr'><strong>substantia</strong></span> <span class='ocrx_word' id='word_1_51' title='bbox 1325 1165 1484 1224; x_wconf 87' lang='lat' dir='ltr'><strong>atque</strong></span> <span class='ocrx_word' id='word_1_52' title='bbox 1531 1165 1746 1220; x_wconf 89' lang='lat' dir='ltr'><strong>natura,</strong></span> <span class='ocrx_word' id='word_1_53' title='bbox 1781 1157 2238 1212; x_wconf 84' lang='lat' dir='ltr'><strong>sed‘ornamenta</strong></span> 
     </span>
    </p>
   </div>
   <div class='ocr_carea' id='block_1_10' title="bbox 657 1246 2238 1310">
    <p class='ocr_par' dir='ltr' id='par_1_10' title="bbox 657 1246 2238 1310">
     <span class='ocr_line' id='line_1_10' title="bbox 657 1246 2238 1310; baseline 0.001 -10"><span class='ocrx_word' id='word_1_54' title='bbox 657 1246 990 1310; x_wconf 72' lang='lat' dir='ltr'><strong>substantiae,</strong></span> <span class='ocrx_word' id='word_1_55' title='bbox 1015 1247 1158 1302; x_wconf 90' lang='lat' dir='ltr'><strong>dono</strong></span> <span class='ocrx_word' id='word_1_56' title='bbox 1183 1246 1492 1304; x_wconf 88' lang='lat' dir='ltr'><strong>Conditoris</strong></span> <span class='ocrx_word' id='word_1_57' title='bbox 1521 1249 1796 1302; x_wconf 88' lang='lat' dir='ltr'><strong>attributa.</strong></span> <span class='ocrx_word' id='word_1_58' title='bbox 1829 1247 1898 1303; x_wconf 84' lang='lat' dir='ltr'><strong>Ut</strong></span> <span class='ocrx_word' id='word_1_59' title='bbox 1925 1259 2072 1302; x_wconf 83' lang='lat' dir='ltr'><strong>esset</strong></span> <span class='ocrx_word' id='word_1_60' title='bbox 2093 1249 2238 1303; x_wconf 89' lang='lat' dir='ltr'><strong>enim</strong></span> 
     </span>
    </p>
   </div>
   <div class='ocr_carea' id='block_1_11' title="bbox 547 1333 2240 1419">
    <p class='ocr_par' dir='ltr' id='par_1_11' title="bbox 547 1333 2240 1419">
     <span class='ocr_line' id='line_1_11' title="bbox 547 1333 2240 1419; baseline 0 -27"><span class='ocrx_word' id='word_1_61' title='bbox 547 1405 560 1419; x_wconf 42' lang='grc' dir='ltr'><strong><em>ο</em></strong></span> <span class='ocrx_word' id='word_1_62' title='bbox 651 1333 876 1392; x_wconf 81' lang='lat' dir='ltr'><strong>Creator</strong></span> <span class='ocrx_word' id='word_1_63' title='bbox 915 1335 1160 1392; x_wconf 87' lang='lat' dir='ltr'><strong>faciendo</strong></span> <span class='ocrx_word' id='word_1_64' title='bbox 1189 1337 1432 1400; x_wconf 84' lang='lat' dir='ltr'><strong>ccutulit,</strong></span> <span class='ocrx_word' id='word_1_65' title='bbox 1467 1345 1524 1392; x_wconf 84' lang='lat' dir='ltr'><strong>ut</strong></span> <span class='ocrx_word' id='word_1_66' title='bbox 1551 1337 1710 1392; x_wconf 88' lang='lat' dir='ltr'><strong>vellet</strong></span> <span class='ocrx_word' id='word_1_67' title='bbox 1735 1347 1788 1392; x_wconf 88' lang='lat' dir='ltr'><strong>et</strong></span> <span class='ocrx_word' id='word_1_68' title='bbox 1837 1339 2018 1400; x_wconf 78' lang='lat' dir='ltr'><strong>sciret,</strong></span> <span class='ocrx_word' id='word_1_69' title='bbox 2047 1337 2240 1392; x_wconf 86' lang='lat' dir='ltr'><strong>libera-</strong></span> 
     </span>
    </p>
   </div>
   <div class='ocr_carea' id='block_1_12' title="bbox 651 1424 2240 1498">
    <p class='ocr_par' dir='ltr' id='par_1_12' title="bbox 651 1424 2240 1498">
     <span class='ocr_line' id='line_1_12' title="bbox 651 1424 2240 1498; baseline 0.004 -20"><span class='ocrx_word' id='word_1_70' title='bbox 651 1424 777 1480; x_wconf 85' lang='lat' dir='ltr'><strong>liter</strong></span> <span class='ocrx_word' id='word_1_71' title='bbox 803 1425 1006 1480; x_wconf 82' lang='lat' dir='ltr'><strong>tribuit.</strong></span> <span class='ocrx_word' id='word_1_72' title='bbox 1031 1427 1282 1480; x_wconf 83' lang='lat' dir='ltr'><strong>Animam</strong></span> <span class='ocrx_word' id='word_1_73' title='bbox 1309 1427 1450 1482; x_wconf 89' lang='lat' dir='ltr'><strong>enim</strong></span> <span class='ocrx_word' id='word_1_74' title='bbox 1473 1427 1710 1484; x_wconf 86' lang='lat' dir='ltr'><strong>hominis</strong></span> <span class='ocrx_word' id='word_1_75' title='bbox 1741 1429 1808 1484; x_wconf 90' lang='lat' dir='ltr'><strong>ad</strong></span> <span class='ocrx_word' id='word_1_76' title='bbox 1833 1429 2122 1498; x_wconf 80' lang='lat' dir='ltr'><strong>imaginem</strong></span> <span class='ocrx_word' id='word_1_77' title='bbox 2155 1429 2240 1484; x_wconf 87' lang='lat' dir='ltr'><strong>sui</strong></span> 
     </span>
    </p>
   </div>
   <div class='ocr_carea' id='block_1_13' title="bbox 653 1511 2242 1584">
    <p class='ocr_par' dir='ltr' id='par_1_13' title="bbox 653 1511 2242 1584">
     <span class='ocr_line' id='line_1_13' title="bbox 653 1511 2242 1584; baseline 0.001 -12"><span class='ocrx_word' id='word_1_78' title='bbox 653 1517 950 1572; x_wconf 81' lang='lat' dir='ltr'><strong>conditoris</strong></span> <span class='ocrx_word' id='word_1_79' title='bbox 975 1535 1080 1572; x_wconf 88' lang='lat' dir='ltr'><strong>non</strong></span> <span class='ocrx_word' id='word_1_80' title='bbox 1109 1519 1162 1572; x_wconf 91' lang='lat' dir='ltr'><strong>in</strong></span> <span class='ocrx_word' id='word_1_81' title='bbox 1195 1519 1326 1574; x_wconf 92' lang='lat' dir='ltr'><strong>velle</strong></span> <span class='ocrx_word' id='word_1_82' title='bbox 1352 1529 1406 1574; x_wconf 88' lang='lat' dir='ltr'><strong>ct</strong></span> <span class='ocrx_word' id='word_1_83' title='bbox 1429 1521 1592 1584; x_wconf 85' lang='lat' dir='ltr'><strong>scire,</strong></span> <span class='ocrx_word' id='word_1_84' title='bbox 1617 1521 1710 1574; x_wconf 81' lang='lat' dir='ltr'><strong>sed</strong></span> <span class='ocrx_word' id='word_1_85' title='bbox 1735 1519 1786 1574; x_wconf 88' lang='lat' dir='ltr'><strong>in</strong></span> <span class='ocrx_word' id='word_1_86' title='bbox 1821 1511 2068 1574; x_wconf 78' lang='lat' dir='ltr'><strong>rationali</strong></span> <span class='ocrx_word' id='word_1_87' title='bbox 2099 1535 2242 1574; x_wconf 83' lang='lat' dir='ltr'><strong>Ineu-</strong></span> 
     </span>
    </p>
   </div>
   <div class='ocr_carea' id='block_1_14' title="bbox 655 1607 2240 1683">
    <p class='ocr_par' dir='ltr' id='par_1_14' title="bbox 655 1607 2240 1683">
     <span class='ocr_line' id='line_1_14' title="bbox 655 1607 2240 1683; baseline 0.003 -21"><span class='ocrx_word' id='word_1_88' title='bbox 655 1609 724 1662; x_wconf 90' lang='lat' dir='ltr'><strong>tis</strong></span> <span class='ocrx_word' id='word_1_89' title='bbox 757 1607 954 1664; x_wconf 85' lang='lat' dir='ltr'><strong>factam</strong></span> <span class='ocrx_word' id='word_1_90' title='bbox 1001 1615 1324 1666; x_wconf 76' lang='lat' dir='ltr'><strong>auctoritate</strong></span> <span class='ocrx_word' id='word_1_91' title='bbox 1361 1613 1685 1668; x_wconf 86' lang='lat' dir='ltr'><strong>solidissima</strong></span> <span class='ocrx_word' id='word_1_92' title='bbox 1719 1613 2120 1683; x_wconf 81' lang='lat' dir='ltr'><strong>con&#39;tprobatur,</strong></span> <span class='ocrx_word' id='word_1_93' title='bbox 2155 1611 2240 1666; x_wconf 91' lang='lat' dir='ltr'><strong>di-</strong></span> 
     </span>
    </p>
   </div>
   <div class='ocr_carea' id='block_1_15' title="bbox 651 1701 2240 1776">
    <p class='ocr_par' dir='ltr' id='par_1_15' title="bbox 651 1701 2240 1776">
     <span class='ocr_line' id='line_1_15' title="bbox 651 1701 2240 1776; baseline 0.001 -20"><span class='ocrx_word' id='word_1_94' title='bbox 651 1711 808 1756; x_wconf 90' lang='lat' dir='ltr'><strong>cente</strong></span> <span class='ocrx_word' id='word_1_95' title='bbox 837 1701 1094 1772; x_wconf 83' lang='lat' dir='ltr'><strong>Apostolo</strong></span> <span class='ocrx_word' id='word_1_96' title='bbox 1127 1721 1139 1757; x_wconf 92' lang='lat'>:</span> <span class='ocrx_word' id='word_1_97' title='bbox 1171 1703 1510 1760; x_wconf 78' lang='lat' dir='ltr'><strong>Renovamini</strong></span> <span class='ocrx_word' id='word_1_98' title='bbox 1551 1707 1794 1776; x_wconf 73' lang='lat' dir='ltr'><strong>spiritum</strong></span> <span class='ocrx_word' id='word_1_99' title='bbox 1829 1706 2014 1760; x_wconf 74' lang='lat' dir='ltr'><strong>utentis</strong></span> <span class='ocrx_word' id='word_1_100' title='bbox 2059 1713 2240 1758; x_wconf 67' lang='lat' dir='ltr'><strong>vestrae</strong></span> 
     </span>
    </p>
   </div>
   <div class='ocr_carea' id='block_1_16' title="bbox 649 1795 2238 1868">
    <p class='ocr_par' dir='ltr' id='par_1_16' title="bbox 649 1795 2238 1868">
     <span class='ocr_line' id='line_1_16' title="bbox 649 1795 2238 1868; baseline 0 -20"><span class='ocrx_word' id='word_1_101' title='bbox 649 1803 698 1848; x_wconf 86' lang='lat' dir='ltr'><strong>et</strong></span> <span class='ocrx_word' id='word_1_102' title='bbox 727 1795 922 1850; x_wconf 77' lang='lat' dir='ltr'><strong>induite</strong></span> <span class='ocrx_word' id='word_1_103' title='bbox 951 1813 1142 1850; x_wconf 83' lang='lat' dir='ltr'><strong>novum</strong></span> <span class='ocrx_word' id='word_1_104' title='bbox 1163 1797 1450 1860; x_wconf 83' lang='lat' dir='ltr'><strong>hominem,</strong></span> <span class='ocrx_word' id='word_1_105' title='bbox 1469 1798 1556 1868; x_wconf 84' lang='lat' dir='ltr'><strong>qui</strong></span> <span class='ocrx_word' id='word_1_106' title='bbox 1579 1797 1866 1852; x_wconf 80' lang='lat' dir='ltr'><strong>secundum</strong></span> <span class='ocrx_word' id='word_1_107' title='bbox 1887 1797 2056 1850; x_wconf 81' lang='lat' dir='ltr'><strong>Deum</strong></span> <span class='ocrx_word' id='word_1_108' title='bbox 2089 1813 2238 1850; x_wconf 86' lang='lat' dir='ltr'><strong>crea-</strong></span> 
     </span>
    </p>
   </div>
   <div class='ocr_carea' id='block_1_17' title="bbox 649 1887 2236 1956">
    <p class='ocr_par' dir='ltr' id='par_1_17' title="bbox 649 1887 2236 1956">
     <span class='ocr_line' id='line_1_17' title="bbox 649 1887 2236 1956; baseline 0.004 -20"><span class='ocrx_word' id='word_1_109' title='bbox 649 1895 734 1938; x_wconf 82' lang='lat' dir='ltr'><strong>tus</strong></span> <span class='ocrx_word' id='word_1_110' title='bbox 771 1894 846 1940; x_wconf 80' lang='lat' dir='ltr'><strong>est</strong></span> <span class='ocrx_word' id='word_1_111' title='bbox 883 1887 936 1940; x_wconf 85' lang='lat' dir='ltr'><strong>in</strong></span> <span class='ocrx_word' id='word_1_112' title='bbox 963 1887 1174 1956; x_wconf 81' lang='lat' dir='ltr'><strong>justitia</strong></span> <span class='ocrx_word' id='word_1_113' title='bbox 1219 1899 1268 1942; x_wconf 81' lang='lat' dir='ltr'><strong>et</strong></span> <span class='ocrx_word' id='word_1_114' title='bbox 1309 1889 1604 1944; x_wconf 58' lang='lat' dir='ltr'><strong>sanctitate”</strong></span> <span class='ocrx_word' id='word_1_115' title='bbox 1627 1889 1860 1944; x_wconf 76' lang='lat' dir='ltr'><strong>veritatis</strong></span> <span class='ocrx_word' id='word_1_116' title='bbox 1901 1887 2116 1956; x_wconf 78' lang='lat' dir='ltr'><strong>(Epltes.</strong></span> <span class='ocrx_word' id='word_1_117' title='bbox 2161 1905 2236 1954; x_wconf 79' lang='lat' dir='ltr'><strong>tv,</strong></span> 
     </span>
    </p>
   </div>
   <div class='ocr_carea' id='block_1_18' title="bbox 649 1969 2238 2045">
    <p class='ocr_par' dir='ltr' id='par_1_18' title="bbox 649 1969 2238 2045">
     <span class='ocr_line' id='line_1_18' title="bbox 649 1969 2238 2045; baseline 0.005 -23"><span class='ocrx_word' id='word_1_118' title='bbox 649 1969 764 2038; x_wconf 72' lang='lat'><strong>25);</strong></span> <span class='ocrx_word' id='word_1_119' title='bbox 797 1971 992 2040; x_wconf 85' lang='lat' dir='ltr'><strong>quibus</strong></span> <span class='ocrx_word' id='word_1_120' title='bbox 1023 1973 1200 2028; x_wconf 87' lang='lat' dir='ltr'><strong>verbis</strong></span> <span class='ocrx_word' id='word_1_121' title='bbox 1237 1975 1526 2044; x_wconf 84' lang='lat' dir='ltr'><strong>Apostolus</strong></span> <span class='ocrx_word' id='word_1_122' title='bbox 1567 1973 1858 2044; x_wconf 79' lang='lat' dir='ltr'><strong>imaginem</strong></span> <span class='ocrx_word' id='word_1_123' title='bbox 1895 1975 1988 2030; x_wconf 87' lang='lat' dir='ltr'><strong>Dei</strong></span> <span class='ocrx_word' id='word_1_124' title='bbox 2029 1975 2082 2028; x_wconf 90' lang='lat' dir='ltr'><strong>in</strong></span> <span class='ocrx_word' id='word_1_125' title='bbox 2125 1975 2238 2045; x_wconf 87' lang='lat' dir='ltr'><strong>spi-</strong></span> 
     </span>
    </p>
   </div>
   <div class='ocr_carea' id='block_1_19' title="bbox 653 2063 2242 2133">
    <p class='ocr_par' dir='ltr' id='par_1_19' title="bbox 653 2063 2242 2133">
     <span class='ocr_line' id='line_1_19' title="bbox 653 2063 2242 2133; baseline 0.005 -17"><span class='ocrx_word' id='word_1_126' title='bbox 653 2063 758 2116; x_wconf 88' lang='lat' dir='ltr'><strong>ritu</strong></span> <span class='ocrx_word' id='word_1_127' title='bbox 803 2063 1000 2120; x_wconf 89' lang='lat' dir='ltr'><strong>mentis</strong></span> <span class='ocrx_word' id='word_1_128' title='bbox 1049 2079 1172 2122; x_wconf 89' lang='lat' dir='ltr'><strong>cum</strong></span> <span class='ocrx_word' id='word_1_129' title='bbox 1207 2063 1418 2133; x_wconf 70' lang='lat' dir='ltr'><strong>justitia</strong></span> <span class='ocrx_word' id='word_1_130' title='bbox 1471 2075 1526 2120; x_wconf 88' lang='lat' dir='ltr'><strong>et</strong></span> <span class='ocrx_word' id='word_1_131' title='bbox 1577 2067 1866 2122; x_wconf 83' lang='lat' dir='ltr'><strong>sanctitate</strong></span> <span class='ocrx_word' id='word_1_132' title='bbox 1903 2083 1967 2122; x_wconf 91' lang='lat' dir='ltr'><strong>ac</strong></span> <span class='ocrx_word' id='word_1_133' title='bbox 2011 2069 2242 2124; x_wconf 81' lang='lat' dir='ltr'><strong>veritate</strong></span> 
     </span>
    </p>
   </div>
   <div class='ocr_carea' id='block_1_20' title="bbox 653 2157 2240 2230">
    <p class='ocr_par' dir='ltr' id='par_1_20' title="bbox 653 2157 2240 2230">
     <span class='ocr_line' id='line_1_20' title="bbox 653 2157 2240 2230; baseline 0.005 -22"><span class='ocrx_word' id='word_1_134' title='bbox 653 2169 1006 2224; x_wconf 76' lang='lat' dir='ltr'><strong>nuncupatis,</strong></span> <span class='ocrx_word' id='word_1_135' title='bbox 1049 2171 1154 2212; x_wconf 89' lang='lat' dir='ltr'><strong>non</strong></span> <span class='ocrx_word' id='word_1_136' title='bbox 1207 2157 1540 2212; x_wconf 84' lang='lat' dir='ltr'><strong>voluntatem</strong></span> <span class='ocrx_word' id='word_1_137' title='bbox 1585 2169 1746 2230; x_wconf 87' lang='lat' dir='ltr'><strong>atque</strong></span> <span class='ocrx_word' id='word_1_138' title='bbox 1793 2160 2074 2214; x_wconf 82' lang='lat' dir='ltr'><strong>scientiam</strong></span> <span class='ocrx_word' id='word_1_139' title='bbox 2125 2159 2240 2228; x_wconf 83' lang='lat' dir='ltr'><strong>ejus</strong></span> 
     </span>
    </p>
   </div>
   <div class='ocr_carea' id='block_1_21' title="bbox 651 2245 2240 2322">
    <p class='ocr_par' dir='ltr' id='par_1_21' title="bbox 651 2245 2240 2322">
     <span class='ocr_line' id='line_1_21' title="bbox 651 2245 2240 2322; baseline 0.005 -24"><span class='ocrx_word' id='word_1_140' title='bbox 651 2245 1008 2300; x_wconf 85' lang='lat' dir='ltr'><strong>substantiam</strong></span> <span class='ocrx_word' id='word_1_141' title='bbox 1039 2247 1344 2318; x_wconf 76' lang='lat' dir='ltr'><strong>appellavit.</strong></span> <span class='ocrx_word' id='word_1_142' title='bbox 1383 2261 1408 2290; x_wconf 68' lang='grc' dir='ltr'>ιι</span> <span class='ocrx_word' id='word_1_143' title='bbox 1443 2249 1718 2322; x_wconf 86' lang='lat' dir='ltr'><strong>[Liberum</strong></span> <span class='ocrx_word' id='word_1_144' title='bbox 1763 2251 1906 2306; x_wconf 87' lang='lat' dir='ltr'><strong>enim</strong></span> <span class='ocrx_word' id='word_1_145' title='bbox 1953 2251 2240 2308; x_wconf 80' lang='lat' dir='ltr'><strong>arbitrium</strong></span> 
     </span>
    </p>
   </div>
   <div class='ocr_carea' id='block_1_22' title="bbox 653 2336 2240 2411">
    <p class='ocr_par' dir='ltr' id='par_1_22' title="bbox 653 2336 2240 2411">
     <span class='ocr_line' id='line_1_22' title="bbox 653 2336 2240 2411; baseline 0.004 -21"><span class='ocrx_word' id='word_1_146' title='bbox 653 2336 802 2406; x_wconf 87' lang='lat' dir='ltr'><strong>quid,</strong></span> <span class='ocrx_word' id='word_1_147' title='bbox 841 2337 944 2392; x_wconf 89' lang='lat' dir='ltr'><strong>nisi</strong></span> <span class='ocrx_word' id='word_1_148' title='bbox 971 2337 1138 2392; x_wconf 87' lang='lat' dir='ltr'><strong>libera</strong></span> <span class='ocrx_word' id='word_1_149' title='bbox 1170 2339 1336 2394; x_wconf 88' lang='lat' dir='ltr'><strong>animi</strong></span> <span class='ocrx_word' id='word_1_150' title='bbox 1367 2341 1648 2396; x_wconf 83' lang='lat' dir='ltr'><strong>voluntas?</strong></span> <span class='ocrx_word' id='word_1_151' title='bbox 1677 2340 1828 2408; x_wconf 85' lang='lat' dir='ltr'><strong>Quod</strong></span> <span class='ocrx_word' id='word_1_152' title='bbox 1855 2343 1948 2406; x_wconf 87' lang='lat' dir='ltr'><strong>ita,</strong></span> <span class='ocrx_word' id='word_1_153' title='bbox 1977 2351 2240 2411; x_wconf 87' lang='lat' dir='ltr'><strong>quantum</strong></span> 
     </span>
    </p>
   </div>
   <div class='ocr_carea' id='block_1_23' title="bbox 651 2428 2242 2501">
    <p class='ocr_par' dir='ltr' id='par_1_23' title="bbox 651 2428 2242 2501">
     <span class='ocr_line' id='line_1_23' title="bbox 651 2428 2242 2501; baseline 0.004 -19"><span class='ocrx_word' id='word_1_154' title='bbox 651 2428 922 2494; x_wconf 77' lang='lat' dir='ltr'><strong>existimo,</strong></span> <span class='ocrx_word' id='word_1_155' title='bbox 967 2439 1114 2486; x_wconf 88' lang='lat' dir='ltr'><strong>recte</strong></span> <span class='ocrx_word' id='word_1_156' title='bbox 1158 2429 1370 2486; x_wconf 84' lang='lat' dir='ltr'><strong>definiri</strong></span> <span class='ocrx_word' id='word_1_157' title='bbox 1411 2439 1626 2501; x_wconf 84' lang='lat' dir='ltr'><strong>potest:</strong></span> <span class='ocrx_word' id='word_1_158' title='bbox 1657 2431 1908 2488; x_wconf 86' lang='lat' dir='ltr'><strong>Liberum</strong></span> <span class='ocrx_word' id='word_1_159' title='bbox 1955 2433 2242 2488; x_wconf 87' lang='lat' dir='ltr'><strong>arbitrium</strong></span> 
     </span>
    </p>
   </div>
   <div class='ocr_carea' id='block_1_24' title="bbox 652 2519 2242 2592">
    <p class='ocr_par' dir='ltr' id='par_1_24' title="bbox 652 2519 2242 2592">
     <span class='ocr_line' id='line_1_24' title="bbox 652 2519 2242 2592; baseline 0.004 -18"><span class='ocrx_word' id='word_1_160' title='bbox 652 2519 900 2576; x_wconf 87' lang='lat' dir='ltr'><strong>voluntas</strong></span> <span class='ocrx_word' id='word_1_161' title='bbox 937 2521 1128 2580; x_wconf 89' lang='lat' dir='ltr'><strong>animi.</strong></span> <span class='ocrx_word' id='word_1_162' title='bbox 1161 2537 1282 2592; x_wconf 72' lang='lat' dir='ltr'><strong>qua:</strong></span> <span class='ocrx_word' id='word_1_163' title='bbox 1311 2523 1425 2578; x_wconf 86' lang='lat' dir='ltr'><strong>sive</strong></span> <span class='ocrx_word' id='word_1_164' title='bbox 1453 2525 1520 2578; x_wconf 88' lang='lat' dir='ltr'><strong>ad</strong></span> <span class='ocrx_word' id='word_1_165' title='bbox 1545 2525 1744 2580; x_wconf 87' lang='lat' dir='ltr'><strong>bomun</strong></span> <span class='ocrx_word' id='word_1_166' title='bbox 1775 2525 1890 2584; x_wconf 86' lang='lat' dir='ltr'><strong>sive</strong></span> <span class='ocrx_word' id='word_1_167' title='bbox 1929 2525 1998 2580; x_wconf 90' lang='lat' dir='ltr'><strong>ad</strong></span> <span class='ocrx_word' id='word_1_168' title='bbox 2039 2525 2242 2580; x_wconf 87' lang='lat' dir='ltr'><strong>malum</strong></span> 
     </span>
    </p>
   </div>
   <div class='ocr_carea' id='block_1_25' title="bbox 649 2615 2244 2684">
    <p class='ocr_par' dir='ltr' id='par_1_25' title="bbox 649 2615 2244 2684">
     <span class='ocr_line' id='line_1_25' title="bbox 649 2615 2244 2684; baseline 0.006 -18"><span class='ocrx_word' id='word_1_169' title='bbox 649 2627 746 2666; x_wconf 88' lang='lat' dir='ltr'><strong>sua</strong></span> <span class='ocrx_word' id='word_1_170' title='bbox 793 2621 1006 2682; x_wconf 85' lang='lat' dir='ltr'><strong>sponte,</strong></span> <span class='ocrx_word' id='word_1_171' title='bbox 1037 2629 1134 2668; x_wconf 90' lang='lat' dir='ltr'><strong>sua</strong></span> <span class='ocrx_word' id='word_1_172' title='bbox 1179 2623 1448 2684; x_wconf 88' lang='lat' dir='ltr'><strong>potestate</strong></span> <span class='ocrx_word' id='word_1_173' title='bbox 1495 2623 1760 2672; x_wconf 85' lang='lat' dir='ltr'><strong>movetur.</strong></span> <span class='ocrx_word' id='word_1_174' title='bbox 1803 2615 1952 2672; x_wconf 84' lang='lat' dir='ltr'><strong>Velle</strong></span> <span class='ocrx_word' id='word_1_175' title='bbox 1995 2617 2244 2676; x_wconf 83' lang='lat' dir='ltr'><strong>naturale</strong></span> 
     </span>
    </p>
   </div>
   <div class='ocr_carea' id='block_1_26' title="bbox 651 2705 2244 2776">
    <p class='ocr_par' dir='ltr' id='par_1_26' title="bbox 651 2705 2244 2776">
     <span class='ocr_line' id='line_1_26' title="bbox 651 2705 2244 2776; baseline 0.004 -18"><span class='ocrx_word' id='word_1_176' title='bbox 651 2711 732 2758; x_wconf 87' lang='lat' dir='ltr'><strong>est</strong></span> <span class='ocrx_word' id='word_1_177' title='bbox 767 2705 944 2768; x_wconf 89' lang='lat' dir='ltr'><strong>nobis,</strong></span> <span class='ocrx_word' id='word_1_178' title='bbox 973 2705 1118 2760; x_wconf 88' lang='lat' dir='ltr'><strong>sicut</strong></span> <span class='ocrx_word' id='word_1_179' title='bbox 1147 2705 1446 2776; x_wconf 81' lang='lat' dir='ltr'><strong>intelligere</strong></span> <span class='ocrx_word' id='word_1_180' title='bbox 1483 2713 1538 2762; x_wconf 88' lang='lat' dir='ltr'><strong>et</strong></span> <span class='ocrx_word' id='word_1_181' title='bbox 1577 2707 1909 2764; x_wconf 87' lang='lat' dir='ltr'><strong>meminisse.</strong></span> <span class='ocrx_word' id='word_1_182' title='bbox 1941 2707 2068 2764; x_wconf 63' lang='lat' dir='ltr'><strong>Haec</strong></span> <span class='ocrx_word' id='word_1_183' title='bbox 2095 2709 2244 2768; x_wconf 81' lang='lat' dir='ltr'><strong>enim</strong></span> 
     </span>
    </p>
   </div>
   <div class='ocr_carea' id='block_1_27' title="bbox 649 2793 2246 2863">
    <p class='ocr_par' dir='ltr' id='par_1_27' title="bbox 649 2793 2246 2863">
     <span class='ocr_line' id='line_1_27' title="bbox 649 2793 2246 2863; baseline 0.004 -16"><span class='ocrx_word' id='word_1_184' title='bbox 649 2793 782 2860; x_wconf 87' lang='lat' dir='ltr'><strong>tria,</strong></span> <span class='ocrx_word' id='word_1_185' title='bbox 813 2793 862 2848; x_wconf 88' lang='lat' dir='ltr'><strong>id</strong></span> <span class='ocrx_word' id='word_1_186' title='bbox 884 2805 970 2850; x_wconf 86' lang='lat' dir='ltr'><strong>est</strong></span> <span class='ocrx_word' id='word_1_187' title='bbox 993 2795 1318 2858; x_wconf 88' lang='lat' dir='ltr'><strong>intellectus,</strong></span> <span class='ocrx_word' id='word_1_188' title='bbox 1353 2797 1633 2862; x_wconf 84' lang='lat' dir='ltr'><strong>memoria,</strong></span> <span class='ocrx_word' id='word_1_189' title='bbox 1661 2797 1928 2863; x_wconf 85' lang='lat' dir='ltr'><strong>voluntas,</strong></span> <span class='ocrx_word' id='word_1_190' title='bbox 1955 2798 2034 2852; x_wconf 88' lang='lat' dir='ltr'><strong>sic</strong></span> <span class='ocrx_word' id='word_1_191' title='bbox 2059 2799 2246 2854; x_wconf 88' lang='lat' dir='ltr'><strong>insunt</strong></span> 
     </span>
    </p>
   </div>
   <div class='ocr_carea' id='block_1_28' title="bbox 649 2883 2246 2952">
    <p class='ocr_par' dir='ltr' id='par_1_28' title="bbox 649 2883 2246 2952">
     <span class='ocr_line' id='line_1_28' title="bbox 649 2883 2246 2952; baseline 0.004 -14"><span class='ocrx_word' id='word_1_192' title='bbox 649 2883 972 2940; x_wconf 84' lang='lat' dir='ltr'><strong>naturaliter</strong></span> <span class='ocrx_word' id='word_1_193' title='bbox 1013 2885 1196 2942; x_wconf 83' lang='lat' dir='ltr'><strong>animo</strong></span> <span class='ocrx_word' id='word_1_194' title='bbox 1241 2885 1498 2952; x_wconf 87' lang='lat' dir='ltr'><strong>humano,</strong></span> <span class='ocrx_word' id='word_1_195' title='bbox 1533 2895 1592 2940; x_wconf 89' lang='lat' dir='ltr'><strong>ut</strong></span> <span class='ocrx_word' id='word_1_196' title='bbox 1633 2894 1814 2948; x_wconf 87' lang='lat' dir='ltr'><strong>tamen</strong></span> <span class='ocrx_word' id='word_1_197' title='bbox 1855 2901 1960 2942; x_wconf 89' lang='lat' dir='ltr'><strong>non</strong></span> <span class='ocrx_word' id='word_1_198' title='bbox 1993 2887 2246 2944; x_wconf 85' lang='lat' dir='ltr'><strong>dicantur</strong></span> 
     </span>
    </p>
   </div>
   <div class='ocr_carea' id='block_1_29' title="bbox 647 2975 2242 3046">
    <p class='ocr_par' dir='ltr' id='par_1_29' title="bbox 647 2975 2242 3046">
     <span class='ocr_line' id='line_1_29' title="bbox 647 2975 2242 3046; baseline 0.001 -14"><span class='ocrx_word' id='word_1_199' title='bbox 647 2989 768 3032; x_wconf 83' lang='lat' dir='ltr'><strong>esse</strong></span> <span class='ocrx_word' id='word_1_200' title='bbox 804 2975 916 3045; x_wconf 89' lang='lat' dir='ltr'><strong>ipsc</strong></span> <span class='ocrx_word' id='word_1_201' title='bbox 949 2976 1186 3044; x_wconf 87' lang='lat' dir='ltr'><strong>animus,</strong></span> <span class='ocrx_word' id='word_1_202' title='bbox 1215 2978 1312 3034; x_wconf 90' lang='lat' dir='ltr'><strong>sed</strong></span> <span class='ocrx_word' id='word_1_203' title='bbox 1341 2979 1394 3032; x_wconf 89' lang='lat' dir='ltr'><strong>in</strong></span> <span class='ocrx_word' id='word_1_204' title='bbox 1420 2979 1620 3034; x_wconf 74' lang='lat' dir='ltr'><strong>annuo.</strong></span> <span class='ocrx_word' id='word_1_205' title='bbox 1653 2979 1804 3035; x_wconf 90' lang='lat' dir='ltr'><strong>Sicut</strong></span> <span class='ocrx_word' id='word_1_206' title='bbox 1833 2995 1962 3046; x_wconf 72' lang='lat' dir='ltr'><strong>ergo</strong></span> <span class='ocrx_word' id='word_1_207' title='bbox 1995 2980 2112 3036; x_wconf 75' lang='lat' dir='ltr'><strong>ista:</strong></span> <span class='ocrx_word' id='word_1_208' title='bbox 2143 2997 2242 3036; x_wconf 89' lang='lat' dir='ltr'><strong>na-</strong></span> 
     </span>
    </p>
   </div>
   <div class='ocr_carea' id='block_1_30' title="bbox 651 3067 2246 3144">
    <p class='ocr_par' dir='ltr' id='par_1_30' title="bbox 651 3067 2246 3144">
     <span class='ocr_line' id='line_1_30' title="bbox 651 3067 2246 3144; baseline 0.005 -24"><span class='ocrx_word' id='word_1_209' title='bbox 651 3067 852 3122; x_wconf 88' lang='lat' dir='ltr'><strong>turales</strong></span> <span class='ocrx_word' id='word_1_210' title='bbox 863 3067 1028 3122; x_wconf 89' lang='lat' dir='ltr'><strong>animi</strong></span> <span class='ocrx_word' id='word_1_211' title='bbox 1051 3067 1384 3136; x_wconf 72' lang='lat' dir='ltr'><strong>affectiones,</strong></span> <span class='ocrx_word' id='word_1_212' title='bbox 1401 3087 1506 3126; x_wconf 91' lang='lat' dir='ltr'><strong>non</strong></span> <span class='ocrx_word' id='word_1_213' title='bbox 1524 3071 1636 3140; x_wconf 89' lang='lat' dir='ltr'><strong>ipse</strong></span> <span class='ocrx_word' id='word_1_214' title='bbox 1651 3073 1886 3138; x_wconf 87' lang='lat' dir='ltr'><strong>animus;</strong></span> <span class='ocrx_word' id='word_1_215' title='bbox 1915 3081 2246 3144; x_wconf 83' lang='lat' dir='ltr'><strong>quaprOpter</strong></span> 
     </span>
    </p>
   </div>
   <div class='ocr_carea' id='block_1_31' title="bbox 651 3155 2240 3232">
    <p class='ocr_par' dir='ltr' id='par_1_31' title="bbox 651 3155 2240 3232">
     <span class='ocr_line' id='line_1_31' title="bbox 651 3155 2240 3232; baseline 0.005 -22"><span class='ocrx_word' id='word_1_216' title='bbox 651 3155 756 3210; x_wconf 76' lang='lat' dir='ltr'><strong>illm</strong></span> <span class='ocrx_word' id='word_1_217' title='bbox 769 3157 1134 3226; x_wconf 87' lang='lat' dir='ltr'><strong>multipliciter</strong></span> <span class='ocrx_word' id='word_1_218' title='bbox 1159 3161 1356 3214; x_wconf 85' lang='lat' dir='ltr'><strong>variari</strong></span> <span class='ocrx_word' id='word_1_219' title='bbox 1381 3159 1857 3232; x_wconf 76' lang='lat' dir='ltr'><strong>possunt,animus</strong></span> <span class='ocrx_word' id='word_1_220' title='bbox 1872 3163 2014 3220; x_wconf 88' lang='lat' dir='ltr'><strong>idem</strong></span> <span class='ocrx_word' id='word_1_221' title='bbox 2039 3173 2240 3220; x_wconf 85' lang='lat' dir='ltr'><strong>manet.</strong></span> 
     </span>
    </p>
   </div>
   <div class='ocr_carea' id='block_1_32' title="bbox 1647 367 2900 432">
    <p class='ocr_par' dir='ltr' id='par_1_32' title="bbox 1647 367 2900 432">
     <span class='ocr_line' id='line_1_32' title="bbox 1647 367 2900 432; baseline -0.007 -1"><span class='ocrx_word' id='word_1_222' title='bbox 1647 377 1704 432; x_wconf 83' lang='lat' dir='ltr'><strong>S.</strong></span> <span class='ocrx_word' id='word_1_223' title='bbox 1747 371 2118 431; x_wconf 77' lang='lat' dir='ltr'><strong>PRUDEN&#39;I‘II</strong></span> <span class='ocrx_word' id='word_1_224' title='bbox 2161 367 2554 426; x_wconf 65' lang='lat' dir='ltr'><strong>TRECENSIS</strong></span> <span class='ocrx_word' id='word_1_225' title='bbox 2595 367 2900 424; x_wconf 75' lang='lat' dir='ltr'><strong>EPlSCOPl</strong></span> 
     </span>
    </p>
   </div>
   <div class='ocr_carea' id='block_1_33' title="bbox 2263 481 3802 561">
    <p class='ocr_par' dir='ltr' id='par_1_33' title="bbox 2263 481 3802 561">
     <span class='ocr_line' id='line_1_33' title="bbox 2263 481 3802 561; baseline 0.001 -23"><span class='ocrx_word' id='word_1_226' title='bbox 2263 491 2312 548; x_wconf 78' lang='grc' dir='ltr'>Α</span> <span class='ocrx_word' id='word_1_227' title='bbox 2341 485 2504 538; x_wconf 86' lang='lat' dir='ltr'><strong>homo</strong></span> <span class='ocrx_word' id='word_1_228' title='bbox 2535 483 2760 538; x_wconf 88' lang='lat' dir='ltr'><strong>liberum</strong></span> <span class='ocrx_word' id='word_1_229' title='bbox 2799 481 3086 536; x_wconf 84' lang='lat' dir='ltr'><strong>arbitrium</strong></span> <span class='ocrx_word' id='word_1_230' title='bbox 3111 483 3398 550; x_wconf 85' lang='lat' dir='ltr'><strong>peccando,</strong></span> <span class='ocrx_word' id='word_1_231' title='bbox 3417 499 3514 554; x_wconf 82' lang='lat' dir='ltr'><strong>quo</strong></span> <span class='ocrx_word' id='word_1_232' title='bbox 3535 493 3638 542; x_wconf 79' lang='lat' dir='ltr'><strong>ante</strong></span> <span class='ocrx_word' id='word_1_233' title='bbox 3659 490 3802 561; x_wconf 64' lang='lat' dir='ltr'><strong>tigrim</strong></span> 
     </span>
    </p>
   </div>
   <div class='ocr_carea' id='block_1_34' title="bbox 3707 379 3800 438">
    <p class='ocr_par' dir='ltr' id='par_1_34' title="bbox 3707 379 3800 438">
     <span class='ocr_line' id='line_1_34' title="bbox 3707 379 3800 438; baseline -0.022 -6"><span class='ocrx_word' id='word_1_234' title='bbox 3707 379 3800 438; x_wconf 65' lang='grc'><strong>11132</strong></span> 
     </span>
    </p>
   </div>
   <div class='ocr_carea' id='block_1_35' title="bbox 2343 571 3804 638">
    <p class='ocr_par' dir='ltr' id='par_1_35' title="bbox 2343 571 3804 638">
     <span class='ocr_line' id='line_1_35' title="bbox 2343 571 3804 638; baseline 0.005 -9"><span class='ocrx_word' id='word_1_235' title='bbox 2343 573 2408 630; x_wconf 86' lang='lat' dir='ltr'><strong>ad</strong></span> <span class='ocrx_word' id='word_1_236' title='bbox 2437 573 2668 638; x_wconf 86' lang='lat' dir='ltr'><strong>bonum;</strong></span> <span class='ocrx_word' id='word_1_237' title='bbox 2699 573 2878 628; x_wconf 87' lang='lat' dir='ltr'><strong>amisit</strong></span> <span class='ocrx_word' id='word_1_238' title='bbox 2915 583 3120 628; x_wconf 88' lang='lat' dir='ltr'><strong>motum</strong></span> <span class='ocrx_word' id='word_1_239' title='bbox 3147 581 3202 628; x_wconf 90' lang='lat' dir='ltr'><strong>et</strong></span> <span class='ocrx_word' id='word_1_240' title='bbox 3225 571 3446 628; x_wconf 79' lang='lat' dir='ltr'><strong>cilicium</strong></span> <span class='ocrx_word' id='word_1_241' title='bbox 3483 576 3612 632; x_wconf 71' lang='lat' dir='ltr'><strong>bona:</strong></span> <span class='ocrx_word' id='word_1_242' title='bbox 3631 579 3804 638; x_wconf 79' lang='lat' dir='ltr'><strong>volunta-</strong></span> 
     </span>
    </p>
   </div>
   <div class='ocr_carea' id='block_1_36' title="bbox 2341 665 3802 738">
    <p class='ocr_par' dir='ltr' id='par_1_36' title="bbox 2341 665 3802 738">
     <span class='ocr_line' id='line_1_36' title="bbox 2341 665 3802 738; baseline 0.004 -18"><span class='ocrx_word' id='word_1_243' title='bbox 2341 667 2430 732; x_wconf 87' lang='lat' dir='ltr'><strong>tis,</strong></span> <span class='ocrx_word' id='word_1_244' title='bbox 2455 683 2562 724; x_wconf 90' lang='lat' dir='ltr'><strong>non</strong></span> <span class='ocrx_word' id='word_1_245' title='bbox 2594 666 2774 720; x_wconf 86' lang='lat' dir='ltr'><strong>amisit</strong></span> <span class='ocrx_word' id='word_1_246' title='bbox 2813 665 3084 734; x_wconf 88' lang='lat' dir='ltr'><strong>seipsum;</strong></span> <span class='ocrx_word' id='word_1_247' title='bbox 3116 679 3218 720; x_wconf 90' lang='lat' dir='ltr'><strong>non</strong></span> <span class='ocrx_word' id='word_1_248' title='bbox 3247 665 3422 720; x_wconf 87' lang='lat' dir='ltr'><strong>amisit</strong></span> <span class='ocrx_word' id='word_1_249' title='bbox 3445 667 3586 720; x_wconf 87' lang='lat' dir='ltr'><strong>animi</strong></span> <span class='ocrx_word' id='word_1_250' title='bbox 3611 679 3802 738; x_wconf 71' lang='lat' dir='ltr'><strong>natantia,</strong></span> 
     </span>
    </p>
   </div>
   <div class='ocr_carea' id='block_1_37' title="bbox 2341 755 3804 818">
    <p class='ocr_par' dir='ltr' id='par_1_37' title="bbox 2341 755 3804 818">
     <span class='ocr_line' id='line_1_37' title="bbox 2341 755 3804 818; baseline -0.001 -2"><span class='ocrx_word' id='word_1_251' title='bbox 2341 759 2434 816; x_wconf 87' lang='lat' dir='ltr'><strong>sed</strong></span> <span class='ocrx_word' id='word_1_252' title='bbox 2469 759 2650 812; x_wconf 87' lang='lat' dir='ltr'><strong>amisit.</strong></span> <span class='ocrx_word' id='word_1_253' title='bbox 2689 757 2858 812; x_wconf 87' lang='lat' dir='ltr'><strong>animi</strong></span> <span class='ocrx_word' id='word_1_254' title='bbox 2895 757 3202 818; x_wconf 80' lang='lat' dir='ltr'><strong>Sanitatem,</strong></span> <span class='ocrx_word' id='word_1_255' title='bbox 3231 755 3406 810; x_wconf 85' lang='lat' dir='ltr'><strong>amisit</strong></span> <span class='ocrx_word' id='word_1_256' title='bbox 3433 757 3566 812; x_wconf 74' lang='lat' dir='ltr'><strong>home</strong></span> <span class='ocrx_word' id='word_1_257' title='bbox 3601 759 3804 816; x_wconf 56' lang='lat' dir='ltr'><strong>voluntati.</strong></span> 
     </span>
    </p>
   </div>
   <div class='ocr_carea' id='block_1_38' title="bbox 2341 847 3804 924">
    <p class='ocr_par' dir='ltr' id='par_1_38' title="bbox 2341 847 3804 924">
     <span class='ocr_line' id='line_1_38' title="bbox 2341 847 3804 924; baseline -0.001 -18"><span class='ocrx_word' id='word_1_258' title='bbox 2341 855 2601 924; x_wconf 80' lang='lat' dir='ltr'><strong>vigorem.</strong></span> <span class='ocrx_word' id='word_1_259' title='bbox 2647 849 2760 906; x_wconf 87' lang='lat' dir='ltr'><strong>lloc</strong></span> <span class='ocrx_word' id='word_1_260' title='bbox 2805 859 3093 918; x_wconf 87' lang='lat' dir='ltr'><strong>utrumque</strong></span> <span class='ocrx_word' id='word_1_261' title='bbox 3141 849 3192 904; x_wconf 90' lang='lat' dir='ltr'><strong>in</strong></span> <span class='ocrx_word' id='word_1_262' title='bbox 3235 863 3296 902; x_wconf 82' lang='lat' dir='ltr'><strong>ea</strong></span> <span class='ocrx_word' id='word_1_263' title='bbox 3331 864 3422 918; x_wconf 86' lang='lat' dir='ltr'><strong>per</strong></span> <span class='ocrx_word' id='word_1_264' title='bbox 3449 847 3804 922; x_wconf 66' lang='lat' dir='ltr'><strong>Christigenam</strong></span> 
     </span>
    </p>
   </div>
   <div class='ocr_carea' id='block_1_39' title="bbox 2343 940 3808 1006">
    <p class='ocr_par' dir='ltr' id='par_1_39' title="bbox 2343 940 3808 1006">
     <span class='ocr_line' id='line_1_39' title="bbox 2343 940 3808 1006; baseline -0.004 -6"><span class='ocrx_word' id='word_1_265' title='bbox 2343 946 2700 1006; x_wconf 72' lang='lat' dir='ltr'><strong>instauratur,</strong></span> <span class='ocrx_word' id='word_1_266' title='bbox 2733 953 2792 998; x_wconf 90' lang='lat' dir='ltr'><strong>et</strong></span> <span class='ocrx_word' id='word_1_267' title='bbox 2827 953 3022 996; x_wconf 82' lang='lat' dir='ltr'><strong>natura</strong></span> <span class='ocrx_word' id='word_1_268' title='bbox 3067 941 3278 996; x_wconf 88' lang='lat' dir='ltr'><strong>scilicet</strong></span> <span class='ocrx_word' id='word_1_269' title='bbox 3317 940 3366 994; x_wconf 90' lang='lat' dir='ltr'><strong>in</strong></span> <span class='ocrx_word' id='word_1_270' title='bbox 3411 941 3618 996; x_wconf 81' lang='lat' dir='ltr'><strong>deterius</strong></span> <span class='ocrx_word' id='word_1_271' title='bbox 3645 961 3808 998; x_wconf 53' lang='lat' dir='ltr'><strong>roum»</strong></span> 
     </span>
    </p>
   </div>
   <div class='ocr_carea' id='block_1_40' title="bbox 2343 1030 3808 1104">
    <p class='ocr_par' dir='ltr' id='par_1_40' title="bbox 2343 1030 3808 1104">
     <span class='ocr_line' id='line_1_40' title="bbox 2343 1030 3808 1104; baseline 0 -14"><span class='ocrx_word' id='word_1_272' title='bbox 2343 1045 2474 1098; x_wconf 88' lang='lat' dir='ltr'><strong>tata,</strong></span> <span class='ocrx_word' id='word_1_273' title='bbox 2507 1041 2564 1088; x_wconf 89' lang='lat' dir='ltr'><strong>et</strong></span> <span class='ocrx_word' id='word_1_274' title='bbox 2591 1032 2838 1088; x_wconf 87' lang='lat' dir='ltr'><strong>voluntas</strong></span> <span class='ocrx_word' id='word_1_275' title='bbox 2879 1033 2930 1086; x_wconf 88' lang='lat' dir='ltr'><strong>in</strong></span> <span class='ocrx_word' id='word_1_276' title='bbox 2973 1033 3172 1086; x_wconf 88' lang='lat' dir='ltr'><strong>malum</strong></span> <span class='ocrx_word' id='word_1_277' title='bbox 3213 1031 3508 1100; x_wconf 85' lang='lat' dir='ltr'><strong>depravata.</strong></span> <span class='ocrx_word' id='word_1_278' title='bbox 3539 1030 3658 1086; x_wconf 83' lang='lat' dir='ltr'><strong>Bona</strong></span> <span class='ocrx_word' id='word_1_279' title='bbox 3693 1034 3808 1104; x_wconf 73' lang='lat' dir='ltr'><strong>itaque</strong></span> 
     </span>
    </p>
   </div>
   <div class='ocr_carea' id='block_1_41' title="bbox 2343 1122 3808 1186">
    <p class='ocr_par' dir='ltr' id='par_1_41' title="bbox 2343 1122 3808 1186">
     <span class='ocr_line' id='line_1_41' title="bbox 2343 1122 3808 1186; baseline 0 -6"><span class='ocrx_word' id='word_1_280' title='bbox 2343 1127 2594 1182; x_wconf 77' lang='lat' dir='ltr'><strong>voluntas</strong></span> <span class='ocrx_word' id='word_1_281' title='bbox 2643 1125 2850 1180; x_wconf 82' lang='lat' dir='ltr'><strong>sanitas</strong></span> <span class='ocrx_word' id='word_1_282' title='bbox 2897 1133 2980 1180; x_wconf 87' lang='lat' dir='ltr'><strong>est</strong></span> <span class='ocrx_word' id='word_1_283' title='bbox 3027 1123 3186 1178; x_wconf 86' lang='lat' dir='ltr'><strong>liberi</strong></span> <span class='ocrx_word' id='word_1_284' title='bbox 3233 1123 3456 1186; x_wconf 89' lang='lat' dir='ltr'><strong>arbitrii,</strong></span> <span class='ocrx_word' id='word_1_285' title='bbox 3481 1122 3604 1176; x_wconf 84' lang='lat' dir='ltr'><strong>mala</strong></span> <span class='ocrx_word' id='word_1_286' title='bbox 3647 1125 3808 1180; x_wconf 72' lang='lat' dir='ltr'><strong>voluntas</strong></span> 
     </span>
    </p>
   </div>
   <div class='ocr_carea' id='block_1_42' title="bbox 2343 1213 3810 1288">
    <p class='ocr_par' dir='ltr' id='par_1_42' title="bbox 2343 1213 3810 1288">
     <span class='ocr_line' id='line_1_42' title="bbox 2343 1213 3810 1288; baseline -0.001 -16"><span class='ocrx_word' id='word_1_287' title='bbox 2343 1217 2571 1288; x_wconf 84' lang='lat' dir='ltr'><strong>languor</strong></span> <span class='ocrx_word' id='word_1_288' title='bbox 2617 1223 2698 1270; x_wconf 88' lang='lat' dir='ltr'><strong>cst</strong></span> <span class='ocrx_word' id='word_1_289' title='bbox 2747 1215 2902 1270; x_wconf 75' lang='lat' dir='ltr'><strong>libeii</strong></span> <span class='ocrx_word' id='word_1_290' title='bbox 2959 1213 3192 1268; x_wconf 87' lang='lat' dir='ltr'><strong>arbitrii.</strong></span> <span class='ocrx_word' id='word_1_291' title='bbox 3219 1213 3368 1268; x_wconf 75' lang='lat' dir='ltr'><strong>lianc</strong></span> <span class='ocrx_word' id='word_1_292' title='bbox 3415 1214 3660 1268; x_wconf 78' lang='lat' dir='ltr'><strong>sanitatem</strong></span> <span class='ocrx_word' id='word_1_293' title='bbox 3693 1219 3810 1270; x_wconf 72' lang='lat' dir='ltr'><strong>amLsit</strong></span> 
     </span>
    </p>
   </div>
   <div class='ocr_carea' id='block_1_43' title="bbox 2345 1305 3808 1378">
    <p class='ocr_par' dir='ltr' id='par_1_43' title="bbox 2345 1305 3808 1378">
     <span class='ocr_line' id='line_1_43' title="bbox 2345 1305 3808 1378; baseline -0.003 -13"><span class='ocrx_word' id='word_1_294' title='bbox 2345 1312 2526 1374; x_wconf 87' lang='lat' dir='ltr'><strong>homo,</strong></span> <span class='ocrx_word' id='word_1_295' title='bbox 2549 1319 2606 1362; x_wconf 89' lang='lat' dir='ltr'><strong>et</strong></span> <span class='ocrx_word' id='word_1_296' title='bbox 2630 1307 2774 1362; x_wconf 89' lang='lat' dir='ltr'><strong>hunc</strong></span> <span class='ocrx_word' id='word_1_297' title='bbox 2805 1307 3122 1378; x_wconf 73' lang='lat' dir='ltr'><strong>languorem</strong></span> <span class='ocrx_word' id='word_1_298' title='bbox 3155 1305 3380 1360; x_wconf 88' lang='lat' dir='ltr'><strong>incurrit</strong></span> <span class='ocrx_word' id='word_1_299' title='bbox 3405 1305 3556 1360; x_wconf 89' lang='lat' dir='ltr'><strong>Deum</strong></span> <span class='ocrx_word' id='word_1_300' title='bbox 3585 1309 3808 1374; x_wconf 63' lang='lat' dir='ltr'><strong>deserendo,</strong></span> 
     </span>
    </p>
   </div>
   <div class='ocr_carea' id='block_1_44' title="bbox 2343 1395 3810 1468">
    <p class='ocr_par' dir='ltr' id='par_1_44' title="bbox 2343 1395 3810 1468">
     <span class='ocr_line' id='line_1_44' title="bbox 2343 1395 3810 1468; baseline -0.003 -12"><span class='ocrx_word' id='word_1_301' title='bbox 2343 1409 2398 1456; x_wconf 88' lang='lat' dir='ltr'><strong>et</strong></span> <span class='ocrx_word' id='word_1_302' title='bbox 2425 1409 2614 1456; x_wconf 88' lang='lat' dir='ltr'><strong>contra</strong></span> <span class='ocrx_word' id='word_1_303' title='bbox 2647 1399 2974 1454; x_wconf 87' lang='lat' dir='ltr'><strong>voluntatem</strong></span> <span class='ocrx_word' id='word_1_304' title='bbox 3004 1399 3124 1468; x_wconf 87' lang='lat' dir='ltr'><strong>ejus</strong></span> <span class='ocrx_word' id='word_1_305' title='bbox 3153 1397 3418 1452; x_wconf 85' lang='lat' dir='ltr'><strong>faciendo.</strong></span> <span class='ocrx_word' id='word_1_306' title='bbox 3445 1395 3528 1452; x_wconf 89' lang='lat' dir='ltr'><strong>Sic</strong></span> <span class='ocrx_word' id='word_1_307' title='bbox 3553 1399 3682 1452; x_wconf 82' lang='lat' dir='ltr'><strong>homo</strong></span> 
     </span>
    </p>
   </div>
   <div class='ocr_carea' id='block_1_45' title="bbox 2347 1487 3810 1558">
    <p class='ocr_par' dir='ltr' id='par_1_45' title="bbox 2347 1487 3810 1558">
     <span class='ocr_line' id='line_1_45' title="bbox 2347 1487 3810 1558; baseline -0.001 -14"><span class='ocrx_word' id='word_1_308' title='bbox 2347 1501 2433 1546; x_wconf 88' lang='lat' dir='ltr'><strong>tus</strong></span> <span class='ocrx_word' id='word_1_309' title='bbox 2461 1489 2686 1544; x_wconf 83' lang='lat' dir='ltr'><strong>eﬂ‘ectus</strong></span> <span class='ocrx_word' id='word_1_310' title='bbox 2713 1489 2912 1542; x_wconf 87' lang='lat' dir='ltr'><strong>amittit</strong></span> <span class='ocrx_word' id='word_1_311' title='bbox 2939 1489 3124 1558; x_wconf 87' lang='lat' dir='ltr'><strong>utique</strong></span> <span class='ocrx_word' id='word_1_312' title='bbox 3151 1487 3394 1558; x_wconf 76' lang='lat' dir='ltr'><strong>pristina:</strong></span> <span class='ocrx_word' id='word_1_313' title='bbox 3433 1487 3646 1542; x_wconf 89' lang='lat' dir='ltr'><strong>sanitatis</strong></span> <span class='ocrx_word' id='word_1_314' title='bbox 3665 1497 3810 1554; x_wconf 79' lang='lat' dir='ltr'><strong>statua,</strong></span> 
     </span>
    </p>
   </div>
   <div class='ocr_carea' id='block_1_46' title="bbox 2343 1580 3812 1652">
    <p class='ocr_par' dir='ltr' id='par_1_46' title="bbox 2343 1580 3812 1652">
     <span class='ocr_line' id='line_1_46' title="bbox 2343 1580 3812 1652; baseline -0.003 -14"><span class='ocrx_word' id='word_1_315' title='bbox 2343 1600 2452 1638; x_wconf 89' lang='lat' dir='ltr'><strong>non</strong></span> <span class='ocrx_word' id='word_1_316' title='bbox 2485 1583 2682 1638; x_wconf 88' lang='lat' dir='ltr'><strong>amittit</strong></span> <span class='ocrx_word' id='word_1_317' title='bbox 2709 1583 2976 1652; x_wconf 85' lang='lat' dir='ltr'><strong>seipsum;</strong></span> <span class='ocrx_word' id='word_1_318' title='bbox 3013 1599 3134 1636; x_wconf 87' lang='lat' dir='ltr'><strong>eum</strong></span> <span class='ocrx_word' id='word_1_319' title='bbox 3169 1589 3348 1636; x_wconf 88' lang='lat' dir='ltr'><strong>autem</strong></span> <span class='ocrx_word' id='word_1_320' title='bbox 3379 1591 3578 1642; x_wconf 85' lang='lat' dir='ltr'><strong>curatus</strong></span> <span class='ocrx_word' id='word_1_321' title='bbox 3603 1580 3740 1644; x_wconf 83' lang='lat' dir='ltr'><strong>fuerit,</strong></span> <span class='ocrx_word' id='word_1_322' title='bbox 3761 1581 3812 1634; x_wconf 89' lang='lat' dir='ltr'><strong>in-</strong></span> 
     </span>
    </p>
   </div>
   <div class='ocr_carea' id='block_1_47' title="bbox 2345 1673 3810 1742">
    <p class='ocr_par' dir='ltr' id='par_1_47' title="bbox 2345 1673 3810 1742">
     <span class='ocr_line' id='line_1_47' title="bbox 2345 1673 3810 1742; baseline -0.003 -12"><span class='ocrx_word' id='word_1_323' title='bbox 2345 1683 2622 1730; x_wconf 87' lang='lat' dir='ltr'><strong>stauratur</strong></span> <span class='ocrx_word' id='word_1_324' title='bbox 2667 1673 2720 1728; x_wconf 89' lang='lat' dir='ltr'><strong>in</strong></span> <span class='ocrx_word' id='word_1_325' title='bbox 2764 1688 2828 1728; x_wconf 87' lang='lat' dir='ltr'><strong>eo</strong></span> <span class='ocrx_word' id='word_1_326' title='bbox 2871 1673 3104 1736; x_wconf 85' lang='lat' dir='ltr'><strong>sanitas,</strong></span> <span class='ocrx_word' id='word_1_327' title='bbox 3151 1683 3200 1726; x_wconf 87' lang='lat' dir='ltr'><strong>et</strong></span> <span class='ocrx_word' id='word_1_328' title='bbox 3237 1681 3424 1726; x_wconf 76' lang='lat' dir='ltr'><strong>natura</strong></span> <span class='ocrx_word' id='word_1_329' title='bbox 3459 1681 3702 1742; x_wconf 80' lang='lat' dir='ltr'><strong>vegetatur,</strong></span> <span class='ocrx_word' id='word_1_330' title='bbox 3723 1687 3810 1741; x_wconf 71' lang='lat' dir='ltr'><strong>qur,</strong></span> 
     </span>
    </p>
   </div>
   <div class='ocr_carea' id='block_1_48' title="bbox 2345 1761 3648 1834">
    <p class='ocr_par' dir='ltr' id='par_1_48' title="bbox 2345 1761 3648 1834">
     <span class='ocr_line' id='line_1_48' title="bbox 2345 1761 3648 1834; baseline -0.005 -16"><span class='ocrx_word' id='word_1_331' title='bbox 2345 1781 2454 1822; x_wconf 88' lang='lat' dir='ltr'><strong>non</strong></span> <span class='ocrx_word' id='word_1_332' title='bbox 2483 1763 2660 1818; x_wconf 90' lang='lat' dir='ltr'><strong>fuerat</strong></span> <span class='ocrx_word' id='word_1_333' title='bbox 2691 1765 2928 1832; x_wconf 87' lang='lat' dir='ltr'><strong>perdita,</strong></span> <span class='ocrx_word' id='word_1_334' title='bbox 2957 1765 3050 1818; x_wconf 91' lang='lat' dir='ltr'><strong>sed</strong></span> <span class='ocrx_word' id='word_1_335' title='bbox 3087 1763 3350 1834; x_wconf 80' lang='lat' dir='ltr'><strong>languore</strong></span> <span class='ocrx_word' id='word_1_336' title='bbox 3385 1761 3648 1832; x_wconf 69' lang='lat' dir='ltr'><strong>corrupta]</strong></span> 
     </span>
    </p>
   </div>
   <div class='ocr_carea' id='block_1_49' title="bbox 2271 1855 3810 1932">
    <p class='ocr_par' dir='ltr' id='par_1_49' title="bbox 2271 1855 3810 1932">
     <span class='ocr_line' id='line_1_49' title="bbox 2271 1855 3810 1932; baseline -0.003 -20"><span class='ocrx_word' id='word_1_337' title='bbox 2271 1873 2316 1932; x_wconf 76' lang='grc' dir='ltr'><strong><em>Β</em></strong></span> <span class='ocrx_word' id='word_1_338' title='bbox 2415 1857 2548 1912; x_wconf 90' lang='lat' dir='ltr'><strong>Cum</strong></span> <span class='ocrx_word' id='word_1_339' title='bbox 2595 1857 2738 1910; x_wconf 88' lang='lat' dir='ltr'><strong>enim</strong></span> <span class='ocrx_word' id='word_1_340' title='bbox 2775 1863 2984 1910; x_wconf 87' lang='lat' dir='ltr'><strong>constet</strong></span> <span class='ocrx_word' id='word_1_341' title='bbox 3021 1855 3164 1925; x_wconf 88' lang='lat' dir='ltr'><strong>quod</strong></span> <span class='ocrx_word' id='word_1_342' title='bbox 3213 1855 3390 1910; x_wconf 88' lang='lat' dir='ltr'><strong>omnia</strong></span> <span class='ocrx_word' id='word_1_343' title='bbox 3425 1869 3532 1924; x_wconf 71' lang='lat' dir='ltr'><strong>quae</strong></span> <span class='ocrx_word' id='word_1_344' title='bbox 3557 1863 3810 1918; x_wconf 78' lang='lat' dir='ltr'><strong>crratasant,</strong></span> 
     </span>
    </p>
   </div>
   <div class='ocr_carea' id='block_1_50' title="bbox 2347 1945 3812 2016">
    <p class='ocr_par' dir='ltr' id='par_1_50' title="bbox 2347 1945 3812 2016">
     <span class='ocr_line' id='line_1_50' title="bbox 2347 1945 3812 2016; baseline -0.004 -12"><span class='ocrx_word' id='word_1_345' title='bbox 2347 1949 2456 2004; x_wconf 90' lang='lat' dir='ltr'><strong>Deo</strong></span> <span class='ocrx_word' id='word_1_346' title='bbox 2479 1957 2698 2004; x_wconf 88' lang='lat' dir='ltr'><strong>auctore</strong></span> <span class='ocrx_word' id='word_1_347' title='bbox 2751 1947 2858 2004; x_wconf 86' lang='lat' dir='ltr'><strong>sint</strong></span> <span class='ocrx_word' id='word_1_348' title='bbox 2877 1947 3114 2010; x_wconf 87' lang='lat' dir='ltr'><strong>condita,</strong></span> <span class='ocrx_word' id='word_1_349' title='bbox 3143 1947 3394 2002; x_wconf 87' lang='lat' dir='ltr'><strong>nimirum</strong></span> <span class='ocrx_word' id='word_1_350' title='bbox 3421 1947 3572 2016; x_wconf 84' lang='lat' dir='ltr'><strong>liquet</strong></span> <span class='ocrx_word' id='word_1_351' title='bbox 3587 1945 3812 2014; x_wconf 76' lang='lat' dir='ltr'><strong>quinoatnil</strong></span> 
     </span>
    </p>
   </div>
   <div class='ocr_carea' id='block_1_51' title="bbox 2345 2039 3812 2112">
    <p class='ocr_par' dir='ltr' id='par_1_51' title="bbox 2345 2039 3812 2112">
     <span class='ocr_line' id='line_1_51' title="bbox 2345 2039 3812 2112; baseline -0.001 -16"><span class='ocrx_word' id='word_1_352' title='bbox 2345 2057 2465 2112; x_wconf 73' lang='lat' dir='ltr'><strong>qua:</strong></span> <span class='ocrx_word' id='word_1_353' title='bbox 2495 2051 2684 2096; x_wconf 85' lang='lat' dir='ltr'><strong>auctor</strong></span> <span class='ocrx_word' id='word_1_354' title='bbox 2717 2057 2926 2096; x_wconf 90' lang='lat' dir='ltr'><strong>summe</strong></span> <span class='ocrx_word' id='word_1_355' title='bbox 2963 2041 3136 2096; x_wconf 88' lang='lat' dir='ltr'><strong>bonus</strong></span> <span class='ocrx_word' id='word_1_356' title='bbox 3185 2039 3420 2096; x_wconf 88' lang='lat' dir='ltr'><strong>condidit</strong></span> <span class='ocrx_word' id='word_1_357' title='bbox 3447 2039 3570 2094; x_wconf 87' lang='lat' dir='ltr'><strong>bona</strong></span> <span class='ocrx_word' id='word_1_358' title='bbox 3593 2047 3704 2102; x_wconf 86' lang='lat' dir='ltr'><strong>sunt,</strong></span> <span class='ocrx_word' id='word_1_359' title='bbox 3729 2047 3812 2094; x_wconf 80' lang='lat' dir='ltr'><strong>atte-</strong></span> 
     </span>
    </p>
   </div>
   <div class='ocr_carea' id='block_1_52' title="bbox 2347 2131 3810 2204">
    <p class='ocr_par' dir='ltr' id='par_1_52' title="bbox 2347 2131 3810 2204">
     <span class='ocr_line' id='line_1_52' title="bbox 2347 2131 3810 2204; baseline -0.007 -12"><span class='ocrx_word' id='word_1_360' title='bbox 2347 2143 2524 2192; x_wconf 85' lang='lat' dir='ltr'><strong>stante</strong></span> <span class='ocrx_word' id='word_1_361' title='bbox 2549 2133 2826 2202; x_wconf 86' lang='lat' dir='ltr'><strong>Scriptura</strong></span> <span class='ocrx_word' id='word_1_362' title='bbox 2857 2151 2870 2188; x_wconf 89' lang='lat'><strong>:</strong></span> <span class='ocrx_word' id='word_1_363' title='bbox 2905 2133 2972 2188; x_wconf 87' lang='lat' dir='ltr'><strong>Et</strong></span> <span class='ocrx_word' id='word_1_364' title='bbox 3003 2135 3128 2188; x_wconf 83' lang='lat' dir='ltr'><strong>vidit</strong></span> <span class='ocrx_word' id='word_1_365' title='bbox 3157 2133 3300 2188; x_wconf 63' lang='lat' dir='ltr'><strong>Deus</strong></span> <span class='ocrx_word' id='word_1_366' title='bbox 3345 2143 3520 2188; x_wconf 85' lang='lat' dir='ltr'><strong>cuncta</strong></span> <span class='ocrx_word' id='word_1_367' title='bbox 3553 2149 3648 2204; x_wconf 71' lang='lat' dir='ltr'><strong>que</strong></span> <span class='ocrx_word' id='word_1_368' title='bbox 3671 2131 3810 2200; x_wconf 76' lang='lat' dir='ltr'><strong>ferent,</strong></span> 
     </span>
    </p>
   </div>
   <div class='ocr_carea' id='block_1_53' title="bbox 2345 2223 3812 2294">
    <p class='ocr_par' dir='ltr' id='par_1_53' title="bbox 2345 2223 3812 2294">
     <span class='ocr_line' id='line_1_53' title="bbox 2345 2223 3812 2294; baseline -0.001 -14"><span class='ocrx_word' id='word_1_369' title='bbox 2345 2237 2394 2282; x_wconf 84' lang='lat' dir='ltr'><strong>et</strong></span> <span class='ocrx_word' id='word_1_370' title='bbox 2439 2235 2586 2280; x_wconf 83' lang='lat' dir='ltr'><strong>erant</strong></span> <span class='ocrx_word' id='word_1_371' title='bbox 2625 2227 2772 2280; x_wconf 77' lang='lat' dir='ltr'><strong>valde</strong></span> <span class='ocrx_word' id='word_1_372' title='bbox 2817 2227 2948 2280; x_wconf 84' lang='lat' dir='ltr'><strong>bona</strong></span> <span class='ocrx_word' id='word_1_373' title='bbox 2999 2223 3150 2294; x_wconf 80' lang='lat' dir='ltr'><strong>(Gen.</strong></span> <span class='ocrx_word' id='word_1_374' title='bbox 3193 2243 3232 2290; x_wconf 90' lang='lat' dir='ltr'><strong>I,</strong></span> <span class='ocrx_word' id='word_1_375' title='bbox 3266 2225 3378 2292; x_wconf 81' lang='lat'><strong>5|).</strong></span> <span class='ocrx_word' id='word_1_376' title='bbox 3423 2225 3564 2280; x_wconf 83' lang='lat' dir='ltr'><strong>Patet</strong></span> <span class='ocrx_word' id='word_1_377' title='bbox 3593 2239 3694 2294; x_wconf 78' lang='lat' dir='ltr'><strong>ergo</strong></span> <span class='ocrx_word' id='word_1_378' title='bbox 3725 2223 3812 2292; x_wconf 79' lang='lat' dir='ltr'><strong>quod</strong></span> 
     </span>
    </p>
   </div>
   <div class='ocr_carea' id='block_1_54' title="bbox 2347 2317 3811 2388">
    <p class='ocr_par' dir='ltr' id='par_1_54' title="bbox 2347 2317 3811 2388">
     <span class='ocr_line' id='line_1_54' title="bbox 2347 2317 3811 2388; baseline -0.003 -14"><span class='ocrx_word' id='word_1_379' title='bbox 2347 2320 2527 2374; x_wconf 88' lang='lat' dir='ltr'><strong>omnis</strong></span> <span class='ocrx_word' id='word_1_380' title='bbox 2574 2329 2819 2374; x_wconf 78' lang='lat' dir='ltr'><strong>creatura</strong></span> <span class='ocrx_word' id='word_1_381' title='bbox 2873 2319 2991 2382; x_wconf 82' lang='lat' dir='ltr'><strong>Dei,</strong></span> <span class='ocrx_word' id='word_1_382' title='bbox 3019 2319 3160 2374; x_wconf 86' lang='lat' dir='ltr'><strong>sicut</strong></span> <span class='ocrx_word' id='word_1_383' title='bbox 3195 2317 3478 2388; x_wconf 74' lang='lat' dir='ltr'><strong>Apostolus</strong></span> <span class='ocrx_word' id='word_1_384' title='bbox 3513 2319 3592 2380; x_wconf 80' lang='lat' dir='ltr'><strong>ait.</strong></span> <span class='ocrx_word' id='word_1_385' title='bbox 3617 2319 3722 2374; x_wconf 82' lang='lat' dir='ltr'><strong>bona</strong></span> <span class='ocrx_word' id='word_1_386' title='bbox 3749 2329 3811 2372; x_wconf 74' lang='lat' dir='ltr'><strong>est.</strong></span> 
     </span>
    </p>
   </div>
   <div class='ocr_carea' id='block_1_55' title="bbox 2347 2407 3814 2480">
    <p class='ocr_par' dir='ltr' id='par_1_55' title="bbox 2347 2407 3814 2480">
     <span class='ocr_line' id='line_1_55' title="bbox 2347 2407 3814 2480; baseline 0 -18"><span class='ocrx_word' id='word_1_387' title='bbox 2347 2407 2516 2462; x_wconf 81' lang='lat' dir='ltr'><strong>Nulla</strong></span> <span class='ocrx_word' id='word_1_388' title='bbox 2544 2419 2786 2462; x_wconf 76' lang='lat' dir='ltr'><strong>creatura</strong></span> <span class='ocrx_word' id='word_1_389' title='bbox 2819 2407 2914 2462; x_wconf 82' lang='lat' dir='ltr'><strong>Dei</strong></span> <span class='ocrx_word' id='word_1_390' title='bbox 2945 2425 3048 2462; x_wconf 88' lang='lat' dir='ltr'><strong>non</strong></span> <span class='ocrx_word' id='word_1_391' title='bbox 3077 2419 3150 2462; x_wconf 80' lang='lat' dir='ltr'><strong>est</strong></span> <span class='ocrx_word' id='word_1_392' title='bbox 3183 2409 3320 2462; x_wconf 80' lang='lat' dir='ltr'><strong>bona</strong></span> <span class='ocrx_word' id='word_1_393' title='bbox 3347 2407 3400 2480; x_wconf 81' lang='grc'><strong>(1</strong></span> <span class='ocrx_word' id='word_1_394' title='bbox 3433 2407 3554 2462; x_wconf 81' lang='lat' dir='ltr'><strong>Tim.</strong></span> <span class='ocrx_word' id='word_1_395' title='bbox 3585 2425 3644 2474; x_wconf 85' lang='lat' dir='ltr'><strong>tv,</strong></span> <span class='ocrx_word' id='word_1_396' title='bbox 3663 2409 3724 2480; x_wconf 65' lang='lat' dir='ltr'><strong>i);</strong></span> <span class='ocrx_word' id='word_1_397' title='bbox 3743 2425 3814 2464; x_wconf 87' lang='lat' dir='ltr'><strong>e-</strong></span> 
     </span>
    </p>
   </div>
   <div class='ocr_carea' id='block_1_56' title="bbox 2347 2497 3814 2568">
    <p class='ocr_par' dir='ltr' id='par_1_56' title="bbox 2347 2497 3814 2568">
     <span class='ocr_line' id='line_1_56' title="bbox 2347 2497 3814 2568; baseline -0.001 -14"><span class='ocrx_word' id='word_1_398' title='bbox 2347 2499 2434 2554; x_wconf 88' lang='lat' dir='ltr'><strong>nis</strong></span> <span class='ocrx_word' id='word_1_399' title='bbox 2463 2507 2644 2554; x_wconf 87' lang='lat' dir='ltr'><strong>autem</strong></span> <span class='ocrx_word' id='word_1_400' title='bbox 2673 2497 2924 2552; x_wconf 67' lang='lat' dir='ltr'><strong>voluntas</strong></span> <span class='ocrx_word' id='word_1_401' title='bbox 2947 2499 3184 2554; x_wconf 86' lang='lat' dir='ltr'><strong>hominis</strong></span> <span class='ocrx_word' id='word_1_402' title='bbox 3229 2515 3334 2554; x_wconf 90' lang='lat' dir='ltr'><strong>non</strong></span> <span class='ocrx_word' id='word_1_403' title='bbox 3373 2509 3454 2554; x_wconf 87' lang='lat' dir='ltr'><strong>est</strong></span> <span class='ocrx_word' id='word_1_404' title='bbox 3491 2501 3626 2562; x_wconf 82' lang='lat' dir='ltr'><strong>bona,</strong></span> <span class='ocrx_word' id='word_1_405' title='bbox 3651 2501 3814 2568; x_wconf 75' lang='lat' dir='ltr'><strong>quedam</strong></span> 
     </span>
    </p>
   </div>
   <div class='ocr_carea' id='block_1_57' title="bbox 2347 2591 3810 2661">
    <p class='ocr_par' dir='ltr' id='par_1_57' title="bbox 2347 2591 3810 2661">
     <span class='ocr_line' id='line_1_57' title="bbox 2347 2591 3810 2661; baseline 0.001 -16"><span class='ocrx_word' id='word_1_406' title='bbox 2347 2591 2492 2646; x_wconf 87' lang='lat' dir='ltr'><strong>enim</strong></span> <span class='ocrx_word' id='word_1_407' title='bbox 2523 2591 2774 2646; x_wconf 84' lang='lat' dir='ltr'><strong>voluntas</strong></span> <span class='ocrx_word' id='word_1_408' title='bbox 2815 2591 2954 2644; x_wconf 87' lang='lat' dir='ltr'><strong>mala</strong></span> <span class='ocrx_word' id='word_1_409' title='bbox 2987 2609 2998 2644; x_wconf 91' lang='lat'><strong>:</strong></span> <span class='ocrx_word' id='word_1_410' title='bbox 3027 2607 3132 2646; x_wconf 82' lang='lat' dir='ltr'><strong>non</strong></span> <span class='ocrx_word' id='word_1_411' title='bbox 3163 2601 3252 2648; x_wconf 87' lang='lat' dir='ltr'><strong>est</strong></span> <span class='ocrx_word' id='word_1_412' title='bbox 3289 2593 3446 2661; x_wconf 75' lang='lat' dir='ltr'><strong>igitur</strong></span> <span class='ocrx_word' id='word_1_413' title='bbox 3469 2593 3676 2648; x_wconf 85' lang='lat' dir='ltr'><strong>voluntas</strong></span> <span class='ocrx_word' id='word_1_414' title='bbox 3697 2591 3810 2647; x_wconf 79' lang='lat' dir='ltr'><strong>homi-</strong></span> 
     </span>
    </p>
   </div>
   <div class='ocr_carea' id='block_1_58' title="bbox 2348 2679 3812 2744">
    <p class='ocr_par' dir='ltr' id='par_1_58' title="bbox 2348 2679 3812 2744">
     <span class='ocr_line' id='line_1_58' title="bbox 2348 2679 3812 2744; baseline -0.002 -8"><span class='ocrx_word' id='word_1_415' title='bbox 2348 2681 2434 2738; x_wconf 89' lang='lat' dir='ltr'><strong>nis</strong></span> <span class='ocrx_word' id='word_1_416' title='bbox 2477 2691 2726 2734; x_wconf 87' lang='lat' dir='ltr'><strong>creatura</strong></span> <span class='ocrx_word' id='word_1_417' title='bbox 2773 2679 2898 2744; x_wconf 88' lang='lat' dir='ltr'><strong>Dei;</strong></span> <span class='ocrx_word' id='word_1_418' title='bbox 2937 2681 3080 2734; x_wconf 89' lang='lat' dir='ltr'><strong>nulla</strong></span> <span class='ocrx_word' id='word_1_419' title='bbox 3125 2681 3274 2736; x_wconf 87' lang='lat' dir='ltr'><strong>enim</strong></span> <span class='ocrx_word' id='word_1_420' title='bbox 3325 2693 3554 2740; x_wconf 80' lang='lat' dir='ltr'><strong>creatura</strong></span> <span class='ocrx_word' id='word_1_421' title='bbox 3593 2681 3668 2738; x_wconf 82' lang='lat' dir='ltr'><strong>Dei</strong></span> <span class='ocrx_word' id='word_1_422' title='bbox 3709 2681 3812 2744; x_wconf 65' lang='lat' dir='ltr'><strong>nam,</strong></span> 
     </span>
    </p>
   </div>
   <div class='ocr_carea' id='block_1_59' title="bbox 2349 2771 3816 2830">
    <p class='ocr_par' dir='ltr' id='par_1_59' title="bbox 2349 2771 3816 2830">
     <span class='ocr_line' id='line_1_59' title="bbox 2349 2771 3816 2830; baseline 0.001 -4"><span class='ocrx_word' id='word_1_423' title='bbox 2349 2771 2604 2826; x_wconf 87' lang='lat' dir='ltr'><strong>nonnulla</strong></span> <span class='ocrx_word' id='word_1_424' title='bbox 2639 2781 2816 2828; x_wconf 85' lang='lat' dir='ltr'><strong>autem</strong></span> <span class='ocrx_word' id='word_1_425' title='bbox 2851 2773 3092 2828; x_wconf 80' lang='lat' dir='ltr'><strong>hominis</strong></span> <span class='ocrx_word' id='word_1_426' title='bbox 3125 2774 3378 2828; x_wconf 89' lang='lat' dir='ltr'><strong>voluntas</strong></span> <span class='ocrx_word' id='word_1_427' title='bbox 3413 2775 3560 2830; x_wconf 85' lang='lat' dir='ltr'><strong>mala.</strong></span> <span class='ocrx_word' id='word_1_428' title='bbox 3599 2773 3716 2830; x_wconf 81' lang='lat' dir='ltr'><strong>Uade</strong></span> <span class='ocrx_word' id='word_1_429' title='bbox 3743 2773 3816 2828; x_wconf 77' lang='lat' dir='ltr'><strong>luce</strong></span> 
     </span>
    </p>
   </div>
   <div class='ocr_carea' id='block_1_60' title="bbox 2350 2861 3817 2934">
    <p class='ocr_par' dir='ltr' id='par_1_60' title="bbox 2350 2861 3817 2934">
     <span class='ocr_line' id='line_1_60' title="bbox 2350 2861 3817 2934; baseline 0 -18"><span class='ocrx_word' id='word_1_430' title='bbox 2350 2861 2550 2918; x_wconf 76' lang='lat' dir='ltr'><strong>clarius</strong></span> <span class='ocrx_word' id='word_1_431' title='bbox 2573 2862 2848 2934; x_wconf 78' lang='lat' dir='ltr'><strong>colligitur</strong></span> <span class='ocrx_word' id='word_1_432' title='bbox 2873 2863 3014 2934; x_wconf 89' lang='lat' dir='ltr'><strong>quod</strong></span> <span class='ocrx_word' id='word_1_433' title='bbox 3047 2864 3300 2920; x_wconf 85' lang='lat' dir='ltr'><strong>voluntas</strong></span> <span class='ocrx_word' id='word_1_434' title='bbox 3327 2865 3544 2920; x_wconf 83' lang='lat' dir='ltr'><strong>hominis</strong></span> <span class='ocrx_word' id='word_1_435' title='bbox 3565 2875 3692 2934; x_wconf 82' lang='lat' dir='ltr'><strong>atque</strong></span> <span class='ocrx_word' id='word_1_436' title='bbox 3709 2865 3817 2918; x_wconf 76' lang='lat' dir='ltr'><strong>scien-</strong></span> 
     </span>
    </p>
   </div>
   <div class='ocr_carea' id='block_1_61' title="bbox 2351 2953 3817 3024">
    <p class='ocr_par' dir='ltr' id='par_1_61' title="bbox 2351 2953 3817 3024">
     <span class='ocr_line' id='line_1_61' title="bbox 2351 2953 3817 3024; baseline 0 -18"><span class='ocrx_word' id='word_1_437' title='bbox 2351 2953 2426 3006; x_wconf 87' lang='lat' dir='ltr'><strong>tia</strong></span> <span class='ocrx_word' id='word_1_438' title='bbox 2474 2969 2582 3008; x_wconf 88' lang='lat' dir='ltr'><strong>non</strong></span> <span class='ocrx_word' id='word_1_439' title='bbox 2623 2965 2748 3010; x_wconf 88' lang='lat' dir='ltr'><strong>sunt</strong></span> <span class='ocrx_word' id='word_1_440' title='bbox 2797 2955 2912 3024; x_wconf 86' lang='lat' dir='ltr'><strong>ejus</strong></span> <span class='ocrx_word' id='word_1_441' title='bbox 2959 2957 3285 3022; x_wconf 88' lang='lat' dir='ltr'><strong>substantia,</strong></span> <span class='ocrx_word' id='word_1_442' title='bbox 3309 2958 3400 3012; x_wconf 85' lang='lat' dir='ltr'><strong>sed</strong></span> <span class='ocrx_word' id='word_1_443' title='bbox 3443 2957 3568 3012; x_wconf 83' lang='lat' dir='ltr'><strong>dona</strong></span> <span class='ocrx_word' id='word_1_444' title='bbox 3605 2955 3678 3012; x_wconf 84' lang='lat' dir='ltr'><strong>Dei</strong></span> <span class='ocrx_word' id='word_1_445' title='bbox 3711 2953 3817 3008; x_wconf 80' lang='lat' dir='ltr'><strong>indita</strong></span> 
     </span>
    </p>
   </div>
   <div class='ocr_carea' id='block_1_62' title="bbox 2351 3045 3818 3116">
    <p class='ocr_par' dir='ltr' id='par_1_62' title="bbox 2351 3045 3818 3116">
     <span class='ocr_line' id='line_1_62' title="bbox 2351 3045 3818 3116; baseline -0.001 -16"><span class='ocrx_word' id='word_1_446' title='bbox 2351 3047 2598 3102; x_wconf 75' lang='lat' dir='ltr'><strong>humana:</strong></span> <span class='ocrx_word' id='word_1_447' title='bbox 2625 3049 2963 3114; x_wconf 64' lang='lat' dir='ltr'><strong>substantiae,</strong></span> <span class='ocrx_word' id='word_1_448' title='bbox 2995 3048 3044 3102; x_wconf 92' lang='lat' dir='ltr'><strong>id</strong></span> <span class='ocrx_word' id='word_1_449' title='bbox 3081 3059 3166 3104; x_wconf 88' lang='lat' dir='ltr'><strong>est</strong></span> <span class='ocrx_word' id='word_1_450' title='bbox 3203 3051 3397 3104; x_wconf 74' lang='lat' dir='ltr'><strong>anima:</strong></span> <span class='ocrx_word' id='word_1_451' title='bbox 3425 3047 3641 3104; x_wconf 85' lang='lat' dir='ltr'><strong>rationali</strong></span> <span class='ocrx_word' id='word_1_452' title='bbox 3663 3045 3818 3116; x_wconf 70' lang='lat' dir='ltr'><strong>:quihtu</strong></span> 
     </span>
    </p>
   </div>
   <div class='ocr_carea' id='block_1_63' title="bbox 2351 3135 3816 3210">
    <p class='ocr_par' dir='ltr' id='par_1_63' title="bbox 2351 3135 3816 3210">
     <span class='ocr_line' id='line_1_63' title="bbox 2351 3135 3816 3210; baseline -0.001 -18"><span class='ocrx_word' id='word_1_453' title='bbox 2351 3139 2396 3192; x_wconf 92' lang='lat' dir='ltr'><strong>si</strong></span> <span class='ocrx_word' id='word_1_454' title='bbox 2419 3137 2554 3194; x_wconf 85' lang='lat' dir='ltr'><strong>bene</strong></span> <span class='ocrx_word' id='word_1_455' title='bbox 2587 3155 2682 3196; x_wconf 89' lang='lat' dir='ltr'><strong>usa</strong></span> <span class='ocrx_word' id='word_1_456' title='bbox 2711 3139 2892 3204; x_wconf 85' lang='lat' dir='ltr'><strong>fuerit,</strong></span> <span class='ocrx_word' id='word_1_457' title='bbox 2917 3149 3096 3196; x_wconf 84' lang='lat' dir='ltr'><strong>servat</strong></span> <span class='ocrx_word' id='word_1_458' title='bbox 3121 3149 3288 3210; x_wconf 87' lang='lat' dir='ltr'><strong>atque</strong></span> <span class='ocrx_word' id='word_1_459' title='bbox 3313 3149 3530 3196; x_wconf 78' lang='lat' dir='ltr'><strong>exornat</strong></span> <span class='ocrx_word' id='word_1_460' title='bbox 3553 3141 3599 3194; x_wconf 89' lang='lat' dir='ltr'><strong>in</strong></span> <span class='ocrx_word' id='word_1_461' title='bbox 3619 3155 3668 3196; x_wconf 86' lang='lat' dir='ltr'><strong>sc</strong></span> <span class='ocrx_word' id='word_1_462' title='bbox 3693 3135 3816 3206; x_wconf 50' lang='lat' dir='ltr'><strong>iungi.</strong></span> 
     </span>
    </p>
   </div>
   <div class='ocr_carea' id='block_1_64' title="bbox 723 3233 3818 3316">
    <p class='ocr_par' dir='ltr' id='par_1_64' title="bbox 723 3233 3818 3316">
     <span class='ocr_line' id='line_1_64' title="bbox 723 3233 3818 3316; baseline 0.002 -37"><span class='ocrx_word' id='word_1_463' title='bbox 723 3245 892 3316; x_wconf 49' lang='lat' dir='ltr'><strong>Igitur</strong></span> <span class='ocrx_word' id='word_1_464' title='bbox 945 3247 1082 3304; x_wconf 62' lang='grc' dir='ltr'><strong>νειιο</strong></span> <span class='ocrx_word' id='word_1_465' title='bbox 1126 3261 1332 3306; x_wconf 45' lang='lat' dir='ltr'><strong>natura,</strong></span> <span class='ocrx_word' id='word_1_466' title='bbox 1355 3291 1370 3316; x_wconf 58' lang='lat'><strong>’</strong></span> <span class='ocrx_word' id='word_1_467' title='bbox 1420 3251 1622 3308; x_wconf 68' lang='lat' dir='ltr'><strong>bonum</strong></span> <span class='ocrx_word' id='word_1_468' title='bbox 1669 3263 1850 3310; x_wconf 52' lang='lat' dir='ltr'><strong>autem</strong></span> <span class='ocrx_word' id='word_1_469' title='bbox 1898 3255 1982 3310; x_wconf 61' lang='lat' dir='ltr'><strong>vel</strong></span> <span class='ocrx_word' id='word_1_470' title='bbox 2037 3255 2240 3312; x_wconf 60' lang='lat' dir='ltr'><strong>“mlum</strong></span> <span class='ocrx_word' id='word_1_471' title='bbox 2269 3247 2314 3310; x_wconf 69' lang='grc' dir='ltr'><strong>ρ</strong></span> <span class='ocrx_word' id='word_1_472' title='bbox 2351 3247 2474 3286; x_wconf 91' lang='lat' dir='ltr'><strong>nem</strong></span> <span class='ocrx_word' id='word_1_473' title='bbox 2515 3241 2569 3288; x_wconf 85' lang='lat' dir='ltr'><strong>et</strong></span> <span class='ocrx_word' id='word_1_474' title='bbox 2607 3233 3018 3290; x_wconf 83' lang='lat' dir='ltr'><strong>similitudinem</strong></span> <span class='ocrx_word' id='word_1_475' title='bbox 3059 3235 3152 3290; x_wconf 90' lang='lat' dir='ltr'><strong>Dei</strong></span> <span class='ocrx_word' id='word_1_476' title='bbox 3181 3253 3194 3289; x_wconf 92' lang='lat'>:</span> <span class='ocrx_word' id='word_1_477' title='bbox 3223 3237 3270 3292; x_wconf 92' lang='lat' dir='ltr'><strong>si</strong></span> <span class='ocrx_word' id='word_1_478' title='bbox 3303 3247 3478 3298; x_wconf 86' lang='lat' dir='ltr'><strong>autem</strong></span> <span class='ocrx_word' id='word_1_479' title='bbox 3505 3237 3574 3292; x_wconf 89' lang='lat' dir='ltr'><strong>eis</strong></span> <span class='ocrx_word' id='word_1_480' title='bbox 3598 3234 3818 3304; x_wconf 78' lang='lat' dir='ltr'><strong>voluptuose</strong></span> 
     </span>
    </p>
   </div>
   <div class='ocr_carea' id='block_1_65' title="bbox 655 3337 2244 3414">
    <p class='ocr_par' dir='ltr' id='par_1_65' title="bbox 655 3337 2244 3414">
     <span class='ocr_line' id='line_1_65' title="bbox 655 3337 2244 3414; baseline 0.006 -24"><span class='ocrx_word' id='word_1_481' title='bbox 655 3337 810 3402; x_wconf 88' lang='lat' dir='ltr'><strong>velle,</strong></span> <span class='ocrx_word' id='word_1_482' title='bbox 839 3349 1049 3394; x_wconf 90' lang='lat' dir='ltr'><strong>nonest</strong></span> <span class='ocrx_word' id='word_1_483' title='bbox 1076 3351 1301 3406; x_wconf 57' lang='lat' dir='ltr'><strong>natura),</strong></span> <span class='ocrx_word' id='word_1_484' title='bbox 1328 3343 1422 3397; x_wconf 86' lang='lat' dir='ltr'><strong>sed</strong></span> <span class='ocrx_word' id='word_1_485' title='bbox 1452 3353 1632 3398; x_wconf 89' lang='lat' dir='ltr'><strong>motus</strong></span> <span class='ocrx_word' id='word_1_486' title='bbox 1667 3345 1887 3414; x_wconf 88' lang='lat' dir='ltr'><strong>quidam</strong></span> <span class='ocrx_word' id='word_1_487' title='bbox 1917 3355 1974 3400; x_wconf 89' lang='lat' dir='ltr'><strong>et</strong></span> <span class='ocrx_word' id='word_1_488' title='bbox 2010 3345 2244 3401; x_wconf 68' lang='lat' dir='ltr'><strong>ofﬁcim</strong></span> 
     </span>
    </p>
   </div>
   <div class='ocr_carea' id='block_1_66' title="bbox 655 3429 2246 3502">
    <p class='ocr_par' dir='ltr' id='par_1_66' title="bbox 655 3429 2246 3502">
     <span class='ocr_line' id='line_1_66' title="bbox 655 3429 2246 3502; baseline 0.005 -20"><span class='ocrx_word' id='word_1_489' title='bbox 655 3439 880 3484; x_wconf 64' lang='lat' dir='ltr'><strong>naturae.</strong></span> <span class='ocrx_word' id='word_1_490' title='bbox 909 3429 1043 3484; x_wconf 87' lang='lat' dir='ltr'><strong>Nam</strong></span> <span class='ocrx_word' id='word_1_491' title='bbox 1071 3431 1114 3486; x_wconf 88' lang='lat' dir='ltr'><strong>si</strong></span> <span class='ocrx_word' id='word_1_492' title='bbox 1149 3441 1342 3494; x_wconf 84' lang='lat' dir='ltr'><strong>natura</strong></span> <span class='ocrx_word' id='word_1_493' title='bbox 1383 3435 1536 3488; x_wconf 88' lang='lat' dir='ltr'><strong>nobis</strong></span> <span class='ocrx_word' id='word_1_494' title='bbox 1567 3443 1712 3490; x_wconf 88' lang='lat' dir='ltr'><strong>esset</strong></span> <span class='ocrx_word' id='word_1_495' title='bbox 1743 3435 1942 3490; x_wconf 86' lang='lat' dir='ltr'><strong>bonum</strong></span> <span class='ocrx_word' id='word_1_496' title='bbox 1971 3437 2126 3502; x_wconf 87' lang='lat' dir='ltr'><strong>velle,</strong></span> <span class='ocrx_word' id='word_1_497' title='bbox 2161 3437 2246 3492; x_wconf 89' lang='lat' dir='ltr'><strong>vel</strong></span> 
     </span>
    </p>
   </div>
   <div class='ocr_carea' id='block_1_67' title="bbox 660 3519 2244 3596">
    <p class='ocr_par' dir='ltr' id='par_1_67' title="bbox 660 3519 2244 3596">
     <span class='ocr_line' id='line_1_67' title="bbox 660 3519 2244 3596; baseline 0.006 -22"><span class='ocrx_word' id='word_1_498' title='bbox 660 3519 858 3576; x_wconf 87' lang='lat' dir='ltr'><strong>malum</strong></span> <span class='ocrx_word' id='word_1_499' title='bbox 898 3521 1058 3588; x_wconf 83' lang='lat' dir='ltr'><strong>velle,</strong></span> <span class='ocrx_word' id='word_1_500' title='bbox 1091 3524 1144 3578; x_wconf 88' lang='lat' dir='ltr'><strong>in</strong></span> <span class='ocrx_word' id='word_1_501' title='bbox 1193 3525 1502 3580; x_wconf 80' lang='lat' dir='ltr'><strong>utramlibet</strong></span> <span class='ocrx_word' id='word_1_502' title='bbox 1539 3535 1750 3596; x_wconf 83' lang='lat' dir='ltr'><strong>partem</strong></span> <span class='ocrx_word' id='word_1_503' title='bbox 1795 3526 1938 3582; x_wconf 88' lang='lat' dir='ltr'><strong>aliud</strong></span> <span class='ocrx_word' id='word_1_504' title='bbox 1975 3543 2096 3582; x_wconf 85' lang='lat' dir='ltr'><strong>esse</strong></span> <span class='ocrx_word' id='word_1_505' title='bbox 2135 3545 2244 3584; x_wconf 90' lang='lat' dir='ltr'><strong>non</strong></span> 
     </span>
    </p>
   </div>
   <div class='ocr_carea' id='block_1_68' title="bbox 655 3613 2243 3690">
    <p class='ocr_par' dir='ltr' id='par_1_68' title="bbox 655 3613 2243 3690">
     <span class='ocr_line' id='line_1_68' title="bbox 655 3613 2243 3690; baseline 0.006 -24"><span class='ocrx_word' id='word_1_506' title='bbox 655 3621 863 3684; x_wconf 86' lang='lat' dir='ltr'><strong>posset,</strong></span> <span class='ocrx_word' id='word_1_507' title='bbox 891 3613 968 3669; x_wconf 91' lang='lat' dir='ltr'><strong>sic</strong></span> <span class='ocrx_word' id='word_1_508' title='bbox 995 3629 1095 3670; x_wconf 90' lang='lat' dir='ltr'><strong>nec</strong></span> <span class='ocrx_word' id='word_1_509' title='bbox 1133 3615 1246 3686; x_wconf 84' lang='lat' dir='ltr'><strong>ipsa</strong></span> <span class='ocrx_word' id='word_1_510' title='bbox 1278 3617 1442 3670; x_wconf 88' lang='lat' dir='ltr'><strong>animi</strong></span> <span class='ocrx_word' id='word_1_511' title='bbox 1481 3625 1674 3672; x_wconf 88' lang='lat' dir='ltr'><strong>natura</strong></span> <span class='ocrx_word' id='word_1_512' title='bbox 1712 3618 1854 3672; x_wconf 87' lang='lat' dir='ltr'><strong>aliud</strong></span> <span class='ocrx_word' id='word_1_513' title='bbox 1882 3635 2001 3673; x_wconf 89' lang='lat' dir='ltr'><strong>esse</strong></span> <span class='ocrx_word' id='word_1_514' title='bbox 2045 3629 2243 3690; x_wconf 86' lang='lat' dir='ltr'><strong>potest,</strong></span> 
     </span>
    </p>
   </div>
   <div class='ocr_carea' id='block_1_69' title="bbox 653 3705 2246 3774">
    <p class='ocr_par' dir='ltr' id='par_1_69' title="bbox 653 3705 2246 3774">
     <span class='ocr_line' id='line_1_69' title="bbox 653 3705 2246 3774; baseline 0.005 -18"><span class='ocrx_word' id='word_1_515' title='bbox 653 3711 907 3774; x_wconf 85' lang='lat' dir='ltr'><strong>essetque</strong></span> <span class='ocrx_word' id='word_1_516' title='bbox 957 3705 1114 3760; x_wconf 88' lang='lat' dir='ltr'><strong>nobis</strong></span> <span class='ocrx_word' id='word_1_517' title='bbox 1168 3715 1276 3760; x_wconf 88' lang='lat' dir='ltr'><strong>tam</strong></span> <span class='ocrx_word' id='word_1_518' title='bbox 1321 3705 1568 3762; x_wconf 87' lang='lat' dir='ltr'><strong>naturale</strong></span> <span class='ocrx_word' id='word_1_519' title='bbox 1609 3707 1748 3762; x_wconf 87' lang='lat' dir='ltr'><strong>bene</strong></span> <span class='ocrx_word' id='word_1_520' title='bbox 1789 3707 1922 3762; x_wconf 88' lang='lat' dir='ltr'><strong>velle</strong></span> <span class='ocrx_word' id='word_1_521' title='bbox 1966 3719 2058 3762; x_wconf 90' lang='lat' dir='ltr'><strong>aut</strong></span> <span class='ocrx_word' id='word_1_522' title='bbox 2105 3709 2246 3764; x_wconf 87' lang='lat' dir='ltr'><strong>male</strong></span> 
     </span>
    </p>
   </div>
   <div class='ocr_carea' id='block_1_70' title="bbox 653 3793 2244 3870">
    <p class='ocr_par' dir='ltr' id='par_1_70' title="bbox 653 3793 2244 3870">
     <span class='ocr_line' id='line_1_70' title="bbox 653 3793 2244 3870; baseline 0.005 -22"><span class='ocrx_word' id='word_1_523' title='bbox 653 3793 808 3858; x_wconf 80' lang='lat' dir='ltr'><strong>velle,</strong></span> <span class='ocrx_word' id='word_1_524' title='bbox 843 3811 1005 3866; x_wconf 90' lang='lat' dir='ltr'><strong>quam</strong></span> <span class='ocrx_word' id='word_1_525' title='bbox 1039 3797 1286 3852; x_wconf 87' lang='lat' dir='ltr'><strong>naturale</strong></span> <span class='ocrx_word' id='word_1_526' title='bbox 1331 3807 1414 3852; x_wconf 88' lang='lat' dir='ltr'><strong>est</strong></span> <span class='ocrx_word' id='word_1_527' title='bbox 1461 3799 1618 3854; x_wconf 88' lang='lat' dir='ltr'><strong>nobis</strong></span> <span class='ocrx_word' id='word_1_528' title='bbox 1659 3799 1832 3870; x_wconf 90' lang='lat' dir='ltr'><strong>ipsum</strong></span> <span class='ocrx_word' id='word_1_529' title='bbox 1877 3799 2008 3855; x_wconf 86' lang='lat' dir='ltr'><strong>velle</strong></span> <span class='ocrx_word' id='word_1_530' title='bbox 2042 3810 2244 3870; x_wconf 88' lang='lat' dir='ltr'><strong>:atque</strong></span> 
     </span>
    </p>
   </div>
   <div class='ocr_carea' id='block_1_71' title="bbox 655 3883 2242 3960">
    <p class='ocr_par' dir='ltr' id='par_1_71' title="bbox 655 3883 2242 3960">
     <span class='ocr_line' id='line_1_71' title="bbox 655 3883 2242 3960; baseline 0.005 -20"><span class='ocrx_word' id='word_1_531' title='bbox 655 3883 758 3940; x_wconf 89' lang='lat' dir='ltr'><strong>hoc</strong></span> <span class='ocrx_word' id='word_1_532' title='bbox 789 3889 948 3942; x_wconf 87' lang='lat' dir='ltr'><strong>modo</strong></span> <span class='ocrx_word' id='word_1_533' title='bbox 969 3887 1086 3960; x_wconf 90' lang='lat' dir='ltr'><strong>jam</strong></span> <span class='ocrx_word' id='word_1_534' title='bbox 1115 3889 1287 3958; x_wconf 89' lang='lat' dir='ltr'><strong>ipsum</strong></span> <span class='ocrx_word' id='word_1_535' title='bbox 1315 3891 1452 3946; x_wconf 91' lang='lat' dir='ltr'><strong>bene</strong></span> <span class='ocrx_word' id='word_1_536' title='bbox 1479 3891 1636 3958; x_wconf 78' lang='lat' dir='ltr'><strong>velle,</strong></span> <span class='ocrx_word' id='word_1_537' title='bbox 1663 3891 1748 3946; x_wconf 87' lang='lat' dir='ltr'><strong>vel</strong></span> <span class='ocrx_word' id='word_1_538' title='bbox 1779 3891 1916 3947; x_wconf 89' lang='lat' dir='ltr'><strong>male</strong></span> <span class='ocrx_word' id='word_1_539' title='bbox 1947 3893 2104 3958; x_wconf 85' lang='lat' dir='ltr'><strong>velle,</strong></span> <span class='ocrx_word' id='word_1_540' title='bbox 2135 3909 2242 3948; x_wconf 89' lang='lat' dir='ltr'><strong>non</strong></span> 
     </span>
    </p>
   </div>
   <div class='ocr_carea' id='block_1_72' title="bbox 651 3977 2244 4046">
    <p class='ocr_par' dir='ltr' id='par_1_72' title="bbox 651 3977 2244 4046">
     <span class='ocr_line' id='line_1_72' title="bbox 651 3977 2244 4046; baseline 0.006 -16"><span class='ocrx_word' id='word_1_541' title='bbox 651 3985 790 4032; x_wconf 86' lang='lat' dir='ltr'><strong>esset</strong></span> <span class='ocrx_word' id='word_1_542' title='bbox 841 3977 892 4032; x_wconf 88' lang='lat' dir='ltr'><strong>iu</strong></span> <span class='ocrx_word' id='word_1_543' title='bbox 941 3979 1096 4033; x_wconf 92' lang='lat' dir='ltr'><strong>nobis</strong></span> <span class='ocrx_word' id='word_1_544' title='bbox 1147 3981 1340 4046; x_wconf 88' lang='lat' dir='ltr'><strong>virtus,</strong></span> <span class='ocrx_word' id='word_1_545' title='bbox 1372 3991 1464 4034; x_wconf 89' lang='lat' dir='ltr'><strong>aut</strong></span> <span class='ocrx_word' id='word_1_546' title='bbox 1491 3981 1700 4044; x_wconf 86' lang='lat' dir='ltr'><strong>vitium,</strong></span> <span class='ocrx_word' id='word_1_547' title='bbox 1737 3983 1828 4037; x_wconf 90' lang='lat' dir='ltr'><strong>sed</strong></span> <span class='ocrx_word' id='word_1_548' title='bbox 1878 3993 2108 4036; x_wconf 90' lang='lat' dir='ltr'><strong>natura:</strong></span> <span class='ocrx_word' id='word_1_549' title='bbox 2145 3998 2244 4040; x_wconf 90' lang='lat' dir='ltr'><strong>nec</strong></span> 
     </span>
    </p>
   </div>
   <div class='ocr_carea' id='block_1_73' title="bbox 645 4067 2243 4144">
    <p class='ocr_par' dir='ltr' id='par_1_73' title="bbox 645 4067 2243 4144">
     <span class='ocr_line' id='line_1_73' title="bbox 645 4067 2243 4144; baseline 0.007 -23"><span class='ocrx_word' id='word_1_550' title='bbox 645 4067 758 4138; x_wconf 86' lang='lat' dir='ltr'><strong>jam</strong></span> <span class='ocrx_word' id='word_1_551' title='bbox 795 4069 901 4124; x_wconf 90' lang='lat' dir='ltr'><strong>ullo</strong></span> <span class='ocrx_word' id='word_1_552' title='bbox 934 4073 1091 4126; x_wconf 89' lang='lat' dir='ltr'><strong>modo</strong></span> <span class='ocrx_word' id='word_1_553' title='bbox 1131 4088 1250 4128; x_wconf 86' lang='lat' dir='ltr'><strong>esse</strong></span> <span class='ocrx_word' id='word_1_554' title='bbox 1283 4089 1562 4144; x_wconf 86' lang='lat' dir='ltr'><strong>possemus</strong></span> <span class='ocrx_word' id='word_1_555' title='bbox 1597 4075 1700 4128; x_wconf 88' lang='lat' dir='ltr'><strong>nisi</strong></span> <span class='ocrx_word' id='word_1_556' title='bbox 1733 4087 1827 4128; x_wconf 89' lang='lat' dir='ltr'><strong>aut</strong></span> <span class='ocrx_word' id='word_1_557' title='bbox 1869 4077 2243 4132; x_wconf 75' lang='lat' dir='ltr'><strong>tantummodo</strong></span> 
     </span>
    </p>
   </div>
   <div class='ocr_carea' id='block_1_74' title="bbox 651 4159 2243 4234">
    <p class='ocr_par' dir='ltr' id='par_1_74' title="bbox 651 4159 2243 4234">
     <span class='ocr_line' id='line_1_74' title="bbox 651 4159 2243 4234; baseline 0.008 -20"><span class='ocrx_word' id='word_1_558' title='bbox 651 4159 812 4228; x_wconf 88' lang='lat' dir='ltr'><strong>boui,</strong></span> <span class='ocrx_word' id='word_1_559' title='bbox 859 4173 951 4218; x_wconf 88' lang='lat' dir='ltr'><strong>aut</strong></span> <span class='ocrx_word' id='word_1_560' title='bbox 997 4163 1334 4220; x_wconf 88' lang='lat' dir='ltr'><strong>solummodo</strong></span> <span class='ocrx_word' id='word_1_561' title='bbox 1371 4167 1530 4234; x_wconf 87' lang='lat' dir='ltr'><strong>mali;</strong></span> <span class='ocrx_word' id='word_1_562' title='bbox 1586 4185 1686 4223; x_wconf 89' lang='lat' dir='ltr'><strong>nec</strong></span> <span class='ocrx_word' id='word_1_563' title='bbox 1745 4169 2032 4224; x_wconf 80' lang='lat' dir='ltr'><strong>deberetur</strong></span> <span class='ocrx_word' id='word_1_564' title='bbox 2087 4171 2243 4226; x_wconf 89' lang='lat' dir='ltr'><strong>nobis</strong></span> 
     </span>
    </p>
   </div>
   <div class='ocr_carea' id='block_1_75' title="bbox 651 4251 2238 4330">
    <p class='ocr_par' dir='ltr' id='par_1_75' title="bbox 651 4251 2238 4330">
     <span class='ocr_line' id='line_1_75' title="bbox 651 4251 2238 4330; baseline 0.006 -24"><span class='ocrx_word' id='word_1_565' title='bbox 651 4251 796 4322; x_wconf 88' lang='lat' dir='ltr'><strong>iuste</strong></span> <span class='ocrx_word' id='word_1_566' title='bbox 819 4255 902 4310; x_wconf 89' lang='lat' dir='ltr'><strong>vel</strong></span> <span class='ocrx_word' id='word_1_567' title='bbox 930 4257 982 4310; x_wconf 90' lang='lat' dir='ltr'><strong>in</strong></span> <span class='ocrx_word' id='word_1_568' title='bbox 1009 4255 1153 4312; x_wconf 89' lang='lat' dir='ltr'><strong>bono</strong></span> <span class='ocrx_word' id='word_1_569' title='bbox 1177 4259 1476 4328; x_wconf 67' lang='lat' dir='ltr'><strong>praemium,</strong></span> <span class='ocrx_word' id='word_1_570' title='bbox 1505 4259 1588 4314; x_wconf 89' lang='lat' dir='ltr'><strong>vel</strong></span> <span class='ocrx_word' id='word_1_571' title='bbox 1618 4261 1670 4314; x_wconf 89' lang='lat' dir='ltr'><strong>in</strong></span> <span class='ocrx_word' id='word_1_572' title='bbox 1705 4259 1846 4314; x_wconf 88' lang='lat' dir='ltr'><strong>malo</strong></span> <span class='ocrx_word' id='word_1_573' title='bbox 1873 4261 2193 4330; x_wconf 63' lang='lat' dir='ltr'><strong>supplicium</strong></span> <span class='ocrx_word' id='word_1_574' title='bbox 2223 4279 2238 4316; x_wconf 94' lang='lat'><strong>:</strong></span> 
     </span>
    </p>
   </div>
   <div class='ocr_carea' id='block_1_76' title="bbox 653 4345 2242 4422">
    <p class='ocr_par' dir='ltr' id='par_1_76' title="bbox 653 4345 2242 4422">
     <span class='ocr_line' id='line_1_76' title="bbox 653 4345 2242 4422; baseline 0.007 -24"><span class='ocrx_word' id='word_1_575' title='bbox 653 4359 778 4398; x_wconf 89' lang='lat' dir='ltr'><strong>cum</strong></span> <span class='ocrx_word' id='word_1_576' title='bbox 820 4345 964 4400; x_wconf 86' lang='lat' dir='ltr'><strong>aliud</strong></span> <span class='ocrx_word' id='word_1_577' title='bbox 1007 4361 1126 4420; x_wconf 85' lang='lat' dir='ltr'><strong>esse</strong></span> <span class='ocrx_word' id='word_1_578' title='bbox 1167 4351 1392 4404; x_wconf 86' lang='lat' dir='ltr'><strong>minime</strong></span> <span class='ocrx_word' id='word_1_579' title='bbox 1431 4365 1736 4422; x_wconf 90' lang='lat' dir='ltr'><strong>possemus,</strong></span> <span class='ocrx_word' id='word_1_580' title='bbox 1763 4367 1862 4406; x_wconf 90' lang='lat' dir='ltr'><strong>nec</strong></span> <span class='ocrx_word' id='word_1_581' title='bbox 1891 4351 2054 4406; x_wconf 92' lang='lat' dir='ltr'><strong>ullum</strong></span> <span class='ocrx_word' id='word_1_582' title='bbox 2096 4361 2242 4408; x_wconf 86' lang='lat' dir='ltr'><strong>esset</strong></span> 
     </span>
    </p>
   </div>
   <div class='ocr_carea' id='block_1_77' title="bbox 655 4437 2240 4518">
    <p class='ocr_par' dir='ltr' id='par_1_77' title="bbox 655 4437 2240 4518">
     <span class='ocr_line' id='line_1_77' title="bbox 655 4437 2240 4518; baseline 0.008 -28"><span class='ocrx_word' id='word_1_583' title='bbox 655 4437 908 4492; x_wconf 85' lang='lat' dir='ltr'><strong>meritum</strong></span> <span class='ocrx_word' id='word_1_584' title='bbox 947 4451 1218 4518; x_wconf 82' lang='lat' dir='ltr'><strong>nostrum,</strong></span> <span class='ocrx_word' id='word_1_585' title='bbox 1249 4443 1330 4496; x_wconf 88' lang='lat' dir='ltr'><strong>vel</strong></span> <span class='ocrx_word' id='word_1_586' title='bbox 1363 4443 1560 4518; x_wconf 74' lang='lat' dir='ltr'><strong>bonum</strong></span> <span class='ocrx_word' id='word_1_587' title='bbox 1589 4443 1674 4500; x_wconf 85' lang='lat' dir='ltr'><strong>vel</strong></span> <span class='ocrx_word' id='word_1_588' title='bbox 1721 4445 1940 4508; x_wconf 89' lang='lat' dir='ltr'><strong>malum,</strong></span> <span class='ocrx_word' id='word_1_589' title='bbox 1984 4447 2076 4502; x_wconf 87' lang='lat' dir='ltr'><strong>sed</strong></span> <span class='ocrx_word' id='word_1_590' title='bbox 2123 4447 2240 4502; x_wconf 82' lang='lat' dir='ltr'><strong>sola</strong></span> 
     </span>
    </p>
   </div>
   <div class='ocr_carea' id='block_1_78' title="bbox 653 4517 2238 4610">
    <p class='ocr_par' dir='ltr' id='par_1_78' title="bbox 653 4517 2238 4610">
     <span class='ocr_line' id='line_1_78' title="bbox 653 4517 2238 4610; baseline 0.009 -31"><span class='ocrx_word' id='word_1_591' title='bbox 653 4525 964 4610; x_wconf 75' lang='lat' dir='ltr'><strong>Conditoris</strong></span> <span class='ocrx_word' id='word_1_592' title='bbox 1003 4517 1096 4586; x_wconf 88' lang='lat' dir='ltr'><strong>aut</strong></span> <span class='ocrx_word' id='word_1_593' title='bbox 1135 4535 1342 4606; x_wconf 84' lang='lat' dir='ltr'><strong>gratia,</strong></span> <span class='ocrx_word' id='word_1_594' title='bbox 1389 4517 1480 4606; x_wconf 78' lang='lat' dir='ltr'><strong>aut</strong></span> <span class='ocrx_word' id='word_1_595' title='bbox 1508 4533 1672 4606; x_wconf 89' lang='lat' dir='ltr'><strong>(quod</strong></span> <span class='ocrx_word' id='word_1_596' title='bbox 1724 4537 1886 4610; x_wconf 86' lang='lat' dir='ltr'><strong>absit)</strong></span> <span class='ocrx_word' id='word_1_597' title='bbox 1915 4539 2104 4609; x_wconf 90' lang='lat' dir='ltr'><strong>culpa,</strong></span> <span class='ocrx_word' id='word_1_598' title='bbox 2145 4539 2238 4610; x_wconf 90' lang='lat' dir='ltr'><strong>qui</strong></span> 
     </span>
    </p>
   </div>
   <div class='ocr_carea' id='block_1_79' title="bbox 2349 3321 3816 3396">
    <p class='ocr_par' dir='ltr' id='par_1_79' title="bbox 2349 3321 3816 3396">
     <span class='ocr_line' id='line_1_79' title="bbox 2349 3321 3816 3396; baseline 0.003 -16"><span class='ocrx_word' id='word_1_599' title='bbox 2349 3325 2516 3380; x_wconf 88' lang='lat' dir='ltr'><strong>abusa</strong></span> <span class='ocrx_word' id='word_1_600' title='bbox 2561 3325 2744 3390; x_wconf 87' lang='lat' dir='ltr'><strong>fuerit,</strong></span> <span class='ocrx_word' id='word_1_601' title='bbox 2787 3327 3242 3396; x_wconf 85' lang='lat' dir='ltr'><strong>quemadmodum</strong></span> <span class='ocrx_word' id='word_1_602' title='bbox 3281 3341 3334 3384; x_wconf 87' lang='lat' dir='ltr'><strong>et</strong></span> <span class='ocrx_word' id='word_1_603' title='bbox 3371 3329 3566 3386; x_wconf 69' lang='lat' dir='ltr'><strong>caeteris</strong></span> <span class='ocrx_word' id='word_1_604' title='bbox 3599 3327 3716 3384; x_wconf 76' lang='lat' dir='ltr'><strong>donis</strong></span> <span class='ocrx_word' id='word_1_605' title='bbox 3745 3321 3816 3384; x_wconf 70' lang='grc' dir='ltr'><strong>Μ,</strong></span> 
     </span>
    </p>
   </div>
   <div class='ocr_carea' id='block_1_80' title="bbox 2349 3415 3818 3494">
    <p class='ocr_par' dir='ltr' id='par_1_80' title="bbox 2349 3415 3818 3494">
     <span class='ocr_line' id='line_1_80' title="bbox 2349 3415 3818 3494; baseline -0.001 -22"><span class='ocrx_word' id='word_1_606' title='bbox 2349 3415 2616 3472; x_wconf 84' lang='lat' dir='ltr'><strong>deformat</strong></span> <span class='ocrx_word' id='word_1_607' title='bbox 2639 3433 2758 3472; x_wconf 89' lang='lat' dir='ltr'><strong>eam</strong></span> <span class='ocrx_word' id='word_1_608' title='bbox 2787 3419 3036 3490; x_wconf 83' lang='lat' dir='ltr'><strong>nequiter</strong></span> <span class='ocrx_word' id='word_1_609' title='bbox 3071 3435 3138 3474; x_wconf 89' lang='lat' dir='ltr'><strong>ac</strong></span> <span class='ocrx_word' id='word_1_610' title='bbox 3173 3421 3444 3494; x_wconf 86' lang='lat' dir='ltr'><strong>deturpat.</strong></span> <span class='ocrx_word' id='word_1_611' title='bbox 3469 3421 3592 3489; x_wconf 82' lang='lat' dir='ltr'><strong>Quid</strong></span> <span class='ocrx_word' id='word_1_612' title='bbox 3615 3420 3818 3478; x_wconf 82' lang='lat' dir='ltr'><strong>enimsunt</strong></span> 
     </span>
    </p>
   </div>
   <div class='ocr_carea' id='block_1_81' title="bbox 2349 3509 3814 3582">
    <p class='ocr_par' dir='ltr' id='par_1_81' title="bbox 2349 3509 3814 3582">
     <span class='ocr_line' id='line_1_81' title="bbox 2349 3509 3814 3582; baseline -0.002 -19"><span class='ocrx_word' id='word_1_613' title='bbox 2349 3509 2580 3566; x_wconf 89' lang='lat' dir='ltr'><strong>virtutes</strong></span> <span class='ocrx_word' id='word_1_614' title='bbox 2607 3511 2708 3566; x_wconf 88' lang='lat' dir='ltr'><strong>nisi</strong></span> <span class='ocrx_word' id='word_1_615' title='bbox 2735 3509 2954 3568; x_wconf 88' lang='lat' dir='ltr'><strong>habitus</strong></span> <span class='ocrx_word' id='word_1_616' title='bbox 2979 3521 3140 3582; x_wconf 88' lang='lat' dir='ltr'><strong>atque</strong></span> <span class='ocrx_word' id='word_1_617' title='bbox 3175 3525 3408 3570; x_wconf 87' lang='lat' dir='ltr'><strong>ornatus</strong></span> <span class='ocrx_word' id='word_1_618' title='bbox 3445 3511 3658 3570; x_wconf 86' lang='lat' dir='ltr'><strong>rationali</strong></span> <span class='ocrx_word' id='word_1_619' title='bbox 3689 3509 3814 3564; x_wconf 73' lang='lat' dir='ltr'><strong>anima</strong></span> 
     </span>
    </p>
   </div>
   <div class='ocr_carea' id='block_1_82' title="bbox 2349 3595 3816 3674">
    <p class='ocr_par' dir='ltr' id='par_1_82' title="bbox 2349 3595 3816 3674">
     <span class='ocr_line' id='line_1_82' title="bbox 2349 3595 3816 3674; baseline 0.005 -18"><span class='ocrx_word' id='word_1_620' title='bbox 2349 3601 2528 3656; x_wconf 85' lang='lat' dir='ltr'><strong>divino</strong></span> <span class='ocrx_word' id='word_1_621' title='bbox 2575 3617 2798 3656; x_wconf 88' lang='lat' dir='ltr'><strong>munere</strong></span> <span class='ocrx_word' id='word_1_622' title='bbox 2845 3603 3220 3660; x_wconf 82' lang='lat' dir='ltr'><strong>contributas?</strong></span> <span class='ocrx_word' id='word_1_623' title='bbox 3271 3605 3400 3674; x_wconf 79' lang='lat' dir='ltr'><strong>quid</strong></span> <span class='ocrx_word' id='word_1_624' title='bbox 3447 3621 3562 3660; x_wconf 86' lang='lat' dir='ltr'><strong>vero</strong></span> <span class='ocrx_word' id='word_1_625' title='bbox 3603 3603 3724 3664; x_wconf 72' lang='lat' dir='ltr'><strong>vitia.</strong></span> <span class='ocrx_word' id='word_1_626' title='bbox 3755 3595 3816 3652; x_wconf 64' lang='grc' dir='ltr'><strong>υἱεῖ</strong></span> 
     </span>
    </p>
   </div>
   <div class='ocr_carea' id='block_1_83' title="bbox 2347 3691 3816 3758">
    <p class='ocr_par' dir='ltr' id='par_1_83' title="bbox 2347 3691 3816 3758">
     <span class='ocr_line' id='line_1_83' title="bbox 2347 3691 3816 3758; baseline -0.003 -12"><span class='ocrx_word' id='word_1_627' title='bbox 2347 3691 2544 3746; x_wconf 69' lang='lat' dir='ltr'><strong>animm</strong></span> <span class='ocrx_word' id='word_1_628' title='bbox 2585 3693 2892 3758; x_wconf 81' lang='lat' dir='ltr'><strong>rationalis,</strong></span> <span class='ocrx_word' id='word_1_629' title='bbox 2929 3709 2960 3748; x_wconf 90' lang='lat' dir='ltr'><strong>a</strong></span> <span class='ocrx_word' id='word_1_630' title='bbox 3005 3709 3135 3750; x_wconf 87' lang='lat' dir='ltr'><strong>vero</strong></span> <span class='ocrx_word' id='word_1_631' title='bbox 3173 3703 3230 3750; x_wconf 88' lang='lat' dir='ltr'><strong>et</strong></span> <span class='ocrx_word' id='word_1_632' title='bbox 3273 3713 3480 3754; x_wconf 83' lang='lat' dir='ltr'><strong>smumo</strong></span> <span class='ocrx_word' id='word_1_633' title='bbox 3521 3697 3640 3752; x_wconf 86' lang='lat' dir='ltr'><strong>boue</strong></span> <span class='ocrx_word' id='word_1_634' title='bbox 3671 3701 3816 3750; x_wconf 64' lang='lat' dir='ltr'><strong>aversa,</strong></span> 
     </span>
    </p>
   </div>
   <div class='ocr_carea' id='block_1_84' title="bbox 2347 3783 2980 3854">
    <p class='ocr_par' dir='ltr' id='par_1_84' title="bbox 2347 3783 2980 3854">
     <span class='ocr_line' id='line_1_84' title="bbox 2347 3783 2980 3854; baseline 0 -16"><span class='ocrx_word' id='word_1_635' title='bbox 2347 3783 2563 3838; x_wconf 78' lang='lat' dir='ltr'><strong>auditas</strong></span> <span class='ocrx_word' id='word_1_636' title='bbox 2593 3791 2646 3838; x_wconf 87' lang='lat' dir='ltr'><strong>et</strong></span> <span class='ocrx_word' id='word_1_637' title='bbox 2671 3783 2980 3854; x_wconf 80' lang='lat' dir='ltr'><strong>turpitudo?</strong></span> 
     </span>
    </p>
   </div>
   <div class='ocr_carea' id='block_1_85' title="bbox 2419 3871 3816 3946">
    <p class='ocr_par' dir='ltr' id='par_1_85' title="bbox 2419 3871 3816 3946">
     <span class='ocr_line' id='line_1_85' title="bbox 2419 3871 3816 3946; baseline -0.001 -18"><span class='ocrx_word' id='word_1_638' title='bbox 2419 3871 2474 3928; x_wconf 91' lang='lat' dir='ltr'><strong>Si</strong></span> <span class='ocrx_word' id='word_1_639' title='bbox 2505 3875 2648 3928; x_wconf 89' lang='lat' dir='ltr'><strong>enim</strong></span> <span class='ocrx_word' id='word_1_640' title='bbox 2689 3873 2826 3930; x_wconf 87' lang='lat' dir='ltr'><strong>velle</strong></span> <span class='ocrx_word' id='word_1_641' title='bbox 2851 3875 3090 3930; x_wconf 89' lang='lat' dir='ltr'><strong>hominis</strong></span> <span class='ocrx_word' id='word_1_642' title='bbox 3119 3885 3202 3932; x_wconf 90' lang='lat' dir='ltr'><strong>est</strong></span> <span class='ocrx_word' id='word_1_643' title='bbox 3245 3875 3364 3946; x_wconf 88' lang='lat' dir='ltr'><strong>ejus</strong></span> <span class='ocrx_word' id='word_1_644' title='bbox 3407 3873 3684 3932; x_wconf 82' lang='lat' dir='ltr'><strong>substantia.</strong></span> <span class='ocrx_word' id='word_1_645' title='bbox 3711 3877 3816 3936; x_wconf 68' lang='lat' dir='ltr'><strong>quate</strong></span> 
     </span>
    </p>
   </div>
   <div class='ocr_carea' id='block_1_86' title="bbox 2343 3955 3818 4038">
    <p class='ocr_par' dir='ltr' id='par_1_86' title="bbox 2343 3955 3818 4038">
     <span class='ocr_line' id='line_1_86' title="bbox 2343 3955 3818 4038; baseline -0.004 -20"><span class='ocrx_word' id='word_1_646' title='bbox 2343 3962 2478 4018; x_wconf 85' lang='lat' dir='ltr'><strong>dicit</strong></span> <span class='ocrx_word' id='word_1_647' title='bbox 2505 3963 2796 4032; x_wconf 77' lang='lat' dir='ltr'><strong>Apostolus</strong></span> <span class='ocrx_word' id='word_1_648' title='bbox 2825 3983 2836 4018; x_wconf 90' lang='lat'><strong>:</strong></span> <span class='ocrx_word' id='word_1_649' title='bbox 2871 3963 3014 4024; x_wconf 83' lang='lat' dir='ltr'><strong>Deus</strong></span> <span class='ocrx_word' id='word_1_650' title='bbox 3043 3975 3116 4020; x_wconf 84' lang='lat' dir='ltr'><strong>est</strong></span> <span class='ocrx_word' id='word_1_651' title='bbox 3145 3966 3282 4020; x_wconf 82' lang='lat' dir='ltr'><strong>enim</strong></span> <span class='ocrx_word' id='word_1_652' title='bbox 3313 3969 3400 4038; x_wconf 80' lang='lat' dir='ltr'><strong>qui</strong></span> <span class='ocrx_word' id='word_1_653' title='bbox 3429 3975 3646 4037; x_wconf 78' lang='lat' dir='ltr'><strong>operatur</strong></span> <span class='ocrx_word' id='word_1_654' title='bbox 3666 3963 3706 4014; x_wconf 82' lang='lat' dir='ltr'><strong>ia</strong></span> <span class='ocrx_word' id='word_1_655' title='bbox 3733 3955 3818 4012; x_wconf 69' lang='lat' dir='ltr'><strong>tollit</strong></span> 
     </span>
    </p>
   </div>
   <div class='ocr_carea' id='block_1_87' title="bbox 2345 4047 3814 4136">
    <p class='ocr_par' dir='ltr' id='par_1_87' title="bbox 2345 4047 3814 4136">
     <span class='ocr_line' id='line_1_87' title="bbox 2345 4047 3814 4136; baseline -0.002 -28"><span class='ocrx_word' id='word_1_656' title='bbox 2345 4053 2473 4108; x_wconf 77' lang='lat' dir='ltr'><strong>uelle</strong></span> <span class='ocrx_word' id='word_1_657' title='bbox 2493 4065 2540 4108; x_wconf 87' lang='lat' dir='ltr'><strong>et</strong></span> <span class='ocrx_word' id='word_1_658' title='bbox 2569 4055 2815 4124; x_wconf 76' lang='lat' dir='ltr'><strong>perﬁcere</strong></span> <span class='ocrx_word' id='word_1_659' title='bbox 2855 4073 2952 4136; x_wconf 69' lang='lat' dir='ltr'><strong>prp</strong></span> <span class='ocrx_word' id='word_1_660' title='bbox 2995 4057 3128 4112; x_wconf 84' lang='lat' dir='ltr'><strong>bona</strong></span> <span class='ocrx_word' id='word_1_661' title='bbox 3166 4059 3431 4114; x_wconf 79' lang='lat' dir='ltr'><strong>voluntate</strong></span> <span class='ocrx_word' id='word_1_662' title='bbox 3461 4055 3650 4128; x_wconf 75' lang='lat' dir='ltr'><strong>(Philip.</strong></span> <span class='ocrx_word' id='word_1_663' title='bbox 3675 4067 3720 4114; x_wconf 80' lang='grc' dir='ltr'><strong>ιι,</strong></span> <span class='ocrx_word' id='word_1_664' title='bbox 3749 4047 3814 4112; x_wconf 75' lang='grc' dir='ltr'><strong>15)σ</strong></span> 
     </span>
    </p>
   </div>
   <div class='ocr_carea' id='block_1_88' title="bbox 2345 4145 3818 4222">
    <p class='ocr_par' dir='ltr' id='par_1_88' title="bbox 2345 4145 3818 4222">
     <span class='ocr_line' id='line_1_88' title="bbox 2345 4145 3818 4222; baseline -0.001 -21"><span class='ocrx_word' id='word_1_665' title='bbox 2345 4145 2614 4214; x_wconf 83' lang='lat' dir='ltr'><strong>Profecto,</strong></span> <span class='ocrx_word' id='word_1_666' title='bbox 2648 4149 2846 4218; x_wconf 89' lang='lat' dir='ltr'><strong>quibus</strong></span> <span class='ocrx_word' id='word_1_667' title='bbox 2887 4150 2992 4218; x_wconf 84' lang='lat' dir='ltr'><strong>ista</strong></span> <span class='ocrx_word' id='word_1_668' title='bbox 3023 4152 3242 4206; x_wconf 89' lang='lat' dir='ltr'><strong>dicebat</strong></span> <span class='ocrx_word' id='word_1_669' title='bbox 3289 4150 3580 4222; x_wconf 79' lang='lat' dir='ltr'><strong>Apostolus,</strong></span> <span class='ocrx_word' id='word_1_670' title='bbox 3601 4147 3690 4218; x_wconf 85' lang='lat' dir='ltr'><strong>jam</strong></span> <span class='ocrx_word' id='word_1_671' title='bbox 3715 4151 3818 4210; x_wconf 65' lang='grc' dir='ltr'><strong>ιηιῡη</strong></span> 
     </span>
    </p>
   </div>
   <div class='ocr_carea' id='block_1_89' title="bbox 2347 4237 3812 4312">
    <p class='ocr_par' dir='ltr' id='par_1_89' title="bbox 2347 4237 3812 4312">
     <span class='ocr_line' id='line_1_89' title="bbox 2347 4237 3812 4312; baseline -0.007 -14"><span class='ocrx_word' id='word_1_672' title='bbox 2347 4241 2442 4298; x_wconf 90' lang='lat' dir='ltr'><strong>Dei</strong></span> <span class='ocrx_word' id='word_1_673' title='bbox 2481 4241 2606 4296; x_wconf 87' lang='lat' dir='ltr'><strong>facti</strong></span> <span class='ocrx_word' id='word_1_674' title='bbox 2639 4241 2958 4312; x_wconf 83' lang='lat' dir='ltr'><strong>erant,ja_m</strong></span> <span class='ocrx_word' id='word_1_675' title='bbox 3011 4245 3370 4300; x_wconf 82' lang='lat' dir='ltr'><strong>substantiam</strong></span> <span class='ocrx_word' id='word_1_676' title='bbox 3415 4237 3812 4308; x_wconf 59' lang='lat' dir='ltr'><strong>exsistcndiscwﬂ&#39;</strong></span> 
     </span>
    </p>
   </div>
   <div class='ocr_carea' id='block_1_90' title="bbox 2346 4327 3816 4406">
    <p class='ocr_par' dir='ltr' id='par_1_90' title="bbox 2346 4327 3816 4406">
     <span class='ocr_line' id='line_1_90' title="bbox 2346 4327 3816 4406; baseline -0.007 -18"><span class='ocrx_word' id='word_1_677' title='bbox 2346 4333 2472 4388; x_wconf 90' lang='lat' dir='ltr'><strong>dum</strong></span> <span class='ocrx_word' id='word_1_678' title='bbox 2493 4334 2728 4388; x_wconf 88' lang='lat' dir='ltr'><strong>animam</strong></span> <span class='ocrx_word' id='word_1_679' title='bbox 2757 4343 2810 4390; x_wconf 87' lang='lat' dir='ltr'><strong>et</strong></span> <span class='ocrx_word' id='word_1_680' title='bbox 2836 4349 3032 4406; x_wconf 86' lang='lat' dir='ltr'><strong>corpus</strong></span> <span class='ocrx_word' id='word_1_681' title='bbox 3057 4343 3403 4406; x_wconf 83' lang='lat' dir='ltr'><strong>acceperant.</strong></span> <span class='ocrx_word' id='word_1_682' title='bbox 3435 4333 3490 4390; x_wconf 88' lang='lat' dir='ltr'><strong>Si</strong></span> <span class='ocrx_word' id='word_1_683' title='bbox 3515 4345 3642 4402; x_wconf 76' lang='lat' dir='ltr'><strong>ergo,</strong></span> <span class='ocrx_word' id='word_1_684' title='bbox 3663 4327 3764 4382; x_wconf 75' lang='lat' dir='ltr'><strong>sicut</strong></span> <span class='ocrx_word' id='word_1_685' title='bbox 3783 4327 3816 4372; x_wconf 76' lang='lat' dir='ltr'><strong>tu</strong></span> 
     </span>
    </p>
   </div>
   <div class='ocr_carea' id='block_1_91' title="bbox 2346 4423 3816 4502">
    <p class='ocr_par' dir='ltr' id='par_1_91' title="bbox 2346 4423 3816 4502">
     <span class='ocr_line' id='line_1_91' title="bbox 2346 4423 3816 4502; baseline -0.001 -16"><span class='ocrx_word' id='word_1_686' title='bbox 2346 4431 2504 4496; x_wconf 87' lang='lat' dir='ltr'><strong>dicis,</strong></span> <span class='ocrx_word' id='word_1_687' title='bbox 2551 4429 2803 4502; x_wconf 78' lang='lat' dir='ltr'><strong>voluntas</strong></span> <span class='ocrx_word' id='word_1_688' title='bbox 2845 4430 3080 4486; x_wconf 87' lang='lat' dir='ltr'><strong>hominis</strong></span> <span class='ocrx_word' id='word_1_689' title='bbox 3133 4429 3374 4500; x_wconf 81' lang='lat' dir='ltr'><strong>essentia</strong></span> <span class='ocrx_word' id='word_1_690' title='bbox 3427 4427 3556 4484; x_wconf 88' lang='lat' dir='ltr'><strong>illius</strong></span> <span class='ocrx_word' id='word_1_691' title='bbox 3597 4429 3678 4484; x_wconf 60' lang='lat' dir='ltr'><strong>esi.</strong></span> <span class='ocrx_word' id='word_1_692' title='bbox 3713 4423 3816 4484; x_wconf 69' lang='grc' dir='ltr'><strong>ειιηιιι</strong></span> 
     </span>
    </p>
   </div>
   <div class='ocr_carea' id='block_1_92' title="bbox 2339 4503 3818 4594">
    <p class='ocr_par' dir='ltr' id='par_1_92' title="bbox 2339 4503 3818 4594">
     <span class='ocr_line' id='line_1_92' title="bbox 2339 4503 3818 4594; baseline -0.003 -18"><span class='ocrx_word' id='word_1_693' title='bbox 2339 4523 2452 4594; x_wconf 89' lang='lat' dir='ltr'><strong>jam</strong></span> <span class='ocrx_word' id='word_1_694' title='bbox 2481 4521 2774 4588; x_wconf 87' lang='lat' dir='ltr'><strong>habebant,</strong></span> <span class='ocrx_word' id='word_1_695' title='bbox 2807 4523 2935 4592; x_wconf 84' lang='lat' dir='ltr'><strong>quid</strong></span> <span class='ocrx_word' id='word_1_696' title='bbox 2965 4538 3186 4578; x_wconf 87' lang='lat' dir='ltr'><strong>necesse</strong></span> <span class='ocrx_word' id='word_1_697' title='bbox 3213 4533 3330 4579; x_wconf 87' lang='lat' dir='ltr'><strong>erat</strong></span> <span class='ocrx_word' id='word_1_698' title='bbox 3357 4519 3534 4590; x_wconf 85' lang='lat' dir='ltr'><strong>utjam</strong></span> <span class='ocrx_word' id='word_1_699' title='bbox 3561 4517 3720 4572; x_wconf 75' lang='lat' dir='ltr'><strong>factam</strong></span> <span class='ocrx_word' id='word_1_700' title='bbox 3743 4503 3818 4562; x_wconf 57' lang='lat' dir='ltr'><strong>sttit</strong></span> 
     </span>
    </p>
   </div>
   <div class='ocr_carea' id='block_1_93' title="bbox 653 4609 2240 4692">
    <p class='ocr_par' dir='ltr' id='par_1_93' title="bbox 653 4609 2240 4692">
     <span class='ocr_line' id='line_1_93' title="bbox 653 4609 2240 4692; baseline 0.008 -16"><span class='ocrx_word' id='word_1_701' title='bbox 653 4609 816 4678; x_wconf 79' lang='lat' dir='ltr'><strong>talem</strong></span> <span class='ocrx_word' id='word_1_702' title='bbox 851 4633 1098 4680; x_wconf 89' lang='lat' dir='ltr'><strong>naturam</strong></span> <span class='ocrx_word' id='word_1_703' title='bbox 1137 4625 1190 4680; x_wconf 91' lang='lat' dir='ltr'><strong>in</strong></span> <span class='ocrx_word' id='word_1_704' title='bbox 1236 4627 1488 4682; x_wconf 87' lang='lat' dir='ltr'><strong>utrolibet</strong></span> <span class='ocrx_word' id='word_1_705' title='bbox 1538 4609 2002 4688; x_wconf 88' lang='lat' dir='ltr'><strong>iuconvertibilem</strong></span> <span class='ocrx_word' id='word_1_706' title='bbox 2052 4609 2240 4692; x_wconf 83' lang='lat' dir='ltr'><strong>condi-</strong></span> 
     </span>
    </p>
   </div>
   <div class='ocr_carea' id='block_1_94' title="bbox 2267 4609 3814 4692">
    <p class='ocr_par' dir='ltr' id='par_1_94' title="bbox 2267 4609 3814 4688">
     <span class='ocr_line' id='line_1_94' title="bbox 2267 4609 3814 4688; baseline -0.009 -20"><span class='ocrx_word' id='word_1_707' title='bbox 2267 4617 2320 4678; x_wconf 90' lang='lat' dir='ltr'><strong>D</strong></span> <span class='ocrx_word' id='word_1_708' title='bbox 2347 4614 2600 4688; x_wconf 86' lang='lat' dir='ltr'><strong>stantiam</strong></span> <span class='ocrx_word' id='word_1_709' title='bbox 2655 4613 2708 4668; x_wconf 92' lang='lat' dir='ltr'><strong>in</strong></span> <span class='ocrx_word' id='word_1_710' title='bbox 2759 4615 2838 4670; x_wconf 85' lang='lat' dir='ltr'><strong>eis</strong></span> <span class='ocrx_word' id='word_1_711' title='bbox 2866 4624 3184 4684; x_wconf 86' lang='lat' dir='ltr'><strong>operaretur</strong></span> <span class='ocrx_word' id='word_1_712' title='bbox 3227 4615 3370 4670; x_wconf 87' lang='lat' dir='ltr'><strong>Deus</strong></span> <span class='ocrx_word' id='word_1_713' title='bbox 3395 4654 3410 4680; x_wconf 92' lang='lat'><strong>,</strong></span> <span class='ocrx_word' id='word_1_714' title='bbox 3455 4609 3706 4684; x_wconf 57' lang='lat' dir='ltr'><strong>praesertim</strong></span> <span class='ocrx_word' id='word_1_715' title='bbox 3739 4609 3814 4654; x_wconf 75' lang='lat' dir='ltr'><strong>cum</strong></span> 
     </span>
    </p>
   </div>
   <div class='ocr_carea' id='block_1_95' title="bbox 652 4713 2240 4794">
    <p class='ocr_par' dir='ltr' id='par_1_95' title="bbox 652 4713 2240 4794">
     <span class='ocr_line' id='line_1_95' title="bbox 652 4713 2240 4794; baseline 0.007 -27"><span class='ocrx_word' id='word_1_716' title='bbox 652 4713 839 4794; x_wconf 84' lang='lat' dir='ltr'><strong>disset.</strong></span> <span class='ocrx_word' id='word_1_717' title='bbox 873 4717 1039 4788; x_wconf 78' lang='lat' dir='ltr'><strong>Igitur</strong></span> <span class='ocrx_word' id='word_1_718' title='bbox 1077 4717 1210 4772; x_wconf 88' lang='lat' dir='ltr'><strong>velle</strong></span> <span class='ocrx_word' id='word_1_719' title='bbox 1255 4719 1322 4774; x_wconf 87' lang='lat' dir='ltr'><strong>ah</strong></span> <span class='ocrx_word' id='word_1_720' title='bbox 1367 4719 1518 4774; x_wconf 89' lang='lat' dir='ltr'><strong>initio</strong></span> <span class='ocrx_word' id='word_1_721' title='bbox 1547 4721 1867 4778; x_wconf 88' lang='lat' dir='ltr'><strong>naturaliter</strong></span> <span class='ocrx_word' id='word_1_722' title='bbox 1906 4723 2124 4778; x_wconf 86' lang='lat' dir='ltr'><strong>insitum</strong></span> <span class='ocrx_word' id='word_1_723' title='bbox 2153 4732 2240 4778; x_wconf 82' lang='lat' dir='ltr'><strong>est</strong></span> 
     </span>
    </p>
   </div>
   <div class='ocr_carea' id='block_1_96' title="bbox 653 4805 2237 4882">
    <p class='ocr_par' dir='ltr' id='par_1_96' title="bbox 653 4805 2237 4882">
     <span class='ocr_line' id='line_1_96' title="bbox 653 4805 2237 4882; baseline 0.006 -23"><span class='ocrx_word' id='word_1_724' title='bbox 653 4805 858 4862; x_wconf 86' lang='lat' dir='ltr'><strong>homini</strong></span> <span class='ocrx_word' id='word_1_725' title='bbox 891 4826 903 4862; x_wconf 92' lang='lat'><strong>:</strong></span> <span class='ocrx_word' id='word_1_726' title='bbox 931 4817 1106 4864; x_wconf 89' lang='lat' dir='ltr'><strong>motus</strong></span> <span class='ocrx_word' id='word_1_727' title='bbox 1147 4819 1326 4866; x_wconf 89' lang='lat' dir='ltr'><strong>autem</strong></span> <span class='ocrx_word' id='word_1_728' title='bbox 1361 4813 1528 4882; x_wconf 88' lang='lat' dir='ltr'><strong>ipsius</strong></span> <span class='ocrx_word' id='word_1_729' title='bbox 1555 4813 1848 4868; x_wconf 87' lang='lat' dir='ltr'><strong>voluntatis</strong></span> <span class='ocrx_word' id='word_1_730' title='bbox 1877 4814 1950 4868; x_wconf 86' lang='lat' dir='ltr'><strong>ita</strong></span> <span class='ocrx_word' id='word_1_731' title='bbox 1979 4815 2028 4868; x_wconf 92' lang='lat' dir='ltr'><strong>ei</strong></span> <span class='ocrx_word' id='word_1_732' title='bbox 2064 4813 2237 4870; x_wconf 90' lang='lat' dir='ltr'><strong>bonus</strong></span> 
     </span>
    </p>
   </div>
   <div class='ocr_carea' id='block_1_97' title="bbox 651 4899 2234 4972">
    <p class='ocr_par' dir='ltr' id='par_1_97' title="bbox 651 4899 2234 4972">
     <span class='ocr_line' id='line_1_97' title="bbox 651 4899 2234 4972; baseline 0.004 -20"><span class='ocrx_word' id='word_1_733' title='bbox 651 4909 735 4954; x_wconf 87' lang='lat' dir='ltr'><strong>est</strong></span> <span class='ocrx_word' id='word_1_734' title='bbox 761 4899 936 4964; x_wconf 88' lang='lat' dir='ltr'><strong>datus,</strong></span> <span class='ocrx_word' id='word_1_735' title='bbox 971 4909 1030 4955; x_wconf 90' lang='lat' dir='ltr'><strong>ut</strong></span> <span class='ocrx_word' id='word_1_736' title='bbox 1055 4901 1156 4956; x_wconf 85' lang='lat' dir='ltr'><strong>nisi</strong></span> <span class='ocrx_word' id='word_1_737' title='bbox 1191 4919 1288 4958; x_wconf 89' lang='lat' dir='ltr'><strong>sua</strong></span> <span class='ocrx_word' id='word_1_738' title='bbox 1327 4913 1520 4972; x_wconf 87' lang='lat' dir='ltr'><strong>sponte</strong></span> <span class='ocrx_word' id='word_1_739' title='bbox 1548 4915 1855 4960; x_wconf 86' lang='lat' dir='ltr'><strong>moveretur</strong></span> <span class='ocrx_word' id='word_1_740' title='bbox 1893 4905 1960 4960; x_wconf 90' lang='lat' dir='ltr'><strong>ad</strong></span> <span class='ocrx_word' id='word_1_741' title='bbox 2008 4907 2234 4972; x_wconf 89' lang='lat' dir='ltr'><strong>bonum,</strong></span> 
     </span>
    </p>
   </div>
   <div class='ocr_carea' id='block_1_98' title="bbox 651 4992 2234 5070">
    <p class='ocr_par' dir='ltr' id='par_1_98' title="bbox 651 4992 2234 5070">
     <span class='ocr_line' id='line_1_98' title="bbox 651 4992 2234 5070; baseline 0.004 -26"><span class='ocrx_word' id='word_1_742' title='bbox 651 5003 748 5058; x_wconf 81' lang='lat' dir='ltr'><strong>sua</strong></span> <span class='ocrx_word' id='word_1_743' title='bbox 785 4997 976 5060; x_wconf 84' lang='lat' dir='ltr'><strong>sponte</strong></span> <span class='ocrx_word' id='word_1_744' title='bbox 1005 4992 1174 5070; x_wconf 82' lang='lat' dir='ltr'><strong>etiam</strong></span> <span class='ocrx_word' id='word_1_745' title='bbox 1216 4993 1570 5062; x_wconf 80' lang='lat' dir='ltr'><strong>inclinaretur</strong></span> <span class='ocrx_word' id='word_1_746' title='bbox 1605 4995 1670 5048; x_wconf 89' lang='lat' dir='ltr'><strong>ad</strong></span> <span class='ocrx_word' id='word_1_747' title='bbox 1707 4994 1906 5048; x_wconf 89' lang='lat' dir='ltr'><strong>malum</strong></span> <span class='ocrx_word' id='word_1_748' title='bbox 1941 5013 1954 5048; x_wconf 90' lang='lat'><strong>:</strong></span> <span class='ocrx_word' id='word_1_749' title='bbox 1985 5003 2234 5064; x_wconf 84' lang='lat' dir='ltr'><strong>essetque</strong></span> 
     </span>
    </p>
   </div>
   <div class='ocr_carea' id='block_1_99' title="bbox 652 5079 2238 5160">
    <p class='ocr_par' dir='ltr' id='par_1_99' title="bbox 652 5079 2238 5160">
     <span class='ocr_line' id='line_1_99' title="bbox 652 5079 2238 5160; baseline 0.005 -26"><span class='ocrx_word' id='word_1_750' title='bbox 652 5079 726 5134; x_wconf 88' lang='lat' dir='ltr'><strong>illi</strong></span> <span class='ocrx_word' id='word_1_751' title='bbox 751 5095 816 5136; x_wconf 75' lang='lat' dir='ltr'><strong>ex</strong></span> <span class='ocrx_word' id='word_1_752' title='bbox 847 5097 957 5138; x_wconf 63' lang='lat' dir='ltr'><strong>suae</strong></span> <span class='ocrx_word' id='word_1_753' title='bbox 988 5082 1280 5160; x_wconf 72' lang='lat' dir='ltr'><strong>voluntatis</strong></span> <span class='ocrx_word' id='word_1_754' title='bbox 1321 5085 1550 5140; x_wconf 88' lang='lat' dir='ltr'><strong>arbitrio.</strong></span> <span class='ocrx_word' id='word_1_755' title='bbox 1589 5087 1842 5140; x_wconf 88' lang='lat' dir='ltr'><strong>meritum</strong></span> <span class='ocrx_word' id='word_1_756' title='bbox 1881 5085 2080 5140; x_wconf 89' lang='lat' dir='ltr'><strong>bonum</strong></span> <span class='ocrx_word' id='word_1_757' title='bbox 2109 5085 2238 5154; x_wconf 28' lang='lat' dir='ltr'><strong>Isive</strong></span> 
     </span>
    </p>
   </div>
   <div class='ocr_carea' id='block_1_100' title="bbox 651 5169 2238 5248">
    <p class='ocr_par' dir='ltr' id='par_1_100' title="bbox 651 5169 2238 5248">
     <span class='ocr_line' id='line_1_100' title="bbox 651 5169 2238 5248; baseline 0.004 -24"><span class='ocrx_word' id='word_1_758' title='bbox 651 5169 880 5234; x_wconf 88' lang='lat' dir='ltr'><strong>malum,</strong></span> <span class='ocrx_word' id='word_1_759' title='bbox 903 5181 956 5225; x_wconf 86' lang='lat' dir='ltr'><strong>et</strong></span> <span class='ocrx_word' id='word_1_760' title='bbox 977 5185 1370 5248; x_wconf 78' lang='lat' dir='ltr'><strong>consequenter</strong></span> <span class='ocrx_word' id='word_1_761' title='bbox 1389 5173 1592 5242; x_wconf 87' lang='lat' dir='ltr'><strong>justum</strong></span> <span class='ocrx_word' id='word_1_762' title='bbox 1619 5175 1900 5244; x_wconf 64' lang='lat' dir='ltr'><strong>pratulium</strong></span> <span class='ocrx_word' id='word_1_763' title='bbox 1929 5173 2012 5230; x_wconf 88' lang='lat' dir='ltr'><strong>vel</strong></span> <span class='ocrx_word' id='word_1_764' title='bbox 2039 5175 2238 5248; x_wconf 82' lang='lat' dir='ltr'><strong>suppli-</strong></span> 
     </span>
    </p>
   </div>
   <div class='ocr_carea' id='block_1_101' title="bbox 651 5259 2238 5336">
    <p class='ocr_par' dir='ltr' id='par_1_101' title="bbox 651 5259 2238 5336">
     <span class='ocr_line' id='line_1_101' title="bbox 651 5259 2238 5336; baseline 0.005 -22"><span class='ocrx_word' id='word_1_765' title='bbox 651 5259 816 5314; x_wconf 88' lang='lat' dir='ltr'><strong>cium.</strong></span> <span class='ocrx_word' id='word_1_766' title='bbox 861 5259 1068 5332; x_wconf 89' lang='lat' dir='ltr'><strong>Lapsus</strong></span> <span class='ocrx_word' id='word_1_767' title='bbox 1100 5279 1228 5334; x_wconf 77' lang='lat' dir='ltr'><strong>crgo</strong></span> <span class='ocrx_word' id='word_1_768' title='bbox 1267 5264 1428 5320; x_wconf 87' lang='lat' dir='ltr'><strong>homo</strong></span> <span class='ocrx_word' id='word_1_769' title='bbox 1471 5265 1524 5320; x_wconf 90' lang='lat' dir='ltr'><strong>in</strong></span> <span class='ocrx_word' id='word_1_770' title='bbox 1563 5275 1880 5336; x_wconf 85' lang='lat' dir='ltr'><strong>peccatum,</strong></span> <span class='ocrx_word' id='word_1_771' title='bbox 1915 5281 2020 5322; x_wconf 90' lang='lat' dir='ltr'><strong>non</strong></span> <span class='ocrx_word' id='word_1_772' title='bbox 2055 5267 2238 5324; x_wconf 86' lang='lat' dir='ltr'><strong>amisit</strong></span> 
     </span>
    </p>
   </div>
   <div class='ocr_carea' id='block_1_102' title="bbox 651 5353 2235 5427">
    <p class='ocr_par' dir='ltr' id='par_1_102' title="bbox 651 5353 2235 5427">
     <span class='ocr_line' id='line_1_102' title="bbox 651 5353 2235 5427; baseline 0.006 -22"><span class='ocrx_word' id='word_1_773' title='bbox 651 5367 772 5406; x_wconf 88' lang='lat' dir='ltr'><strong>esse</strong></span> <span class='ocrx_word' id='word_1_774' title='bbox 795 5353 939 5422; x_wconf 90' lang='lat' dir='ltr'><strong>quod</strong></span> <span class='ocrx_word' id='word_1_775' title='bbox 969 5369 998 5408; x_wconf 88' lang='lat' dir='ltr'><strong>a</strong></span> <span class='ocrx_word' id='word_1_776' title='bbox 1041 5365 1254 5420; x_wconf 89' lang='lat' dir='ltr'><strong>natura,</strong></span> <span class='ocrx_word' id='word_1_777' title='bbox 1281 5371 1384 5410; x_wconf 91' lang='lat' dir='ltr'><strong>non</strong></span> <span class='ocrx_word' id='word_1_778' title='bbox 1419 5357 1601 5411; x_wconf 77' lang='lat' dir='ltr'><strong>alitisit</strong></span> <span class='ocrx_word' id='word_1_779' title='bbox 1631 5357 1764 5410; x_wconf 88' lang='lat' dir='ltr'><strong>velle</strong></span> <span class='ocrx_word' id='word_1_780' title='bbox 1790 5357 1932 5427; x_wconf 90' lang='lat' dir='ltr'><strong>quod</strong></span> <span class='ocrx_word' id='word_1_781' title='bbox 1959 5366 2040 5412; x_wconf 89' lang='lat' dir='ltr'><strong>est</strong></span> <span class='ocrx_word' id='word_1_782' title='bbox 2067 5359 2114 5414; x_wconf 89' lang='lat' dir='ltr'><strong>ei</strong></span> <span class='ocrx_word' id='word_1_783' title='bbox 2141 5375 2235 5414; x_wconf 84' lang='lat' dir='ltr'><strong>ua-</strong></span> 
     </span>
    </p>
   </div>
   <div class='ocr_carea' id='block_1_103' title="bbox 653 5443 2232 5516">
    <p class='ocr_par' dir='ltr' id='par_1_103' title="bbox 653 5443 2232 5516">
     <span class='ocr_line' id='line_1_103' title="bbox 653 5443 2232 5516; baseline 0.006 -20"><span class='ocrx_word' id='word_1_784' title='bbox 653 5443 828 5498; x_wconf 90' lang='lat' dir='ltr'><strong>turale</strong></span> <span class='ocrx_word' id='word_1_785' title='bbox 853 5463 864 5498; x_wconf 92' lang='lat'><strong>:</strong></span> <span class='ocrx_word' id='word_1_786' title='bbox 895 5445 987 5500; x_wconf 90' lang='lat' dir='ltr'><strong>sed</strong></span> <span class='ocrx_word' id='word_1_787' title='bbox 1013 5447 1194 5506; x_wconf 86' lang='lat' dir='ltr'><strong>amisit</strong></span> <span class='ocrx_word' id='word_1_788' title='bbox 1219 5449 1358 5504; x_wconf 86' lang='lat' dir='ltr'><strong>bene</strong></span> <span class='ocrx_word' id='word_1_789' title='bbox 1381 5447 1534 5514; x_wconf 83' lang='lat' dir='ltr'><strong>velle,</strong></span> <span class='ocrx_word' id='word_1_790' title='bbox 1562 5457 1616 5504; x_wconf 90' lang='lat' dir='ltr'><strong>et</strong></span> <span class='ocrx_word' id='word_1_791' title='bbox 1643 5449 1868 5506; x_wconf 87' lang='lat' dir='ltr'><strong>incurrit</strong></span> <span class='ocrx_word' id='word_1_792' title='bbox 1897 5449 2035 5504; x_wconf 84' lang='lat' dir='ltr'><strong>male</strong></span> <span class='ocrx_word' id='word_1_793' title='bbox 2065 5449 2232 5516; x_wconf 86' lang='lat' dir='ltr'><strong>velle;</strong></span> 
     </span>
    </p>
   </div>
   <div class='ocr_carea' id='block_1_104' title="bbox 651 5535 2234 5608">
    <p class='ocr_par' dir='ltr' id='par_1_104' title="bbox 651 5535 2234 5608">
     <span class='ocr_line' id='line_1_104' title="bbox 651 5535 2234 5608; baseline 0.005 -20"><span class='ocrx_word' id='word_1_794' title='bbox 651 5535 726 5588; x_wconf 88' lang='lat' dir='ltr'><strong>ita</strong></span> <span class='ocrx_word' id='word_1_795' title='bbox 759 5545 998 5592; x_wconf 77' lang='lat' dir='ltr'><strong>Itiutatus</strong></span> <span class='ocrx_word' id='word_1_796' title='bbox 1021 5548 1102 5592; x_wconf 90' lang='lat' dir='ltr'><strong>est</strong></span> <span class='ocrx_word' id='word_1_797' title='bbox 1131 5540 1180 5592; x_wconf 90' lang='lat' dir='ltr'><strong>iu</strong></span> <span class='ocrx_word' id='word_1_798' title='bbox 1223 5539 1332 5604; x_wconf 89' lang='lat' dir='ltr'><strong>illo,</strong></span> <span class='ocrx_word' id='word_1_799' title='bbox 1357 5541 1437 5594; x_wconf 90' lang='lat' dir='ltr'><strong>vel</strong></span> <span class='ocrx_word' id='word_1_800' title='bbox 1469 5543 1632 5596; x_wconf 88' lang='lat' dir='ltr'><strong>etiam</strong></span> <span class='ocrx_word' id='word_1_801' title='bbox 1661 5542 1893 5596; x_wconf 81' lang='lat' dir='ltr'><strong>amissus</strong></span> <span class='ocrx_word' id='word_1_802' title='bbox 1925 5549 2124 5608; x_wconf 89' lang='lat' dir='ltr'><strong>motus,</strong></span> <span class='ocrx_word' id='word_1_803' title='bbox 2149 5541 2234 5598; x_wconf 87' lang='lat' dir='ltr'><strong>vel</strong></span> 
     </span>
    </p>
   </div>
   <div class='ocr_carea' id='block_1_105' title="bbox 651 5621 2235 5702">
    <p class='ocr_par' dir='ltr' id='par_1_105' title="bbox 651 5621 2235 5702">
     <span class='ocr_line' id='line_1_105' title="bbox 651 5621 2235 5702; baseline 0.008 -26"><span class='ocrx_word' id='word_1_804' title='bbox 651 5621 886 5678; x_wconf 81' lang='lat' dir='ltr'><strong>cilicium</strong></span> <span class='ocrx_word' id='word_1_805' title='bbox 931 5637 1152 5692; x_wconf 68' lang='lat' dir='ltr'><strong>munra),</strong></span> <span class='ocrx_word' id='word_1_806' title='bbox 1187 5641 1388 5684; x_wconf 88' lang='lat' dir='ltr'><strong>mutata</strong></span> <span class='ocrx_word' id='word_1_807' title='bbox 1427 5641 1590 5686; x_wconf 88' lang='lat' dir='ltr'><strong>estet</strong></span> <span class='ocrx_word' id='word_1_808' title='bbox 1629 5631 1744 5702; x_wconf 86' lang='lat' dir='ltr'><strong>ipsa</strong></span> <span class='ocrx_word' id='word_1_809' title='bbox 1779 5631 1830 5686; x_wconf 90' lang='lat' dir='ltr'><strong>in</strong></span> <span class='ocrx_word' id='word_1_810' title='bbox 1865 5633 2102 5688; x_wconf 86' lang='lat' dir='ltr'><strong>deterius</strong></span> <span class='ocrx_word' id='word_1_811' title='bbox 2137 5651 2235 5688; x_wconf 88' lang='lat' dir='ltr'><strong>na-</strong></span> 
     </span>
    </p>
   </div>
   <div class='ocr_carea' id='block_1_106' title="bbox 653 5721 2232 5798">
    <p class='ocr_par' dir='ltr' id='par_1_106' title="bbox 653 5721 2232 5798">
     <span class='ocr_line' id='line_1_106' title="bbox 653 5721 2232 5798; baseline 0.008 -28"><span class='ocrx_word' id='word_1_812' title='bbox 653 5721 805 5780; x_wconf 80' lang='lat' dir='ltr'><strong>tura;</strong></span> <span class='ocrx_word' id='word_1_813' title='bbox 837 5727 1040 5772; x_wconf 84' lang='lat' dir='ltr'><strong>nmtata</strong></span> <span class='ocrx_word' id='word_1_814' title='bbox 1085 5729 1298 5798; x_wconf 84' lang='lat' dir='ltr'><strong>tamen,</strong></span> <span class='ocrx_word' id='word_1_815' title='bbox 1335 5739 1438 5778; x_wconf 90' lang='lat' dir='ltr'><strong>non</strong></span> <span class='ocrx_word' id='word_1_816' title='bbox 1487 5725 1706 5778; x_wconf 86' lang='lat' dir='ltr'><strong>amissa.</strong></span> <span class='ocrx_word' id='word_1_817' title='bbox 1755 5723 1996 5780; x_wconf 81' lang='lat' dir='ltr'><strong>Perdidit</strong></span> <span class='ocrx_word' id='word_1_818' title='bbox 2049 5727 2232 5796; x_wconf 88' lang='lat' dir='ltr'><strong>itaque</strong></span> 
     </span>
    </p>
   </div>
   <div class='ocr_carea' id='block_1_107' title="bbox 2345 4701 3818 4778">
    <p class='ocr_par' dir='ltr' id='par_1_107' title="bbox 2345 4701 3818 4778">
     <span class='ocr_line' id='line_1_107' title="bbox 2345 4701 3818 4778; baseline -0.009 -18"><span class='ocrx_word' id='word_1_819' title='bbox 2345 4709 2510 4761; x_wconf 85' lang='lat' dir='ltr'><strong>verbo</strong></span> <span class='ocrx_word' id='word_1_820' title='bbox 2545 4708 2826 4776; x_wconf 68' lang='lat' dir='ltr'><strong>priesentis</strong></span> <span class='ocrx_word' id='word_1_821' title='bbox 2867 4709 3126 4778; x_wconf 88' lang='lat' dir='ltr'><strong>temporis</strong></span> <span class='ocrx_word' id='word_1_822' title='bbox 3157 4715 3336 4774; x_wconf 87' lang='lat' dir='ltr'><strong>utens,</strong></span> <span class='ocrx_word' id='word_1_823' title='bbox 3371 4701 3640 4762; x_wconf 86' lang='lat' dir='ltr'><strong>ostenderit</strong></span> <span class='ocrx_word' id='word_1_824' title='bbox 3675 4711 3752 4750; x_wconf 87' lang='lat' dir='ltr'><strong>non</strong></span> <span class='ocrx_word' id='word_1_825' title='bbox 3783 4701 3818 4744; x_wconf 68' lang='lat' dir='ltr'><strong>St</strong></span> 
     </span>
    </p>
   </div>
   <div class='ocr_carea' id='block_1_108' title="bbox 2341 4785 3816 4868">
    <p class='ocr_par' dir='ltr' id='par_1_108' title="bbox 2341 4785 3816 4868">
     <span class='ocr_line' id='line_1_108' title="bbox 2341 4785 3816 4868; baseline -0.009 -16"><span class='ocrx_word' id='word_1_826' title='bbox 2341 4797 2410 4854; x_wconf 89' lang='lat' dir='ltr'><strong>de</strong></span> <span class='ocrx_word' id='word_1_827' title='bbox 2437 4797 2714 4868; x_wconf 53' lang='lat' dir='ltr'><strong>praeterito</strong></span> <span class='ocrx_word' id='word_1_828' title='bbox 2735 4807 2792 4854; x_wconf 90' lang='lat' dir='ltr'><strong>et</strong></span> <span class='ocrx_word' id='word_1_829' title='bbox 2821 4797 2888 4852; x_wconf 88' lang='lat' dir='ltr'><strong>dc</strong></span> <span class='ocrx_word' id='word_1_830' title='bbox 2903 4795 3016 4867; x_wconf 81' lang='lat' dir='ltr'><strong>jam</strong></span> <span class='ocrx_word' id='word_1_831' title='bbox 3043 4797 3186 4852; x_wconf 82' lang='lat' dir='ltr'><strong>facta</strong></span> <span class='ocrx_word' id='word_1_832' title='bbox 3231 4809 3504 4860; x_wconf 86' lang='lat' dir='ltr'><strong>creatura,</strong></span> <span class='ocrx_word' id='word_1_833' title='bbox 3543 4793 3624 4850; x_wconf 86' lang='lat' dir='ltr'><strong>sed</strong></span> <span class='ocrx_word' id='word_1_834' title='bbox 3657 4789 3708 4842; x_wconf 85' lang='lat' dir='ltr'><strong>de</strong></span> <span class='ocrx_word' id='word_1_835' title='bbox 3729 4785 3816 4838; x_wconf 63' lang='lat' dir='ltr'><strong>{lano</strong></span> 
     </span>
    </p>
   </div>
   <div class='ocr_carea' id='block_1_109' title="bbox 2341 4871 3816 4962">
    <p class='ocr_par' dir='ltr' id='par_1_109' title="bbox 2341 4871 3816 4962">
     <span class='ocr_line' id='line_1_109' title="bbox 2341 4871 3816 4962; baseline -0.006 -19"><span class='ocrx_word' id='word_1_836' title='bbox 2341 4871 2596 4960; x_wconf 60' lang='lat' dir='ltr'><strong>gratuita?</strong></span> <span class='ocrx_word' id='word_1_837' title='bbox 2619 4889 2828 4960; x_wconf 71' lang='lat' dir='ltr'><strong>gratiae,</strong></span> <span class='ocrx_word' id='word_1_838' title='bbox 2871 4887 3016 4962; x_wconf 84' lang='lat' dir='ltr'><strong>quod</strong></span> <span class='ocrx_word' id='word_1_839' title='bbox 3061 4905 3278 4962; x_wconf 88' lang='lat' dir='ltr'><strong>semper</strong></span> <span class='ocrx_word' id='word_1_840' title='bbox 3329 4889 3382 4946; x_wconf 86' lang='lat' dir='ltr'><strong>in</strong></span> <span class='ocrx_word' id='word_1_841' title='bbox 3429 4885 3572 4944; x_wconf 87' lang='lat' dir='ltr'><strong>nobis</strong></span> <span class='ocrx_word' id='word_1_842' title='bbox 3613 4877 3816 4936; x_wconf 71' lang='lat' dir='ltr'><strong>Donum“lt</strong></span> 
     </span>
    </p>
   </div>
   <div class='ocr_carea' id='block_1_110' title="bbox 2341 4971 3818 5058">
    <p class='ocr_par' dir='ltr' id='par_1_110' title="bbox 2341 4971 3818 5058">
     <span class='ocr_line' id='line_1_110' title="bbox 2341 4971 3818 5058; baseline -0.007 -16"><span class='ocrx_word' id='word_1_843' title='bbox 2341 4988 2556 5058; x_wconf 83' lang='lat' dir='ltr'><strong>operari</strong></span> <span class='ocrx_word' id='word_1_844' title='bbox 2593 5001 2818 5044; x_wconf 87' lang='lat' dir='ltr'><strong>necesse</strong></span> <span class='ocrx_word' id='word_1_845' title='bbox 2865 5000 2970 5054; x_wconf 88' lang='lat' dir='ltr'><strong>est,</strong></span> <span class='ocrx_word' id='word_1_846' title='bbox 3007 4989 3246 5046; x_wconf 87' lang='lat' dir='ltr'><strong>locutum</strong></span> <span class='ocrx_word' id='word_1_847' title='bbox 3285 4989 3486 5046; x_wconf 83' lang='lat' dir='ltr'><strong>fuisse?</strong></span> <span class='ocrx_word' id='word_1_848' title='bbox 3515 4983 3644 5044; x_wconf 83' lang='lat' dir='ltr'><strong>Uade</strong></span> <span class='ocrx_word' id='word_1_849' title='bbox 3669 4987 3712 5034; x_wconf 81' lang='lat' dir='ltr'><strong>et</strong></span> <span class='ocrx_word' id='word_1_850' title='bbox 3737 4971 3818 5026; x_wconf 56' lang='grc' dir='ltr'><strong>Ρη)</strong></span> 
     </span>
    </p>
   </div>
   <div class='ocr_carea' id='block_1_111' title="bbox 2341 5071 3814 5152">
    <p class='ocr_par' dir='ltr' id='par_1_111' title="bbox 2341 5071 3814 5152">
     <span class='ocr_line' id='line_1_111' title="bbox 2341 5071 3814 5152; baseline -0.014 -13"><span class='ocrx_word' id='word_1_851' title='bbox 2341 5079 2506 5152; x_wconf 83' lang='lat' dir='ltr'><strong>pheta</strong></span> <span class='ocrx_word' id='word_1_852' title='bbox 2525 5081 2852 5150; x_wconf 87' lang='lat' dir='ltr'><strong>deprecatur</strong></span> <span class='ocrx_word' id='word_1_853' title='bbox 2883 5081 3070 5140; x_wconf 88' lang='lat' dir='ltr'><strong>dicens</strong></span> <span class='ocrx_word' id='word_1_854' title='bbox 3095 5097 3110 5138; x_wconf 91' lang='lat'><strong>:</strong></span> <span class='ocrx_word' id='word_1_855' title='bbox 3137 5081 3242 5138; x_wconf 86' lang='lat' dir='ltr'><strong>Cor</strong></span> <span class='ocrx_word' id='word_1_856' title='bbox 3287 5082 3532 5140; x_wconf 81' lang='lat' dir='ltr'><strong>mundum</strong></span> <span class='ocrx_word' id='word_1_857' title='bbox 3555 5091 3654 5132; x_wconf 73' lang='lat' dir='ltr'><strong>creo</strong></span> <span class='ocrx_word' id='word_1_858' title='bbox 3679 5071 3718 5124; x_wconf 79' lang='lat' dir='ltr'><strong>in</strong></span> <span class='ocrx_word' id='word_1_859' title='bbox 3753 5077 3814 5122; x_wconf 64' lang='lat' dir='ltr'><strong>me.</strong></span> 
     </span>
    </p>
   </div>
   <div class='ocr_carea' id='block_1_112' title="bbox 2341 5165 3814 5256">
    <p class='ocr_par' dir='ltr' id='par_1_112' title="bbox 2341 5165 3814 5256">
     <span class='ocr_line' id='line_1_112' title="bbox 2341 5165 3814 5256; baseline -0.019 -13"><span class='ocrx_word' id='word_1_860' title='bbox 2341 5171 2504 5228; x_wconf 62' lang='lat' dir='ltr'><strong>Det“-</strong></span> <span class='ocrx_word' id='word_1_861' title='bbox 2531 5172 2632 5240; x_wconf 71' lang='lat' dir='ltr'><strong>Qui</strong></span> <span class='ocrx_word' id='word_1_862' title='bbox 2670 5189 2792 5232; x_wconf 80' lang='lat' dir='ltr'><strong>cum</strong></span> <span class='ocrx_word' id='word_1_863' title='bbox 2815 5172 2928 5242; x_wconf 81' lang='lat' dir='ltr'><strong>iam</strong></span> <span class='ocrx_word' id='word_1_864' title='bbox 2977 5189 3070 5230; x_wconf 87' lang='lat' dir='ltr'><strong>cor</strong></span> <span class='ocrx_word' id='word_1_865' title='bbox 3107 5183 3352 5232; x_wconf 87' lang='lat' dir='ltr'><strong>creatum</strong></span> <span class='ocrx_word' id='word_1_866' title='bbox 3381 5173 3600 5233; x_wconf 84' lang='lat' dir='ltr'><strong>haberet,</strong></span> <span class='ocrx_word' id='word_1_867' title='bbox 3637 5173 3680 5220; x_wconf 86' lang='lat' dir='ltr'><strong>et</strong></span> <span class='ocrx_word' id='word_1_868' title='bbox 3705 5165 3814 5256; x_wconf 65' lang='lat' dir='ltr'><strong>quam</strong></span> 
     </span>
    </p>
   </div>
   <div class='ocr_carea' id='block_1_113' title="bbox 2343 5251 3814 5342">
    <p class='ocr_par' dir='ltr' id='par_1_113' title="bbox 2343 5251 3814 5342">
     <span class='ocr_line' id='line_1_113' title="bbox 2343 5251 3814 5342; baseline -0.008 -20"><span class='ocrx_word' id='word_1_869' title='bbox 2343 5265 2414 5322; x_wconf 88' lang='lat' dir='ltr'><strong>ob</strong></span> <span class='ocrx_word' id='word_1_870' title='bbox 2439 5281 2658 5322; x_wconf 88' lang='lat' dir='ltr'><strong>causam</strong></span> <span class='ocrx_word' id='word_1_871' title='bbox 2687 5267 2978 5322; x_wconf 84' lang='lat' dir='ltr'><strong>creandum</strong></span> <span class='ocrx_word' id='word_1_872' title='bbox 3019 5275 3288 5338; x_wconf 86' lang='lat' dir='ltr'><strong>posceret,</strong></span> <span class='ocrx_word' id='word_1_873' title='bbox 3343 5261 3628 5320; x_wconf 81' lang='lat' dir='ltr'><strong>manifestat</strong></span> <span class='ocrx_word' id='word_1_874' title='bbox 3657 5251 3814 5342; x_wconf 63' lang='lat' dir='ltr'><strong>sulter</strong></span> 
     </span>
    </p>
   </div>
   <div class='ocr_carea' id='block_1_114' title="bbox 2343 5347 3814 5428">
    <p class='ocr_par' dir='ltr' id='par_1_114' title="bbox 2343 5347 3814 5428">
     <span class='ocr_line' id='line_1_114' title="bbox 2343 5347 3814 5428; baseline -0.009 -19"><span class='ocrx_word' id='word_1_875' title='bbox 2343 5371 2512 5428; x_wconf 79' lang='lat' dir='ltr'><strong>gens:</strong></span> <span class='ocrx_word' id='word_1_876' title='bbox 2547 5357 2612 5410; x_wconf 78' lang='lat' dir='ltr'><strong>Et</strong></span> <span class='ocrx_word' id='word_1_877' title='bbox 2643 5358 2890 5426; x_wconf 83' lang='lat' dir='ltr'><strong>spiritum</strong></span> <span class='ocrx_word' id='word_1_878' title='bbox 2919 5369 3114 5412; x_wconf 81' lang='lat' dir='ltr'><strong>rectum</strong></span> <span class='ocrx_word' id='word_1_879' title='bbox 3153 5357 3344 5412; x_wconf 82' lang='lat' dir='ltr'><strong>innora</strong></span> <span class='ocrx_word' id='word_1_880' title='bbox 3379 5357 3430 5408; x_wconf 83' lang='lat' dir='ltr'><strong>in</strong></span> <span class='ocrx_word' id='word_1_881' title='bbox 3477 5347 3814 5406; x_wconf 66' lang='lat' dir='ltr'><strong>eisceribusntw</strong></span> 
     </span>
    </p>
   </div>
   <div class='ocr_carea' id='block_1_115' title="bbox 2343 5437 3813 5524">
    <p class='ocr_par' dir='ltr' id='par_1_115' title="bbox 2343 5437 3813 5524">
     <span class='ocr_line' id='line_1_115' title="bbox 2343 5437 3813 5524; baseline -0.008 -27"><span class='ocrx_word' id='word_1_882' title='bbox 2343 5443 2518 5520; x_wconf 83' lang='lat' dir='ltr'><strong>(Psal.</strong></span> <span class='ocrx_word' id='word_1_883' title='bbox 2537 5463 2588 5512; x_wconf 85' lang='lat' dir='ltr'><strong>L,</strong></span> <span class='ocrx_word' id='word_1_884' title='bbox 2605 5447 2716 5518; x_wconf 63' lang='lat'><strong>19.);</strong></span> <span class='ocrx_word' id='word_1_885' title='bbox 2735 5447 2824 5502; x_wconf 88' lang='lat' dir='ltr'><strong>ubi</strong></span> <span class='ocrx_word' id='word_1_886' title='bbox 2847 5447 3086 5510; x_wconf 82' lang='lat' dir='ltr'><strong>declarat</strong></span> <span class='ocrx_word' id='word_1_887' title='bbox 3101 5449 3226 5518; x_wconf 86' lang='lat' dir='ltr'><strong>quia</strong></span> <span class='ocrx_word' id='word_1_888' title='bbox 3243 5447 3554 5504; x_wconf 86' lang='lat' dir='ltr'><strong>creationem</strong></span> <span class='ocrx_word' id='word_1_889' title='bbox 3565 5455 3648 5510; x_wconf 86' lang='lat' dir='ltr'><strong>pro</strong></span> <span class='ocrx_word' id='word_1_890' title='bbox 3663 5437 3813 5524; x_wconf 57' lang='lat' dir='ltr'><strong>innota-</strong></span> 
     </span>
    </p>
   </div>
   <div class='ocr_carea' id='block_1_116' title="bbox 2345 5519 3810 5612">
    <p class='ocr_par' dir='ltr' id='par_1_116' title="bbox 2345 5519 3810 5612">
     <span class='ocr_line' id='line_1_116' title="bbox 2345 5519 3810 5612; baseline 0.005 -20"><span class='ocrx_word' id='word_1_891' title='bbox 2345 5519 2488 5594; x_wconf 87' lang='lat' dir='ltr'><strong>tione</strong></span> <span class='ocrx_word' id='word_1_892' title='bbox 2517 5539 2776 5610; x_wconf 85' lang='lat' dir='ltr'><strong>posuerit,</strong></span> <span class='ocrx_word' id='word_1_893' title='bbox 2809 5555 2914 5610; x_wconf 85' lang='lat' dir='ltr'><strong>qua</strong></span> <span class='ocrx_word' id='word_1_894' title='bbox 2939 5541 3140 5612; x_wconf 83' lang='lat' dir='ltr'><strong>indiget</strong></span> <span class='ocrx_word' id='word_1_895' title='bbox 3171 5549 3389 5596; x_wconf 87' lang='lat' dir='ltr'><strong>sanctus</strong></span> <span class='ocrx_word' id='word_1_896' title='bbox 3413 5537 3616 5608; x_wconf 65' lang='lat' dir='ltr'><strong>quisque</strong></span> <span class='ocrx_word' id='word_1_897' title='bbox 3647 5519 3810 5612; x_wconf 48' lang='lat' dir='ltr'><strong>timui&quot;</strong></span> 
     </span>
    </p>
   </div>
   <div class='ocr_carea' id='block_1_117' title="bbox 2341 5609 3812 5704">
    <p class='ocr_par' dir='ltr' id='par_1_117' title="bbox 2341 5609 3812 5704">
     <span class='ocr_line' id='line_1_117' title="bbox 2341 5609 3812 5704; baseline -0.019 -16"><span class='ocrx_word' id='word_1_898' title='bbox 2341 5649 2548 5704; x_wconf 83' lang='lat' dir='ltr'><strong>corpus,</strong></span> <span class='ocrx_word' id='word_1_899' title='bbox 2607 5633 2748 5704; x_wconf 83' lang='lat' dir='ltr'><strong>quod</strong></span> <span class='ocrx_word' id='word_1_900' title='bbox 2789 5635 3162 5704; x_wconf 81' lang='lat' dir='ltr'><strong>corrumpitur,</strong></span> <span class='ocrx_word' id='word_1_901' title='bbox 3207 5641 3444 5704; x_wconf 75' lang='lat' dir='ltr'><strong>aggravet</strong></span> <span class='ocrx_word' id='word_1_902' title='bbox 3477 5609 3812 5682; x_wconf 58' lang='lat' dir='ltr'><strong>enimmodo</strong></span> 
     </span>
    </p>
   </div>
   <div class='ocr_carea' id='block_1_118' title="bbox 2337 5713 3808 5800">
    <p class='ocr_par' dir='ltr' id='par_1_118' title="bbox 2337 5713 3808 5800">
     <span class='ocr_line' id='line_1_118' title="bbox 2337 5713 3808 5800; baseline -0.016 -18"><span class='ocrx_word' id='word_1_903' title='bbox 2337 5730 2512 5800; x_wconf 83' lang='lat' dir='ltr'><strong>primit</strong></span> <span class='ocrx_word' id='word_1_904' title='bbox 2563 5737 2772 5782; x_wconf 83' lang='lat' dir='ltr'><strong>terrena</strong></span> <span class='ocrx_word' id='word_1_905' title='bbox 2807 5727 3117 5790; x_wconf 77' lang='lat' dir='ltr'><strong>inltubitatio</strong></span> <span class='ocrx_word' id='word_1_906' title='bbox 3147 5743 3352 5784; x_wconf 81' lang='lat' dir='ltr'><strong>sensum</strong></span> <span class='ocrx_word' id='word_1_907' title='bbox 3401 5725 3550 5780; x_wconf 82' lang='lat' dir='ltr'><strong>multa</strong></span> <span class='ocrx_word' id='word_1_908' title='bbox 3585 5713 3808 5786; x_wconf 62' lang='lat' dir='ltr'><strong>cogitante!</strong></span> 
     </span>
    </p>
   </div>
   <div class='ocr_carea' id='block_1_119' title="bbox 727 5831 3572 5916">
    <p class='ocr_par' dir='ltr' id='par_1_119' title="bbox 727 5831 3572 5916">
     <span class='ocr_line' id='line_1_119' title="bbox 727 5831 3572 5916; baseline 0.002 -26"><span class='ocrx_word' id='word_1_909' title='bbox 727 5841 754 5874; x_wconf 70' lang='grc' dir='ltr'>ι</span> <span class='ocrx_word' id='word_1_910' title='bbox 791 5831 922 5908; x_wconf 72' lang='lat' dir='ltr'><strong>Qua:</strong></span> <span class='ocrx_word' id='word_1_911' title='bbox 963 5843 1260 5910; x_wconf 83' lang='lat' dir='ltr'><strong>sequuntur</strong></span> <span class='ocrx_word' id='word_1_912' title='bbox 1309 5835 1410 5892; x_wconf 82' lang='lat' dir='ltr'><strong>hac</strong></span> <span class='ocrx_word' id='word_1_913' title='bbox 1455 5847 1591 5894; x_wconf 88' lang='lat' dir='ltr'><strong>sect.</strong></span> <span class='ocrx_word' id='word_1_914' title='bbox 1617 5847 1674 5896; x_wconf 85' lang='lat' dir='ltr'><strong>et</strong></span> <span class='ocrx_word' id='word_1_915' title='bbox 1717 5853 1834 5916; x_wconf 82' lang='lat' dir='ltr'><strong>seq.</strong></span> <span class='ocrx_word' id='word_1_916' title='bbox 1871 5843 2080 5916; x_wconf 75' lang='lat' dir='ltr'><strong>integra</strong></span> <span class='ocrx_word' id='word_1_917' title='bbox 2131 5861 2238 5904; x_wconf 88' lang='lat' dir='ltr'><strong>non</strong></span> <span class='ocrx_word' id='word_1_918' title='bbox 2275 5853 2398 5906; x_wconf 84' lang='lat' dir='ltr'><strong>sunt</strong></span> <span class='ocrx_word' id='word_1_919' title='bbox 2425 5845 2478 5900; x_wconf 90' lang='lat' dir='ltr'><strong>in</strong></span> <span class='ocrx_word' id='word_1_920' title='bbox 2507 5851 2677 5914; x_wconf 81' lang='lat' dir='ltr'><strong>textu,</strong></span> <span class='ocrx_word' id='word_1_921' title='bbox 2707 5843 2804 5900; x_wconf 82' lang='lat' dir='ltr'><strong>sed</strong></span> <span class='ocrx_word' id='word_1_922' title='bbox 2831 5843 2886 5900; x_wconf 88' lang='lat' dir='ltr'><strong>in</strong></span> <span class='ocrx_word' id='word_1_923' title='bbox 2917 5843 3162 5916; x_wconf 73' lang='lat' dir='ltr'><strong>margine</strong></span> <span class='ocrx_word' id='word_1_924' title='bbox 3185 5841 3362 5900; x_wconf 84' lang='lat' dir='ltr'><strong>forsan</strong></span> <span class='ocrx_word' id='word_1_925' title='bbox 3387 5835 3572 5896; x_wconf 63' lang='lat' dir='ltr'><strong>addita.</strong></span> 
     </span>
    </p>
   </div>
  </div>
