4064 6346
195 372 226 428 d
235 369 346 426 055

1069 367 1152 422 DE
1190 363 1870 422 PHIEDESTINATIONE
1902 361 2180 420 CONTRA
2219 361 2270 420 J.
2313 361 2616 419 SCOTUM.

3335 363 3472 418 1054

193 481 358 552 (Sap.
387 495 462 546 Ix,
493 479 602 550 l5).
637 477 716 544 Si,
747 477 986 548 inquam,
1025 477 1250 542 scientia
1278 477 1516 532 hominis
1539 487 1628 532 est
1669 475 1785 546 ejus
1811 479 1864 540 Λ
1891 487 1970 532 105
1995 479 2288 544 nascendo,
2329 479 2643 540 crescendo,
2687 475 3012 544 deiicienda,
3051 477 3354 542 moriendo,
3378 479 3473 533 sed

193 571 468 632 essentia,
517 583 688 640 quare
733 577 912 622 monet
960 567 1194 624 Jacobus
1247 567 1524 638 apostolus
1589 559 1710 622 eam
1755 581 1790 622 a

201 664 434 720 Domino
455 661 756 733 postulari?
781 661 870 714 Ait
897 661 1044 716 enim
1069 677 1082 714 :
1116 659 1174 714 Si
1199 661 1317 730 quis
1347 661 1544 732 indiget
1567 661 1788 730 sapien-

197 757 298 822 tia,
321 753 546 828 postulet
571 753 718 822 illaut
742 771 774 806 α
799 751 1022 806 Domino
1051 753 1140 824 qui
1185 751 1276 806 dat
1306 751 1546 807 omnibus
1574 752 1790 824 1117111011-

198 859 300 912 ter,
327 857 374 901 et
420 863 522 900 non
565 845 902 918 improperat,
931 853 978 896 et
1007 843 1224 896 dabitur
1261 843 1310 896 ei
1355 843 1496 906 (Jac.
1533 860 1574 910 I,
1619 843 1694 912 5).
1725 843 1792 898 Et

197 933 484 990 Psalmista
539 943 730 991 exorat
781 935 1009 990 dicens:
1059 933 1356 1012 Bonitatem
1385 945 1430 988 et
1459 935 1792 1000 disciplinam

199 1037 248 1096 et
279 1029 554 1082 scientiam
597 1028 723 1082 doce
752 1043 834 1082 me
880 1015 1052 1100 (Psal.
1091 1043 1278 1092 CXVIII,
1302 1025 1412 1100 66).
1445 1025 1682 1082 Stultum
1709 1035 1794 1084 est

201 1119 348 1174 enim
375 1119 534 1190 quasi
557 1119 932 1190 accipiendum
961 1127 1144 1188 petere
1178 1119 1318 1188 quod
1349 1115 1464 1186 jam
1505 1119 1786 1174 habeatur.

161 1187 778 1284 ί810180501001111051
805 1211 898 1268 tibi
950 1187 1165 1280 natura,
1217 1227 1385 1283 quare
1415 1213 1554 1284 petis
1597 1221 1658 1268 ut
1699 1213 1793 1269 do-

203 1305 382 1358 ceatis
411 1299 660 1358 naturam
693 1313 838 1358 tuam
861 1305 886 1357 ?

277 1399 612 1470 Augustinus
633 1399 688 1454 in
731 1399 870 1454 libro
906 1399 1320 1456 Confessionum
1360 1417 1456 1456 xm
1483 1409 1620 1474 (cap.
1649 1401 1739 1470 11)
1773 1419 1788 1456 :

205 1491 554 1566 [Trinitatem
579 1493 1004 1562 omnipotentem
1022 1495 1143 1564 quis
1159 1493 1440 1564 intelligit?
1461 1503 1516 1550 et
1537 1495 1658 1563 quis
1679 1509 1788 1548 non

206 1585 446 1656 loquitur
469 1601 614 1652 eam,
649 1585 742 1640 sed
775 1593 954 1640 tamen
1007 1601 1128 1640 rara
1160 1583 1282 1656 [al.,
1331 1585 1374 1640 si
1409 1593 1586 1640 tamen
1635 1581 1794 1640 eam?

207 1677 492 1752 Rara.....]
516 1677 716 1744 anima,
741 1693 860 1748 quae
881 1680 1006 1734 dum
1029 1679 1094 1732 de
1118 1678 1208 1734 illa
1239 1679 1496 1748 loquitur,
1524 1680 1626 1734 scit
1647 1678 1790 1748 quod

205 1773 462 1844 loquitur.
497 1773 564 1828 Et
605 1775 937 1830 contendunt
969 1781 1023 1828 et
1051 1771 1334 1836 dimicant,
1361 1783 1414 1828 et
1453 1787 1615 1826 nemo
1665 1773 1786 1828 51110

203 1881 340 1940 pace
363 1865 506 1920 videt
533 1865 696 1920 istam
725 1864 1010 1936 visionem.
1055 1863 1261 1920 Vellem
1293 1869 1350 1918 ut
1375 1863 1492 1916 haec
1519 1863 1620 1916 tria
1645 1861 1790 1932 cogi-

207 1957 681 2020 tarent_homines
727 1957 782 2012 in
841 1957 1054 2028 seipsis.
1115 1955 1299 2026 Longe
1331 1955 1476 2010 aliud
1521 1965 1649 2010 sunt
1691 1955 1794 2010 ista

209 2047 310 2102 tria
335 2061 496 2118 quam
525 2045 612 2101 illa
635 2045 903 2112 Trinitas;
945 2045 1040 2102 sed
1063 2045 1184 2100 dico
1217 2045 1306 2098 ubi
1339 2059 1394 2100 se
1424 2051 1716 2098 exerceant
1740 2051 1796 2098 et

205 2137 454 2212 probent,
495 2149 551 2194 et
601 2137 838 2192 sentiant
885 2153 1056 2207 quam.
1089 2135 1246 2206 longe
1305 2136 1396 2190 sit.
1437 2135 1565 2188 Dico
1611 2141 1792 2186 autem

205 2223 322 2284 huic
345 2226 446 2282 tria
483 2242 663 2292 :esse,
705 2225 886 2292 nosse,
917 2225 1074 2282 velle.
1106 2225 1238 2280 Sum
1269 2225 1438 2290 enim,
1477 2233 1526 2279 et
1565 2224 1710 2290 novi,
1741 2233 1794 2278 et

207 2315 364 2372 volo:
411 2333 529 2372 sum
585 2317 765 2372 sciens
817 2325 873 2372 et
913 2317 1120 2382 volens,
1171 2325 1225 2372 et
1279 2317 1390 2372 scio
1426 2329 1544 2370 esse
1599 2331 1706 2378 mc,
1741 2323 1796 2370 et

209 2409 376 2474 velle;
406 2417 460 2464 et
487 2409 610 2464 volo
645 2423 798 2474 esse,
849 2417 903 2463 et
958 2409 1119 2464 scire.
1171 2407 1228 2462 in
1283 2409 1366 2462 bis
1415 2407 1576 2480 igitur
1625 2407 1796 2462 tribus

207 2517 374 2574 quam
424 2503 496 2558 sit
543 2503 924 2574 inseparabilis
971 2519 1077 2556 una
1109 2501 1226 2574 [al.,
1253 2499 1408 2574 vita],
1443 2513 1496 2556 et
1528 2519 1634 2556 una
1662 2503 1792 2568 vita,

209 2601 262 2647 et
289 2607 394 2646 una
425 2607 600 2658 mens,
633 2601 689 2648 et
735 2609 840 2646 una
890 2591 1150 2658 essentia,
1183 2607 1342 2660 quam
1395 2591 1626 2662 denique
1653 2591 1796 2646 inse-

211 2681 466 2750 parabilis
495 2681 788 2744 distinctio,
825 2689 879 2736 et
923 2689 1105 2735 tamen
1147 2681 1448 2744 distinctio,
1476 2681 1658 2736 videat
1701 2679 1794 2750 qui

211 2781 404 2844 potest.
437 2773 596 2830 Certe
625 2791 808 2830 coram
836 2791 894 2830 se
928 2785 1044 2842 est;
1074 2777 1316 2832 attendat
1343 2777 1398 2830 in
1440 2791 1498 2831 se
1527 2787 1580 2831 et
1615 2777 1796 2832 videat

211 2865 432 2921 etdicat
477 2865 630 2920 mihi.
666 2865 772 2922 Sed
821 2881 944 2921 cum
1001 2865 1268 2922 invenerit
1311 2867 1366 2920 in
1395 2867 1480 2922 1115
1509 2866 1710 2936 aliquid
1741 2873 1798 2922 et

213 2959 428 3024 dixerit,
457 2975 562 3016 non
581 2959 692 3030 jam
719 2977 776 3016 se
807 2970 962 3034 putet
991 2961 1262 3016 invenisse
1293 2959 1420 3016 illud
1461 2961 1602 3031 quod
1632 2979 1796 3034 supra

213 3051 314 3106 ista
345 3062 428 3108 est
451 3051 908 3117 incommutabile,
943 3053 1086 3122 quod
1126 3061 1210 3108 est
1253 3051 1792 3122 incommutabiliter,

211 3157 266 3216 et
287 3149 392 3204 scit
430 3147 966 3214 incommutabiliter,
993 3157 1048 3204 et
1087 3147 1200 3202 vult
1229 3145 1748 3204 incommutabiliter
1777 3164 1790 3202 :

211 3247 264 3298 et
285 3249 468 3294 utrum
497 3249 718 3312 propter
747 3241 846 3294 tria
877 3239 994 3296 haec
1019 3249 1074 3296 ct
1097 3239 1168 3296 ibi
1197 3239 1466 3306 Trinitas;
1505 3255 1572 3294 an
1597 3239 1652 3294 in
1680 3239 1793 3294 sin-

211 3333 350 3406 gulis
373 3333 488 3390 haec
517 3333 640 3402 tria,
691 3341 751 3388 ut
791 3333 892 3388 tria
937 3331 1058 3406 [al.,
1095 3331 1270 3404 terna]
1299 3331 1632 3404 singulorum
1665 3331 1794 3408 sint,

211 3441 278 3480 an
296 3425 756 3496 utrumque-miris
781 3427 956 3482 modis
981 3425 1300 3496 simpliciter
1323 3434 1378 3480 et
1401 3423 1796 3500 multipliciter,

213 3515 424 3572 inﬁnito
455 3517 510 3572 in
540 3532 598 3572 se
628 3515 730 3572 sibi
767 3515 872 3572 line
899 3533 1008 3587 quo
1029 3527 1132 3584 est,
1162 3527 1218 3572 et
1265 3517 1364 3574 sibi
1399 3525 1582 3572 notum
1611 3526 1714 3584 est,
1743 3523 1802 3574 et

211 3607 314 3660 sibi
351 3605 548 3661 sufﬁcit
585 3605 1098 3661 incommutabiliter
1127 3607 1360 3677 idipsum
1409 3605 1626 3676 copiosa
1671 3593 1797 3660 uni;

213 3697 342 3752 tatis
397 3697 802 3770 magnitudine,
865 3698 986 3768 quis
1047 3697 1206 3753 facile
1258 3697 1620 3770 cogitaverit,
1673 3697 1798 3768 quis

213 3789 322 3844 ullo
349 3790 512 3846 modo
541 3791 772 3846 dixerit?
799 3791 920 3862 quis
963 3791 1204 3862 quolibet
1256 3793 1416 3848 modo
1445 3801 1646 3847 temere
1675 3805 1800 3862 pro-

213 3877 580 3934 nuntiaverit?

277 3969 328 4042 f
357 3969 500 4026 Idem
525 3971 856 4042 Augustinus
879 3971 932 4026 in
953 3987 1202 4028 sermone
1221 3973 1288 4028 (10
1307 3974 1488 4030 verbis
1515 3973 1796 4044 Apostoli:

213 4062 374 4136 [Cum
398 4061 534 4116 enim
561 4079 788 4117 essemus
837 4063 892 4118 in
937 4079 1115 4128 carne,
1144 4065 1412 4134 passiones
1445 4073 1796 4134 peccatorum,

211 4171 332 4228 qum
359 4171 450 4222 per
493 4157 654 4226 legem
683 4165 824 4220 sunt,
861 4157 1212 4227 operabantur
1241 4158 1296 4211 in
1317 4159 1562 4213 membris
1585 4159 1796 4226 nostris,

211 4259 270 4302 ut
301 4247 532 4319 fructum
575 4247 770 4318 ferrent
819 4249 976 4306 morti
1022 4247 1194 4322 (Rom.
1239 4267 1339 4316 vn,
1371 4251 1447 4324 5).
1499 4251 1600 4320 Qui
1649 4269 1798 4324 ergo,

213 4353 322 4394 non
355 4339 478 4408 quia
533 4341 752 4408 venisti,
807 4341 874 4394 ad
917 4349 968 4396 te
1017 4343 1188 4408 venit,
1249 4343 1444 4398 liberat
1491 4353 1564 4410 te,
1617 4345 1708 4398 ubi
1751 4353 1802 4400 te

213 4429 424 4486 invenit
447 4431 810 4486 venundatum
837 4433 938 4486 sub
965 4439 1206 4500 peccato,
1232 4433 1502 4503 iacentem
1543 4433 1595 4488 in
1629 4441 1802 4490 morte

211 4518 374 4592 primi
403 4519 658 4586 hominis,
695 4521 999 4576 trahentem
1035 4533 1314 4592 peccatum
1353 4523 1512 4594 primi
1545 4525 1802 4591 hominis,
1831 4555 1882 4618 Β

213 4613 508 4668 habentem
565 4621 776 4668 reatum
827 4621 1116 4684 antequam
1169 4615 1368 4670 habere
1417 4631 1606 4684 posses
1651 4615 1804 4670 arbi-

215 4705 386 4760 trium
443 4722 458 4758 :
521 4719 648 4760 ecce
701 4705 792 4762 ubi
847 4713 898 4762 te
955 4705 1190 4773 invenit,
1255 4707 1472 4776 quando
1519 4707 1802 4778 parvulum

215 4797 444 4852 invenit.
471 4795 576 4852 Sed
605 4797 858 4868 parvulus
885 4805 1047 4853 aetate
1069 4799 1376 4864 excessisti,
1405 4813 1534 4854 ecce
1553 4783 1800 4886 ft'e'visti,

213 4891 396 4962 primo
447 4899 670 4960 peccato
719 4891 886 4946 multa
933 4891 1230 4956 addidisti,
1285 4889 1458 4962 legem
1525 4890 1802 4962 accepisti,

215 4979 608 5051 praevaricator
633 4979 886 5035 exstitisti
919 4997 930 5034 :
963 4977 1068 5034 Sed
1101 4979 1208 5034 noli
1239 4994 1360 5035 esse
1389 4979 1676 5046 sollicitus,
1711 4979 1802 5034 ubi

215 5073 506 5128 abundauit
533 5083 824 5144 peccatum,
863 5073 1146 5126 abundavit
1181 5071 1300 5144 [al.,
1351 5073 1802 5142 superabundavit

217 5163 292 5237 et]
321 5165 492 5236 gratia
521 5163 698 5234 (Rom.
737 5181 790 5230 ν,
815 5163 928 5234 20).
963 5165 1004 5232 ἰ’
1043 5165 1184 5220 Idem
1229 5165 1282 5218 in
1331 5163 1624 5234 Evangelia
1653 5161 1802 5220 beati

215 5261 448 5317 Joannis
471 5273 722 5314 sermone
751 5259 952 5330 (Tract.
983 5275 1022 5314 II
1045 5259 1096 5314 in
1117 5255 1304 5328 Joan.)
1329 5257 1394 5310 In
1415 5255 1668 5325 principio
1689 5263 1806 5310 erat

235 5351 480 5406 Verbum.
507 5349 562 5405 ld
589 5351 760 5420 ipsum
787 5349 975 5405 eodem
1007 5348 1164 5404 modo
1197 5356 1300 5412 est,
1349 5347 1428 5402 sic
1459 5355 1562 5410 est,
1587 5361 1804 5416 semper

221 5443 304 5500 sic
331 5453 437 5508 est,
469 5443 664 5496 mutari
693 5457 798 5496 non
843 5449 1038 5510 potest,
1087 5441 1188 5494 hoc
1215 5449 1319 5504 est,
1351 5439 1494 5494 Deus
1519 5447 1622 5500 est,
1661 5437 1806 5508 quod

223 5551 426 5594 nomen
471 5551 626 5590 suum
675 5533 810 5588 dixit
851 5531 1050 5586 famulo
1079 5547 1178 5586 suo
1227 5530 1360 5586 Mosi
1389 5549 1400 5582 :
1433 5529 1544 5600 Ego
1569 5545 1686 5584 sum
1717 5531 1808 5602 qui

221 5643 368 5693 sum,
397 5637 444 5682 et
469 5627 608 5680 misit
643 5643 724 5680 me
759 5627 850 5696 qui
899 5633 974 5678 est
1003 5621 1200 5692 (Exod.
1233 5637 1316 5686 III,
1349 5621 1456 5692 14).
1505 5621 1638 5688 Quis
1679 5637 1808 5692 ergo

225 5723 336 5778 1100
357 5721 568 5790 capiet?
597 5719 730 5776 Cum
757 5717 986 5772 videatis
1009 5715 1190 5770 omnia
1221 5713 1468 5768 mortalia
1505 5713 1802 5778 mutabilia,

225 5825 360 5882 011111
385 5811 614 5870 videatis
633 5827 742 5868 non
761 5807 934 5868 solum
955 5819 1186 5882 corpora
1209 5805 1410 5862 variari
1451 5821 1550 5878 per
1579 5807 1804 5878 qualita.

1889 570 2050 624 etiam
2073 571 2220 639 ipsas
2246 569 2452 626 animas
2477 583 2574 640 per
2615 568 2868 624 allectum
2911 569 3248 624 diversarum
3277 567 3472 624 volun-

1885 671 2062 716 tatum
2097 661 2328 716 distendi
2357 670 2524 732 atque
2541 662 2792 724 discindi,
2817 677 2940 716 cum
2969 661 3198 716 videatis
3227 661 3474 714 homines

1889 761 1944 808 et
1973 754 2252 824 percipere
2287 769 2444 824 posse
2491 755 2832 826 sapientiam.
2881 754 2926 808 si
2965 769 3024 808 se
3075 753 3222 806 illius
3265 751 3372 806 luci
3417 759 3476 808 et

1887 843 2054 898 calori
2085 845 2440 912 admovet-int,
2483 855 2537 900 et
2571 847 2822 900 amittere
2865 859 3024 915 posse
3063 843 3404 914 sapientiam,
3427 841 3473 896 si

1891 933 2014 988 inde
2061 935 2200 990 malo
2241 935 2434 992 affectu
2487 937 2832 992 recesserint.
2873 935 3010 990 Cum
3067 935 3297 990 videatis
3343 945 3474 1004 ergo

1891 1027 1994 1083 ista
2023 1029 2206 1084 omnia
2227 1045 2346 1084 esse
2383 1029 2666 1084 mutabilia
2697 1029 2868 1099 :quid
2889 1035 2994 1092 est,
3033 1028 3176 1097 quod
3225 1035 3330 1092 est,
3371 1024 3474 1080 nisi

1889 1120 2034 1188 quod
2061 1121 2394 1176 transcendit
2421 1121 2630 1184 omnia,
2661 1135 2782 1190 qua:
2825 1121 2904 1174 sic
2937 1127 3062 1174 sunt
3091 1129 3152 1172 ut
3189 1133 3294 1174 non
3319 1113 3472 1188 sint.]

1889 1213 1932 1282 ’ί-
1955 1211 2152 1266 Verum
2183 1221 2238 1266 tu
2289 1213 2354 1268 ad
2405 1211 2833 1266 conﬁrmandum
2863 1211 3006 1282 quod
3033 1209 3250 1266 dixeras
3293 1221 3479 1278 prose-

1891 1305 2074 1374 queris
2103 1305 2448 1376 multiplicius
2467 1315 2520 1362 et
2562 1305 2720 1361 dicis.

2393 1495 2402 1508 ι
2441 1451 2670 1492 rosas-ss
2709 1451 2929 1492 scores.

1967 1547 2116 1618 (Cap.
2139 1549 2196 1612 4,
2219 1564 2366 1604 num.
2385 1551 2438 1614 7,
2463 1559 2596 1604 sect.
2633 1551 2710 1616 6.)
2733 1561 2773 1608 Θ
2799 1549 2939 1616 Quid
2963 1565 3083 1622 ergo
3101 1549 3300 1620 primus
3323 1547 3480 1612 homo

1895 1639 2074 1702 habuit
2124 1653 2244 1696 ante
2279 1653 2548 1712 peccatum
2583 1643 2722 1714 quod
2749 1643 2976 1712 perdidit
3023 1653 3138 1714 post
3177 1639 3482 1712 peccatum?

1899 1731 2022 1786 Non
2049 1733 2186 1786 enim
2227 1733 2398 1788 adhuc
2441 1735 2658 1788 habebat
2695 1735 2854 1788 vitam
2895 1735 3120 1796 beluam,
3149 1749 3266 1804 qua:
3303 1733 3348 1786 ei
3379 1731 3480 1794 tri.-

1821 1833 1864 1892 Β
1893 1821 2096 1878 buenda
2129 1817 2324 1893 fuerat,
2369 1827 2414 1878 si
2445 1835 2762 1896 praeceptum
2803 1837 3050 1880 servaret.
3097 1824 3157 1880 Si
3191 1824 3482 1882 dixerimus

1895 1915 2110 1986 liberam
2143 1916 2482 1980 voluntatem,
2523 1918 2748 1988 perdidit
2797 1919 2960 1988 igitur
2999 1934 3150 1972 suam
3185 1925 3432 1994 naturam
3459 1951 3477 1968 .

1893 2009 1939 2062 si
1974 2019 2148 2061 autent
2189 2010 2321 2062 ratio
2359 2008 2536 2062 edocet
2577 2009 2778 2064 nullam
2813 2021 3060 2064 naturam
3101 2025 3250 2080 posse
3289 2008 3481 2078 perire,

1893 2093 2225 2174 prohibemur
2248 2101 2418 2154 dicere
2441 2099 2660 2154 liberam
2685 2100 2996 2156 uoluntatem
3023 2101 3334 2172 perdidisse,
3361 2113 3482 2172 qua:

1895 2193 2180 2246 sinedubio
2209 2192 2566 2248 substantialis
2593 2203 2668 2248 est
2695 2211 2707 2246 :
2735 2195 2990 2248 nonenim
3013 2193 3068 2248 in
3095 2193 3302 2248 homine
3331 2207 3480 2246 crea-

1895 2283 1962 2336 rit
1989 2281 2128 2335 Deus
2157 2281 2472 2336 voluntatem
2499 2283 2774 2352 captivam,
2811 2283 2900 2338 sed
2925 2283 3162 2350 liberam,
3187 2297 3305 2354 qua:
3331 2281 3486 2340 libere

1896 2381 1976 2425 tas
2003 2381 2119 2442 post
2143 2383 2412 2454 peccatum
2445 2373 2714 2428 remansit.

1905 2455 1910 2460 ’
1965 2467 2005 2538 1-
2032 2469 2096 2522 Et
2127 2477 2246 2538 post
2287 2483 2460 2538 pauca
2493 2487 2506 2522 :

1971 2559 2152 2628 (Num.
2197 2557 2277 2630 8.)
2308 2567 2348 2613 Θ
2370 2559 2452 2612 An
2481 2559 2616 2630 forte
2637 2559 2812 2614 liberte
2837 2559 3120 2614 voluntatis
3145 2559 3372 2630 vigorem
3389 2575 3484 2630 por

1897 2661 2252 2722 testatemqne,
2289 2669 2392 2722 qua
2427 2651 2540 2706 sola
2569 2653 2736 2722 potuit
2765 2653 3030 2707 custodire
3057 2643 3398 2724 princeptum,
3435 2653 3484 2708 si

1895 2743 2066 2808 vellet,
2090 2746 2352 2816 peccando
2383 2745 2630 2816 perdidit,
2667 2761 2730 2800 ac
2759 2762 2852 2810 per
2879 2745 2974 2798 hoc
3005 2746 3153 2814 uigor
3179 2755 3224 2798 et
3251 2755 3482 2814 potestas

1897 2835 2046 2889 liberi
2070 2836 2276 2888 arbitrii
2305 2852 2408 2890 non
2433 2845 2544 2890 erat
2575 2837 2628 2888 in
2649 2851 2818 2904 primo
2843 2835 3052 2890 homine
3081 2851 3146 2890 ea:
3166 2836 3484 2900 substantia,

1897 2927 1988 2982 sed
2013 2943 2076 2982 ex
2103 2925 2370 2982 Creatoris
2389 2927 2603 2998 gratia?
2627 2927 2780 2994 Quod
2805 2943 3048 2998 magnum
3078 2945 3266 2982 munus
3289 2927 3486 2990 amisit,

1897 3015 2033 3070 male
2081 3027 2226 3070 utens
2279 3017 2439 3070 libero
2497 3015 2778 3070 voluntatis
2813 3017 3032 3070 arbitrio
3074 3031 3092 3068 :
3135 3015 3298 3070 noluit
3347 3017 3486 3070 enim

1898 3107 2068 3176 facere
2119 3107 2260 3180 quod
2301 3109 2496 3178 potuit,
2549 3107 2648 3160 hoc
2710 3117 2782 3161 est
2834 3107 3142 3160 mandatum
3189 3105 3486 3170 custodire,

1823 3191 1872 3252 C
1899 3197 2038 3266 quod
2083 3206 2198 3268 post
2229 3213 2446 3268 peccans
2487 3213 2588 3252 non
2621 3205 2787 3268 potest
2816 3197 2862 3250 si
2905 3193 3020 3250 velit
3043 3237 3058 3264 ,
3090 3197 3136 3249 si
3173 3195 3344 3268 gratia
3387 3211 3492 3252 non

1891 3287 2107 3358 juverit.

2549 3400 2870 3442 CORRECTIO.

1971 3497 2010 3566 -ι-
2045 3495 2252 3562 Quibus
2273 3495 2432 3552 dictis
2452 3505 2714 3566 quantum
2747 3495 2936 3568 gratiae
2966 3495 3192 3567 deroges
3211 3534 3228 3560 ,
3269 3491 3490 3566 quando

1901 3587 2020 3658 plus
2065 3587 2218 3658 justo
2261 3597 2472 3644 natura:
2501 3589 2776 3654 attribuis,
2825 3588 2960 3644 satis
3005 3587 3194 3643 claret.
3233 3585 3368 3642 Nam
3403 3585 3490 3642 di-

1901 3680 2076 3738 cendo
2101 3683 2146 3736 si
2193 3681 2412 3736 liberant
2461 3679 2776 3736 uoluntatem
2807 3679 3060 3750 perdidit,
3085 3677 3312 3748 perdidit
3337 3691 3494 3750 suam

1905 3782 2173 3836 naturam,
2203 3770 2398 3825 falsum
2429 3779 2512 3824 est
2541 3787 2555 3824 :
2586 3770 2844 3840 quoniam
2867 3767 3116 3822 voluntas
3147 3781 3254 3820 non
3281 3773 3363 3822 est
3397 3779 3494 3826 na-

1905 3871 2048 3927 tura,
2081 3861 2176 3920 sed
2200 3863 2267 3916 ab
2293 3869 2516 3916 auctore
2535 3869 2741 3916 naturae
2771 3859 2950 3916 insita.
2981 3856 3136 3926 Quod
3165 3871 3293 3912 vero
3313 3857 3492 3924 addis,

1903 3954 2104 4010 nullam
2151 3965 2394 4010 naturam
2443 3969 2592 4026 posse
2639 3953 2828 4024 perire,
2879 3961 2934 4008 et
2979 3953 3082 4008 hoc
3133 3950 3326 4004 falsum
3355 3959 3490 4024 est;

1905 4047 2169 4102 sententia
2213 4047 2358 4100 enim
2409 4045 2650 4100 omnium
2699 4051 3058 4098 tractatorum
3087 4041 3362 4118 Ecclesiae,
3399 4049 3494 4098 aut

1903 4153 2041 4210 pene
2087 4139 2348 4204 omnium,
2387 4139 2440 4192 in
2471 4139 2574 4192 hoc
2615 4137 2700 4190 vel
2737 4137 2972 4214 maxime
3021 4135 3122 4192 sibi
3175 4135 3490 4212 concordat,

1907 4231 2050 4304 quod
2095 4231 2274 4286 omnis
2307 4239 2558 4285 creatura
2605 4229 2700 4284 Dei
2749 4243 2816 4284 ex
2863 4227 3034 4284 nihilo
3079 4225 3244 4302 facta},
3295 4227 3494 4304 partim

1907 4305 2068 4380 manu
2093 4323 2402 4378 Conditoris
2431 4321 2506 4376 ita
2535 4321 2606 4378 sit
2627 4320 2876 4400 solidata,
2907 4329 2966 4374 ut
3005 4333 3278 4390 nunquam
3313 4319 3496 4394 perire

1905 4417 2112 4487 possit;
2155 4417 2350 4488 partim
2384 4431 2511 4472 vero
2552 4415 2608 4470 in
2659 4413 2886 4470 nihilqu
2937 4411 3257 4484 resolvatur,
3307 4413 3360 4472 id

1909 4513 2156 4580 quaedam
2193 4521 2253 4565 ut
2289 4509 2432 4566 facta
2461 4517 2586 4564 sunt
2613 4519 2988 4578 permaneant,
3015 4507 3260 4578 quietiam
3291 4505 3346 4562 in
3381 4519 3496 4568 me-

1909 4603 2012 4658 lius
2030 4602 2408 4658 commutanda
2425 4609 2826 4672 exspectentur,
2851 4599 3096 4670 quaedam
3127 4613 3254 4652 vero
3277 4597 3496 4672 penitus

1907 4695 2160 4750 deﬁciant
2193 4703 2252 4748 ut
2281 4711 2384 4748 non
2415 4693 2542 4748 sint.
2585 4693 2663 4747 Ac
2701 4707 2798 4760 per
2847 4691 2950 4746 hoc
2993 4689 3162 4746 multo
3199 4688 3394 4744 melius

1907 4785 2218 4842 credibilius
2259 4785 2468 4842 diceres
2497 4785 2636 4854 quod
2669 4791 2876 4840 certum
2909 4783 2978 4838 sit
3019 4781 3218 4838 nullam
3253 4779 3494 4834 rationa-

1907 4883 2012 4938 lem
2043 4891 2350 4954 cr;eaturam
2388 4880 2570 4952 perire
2615 4895 2774 4950 posse
2817 4897 2830 4934 :
2873 4878 3014 4938 sicut
3051 4883 3271 4932 sanctus
3301 4873 3496 4948 Hiero-

1907 4989 2102 5046 nymus
2145 4974 2196 5028 iu
2229 4972 2574 5044 Expositione
2605 4971 2746 5026 beati
2776 4969 2928 5024 Pauli
2969 4967 3198 5038 apostoli
3236 4967 3302 5020 ad
3332 4964 3495 5022 Gala-

1911 5071 1992 5118 tas
2037 5063 2166 5118 dicit
2215 5063 2352 5134 (cap.
2385 5061 2440 5128 v)
2493 5080 2504 5116 :
2554 5061 2700 5134 [Qui
2749 5059 2894 5118 enim
2939 5057 3114 5128 diligit
3163 5056 3494 5132 quempiam,

1909 5169 2122 5224 semper
2165 5155 2218 5210 in
2256 5157 2372 5224 ejus
2411 5153 2668 5210 felicitate
2711 5153 2942 5214 laetatur,
2977 5159 3032 5206 et
3070 5149 3114 5204 si
3147 5164 3268 5206 eum
3300 5148 3496 5224 viderit

1911 5247 2090 5318 aliquo
2124 5263 2310 5302 errore
2335 5249 2638 5316 deceptum,
2669 5254 2724 5300 et
2757 5249 3100 5314 peccatorum
3131 5241 3338 5296 lubrico
3359 5257 3495 5308 con-

1911 5339 2131 5404 cidisse,
2173 5339 2376 5394 dolebit
2425 5338 2644 5410 quidem
2697 5341 2750 5390 et
2794 5348 2986 5390 eruere
3033 5331 3310 5388 lestinabit
3345 5349 3358 5384 :
3399 5331 3494 5410 sed

1911 5447 2018 5490 non
2047 5433 2244 5502 poterit
2279 5433 2532 5504 gaudium
2573 5437 2784 5484 mutare
2815 5427 3056 5492 tristitia,
3089 5425 3266 5482 sciens
3297 5423 3496 5480 nullam

1915 5527 2258 5586 rationalium
2289 5533 2664 5580 creaturarum
2701 5519 2840 5590 apud
2871 5518 3054 5572 .Deum
3091 5517 3270 5590 perire
3305 5529 3502 5586 perpe-

1913 5621 2049 5694 tuo.]
2081 5621 2120 5692 -ι-
2155 5619 2298 5674 idem
2341 5617 2394 5670 in
2437 5611 2838 5669 Commentario
2877 5609 3112 5666 Mattbaei
3159 5608 3299 5680 (cap.
3353 5611 3428 5680 vI)
3477 5625 3494 5664 :

1916 5713 2190 5788 [Respicite
2207 5707 2436 5764 volatilia
2463 5703 2596 5766 cceli,
2615 5703 2866 5774 quoniam
2885 5719 2986 5756 non
3005 5711 3182 5756 serunt
3197 5717 3358 5768 neque
3389 5715 3500 5788 me:

1915 5787 2054 5874 tum,
2097 5815 2258 5876 neque
2293 5803 2610 5872 congregant
2635 5793 2690 5850 in
2725 5793 2936 5862 horrea,
2965 5803 3012 5850 et
3039 5791 3180 5850 Deus
3207 5791 3376 5872 pascit
3405 5787 3502 5878 illa
