4064 6346
589 328 732 385 1055

1596 286 1654 385 s.
1694 326 2073 388 PRUDENTII
2108 324 2490 384 resumens
2526 322 2834 384 unseen

3738 332 3871 387 ιθεε

588 442 804 517 (Hatth.
834 457 913 509 vi,
943 441 1062 515 9.6).
1094 440 1426 514 Simpliciter
1448 455 1580 512 ergo
1607 442 2002 513 accipiendum,
2021 439 2167 511 quod
2192 443 2244 503 Α
2269 439 2501 494 moritur
2523 479 2538 506 ,
2586 439 2899 508 hominum;
2930 439 3155 512 spiritus
3199 440 3291 511 qui
3324 455 3493 498 carne
3539 443 3781 514 tegitur,
3813 453 3872 500 et

587 536 634 592 si
662 536 901 593 volatilia
926 534 1132 606 absque
1156 550 1285 590 cura
1311 544 1369 590 et
1385 534 1663 600 aerumnis,
1691 534 1787 590 Dei
1810 534 2031 589 aluntur
2046 547 2168 604 pro-

583 630 847 696 videntia,
873 644 995 700 qua:
1010 629 1171 686 hodie
1200 635 1327 691 sunt
1351 634 1410 683 et
1439 642 1562 683 cras
1588 642 1695 682 non
1726 635 1904 691 erunt,
1934 640 2167 696 quorum

586 723 767 777 anima
797 721 1040 778 mortalis
1060 728 1165 786 est,
1191 728 1249 774 et
1274 735 1398 775 cum
1419 733 1541 775 esse
1560 718 1913 784 cessaverint,
1950 730 2168 788 semper

582 830 693 870 non
718 821 877 871 erunt
901 832 915 868 :
943 820 1143 884 quanto
1168 812 1344 884 magis
1368 812 1637 877 homines,
1667 811 1861 882 quibus
1888 810 2166 867 aeternitas

582 906 999 976 repromittitur,
1028 905 1122 960 Dei
1150 914 1409 975 regantur
1433 902 1702 976 arbitrio.]

657 999 676 1018 ‘
712 997 1024 1069 Eulgentius
1054 997 1108 1052 in
1133 997 1273 1054 libro
1297 997 1364 1053 ad
1403 997 1625 1053 Petrum
1653 996 1722 1051 de
1747 994 1879 1053 Fide
1921 1014 1933 1051 :
1967 994 2166 1070 [Quos-

583 1087 711 1144 dam
774 1088 941 1160 igitur
1001 1088 1225 1160 spiritus
1290 1088 1372 1146 sic
1428 1089 1571 1145 Deus
1635 1089 1841 1145 creavit
1902 1097 1964 1144 ut
2022 1103 2165 1144 sem-

586 1194 684 1250 per
719 1190 936 1247 essent,
986 1180 1250 1252 quosdam
1297 1197 1428 1237 vero
1478 1190 1539 1237 ut
1564 1197 1684 1263 esse
1725 1180 1947 1252 spiritus
1991 1195 2165 1251 quan-

579 1272 755 1341 doque
796 1272 1150 1346 desinerent.]
1181 1274 1222 1343 -ι-
1258 1273 1326 1329 Ει
1370 1280 1496 1345 post
1529 1273 1699 1328 multa
1730 1291 1743 1328 :
1775 1271 1989 1346 [Caeteri
2030 1285 2165 1328 vero

575 1363 803 1434 spiritus
832 1365 1072 1421 omnium
1103 1365 1416 1421 animalium
1435 1406 1449 1432 ,
1479 1365 1675 1435 quibus
1702 1379 1807 1420 non
1835 1372 1920 1419 est
1953 1364 2163 1420 intelle-

578 1462 702 1511 ctus
732 1456 859 1526 quia
884 1456 1103 1527 quidam
1139 1472 1325 1514 eorum
1356 1456 1424 1513 de
1454 1466 1625 1523 terra,
1661 1457 1879 1528 quidam
1911 1458 1977 1513 de
2006 1444 2162 1527 aquis

585 1546 849 1618 originem
871 1547 1096 1613 ducunt.
1135 1549 1213 1605 De
1240 1550 1396 1621 aquis
1419 1550 1563 1605 enim
1595 1532 1723 1606 sunt
1751 1551 1963 1620 reptilia
1991 1559 2045 1605 et
2068 1565 2166 1605 vo-

579 1637 772 1705 latilia,
799 1638 864 1695 de
894 1646 1041 1695 terra
1074 1656 1203 1697 vero
1225 1639 1471 1710 quaedam
1500 1654 1621 1710 qua:
1648 1648 1881 1711 reptant,
1915 1640 2163 1711 quaedam

578 1744 711 1787 vero
752 1747 874 1803 quae
917 1733 1235 1806 gradiuntur
1274 1743 1463 1789 exorta
1510 1744 1677 1791 sunt:
1712 1734 1897 1789 tandiu
1938 1733 2161 1804 spiritus

578 1830 707 1878 sunt
740 1824 976 1893 quandiu
1019 1825 1074 1881 in
1120 1826 1440 1895 corporibus
1474 1826 1683 1881 vivunt.
1728 1825 1921 1881 Anima
1965 1825 2161 1897 quippe

575 1926 697 1983 qua:
715 1915 942 1971 rationis
958 1931 1130 1987 capax
1156 1917 1411 1973 divinitus
1428 1918 1569 1975 facta
1587 1935 1692 1976 non
1716 1928 1820 1988 est,
1849 1939 1969 1979 eum
1995 1939 2162 1981 carne

574 2021 670 2061 sua
695 2015 752 2062 et
779 2007 968 2079 incipit
993 2017 1050 2064 et
1076 2009 1276 2065 desinit
1301 2010 1506 2077 vivere,
1540 2014 1667 2083 quia
1698 2015 1915 2084 quando
1942 2016 2160 2087 corpori

578 2098 741 2153 vitam
774 2116 881 2156 non
913 2100 1118 2167 tribuit,
1146 2110 1202 2158 et
1224 2103 1339 2173 ipsa
1367 2119 1475 2159 non
1516 2105 1669 2160 vivit.
1704 2106 1881 2179 Atque
1910 2108 1985 2164 ita
2020 2110 2161 2167 miro

578 2192 741 2248 modo
776 2208 899 2248 cum
928 2195 1075 2250 omni
1096 2196 1248 2252 carni
1274 2198 1453 2252 anima
1490 2200 1703 2256 vivendi
1736 2201 1807 2257 sit
1837 2217 2023 2270 causa,
2052 2204 2162 2274 spi-

573 2282 711 2341 ritus
762 2294 941 2342 tamen
1004 2287 1333 2345 irrationalis
1390 2291 1575 2346 tandiu
1632 2291 1762 2348 vivit
1813 2295 2054 2363 quandiu
2104 2295 2159 2351 in

580 2392 746 2435 carne
777 2394 998 2436 manere
1025 2383 1283 2452 potuerit,
1325 2390 1382 2439 et
1409 2384 1533 2439 dum
1564 2399 1594 2439 a
1621 2400 1785 2441 carne
1810 2402 1909 2443 sua
1934 2403 2157 2460 separa-

582 2479 691 2540 tur,
723 2480 1052 2530 extenuatur
1072 2473 1196 2547 [al.,
1219 2476 1622 2551 exstinguitur].
1640 2476 1715 2534 lta
1735 2478 1796 2534 iit
1822 2488 1881 2535 ut
1902 2496 2022 2537 cum
2045 2482 2161 2554 ipse

572 2562 684 2618 vita
709 2566 893 2622 carnis
929 2582 1039 2622 suae
1074 2568 1175 2634 sit,
1213 2568 1394 2625 vivere
1420 2570 1537 2640 ipse
1566 2580 1800 2640 nequeat
1828 2574 2046 2644 quando
2072 2575 2158 2630 vi-

578 2663 691 2711 tam
735 2659 889 2714 carni
934 2660 1243 2716 ministrare
1287 2661 1408 2735 [nl.,
1445 2663 1879 2741 subministrare]
1937 2668 2159 2726 destite-

570 2748 665 2803 rit.
712 2748 781 2805 Et
808 2751 854 2805 si
886 2767 991 2808 non
1034 2754 1103 2808 sit
1139 2769 1268 2809 caro
1298 2754 1385 2810 cui
1414 2755 1583 2811 vitam
1624 2757 1756 2813 dare
1796 2758 1996 2827 valeat,
2043 2760 2159 2832 ipse

571 2842 792 2913 quoque
822 2857 940 2900 eam
967 2847 1216 2916 protinus
1240 2863 1347 2903 non
1376 2848 1616 2905 habebit.
1651 2848 1777 2905 Ideo
1809 2866 1907 2906 nec
1944 2853 2159 2909 aeterni-

566 2942 652 2991 tas
691 2937 1153 2996 irrationabilibus
1192 2939 1472 3011 spiritibus
1508 2943 1633 2997 data
1664 2950 1769 3010 est,
1802 2959 1917 3001 nec.
1941 2943 2159 3014 aliquod

479 3106 487 3115 .
568 3029 650 3085 eis
690 3029 953 3099 judicium
999 3041 1371 3104 praeparatur,
1404 3034 1459 3090 in
1500 3050 1608 3105 quo
1636 3035 1716 3091 eis
1750 3035 1836 3091 vel
1881 3036 2158 3093 beatitudo

568 3139 669 3195 pro
698 3124 884 3191 bonis,
915 3124 1000 3181 vel
1044 3126 1318 3184 damnatio
1361 3142 1462 3198 pro
1489 3126 1649 3183 malis
1678 3126 1935 3183 reddatur
1973 3127 2154 3198 operi-

2269 545 2395 586 eum
2419 545 2585 587 carne
2618 532 2867 599 moritur,
2885 532 3255 605 iumentorum
3281 533 3646 605 omniumque
3676 534 3872 591 bruto-

2268 637 2391 677 rum
2416 622 2777 696 animalium.]

2341 760 2382 831 -ι-
2406 759 2563 827 Quod
2588 775 2720 815 vero
2742 759 2896 816 addis
2919 780 2933 815 :
2957 758 3310 817 Prohibemur
3327 762 3504 818 dicere
3532 761 3769 817 liberam
3785 779 3875 819 eo-

2267 851 2521 907 luntatem
2541 852 2847 923 perdidisse,
2869 860 2926 908 et
2950 853 3055 909 hoc
3080 852 3278 910 falsum
3304 868 3428 911 esse
3456 854 3661 911 beatus
3690 854 3877 926 Augu-

2267 944 2441 999 stinus
2470 942 2766 1015 redarguit,
2790 943 2934 1014 quod
2954 952 3011 1001 et
3030 960 3193 1017 supra
3212 946 3514 1016 posuimus,
3539 962 3674 1001 cum
3699 948 3835 1002 dicit
3857 966 3873 1002 :

2267 1032 2487 1107 [Libero
2532 1033 2756 1089 arbitrio
2785 1034 2927 1089 male
2953 1042 3115 1090 utens
3154 1037 3316 1093 homo
3349 1046 3405 1090 et
3431 1050 3492 1091 se
3526 1036 3784 1107 perdidit
3820 1044 3877 1092 et

2266 1123 2489 1198 ipsum.)
2518 1123 2671 1193 Quod
2702 1124 2840 1181 dixit
2871 1134 2921 1180 et
2951 1127 3124 1197 ipsum
3163 1127 3482 1183 subauditur
3510 1127 3761 1182 liberum
3788 1143 3877 1182 ar-

2262 1214 2517 1283 bitrium;
2553 1216 2785 1286 perdidit
2815 1232 2946 1289 ergo
2978 1216 3208 1273 liberum
3244 1218 3535 1275 arbitrium
3556 1260 3573 1285 ,
3610 1220 3666 1274 id
3690 1228 3781 1273 est
3812 1218 3876 1274 li-

2263 1310 2531 1365 bertatem
2559 1309 2853 1366 voluntatis
2887 1310 2957 1367 ad
2997 1312 3123 1367 boni
3169 1312 3514 1377 electionem,
3542 1329 3657 1367 non
3683 1322 3875 1368 autem

2262 1399 2496 1469 perdidit
2528 1399 2834 1457 libertatem
2864 1401 3158 1458 voluntatis
3182 1404 3248 1458 ad
3278 1403 3401 1458 mali
3442 1403 3784 1460 electionem
3812 1418 3875 1459 ac

2262 1493 2724 1564 perpetrationem
2747 1512 2762 1549 :
2788 1494 2913 1563 quia
2939 1496 3032 1565 qui
3060 1511 3120 1551 se
3150 1506 3373 1567 peccato
3398 1497 3720 1552 voluntarie
3746 1497 3878 1552 sub-

2265 1583 2419 1650 didit,
2447 1599 2787 1656 nequaquam
2818 1584 2872 1640 in
2895 1585 3012 1663 ejus
3032 1594 3324 1658 potestate,
3356 1587 3453 1643 sed
3482 1589 3537 1642 in
3567 1588 3720 1643 dono
3743 1603 3873 1659 gra-

2266 1673 2355 1728 tim
2396 1675 2717 1745 permansit,
2747 1683 2808 1730 ut
2840 1673 2958 1744 ejus
2987 1676 3343 1747 inspiratione
3378 1679 3582 1733 bonum
3618 1678 3797 1733 vellet
3822 1685 3879 1733 et

2190 1801 2237 1862 Β
2266 1767 2565 1862 ριξεεθιάᾖ
2598 1768 2714 1825 Hoc
2741 1769 2917 1840 ipsum
2958 1771 3152 1862 edocet
3172 1772 3287 1843 ipse
3309 1762 3379 1827 'in
3408 1773 3641 1844 epistola
3670 1774 3751 1826 ad
3786 1774 3879 1828 Vi-

2269 1859 2451 1926 talem,
2496 1859 2572 1916 ita
2610 1862 2902 1918 enuntians
2933 1879 2946 1918 :
2980 1861 3120 1935 [Non
3142 1873 3228 1921 est
3255 1864 3421 1936 igitur
3443 1866 3624 1937 gratia
3662 1866 3773 1921 Dei
3822 1867 3877 1921 in

2263 1962 2461 2011 natura
2489 1956 2644 2013 liberi
2667 1958 2905 2025 arbitrii,
2932 1969 2990 2015 et
3016 1960 3072 2015 in
3094 1961 3212 2033 lege
3238 1968 3399 2031 atque
3421 1939 3702 2025 doctrina,
3730 1961 3879 2017 sicut

2263 2045 2552 2127 lfelagiana
2584 2051 2913 2121 perversitas
2940 2051 3163 2123 desipit,
3200 2053 3294 2109 sed
3332 2054 3400 2109 ad
3428 2054 3679 2125 singulos
3708 2062 3875 2110 actus

2264 2140 2583 2215 daturillius
2614 2143 2911 2212 voluntate,
2940 2145 3007 2201 de
3031 2160 3140 2215 quo
3152 2146 3412 2217 scriptum
3437 2154 3515 2202 est
3547 2165 3562 2200 :
3611 2145 3877 2200 Plut-iur

2263 2230 2613 2289 voluntariam
2622 2250 2899 2307 segregans
2916 2234 3058 2290 Deus
3070 2236 3368 2291 hmeditati
3380 2228 3663 2307 Μάριοι
3671 2252 3875 2303 ,ιιι-ιι,

2264 2319 2363 2387 1ος
2400 2321 2552 2379 Rom.
2586 2340 2681 2391 vn,
2710 2324 2820 2397 l2).
2839 2325 2975 2393 Quia
3000 2333 3053 2381 et
3074 2324 3306 2381 liberum
3328 2324 3620 2380 arbitrium
3646 2325 3727 2378 ad
3748 2325 3879 2393 dilig

2263 2417 2495 2487 gendum
2529 2418 2694 2473 Deum
2723 2418 2885 2489 primi
2922 2419 3131 2489 peccati
3165 2420 3472 2490 granditate
3495 2418 3875 2490 perdidimus,

2261 2518 2309 2563 et
2332 2507 2416 2564 (ex
2443 2507 2542 2564 Dei
2579 2521 2735 2582 atque
2764 2510 3005 2566 doctrina
3040 2512 3276 2583 quamvis
3313 2522 3519 2575 sancta,
3556 2521 3607 2565 et
3627 2512 3797 2581 justi:
3826 2522 3875 2565 et

2262 2601 2418 2667 bona,
2451 2611 2627 2657 tamen
2662 2604 2852 2658 occidit
2872 2603 2919 2658 si
2957 2620 3061 2658 non
3086 2604 3308 2673 vieiﬁcet
3344 2603 3563 2675 spiritus
3600 2601 3691 2675 (11
3743 2601 3873 2658 Car.

2260 2693 2429 2764 111,6),
2459 2708 2558 2763 per
2579 2709 2743 2764 quem
2771 2694 2833 2749 ﬁt
2860 2711 2991 2762 non,
3022 2702 3084 2750 ut
3126 2695 3423 2761 audiendo,
3478 2694 3578 2750 sed
3621 2704 3686 2751 ut
3740 2696 3879 2749 obe-

2259 2784 2480 2850 diendo,
2516 2801 2691 2856 neque
2715 2794 2774 2841 ut
2804 2786 3070 2853 lectione,
3111 2788 3207 2844 sed
3239 2794 3296 2842 ut
3318 2787 3637 2851 dilectione,
3671 2796 3874 2841 tenea-

2261 2893 2386 2931 mur
2427 2875 2560 2950 [al.,
2608 2878 2901 2952 teneatur].
2949 2878 3292 2951 Quapropter
3327 2888 3390 2934 ut
3423 2879 3480 2934 in
3520 2879 3707 2934 Deum
3746 2894 3877 2934 cre-

2261 2969 2453 3025 damus
2478 2980 2535 3025 et
2566 2969 2654 3040 pie
2682 2970 2961 3037 vivamus,
2993 2987 3096 3025 non
3131 2969 3347 3026 colentis
3370 2987 3534 3043 neque
3563 2972 3872 3035 currentis,

2260 3059 2353 3115 sed
2382 3060 2672 3115 miserentis
2716 3069 2790 3115 est
2827 3059 2929 3115 Dei
2953 3059 3132 3132 (Rom.
3168 3076 3247 3129 ix,
3274 3061 3363 3133 16)
3385 3078 3400 3127 ;
3424 3077 3533 3117 non
3564 3062 3699 3131 quia
3732 3061 3876 3117 velle

2184 3160 2233 3226 α
2262 3167 2372 3207 non
2420 3153 2679 3209 debemus
2717 3161 2771 3209 et
2795 3168 3040 3220 currere,
3075 3154 3169 3209 sed
3203 3155 3328 3224 quia
3354 3153 3464 3225 ipse
3497 3154 3556 3209 in
3600 3154 3784 3219 nobis,
3821 3163 3874 3209 et

568 3216 715 3316 bus._
735 3218 860 3274 ldeo
905 3227 1082 3316 autem
1212 3221 1291 3316 eis
1333 3221 1479 3316 nulla
1518 3236 1764 3316 operum‘
1784 3220 2159 3316 discretiore-
2192 3216 2233 3226 v
2265 3239 2394 3296 velle
2418 3252 2667 3314 aperatur
2698 3252 2746 3297 et
2775 3258 2984 3298 currere
3007 3216 3176 3314 ('Pliil.
3215 3216 3271 3307 il,
3307 3216 3418 3316 13').
3444 3243 3489 3315 1-
3516 3216 3871 3314 Astipulante

509 3328 522 3342 δ
573 3309 844 3378 quiritur,
873 3310 999 3382 quia
1027 3310 1230 3367 nullam
1266 3312 1598 3385 intelligendi
1628 3310 1936 3368 facultatem
1961 3310 2158 3368 divini-

570 3409 660 3458 tus
681 3411 1025 3474 acceperunt.
1061 3401 1356 3476 Propterea
1387 3404 1552 3476 igitur
1588 3418 1778 3459 eorum
1808 3419 2035 3475 corpora
2062 3420 2154 3461 re-

571 3504 883 3550 surrectura
909 3510 1017 3551 non
1048 3504 1196 3561 sunt,
1219 3495 1344 3566 quia
1375 3510 1478 3551 nec
1503 3495 1636 3567 ipsis
1658 3496 1939 3552 animabus
1966 3511 2157 3552 eorum

568 3593 666 3643 aut
691 3588 919 3659 aequitas
954 3595 1049 3643 aut
1077 3586 1335 3658 iniquitas
1382 3586 1507 3653 fuit,
1555 3602 1657 3657 pro
1685 3601 1789 3656 qua
1826 3587 1908 3643 eis
1952 3596 2157 3644 eterna
2206 3643 2225 3657 ,

565 3676 654 3735 vel
679 3679 957 3736 beatitudo
980 3679 1052 3735 sit
1081 3677 1367 3735 tribuenda
1393 3675 1477 3733 vel
1501 3675 1708 3750 poena]
1730 3676 1771 3748 -ι-
1803 3677 1948 3734 Beda
1974 3676 2030 3734 iu
2054 3676 2160 3735 Ge—

568 3771 687 3829 nesi
721 3789 736 3827 :

638 3864 881 3940 [Cunctis
912 3865 1096 3923 diebus
1128 3874 1284 3921 terra:
1317 3863 1568 3921 sementis
1586 3872 1633 3919 et
1663 3863 1869 3931 messis,
1904 3862 2074 3935 frigus
2106 3869 2157 3917 et

567 3968 761 4023 aestus;
795 3967 951 4013 testas
983 3967 1033 4011 et
1061 3956 1259 4028 hyems,
1292 3971 1398 4012 nos:
1444 3964 1495 4011 et
1535 3955 1646 4011 dies
1689 3972 1794 4011 non
1841 3953 2160 4025 requiescent

572 4045 731 4121 (Gen.
771 4064 891 4113 vin,
932 4047 1055 4135 ἥ).
1104 4047 1239 4103 Cum
1285 4046 1430 4102 enim
1481 4047 1705 4103 dixisset
1738 4047 1938 4101 cunctis
1975 4044 2159 4135 diebus

568 4153 700 4195 mox
758 4133 964 4194 addidit
1020 4147 1200 4205 terrm,
1266 4144 1328 4193 ut
1381 4136 1711 4208 intelligeres
1766 4135 1977 4193 cunctis
2036 4133 2155 4194 die;

568 4231 693 4297 bus,
738 4230 936 4301 quibus
976 4239 1123 4287 terra
1171 4229 1493 4286 modernum
1522 4230 1774 4285 habitura
1805 4237 1887 4285 est
1928 4236 2155 4297 statum,

565 4336 790 4379 securos
838 4322 1085 4379 homines
1110 4323 1178 4379 ab
1209 4323 1412 4392 impetu
1457 4322 1778 4377 universalis
1816 4322 2003 4378 diluvii
2032 4337 2158 4380 esse

566 4413 787 4471 debere.
818 4413 929 4470 Nec
960 4422 1140 4471 tamen
1176 4412 1489 4470 defuturum
1529 4421 1756 4484 tempus,
1786 4416 2005 4485 quando
2040 4430 2158 4473 ces-

568 4514 727 4564 sante
764 4506 867 4563 hac
893 4507 1189 4563 labentium
1230 4522 1413 4562 rerum
1462 4506 1850 4574 vicissitudine,
1895 4522 2016 4580 quae
2057 4497 2156 4564 an;
2182 4530 2234 4593 ι)

570 4599 779 4656 nuatim
809 4599 1017 4670 geritur
1041 4598 1191 4656 orbis
1225 4598 1513 4656 universus
1540 4613 1664 4656 cum
1700 4598 2063 4656 animantibus
2083 4600 2155 4656 sit

568 4690 693 4764 igne
710 4689 1031 4764 periturus]

637 4785 677 4855 1-
700 4783 759 4839 In
805 4784 994 4841 eodem
1020 4782 1162 4841 Beda
1193 4802 1207 4840 :
1238 4783 1466 4857 [Idcirco
1497 4783 1726 4854 requirit
1764 4783 1910 4840 Deus
1946 4782 2157 4840 animas

567 4878 849 4937 hominum
885 4894 916 4934 a
949 4877 1141 4934 bestiis
1169 4876 1256 4934 vel
1294 4876 1602 4934 hominibus
1639 4892 1672 4932 a
1704 4876 1903 4948 quibus
1939 4874 2156 4931 fuerant

568 4971 813 5043 eﬂ‘ugatte
834 4970 900 5027 de
929 4984 1175 5041 corpore,
1199 4968 1326 5039 quia
1350 4969 1419 5023 ad
1439 4969 1719 5040 imaginem
1748 4983 1899 5023 suam
1921 4967 2044 5037 fecit
2064 4966 2157 5022 lio-

569 5063 763 5119 minem
792 5061 945 5136 (Gen.
975 5078 1013 5129 ι,
1038 5060 1153 5133 26),
1169 5061 1224 5116 ἰη
1245 5075 1311 5117 eo
1339 5058 1481 5131 quod
1501 5059 1646 5114 hunc
1673 5072 1894 5114 manere
1911 5057 1977 5113 ad
1999 5064 2156 5112 teter-

566 5155 793 5213 nitatem
818 5154 1007 5222 voluit,
1036 5169 1212 5227 neque
1238 5153 1307 5209 ad
1342 5151 1752 5208 similitudinem
1793 5149 2154 5205 animantium

566 5260 691 5303 eum
721 5245 966 5318 corporis
980 5253 1154 5301 morte
1177 5240 1406 5316 perire.]
1429 5241 1470 5312 1-
1490 5239 1782 5313 Gregorius
1810 5239 2154 5311 Dialogorum

565 5339 665 5396 lib.
696 5332 750 5395 tv
776 5338 916 5413 (cap.
943 5338 998 5410 '5)
1029 5352 1043 5391 :
1076 5336 1212 5409 Tres
1239 5336 1437 5406 quippe
1463 5331 1656 5388 vitales
1683 5330 1908 5403 spiritus
1950 5329 2159 5386 creavit
2190 5370 2204 5383 .

567 5432 910 5504 omnipotens
930 5430 1094 5497 Deus,
1117 5444 1283 5484 unum
1306 5426 1398 5499 qui
1422 5439 1587 5480 carne
1610 5439 1716 5480 non
1741 5422 1958 5496 tegitur,
1985 5421 2153 5477 alium

568 5527 661 5599 qui
689 5540 854 5583 carne
887 5523 1117 5595 tegitur,
1147 5520 1242 5577 sed
1280 5534 1387 5576 non
1416 5534 1541 5575 cum
1567 5531 1734 5573 carne
1758 5515 2016 5581 moritur;
2045 5523 2154 5568 ter-

569 5608 706 5672 tium
729 5616 821 5686 qui
855 5629 1019 5670 carne
1048 5613 1269 5685 tegitur,
1305 5619 1359 5666 et
1375 5624 1506 5665 eum
1540 5622 1707 5665 carne
1735 5606 1965 5663 moritur
1998 5622 2010 5658 :
2049 5602 2155 5674 spi-

570 5710 710 5765 ritus
751 5723 982 5777 namque
1025 5716 1128 5773 est,
1173 5704 1265 5775 qui
1310 5718 1476 5759 carne
1523 5717 1630 5757 non
1668 5701 1883 5772 tegitur,
1936 5697 2154 5768 angelo-

574 5813 697 5860 tum
722 5815 735 5852 :
761 5798 982 5868 spiritus
1008 5797 1099 5868 qui
1131 5810 1295 5853 carne
1324 5794 1546 5866 tegitur,
1578 5794 1673 5851 sed
1711 5808 1833 5850 eum
1856 5803 2025 5848 carne
2044 5803 2155 5845 non
2193 5815 2207 5835 .-

2262 3342 2452 3390 sancto
2480 3333 2685 3391 Isidoro
2713 3335 2829 3406 qui,
2864 3335 2930 3391 de
2963 3334 3150 3390 Gratia
3186 3335 3282 3391 Dei
3308 3344 3364 3392 et
3388 3335 3593 3392 Libero
3614 3337 3870 3395 Arbitrio

2262 3424 2543 3494 disputans
2572 3424 2673 3499 (De
2698 3425 3007 3496 differentiis
3029 3424 3123 3480 lib.
3147 3441 3209 3493 ιι,
3232 3442 3351 3497 cap.
3377 3425 3498 3500 32),
3522 3428 3671 3483 hanc
3706 3427 3865 3485 dille—

2262 3520 2496 3575 rentiam
2523 3518 2814 3591 expedivit.

2335 3654 2504 3728 [Inter
2530 3655 2719 3725 gratim
2745 3654 2942 3711 divina:
2978 3653 3306 3711 inlusionem
3348 3663 3404 3711 et
3428 3653 3665 3710 humani
3715 3654 3865 3711 περ

2262 3746 2356 3802 trii
2386 3746 2716 3803 voluntatem
2740 3746 2843 3802 hoc
2870 3745 3099 3803 interest
3126 3763 3140 3800 :
3174 3744 3460 3801 arbitrium
3489 3753 3579 3800 est
3607 3744 3863 3802 voluntas

2259 3835 2446 3893 liberte
2474 3836 2780 3906 potestatis,
2828 3850 2949 3906 quae
2989 3850 3088 3905 per
3128 3850 3190 3891 se
3220 3842 3412 3906 sponte
3466 3834 3553 3890 vel
3601 3836 3751 3891 bona
3779 3834 3864 3890 vel

2261 3928 2405 3985 mala
2440 3937 2697 3999 appetere
2736 3934 2933 3998 potest.
2967 3925 3154 3982 Gratia
3182 3934 3365 3980 autem
3396 3933 3483 3980 est
3519 3924 3727 3981 divinae
3762 3925 3863 3980 mi—

2261 4019 2570 4077 sericordiae
2614 4019 2913 4090 gratuitum
2959 4017 3185 4083 donum,
3235 4032 3336 4088 per
3383 4015 3529 4086 quod
3586 4024 3648 4072 et
3702 4017 3862 4072 bona

2261 4109 2555 4167 voluntatis
2614 4109 2829 4164 initium
2873 4117 2950 4172 ,et
2992 4107 3178 4178 operis
3232 4121 3510 4162 meremur
3575 4104 3860 4162 elfeclum.

2261 4202 2452 4258 Divina
2484 4202 2682 4273 quippe
2706 4200 2883 4272 gratia
2925 4207 3033 4265 est,
3080 4213 3188 4269 qua
3231 4198 3562 4269 praevenitur
3604 4197 3863 4254 homost

2261 4295 2435 4353 bonus
2476 4294 2567 4361 sit,
2621 4308 2722 4350 nec
2772 4294 3073 4349 humanum
3132 4290 3417 4347 arbitrium
3466 4290 3561 4346 Dei
3615 4293 3857 4363 gratiam

2260 4388 2573 4454 antecedit;
2622 4386 2716 4444 sed
2768 4387 2881 4457 ipsa
2908 4385 3083 4458 gratia
3118 4384 3212 4440 Dei
3254 4383 3529 4440 nolentem
3574 4383 3859 4439 hominem

2260 4479 2541 4554 praevenit,
2570 4487 2629 4534 ut
2657 4478 2823 4535 etiam
2856 4477 2993 4534 bene
3016 4475 3164 4532 velit.
3198 4473 3341 4531 Nam
3379 4478 3626 4554 pondere
3670 4475 3859 4531 carnis

2258 4552 2422 4633 homo
2451 4574 2531 4630 sic
2551 4573 2728 4644 agitur
2753 4580 2812 4627 ut
2835 4571 2901 4626 ad
2924 4570 3256 4642 peccandum
3277 4568 3351 4624 sit
3376 4552 3614 4639 fragilis,
3640 4568 3859 4639 tepidus

2261 4667 2329 4723 ad
2346 4663 2470 4738 [al.,
2495 4664 2563 4719 ad
2586 4660 3050 4734 praevaricandum
3080 4660 3153 4716 sit
3171 4658 3366 4727 facilis,
3389 4659 3579 4714 tardus
3603 4659 3697 4725 ad,
3718 4658 3855 4733 etc.]

2258 4758 2653 4831 paenitendum.
2706 4755 2882 4812 Habet
2925 4753 2995 4810 de
3040 4769 3101 4811 se
3144 4754 3287 4810 unde
3336 4761 3580 4819 corruat,
3641 4761 3699 4810 et
3750 4769 3859 4808 non

2260 4855 2427 4912 habet
2472 4853 2615 4909 unde
2656 4857 2969 4923 consurgat,
3016 4848 3126 4905 nisi
3174 4848 3350 4920 gratia
3399 4845 3744 4911 Conditoris,
3802 4854 3861 4900 ut

2261 4949 2521 5021 erigatur,
2552 4960 2771 5001 manum
2792 4944 3102 5016 iacentibus
3130 4942 3338 4998 tendat.
3369 4940 3623 5011 Denique
3646 4938 3859 4994 homini

2261 5057 2362 5114 per
2384 5040 2477 5095 Dei
2501 5039 2735 5111 gratiam
2756 5037 2985 5093 liberum
3014 5042 3356 5092 restauratur
3369 5033 3692 5098 arbitrium,
3712 5031 3861 5102 quod

2262 5135 2471 5208 primus
2495 5132 2659 5188 homo
2678 5130 3009 5202 perdiderat.
3045 5126 3186 5183 Nam
3219 5125 3309 5182 ille
3337 5123 3527 5181 habuit
3558 5120 3861 5179 inchoanﬁ

2261 5227 2391 5283 boni
2431 5225 2663 5281 liberum
2691 5222 2999 5285 arbitrium,
3038 5218 3183 5291 quod
3209 5225 3391 5272 tamen
3432 5214 3530 5270 Dei
3576 5211 3863 5284 adiutorio

2261 5320 2635 5392 perliceretur.
2667 5315 2779 5372 Nos
2814 5330 2946 5371 vero
2988 5321 3045 5370 et
3072 5311 3476 5369 inchoationem
3502 5306 3666 5364 liberi
3708 5307 3835 5362 arbi

2262 5414 2375 5478 trii,
2424 5420 2481 5468 et
2500 5409 2888 5483 perfectionem
2926 5406 2996 5462 de
3026 5405 3124 5462 Dei
3155 5404 3423 5461 sumimus
3474 5402 3685 5474 gratia.
3714 5400 3859 5469 Quia

2261 5514 2316 5563 et
2345 5505 2583 5576 incipere
2605 5511 2662 5557 et
2689 5499 2957 5573 perlicere
2983 5499 3185 5555 bonum
3235 5496 3301 5552 de
3328 5494 3447 5565 ipso
3496 5492 3797 5555 habemus,
3824 5504 3856 5544 a

2259 5614 2368 5668 quo
2397 5604 2452 5652 et
2495 5594 2684 5667 gratiae
2709 5595 2910 5649 donum
2955 5590 3167 5655 datum,
3194 5597 3252 5643 et
3295 5586 3527 5641 liberum
3559 5582 3853 5637 arbitrium

2261 5690 2316 5744 in
2343 5687 2500 5743 nobis
2526 5693 2611 5741 est
2637 5690 3017 5739 restauratum.
3054 5678 3150 5735 Dei
3195 5686 3278 5733 est
3302 5690 3435 5746 ergo
3463 5674 3670 5731 donum
3708 5668 3853 5743 quod

2260 5780 2475 5855 agimus
2529 5787 2753 5853 prepter
2801 5778 3033 5851 gratiam
3082 5771 3502 5849 praevenientem
3551 5776 3613 5825 et
3662 5766 3853 5825 subis:
