4064 6346
215 353 354 412 1957

1062 349 1148 406 DE
1184 349 1854 416 ΡΒΙΕΒΕΞΤΙΝΑΤΙΟΝΕ
1892 347 2172 405 CONTRA
2213 347 2264 403 .l.
2309 346 2609 406 SCOTUM.

3335 347 3471 405 4058

216 467 492 534 quentem.
544 457 799 516 Nostrum
851 473 982 515 vero
1019 469 1101 515 est
1143 470 1364 531 propter
1403 462 1790 532 obsequentem
1819 464 1869 524 Λ
1894 461 2096 516 homini
2147 461 2465 532 negotiatio,
2515 459 2620 514 alio
2663 465 2904 528 tempore
2931 443 3137 514 "militia
3178 459 3374 528 placet.
3409 461 3476 517 Et

215 553 370 608 liberi
407 551 613 606 arbitrii
646 551 990 606 voluntatem.
1023 551 1158 614 Nam
1197 553 1242 607 si
1290 551 1383 607 Dei
1425 567 1533 607 non
1563 561 1665 618 est,
1696 567 1794 608 cur

215 645 264 700 ei
286 643 490 715 gratias
513 642 757 712 agimus?
783 641 849 695 Et
876 641 920 695 si
959 651 1201 696 nostrum
1227 657 1333 696 non
1360 651 1464 707 est,
1494 657 1593 697 cur
1639 643 1796 696 retri-

215 737 489 792 butionem
540 735 801 789 bonorum
849 749 1071 805 operum
1103 736 1514 804 exspectamus?
1563 735 1797 791 Proinde

217 842 350 900 ergo
375 829 429 882 in
468 843 533 881 eo
559 827 701 897 quod
729 828 902 897 gratia
930 829 1311 897 prmvenimur,
1361 828 1454 883 Dei
1481 835 1599 894 est;
1644 829 1698 883 in
1731 843 1797 884 eo

215 934 348 975 vero
381 918 524 988 quod
554 919 690 974 bene
715 920 986 989 operando
1016 918 1138 991 [al.,
1168 921 1236 974 ad
1266 919 1400 974 bene
1439 920 1794 994 operandum]

214 1010 634 1083 praevenientem
655 1010 884 1081 gratiam
908 1011 1208 1079 sequimur,
1232 1019 1475 1065 nostrum
1500 1021 1602 1067 est.
1627 1009 1798 1066 Nemo

217 1110 398 1158 autem
429 1101 600 1156 Deum
629 1101 837 1155 meritis
862 1102 1152 1167 antecedit,
1181 1110 1242 1156 ut
1266 1109 1450 1158 tenere
1488 1117 1610 1158 eum
1643 1102 1798 1172 quasi

215 1193 516 1250 debitorem
562 1193 751 1261 possit.
805 1191 913 1248 Sed
948 1191 1088 1248 miro
1140 1194 1298 1249 modo
1328 1209 1514 1264 aequus
1549 1194 1800 1249 omnibus

217 1283 498 1347 Conditor,
535 1283 668 1336 alios
707 1283 1140 1353 pmdestinando
1168 1283 1461 1354 praeelegit,
1495 1279 1638 1338 alios
1671 1299 1800 1339 vero

218 1376 275 1430 in
325 1375 439 1430 suis
483 1375 668 1444 pravis
717 1375 957 1430 moribus
1006 1375 1154 1446 justo
1194 1375 1399 1446 judicio
1457 1375 1796 1444 derelinquit.

220 1469 377 1525 Unde
407 1466 528 1540 [al.,
563 1465 708 1538 inde]
759 1467 1099 1522 verissimum
1141 1468 1328 1540 gratiae
1355 1485 1551 1524 munus
1585 1483 1692 1523 non
1734 1484 1802 1524 ex

222 1562 458 1616 lmmana
485 1559 708 1625 virtute,
739 1558 824 1614 vel
853 1574 920 1614 ex
941 1559 1136 1615 merito
1163 1561 1371 1615 arbitrii
1397 1561 1670 1631 consequi,
1708 1562 1802 1616 sed

221 1652 387 1707 solius
415 1650 608 1705 divina:
638 1649 857 1720 pietatis
885 1650 1130 1705 bonitate
1158 1651 1360 1722 largiri.
1397 1651 1628 1718 Quidam
1657 1652 1802 1706 enim

221 1741 390 1815 gratis
416 1741 804 1796 misericordia:
825 1740 939 1808 ejus
957 1740 1049 1813 [οι.
1065 1783 1077 1807 ,
1105 1743 1491 1813 gratissimae...
1514 1743 1649 1812 ejus,
1671 1743 1802 1816 etc.]

221 1835 600 1907 praevenientis
635 1833 778 1889 dono
801 1833 1100 1901 salvantur,
1123 1834 1299 1890 ell‘ecti
1325 1850 1455 1890 vasa
1488 1835 1798 1891 misericor-

221 1930 360 1994 dim;
389 1929 610 1998 quidam
645 1942 770 1981 vero
820 1929 1034 1998 reprobi
1076 1929 1267 1994 habiti,
1297 1929 1364 1983 ad
1416 1943 1632 1999 ptenam
1672 1946 1805 2000 pra:-

221 2019 500 2084 dcstinati,
523 2019 874 2084 damnantur,
904 2018 1078 2074 etlecti
1119 2035 1251 2074 vasa
1279 2019 1392 2074 irae.
1435 2019 1587 2087 Quod
1613 2035 1800 2076 exem-

223 2111 313 2181 plo
343 2112 408 2166 de
429 2111 568 2165 Esau
585 2109 819 2165 etJacob
838 2112 1065 2166 necdum
1092 2111 1232 2167 natis
1257 2111 1545 2181 colligitur,
1561 2111 1651 2182 qui
1675 2111 1820 2167 dum

220 2209 405 2256 essent
424 2215 529 2254 una
557 2199 910 2270 conceptione
939 2199 1021 2254 vel
1048 2207 1205 2270 partu
1226 2201 1634 2270 editi,.parique
1660 2215 1802 2256 nexu

219 2292 436 2364 peccati
469 2291 745 2363 originalis
775 2291 1005 2354 astricti,
1039 2291 1266 2345 alterum
1299 2285 1475 2346 ulmen
1511 2291 1632 2363 [al.,
1681 2302 1803 2346 tan-

222 2384 362 2456 tum]
398 2398 584 2440 eorum
621 2383 687 2438 ad
731 2397 789 2436 se
815 2383 1196 2439 misericordiae
1240 2385 1433 2440 divinze
1471 2387 1806 2456 praeveniens

222 2478 440 2533 bonitas
466 2477 700 2548 gratuito
733 2476 922 2543 traxit,
963 2477 1299 2548 alterumque
1342 2477 1465 2550 [al.,
1494 2479 1802 2535 misericor-

223 2569 312 2624 dia
340 2569 675 2640 praaveniens
695 2570 882 2635 traxit,
947 2570 1174 2625 alterum
1219 2572 1542 2645 quadam...]
1584 2572 1808 2642 justitiae

224 2663 518 2718 severitate
554 2663 679 2718 odio
720 2662 962 2718 habitum
1007 2664 1062 2718 in
1106 2680 1284 2720 massa
1325 2665 1643 2735 perditionis
1685 2668 1809 2723 reli-

224 2762 372 2809 ctum
403 2753 699 2810 damnavit.
734 2752 885 2810 Sicut
913 2764 969 2810 et
1011 2770 1108 2826 per
1145 2757 1464 2826 prophetam
1496 2758 1636 2813 idem
1666 2758 1808 2816 Deus

223 2843 468 2914 loquitur
522 2845 708 2900 dicens
751 2862 764 2899 :
813 2845 977 2900 Jacob
1025 2847 1224 2914 dilexi,
1273 2847 1419 2903 Esau
1463 2851 1807 2905 autem'odio

226 2940 390 2994 habui
438 2940 608 3011 (Rom.
637 2956 714 3006 IX,
752 2941 863 3013 l5).
920 2941 1074 2998 Unde
1112 2959 1451 3014 consequens
1495 2953 1596 3008 est,
1648 2945 1810 3002 nullis

226 3032 682 3103 prazvenientibus
726 3033 934 3088 meritis
983 3033 1218 3089 conferri
1258 3035 1514 3103 gratiam,
1561 3035 1658 3089 sed
1695 3035 1811 3090 sola

227 3125 515 3180 vocatione
564 3125 782 3179 divina:
824 3141 1000 3197 neque
1042 3142 1370 3198 quemquam
1423 3128 1642 3196 salvari,
1697 3129 1811 3185 sive

234 3215 507 3281 damnari,
535 3215 659 3286 eligi
691 3215 774 3270 vel
807 3197 1108 3286 reprobari,
1149 3197 1251 3273 nisi
1277 3235 1342 3274 ex
1376 3219 1651 3289 proposito
1673 3235 1812 3289 prae-
1839 3197 1884 3261 (ἶ

231 3307 559 3363 destinantis
585 3307 701 3377 Dei,
725 3309 816 3378 qui
837 3308 1017 3378 justus
1042 3317 1126 3363 est
1153 3309 1208 3363 in
1243 3309 1566 3379 reprobatis,
1597 3311 1812 3366 miseri-

231 3413 360 3453 cors
384 3397 436 3452 in
465 3397 669 3453 electis.
707 3397 978 3453 Universae
997 3400 1135 3454 enim
1157 3401 1252 3455 vite
1281 3399 1494 3455 Domini
1516 3403 1813 3457 misericor-

234 3491 326 3545 dia
348 3500 394 3545 et
418 3493 608 3546 veritas
631 3490 805 3561 (Psal.
835 3508 984 3558 xxxv,
1017 3493 1125 3565 10).

241 3647 248 3654 .
309 3580 567 3652 Quodque
594 3581 782 3648 infers,
808 3600 925 3655 qua:
942 3625 955 3648 ,
992 3584 1048 3639 id
1067 3594 1143 3640 est
1171 3585 1407 3641 voluntas
1429 3586 1675 3654 hominis,
1702 3591 1814 3646 sine

233 3673 396 3728 dubio
439 3674 797 3730 substantialis
833 3687 930 3740 est,
983 3685 1038 3731 et
1091 3678 1212 3743 hoc,
1261 3679 1553 3734 secundum
1601 3697 1664 3736 ea
1694 3697 1815 3752 qua:

232 3765 540 3838 praemissa
575 3777 721 3833 sunt,
772 3768 963 3824 falsum
1013 3779 1117 3835 est,
1171 3771 1424 3842 quoniam
1481 3774 1812 3829 voluntatem

233 3857 595 3914 substantiam
631 3875 876 3916 asserere
903 3862 1130 3926 niteris;
1160 3863 1294 3919 alias
1323 3875 1506 3920 autem
1557 3868 1813 3923 substan-

236 3949 387 4004 tialis
428 3959 485 4005 et
511 3951 772 4007 naturalis
799 3961 948 4008 recte
973 3955 1222 4010 voluntas
1265 3957 1480 4011 dicitur.
1509 3958 1638 4026 Quae
1683 3960 1816 4014 sub-

234 4039 564 4096 stantialitcr
591 4053 647 4097 et
696 4044 1016 4100 naturaliter
1063 4045 1238 4101 eidem
1286 4049 1602 4103 substantiae
1651 4057 1816 4120 atque

235 4141 450 4187 naturae
478 4132 669 4199 indita,
709 4135 895 4203 prima:
917 4136 1243 4193 conditionis
1267 4154 1492 4194 munere
1532 4156 1638 4194 non
1663 4140 1818 4211 igno-

239 4230 414 4276 ratur.
454 4219 822 4277 Substantiam
853 4233 1030 4279 autem
1060 4240 1200 4292 eam,
1246 4227 1299 4282 id
1344 4237 1430 4282 est
1459 4229 1814 4296 voluntatem,

238 4324 364 4366 esse
412 4309 715 4368 nullatenus
757 4313 1006 4369 dicimus.
1061 4317 1195 4383 Quia
1247 4318 1291 4373 si
1323 4320 1620 4375 substantia
1649 4332 1816 4388 esset,

237 4401 386 4457 mala
415 4418 520 4458 non
575 4414 740 4467 esset.
787 4409 929 4476 quod
982 4408 1231 4464 voluntas
1282 4411 1572 4481 plurimum
1623 4423 1730 4468 tam
1764 4417 1816 4470 in

238 4494 558 4564 apostaticis
580 4495 785 4567 angelis
810 4512 970 4568 quam
1000 4498 1054 4554 in
1080 4501 1349 4569 perversis
1372 4502 1680 4559 hominibus
1699 4521 1817 4560 esse

241 4601 355 4640 non
381 4585 695 4641 dubitatur:
728 4589 905 4644 omnis
931 4589 1076 4644 enim
1107 4601 1359 4647 creatura
1388 4593 1484 4649 Dei
1513 4593 1676 4661 bona,
1710 4613 1818 4652 non

242 4685 429 4731 autem
477 4679 654 4734 omnis
701 4679 951 4736 voluntas
997 4681 1232 4737 hominis
1275 4683 1437 4739 bona.
1481 4686 1559 4741 Ex
1591 4687 1821 4744 diversis

242 4769 393 4824 enim
444 4769 572 4825 visis
625 4771 872 4826 diversus
919 4773 1189 4842 appetitus
1235 4776 1537 4832 animarum
1592 4788 1708 4844 est;
1754 4795 1820 4835 ex

235 4862 464 4948 diverso
493 4866 732 4935 appetitu
761 4867 958 4922 diversi
984 4877 1113 4922 sunt
1133 4868 1463 4939 adipiscendi
1504 4887 1818 4941 successus;

240 4971 311 5012 ex
341 4955 553 5012 diverso
585 4973 838 5014 successu
867 4958 1076 5014 diversa
1109 4961 1474 5028 consuetudo;
1507 4977 1574 5016 ex
1608 4964 1820 5020 diversa

241 5046 633 5101 consuetudine
675 5047 884 5102 diversa
931 5056 1016 5104 est
1058 5047 1303 5104 voluntas
1340 5067 1352 5103 :
1395 5051 1606 5106 diversa
1637 5061 1820 5108 autem

239 5137 362 5190 visa
389 5136 523 5191 ordo
575 5153 754 5191 rerum
792 5137 943 5204 facit,
991 5139 1236 5194 occultus
1280 5140 1518 5209 quidem,
1577 5141 1672 5196 sed
1721 5141 1822 5195 sub

243 5227 429 5282 divina
461 5227 797 5298 providentia
819 5237 1002 5284 certus
1027 5238 1224 5286 tamen.
1263 5230 1380 5286 Non
1411 5231 1592 5302 itaque
1626 5233 1698 5287 ob
1721 5232 1825 5288 hoc

241 5321 547 5394 putandum
606 5330 690 5376 est
748 5322 988 5378 diversas
1049 5337 1169 5378 esse
1226 5333 1449 5380 naturas
1497 5325 1818 5391 animarum,

243 5413 374 5485 quia
421 5412 645 5467 diversa:
701 5422 828 5468 sunt
875 5413 1222 5481 voluntates,
1268 5417 1398 5487 quin
1447 5417 1609 5471 etiam
1664 5417 1823 5473 unius

235 5495 452 5582 animae
487 5509 736 5564 voluntas
789 5524 889 5579 pro
937 5515 1237 5580 temporum
1293 5510 1608 5566 diversitate
1655 5511 1826 5564 varia-

235 5608 384 5680 .tur:
423 5601 689 5670 siquidem
722 5600 828 5655 alio
876 5608 1119 5668 tempore
1144 5601 1294 5654 dives
1336 5616 1454 5655 esse
1500 5601 1667 5671 cupit,
1719 5601 1823 5656 alio

247 5701 494 5764 tempore
518 5693 850 5762 contemptis
873 5691 1075 5746 divitiis
1113 5692 1330 5762 sapiens
1366 5707 1486 5747 esse
1532 5693 1820 5757 desiderat,

247 5783 382 5839 etin
420 5783 536 5853 ipso
577 5783 949 5853 temporalium
998 5781 1236 5851 appetitu
1290 5781 1395 5837 alio
1449 5791 1688 5853 tempore
1729 5784 1821 5838 uni

1899 554 2067 609 multa
2089 553 2306 609 similia.

1967 645 2227 714 Quodque
2250 643 2432 699 subdis
2456 662 2470 698 :
2505 643 2628 698 Non
2650 644 2788 698 enim
2813 642 2869 696 in
2881 643 3091 697 homine
3120 644 3308 696 creavit
3336 643 3476 698 Deus

1897 738 2213 794 voluntatem
2244 737 2519 809 captivam,
2548 737 2638 792 sed
2665 736 2882 791 liberam
2911 754 2930 790 :
2960 751 3075 806 qua:
3103 734 3314 790 libertas
3357 746 3470 805 post

1896 837 2172 900 peccatum
2223 828 2490 892 remansit,
2541 837 2596 882 et
2651 828 2755 882 hoc
2801 825 2993 881 falsum
3022 834 3124 880 est.
3156 824 3292 892 Quia
3335 825 3476 880 Deus

1899 919 2138 974 animam
2179 917 2408 973 liberam
2433 917 2642 972 creavit
2689 917 2848 986 eique
2896 915 3230 972 voluntatem
3286 915 3480 972 indidit

1899 1011 2153 1077 liberam,
2204 1027 2312 1066 non
2340 1012 2610 1082 captivam
2649 1029 2662 1064 :
2701 1025 2866 1080 quam
2905 1018 3109 1074 tamen,
3141 1007 3194 1063 in
3237 1009 3477 1064 deterius

1899 1102 2251 1168 deﬂectendo,
2299 1104 2412 1173 ipsa
2456 1103 2635 1157 anima
2682 1100 2812 1158 fecit
2847 1115 2970 1156 esse
3017 1099 3322 1170 captivam;
3351 1102 3478 1170 quia

1899 1197 2152 1253 videlicet
2195 1213 2316 1252 cum
2355 1196 2623 1265 adjutorio
2658 1197 2847 1266 gratiae
2891 1204 3076 1266 posset
3123 1210 3241 1250 eam
3296 1205 3479 1250 tenere

1900 1290 2146 1356 liberam,
2179 1291 2223 1346 si
2266 1301 2536 1362 pracepto
2565 1289 2874 1345 Conditoris
2919 1287 3216 1343 liberaliter
3257 1289 3481 1344 obedire

1901 1381 2084 1448 vellet,
2115 1381 2308 1435 maluit
2327 1379 2620 1435 damnabili
2647 1378 2930 1433 aversione
2956 1378 3481 1448 perinobedientiam

1901 1473 2214 1529 venundare
2235 1471 2470 1537 diabolo,
2505 1488 2534 1526 a
2553 1487 2658 1542 quo
2680 1471 2934 1541 deinceps
2957 1471 3167 1542 captiva
3184 1480 3480 1536 teneretur,

1903 1578 1968 1619 ac
1981 1579 2078 1632 per
2101 1564 2203 1618 hoc
2231 1564 2344 1634 ipsa
2376 1578 2433 1618 se
2463 1563 2728 1633 captivam
2757 1560 2906 1626 fecit,
2934 1576 3053 1630 qua:
3078 1559 3340 1625 vendidit,
3376 1577 3483 1614 non

1903 1655 2178 1717 Conditor,
2227 1655 2320 1724 qui
2355 1655 2584 1710 liberam
2629 1653 2838 1709 ereavit
2870 1671 2882 1706 :
2914 1651 3152 1722 perdidit
3198 1666 3328 1722 ergo
3377 1666 3484 1705 non

1905 1731 2284 1811 substantiam,
2330 1745 2422 1801 sed
2464 1745 2772 1800 libertatem
2800 1744 3026 1809 ereavit,
3077 1756 3178 1812 nec
3217 1743 3388 1813 ipsam
3417 1757 3485 1796 ex

1832 1834 1880 1894 B
1909 1846 2046 1903 toto,
2069 1837 2164 1892 sed
2209 1851 2274 1890 ex
2308 1836 2519 1906 aliquo,
2552 1836 2826 1898 videlicet,
2857 1846 2917 1890 ut
2949 1837 3150 1891 bonum
3194 1834 3330 1891 velle
3377 1849 3486 1890 non

1904 1940 2089 2000 posset
2117 1930 2322 2000 absque
2357 1930 2551 2001 gratia,
2595 1938 2650 1984 et
2684 1930 2885 1984 malum
2936 1939 3118 1998 posset
3161 1944 3226 1985 ex
3268 1937 3486 1994 natura,

1905 2038 2066 2092 quam
2123 2039 2228 2077 non
2268 2023 2518 2094 perdidit,
2577 2023 2670 2079 sed
2711 2023 2765 2078 in
2827 2023 3064 2078 deterius
3111 2021 3485 2078 commutavit.

1903 2114 2139 2171 Proinde
2167 2123 2290 2184 post
2335 2123 2616 2182 peccatum
2658 2113 2920 2169 remansit
2947 2114 2998 2168 ei
3042 2112 3266 2168 libertas
3289 2112 3486 2166 malum

1905 2216 1961 2264 et
1988 2206 2269 2262 volendiet
2296 2206 2562 2268 faciendi;
2590 2222 2691 2263 nec
2740 2214 2918 2261 tamen
2968 2206 3229 2262 remansit
3265 2205 3488 2260 libertas

1905 2313 2005 2370 per
2032 2313 2088 2353 se
2117 2313 2147 2352 a
2179 2297 2320 2352 malo
2337 2297 2659 2363 recedendi,
2690 2305 2851 2366 atque
2874 2296 2941 2352 ad
2968 2297 3168 2352 bonum
3183 2309 3242 2350 se
3263 2307 3490 2349 conver-

1907 2387 2086 2452 tendi;
2116 2402 2235 2457 quaa
2251 2387 2395 2442 enim
2421 2387 2610 2442 habuit
2636 2402 2704 2441 ex
2728 2401 2786 2442 se
2810 2395 2870 2442 ut
2891 2386 3128 2453 caderet,
3146 2398 3486 2456 nequaquam

1907 2494 1973 2536 ex
2006 2495 2064 2534 se
2115 2480 2305 2534 habuit
2353 2489 2411 2534 ut
2453 2488 2801 2551 resurgeret:
2840 2479 2982 2535 unde
3029 2487 3269 2534 arctatus
3327 2476 3488 2535 dictis

1910 2573 2332 2628 evidentissimis
2386 2572 2684 2628 beatissimi
2736 2570 2916 2628 Patris
2963 2571 3270 2643 Augustini,
3327 2583 3486 2640 quem

1912 2664 2113 2720 dixisse
2135 2663 2344 2734 legeras
2371 2664 2515 2734 quod
2546 2664 2706 2718 immo
2729 2663 2901 2733 ipsum
2933 2662 3075 2718 idem
3117 2662 3345 2717 liberum
3384 2676 3477 2715 ar-

1909 2753 2128 2808 bitrium
2151 2753 2494 2824 perdidisset,
2517 2769 2586 2807 ne
2607 2753 2746 2809 forte
2772 2753 3138 2809 veracissimis
3163 2752 3308 2808 illius
3332 2751 3492 2808 dictis

1913 2847 2182 2902 contraire
2211 2847 2497 2914 videreris,
2536 2862 2642 2916 quo
2690 2846 2868 2902 nullus
2914 2845 3302 2902 catholicorum
3342 2852 3489 2899 tuam

1913 2940 2238 2995 dementiam
2281 2948 2622 3011 sequeretur,
2657 2940 2826 2994 vertis
2889 2952 3039 2993 more
3087 2938 3353 3008 serpentis
3387 2937 3494 2992 huc

1915 3030 2149 3102 illucque
2213 3039 2391 3101 caput,
2445 3039 2499 3086 et
2549 3029 2748 3100 quazris
2781 3044 3014 3100 quonam
3061 3029 3200 3085 ictus
3247 3026 3496 3082 ferientis

1917 3123 2136 3188 evadas,
2167 3127 2488 3194 tandemque
2517 3124 2728 3178 invenis
2753 3123 3038 3194 perdidisse
3065 3121 3326 3176 hominem
3353 3120 3496 3190 vigo-

1916 3231 2022 3268 rem
2072 3225 2120 3269 et
2165 3225 2471 3280 potestatem
2521 3215 2698 3270 libera:
2756 3213 3064 3269 voluntatis.
3120 3213 3178 3268 ln
3220 3227 3329 3282 quo
3387 3227 3494 3266 non

1914 3306 2142 3362 multum
2173 3323 2200 3360 a
2242 3307 2399 3362 nobis
2429 3308 2742 3377 discrepas:
2775 3306 2820 3360 si
2851 3306 2995 3360 enim
3026 3305 3262 3374 vigorem
3301 3310 3356 3357 et
3393 3317 3494 3373 po-

1914 3405 2166 3452 testatem
2189 3397 2454 3452 libertatis
2479 3397 2732 3467 perdidit,
2755 3411 2976 3466 prorsus
3013 3410 3114 3450 nec
3137 3394 3362 3449 libertas
3403 3407 3494 3449 re-

1915 3490 2136 3544 mansit.
2167 3489 2448 3556 Quomodo
2473 3488 2617 3543 enim
2669 3487 2890 3542 libertas
2941 3494 3023 3541 est
3067 3485 3112 3540 si
3158 3484 3399 3552 vigorem
3439 3491 3496 3537 et

1913 3591 2236 3654 potestatem
2281 3598 2388 3638 non
2453 3582 2646 3646 habet,
2699 3580 2967 3650 quomodo
3015 3578 3186 3632 libera
3241 3583 3324 3630 est
3376 3589 3497 3644 qua:

1914 3683 2102 3752 vigore
2131 3689 2187 3736 et
2215 3687 2486 3752 potestate
2509 3686 2676 3733 caret.
2703 3676 2761 3732 Si
2787 3676 2953 3748 igitur
2989 3673 3224 3744 perdidit
3251 3672 3492 3741 vigorem

1915 3781 1970 3828 et
1998 3780 2347 3843 potestatem,
2378 3769 2568 3840 procul
2600 3768 2763 3822 dubio
2802 3765 3036 3836 perdidit
3061 3773 3117 3818 et
3142 3762 3449 3818 libertatem
3479 3780 3494 3816 :

1917 3865 2062 3920 nulla
2087 3871 2170 3919 est
2198 3864 2343 3917 enim
2370 3861 2594 3915 libertas
2633 3859 2678 3914 si
2704 3863 2888 3913 careat
2915 3855 3101 3925 vigore
3123 3862 3178 3908 et
3210 3860 3497 3923 potestate.

1917 3957 2050 4024 Quis
2079 3955 2222 4010 enim
2251 3955 2386 4010 liber
2416 3953 2502 4007 cui
2525 3953 2721 4006 desunt
2746 3950 2900 4019 vigor
2929 3955 3088 4016 atque
3115 3944 3396 4014 potestas?
3418 3945 3495 3998 Ac

1916 4063 2013 4118 per
2040 4047 2143 4101 hoc
2169 4045 2296 4099 dum
2316 4043 2477 4114 ligata
2504 4041 2714 4096 solvere
2739 4038 2950 4103 niteris,
3000 4035 3177 4106 potius
3207 4034 3400 4102 illigas,
3438 4041 3495 4088 et

1918 4140 2044 4192 dum
2064 4135 2333 4192 solvendis
2347 4134 2530 4189 dolose
2545 4132 2782 4192 insudas,
2801 4130 2960 4200 ligata
2977 4127 3232 4183 nodosius
3245 4125 3492 4181 inuectis.

1918 4228 1987 4283 Et
2013 4229 2116 4283 hoc
2137 4236 2220 4282 est
2250 4235 2418 4280 totum
2454 4224 2598 4294 quod
2623 4222 2852 4277 dicimus
2878 4220 3180 4290 perdidisse
3221 4219 3490 4275 hominem

1918 4319 2194 4390 peccando
2242 4317 2548 4371 libertatem
2576 4355 2588 4378 ,
2641 4314 2878 4383 vigorem
2930 4320 2985 4366 et
3033 4318 3355 4380 potestatem
3412 4326 3499 4366 ar-

1918 4413 2087 4476 bitrii,
2117 4411 2371 4480 quoniam
2401 4409 2494 4480 qui
2525 4424 2592 4463 ex
2623 4421 2681 4462 se
2718 4421 2876 4462 ruere
2905 4405 3102 4475 potuit,
3153 4418 3495 4476 nequaquam

1920 4521 2018 4576 per
2047 4519 2104 4559 se
2133 4517 2356 4574 surgere
2383 4501 2572 4556 valuit.

1997 4596 2061 4651 Et
2107 4595 2250 4664 quod
2307 4595 2408 4659 ais,
2456 4609 2559 4664 qua
2611 4589 2724 4647 sola
2767 4589 2962 4662 (id'est
3000 4586 3291 4658 potestate)
3330 4586 3501 4656 potuit

1923 4687 2185 4744 custodire
2231 4693 2545 4756 priet-cptum
2622 4686 2667 4738 si
2717 4682 2890 4746 vellet,
2946 4682 3176 4736 multum
3222 4694 3252 4733 a
3297 4678 3500 4748 pietate

1923 4779 2128 4836 devias.
2183 4777 2530 4846 Quantalibet
2567 4778 2710 4832 enim
2745 4776 3065 4833 excellentia
3114 4773 3268 4829 liberi
3293 4772 3503 4829 arbitrii

1921 4877 2171 4925 creatura
2224 4867 2506 4922 rationalis
2551 4883 2774 4923 munere
2833 4866 3144 4924 Conditoris
3191 4863 3502 4928 eminuerit,

1920 4943 2136 5029 semper
2161 4967 2341 5014 tamen
2377 4958 2549 5030 gratia
2577 4958 2662 5012 vel
2699 4957 2972 5022 fulciente,
2997 4956 3082 5013 vel
3107 4955 3392 5019 solidante,
3418 4953 3504 5009 vel

1924 5061 2304 5120 recuperante,
2353 5065 2488 5122 Opus
2532 5051 2740 5116 habuit,
2767 5051 2909 5120 quod
2957 5058 3040 5104 est
3075 5047 3416 5118 perSpicuum
3448 5046 3502 5101 in

1924 5142 2423 5214 transgressoribus
2457 5140 2683 5213 angelis,
2733 5141 2824 5212 qui
2857 5141 2902 5196 si
2929 5155 3050 5195 eam
3079 5137 3390 5193 lulcientem
3418 5136 3503 5192 vel

1925 5232 2242 5288 solidantem
2276 5231 2612 5297 habuissent,
2669 5245 2944 5299 nunquam
2975 5228 3161 5298 procul
3201 5227 3364 5282 dubio
3392 5235 3502 5282 tam

1926 5325 2165 5394 graviter
2192 5325 2535 5380 cecidissent.
2563 5324 2694 5390 Quae
2721 5322 2848 5392 quia
2875 5321 3078 5376 sanctis
3127 5318 3333 5390 angelis
3369 5318 3479 5373 divi

1928 5416 2074 5471 nitus
2120 5416 2361 5486 impensa
2411 5423 2514 5480 est,
2545 5429 2609 5469 ea
2643 5421 2698 5467 et
2734 5411 3115 5467 certitudinem
3153 5407 3504 5482 permanendi

1926 5517 1983 5563 et
2055 5509 2401 5564 securitatem
2459 5520 2729 5574 nunquam
2781 5504 3008 5560 cadendi
3061 5504 3339 5574 percipere
3390 5518 3503 5556 Ine-

1927 5610 2170 5674 ruerunt.
2220 5601 2348 5666 Qum
2390 5598 2589 5652 ideirco
2616 5597 2859 5667 peccanti
2889 5596 3094 5650 homini
3137 5595 3505 5665 recuperando

1928 5689 2719 5759 misericorditerimpenditur,
2739 5690 2866 5759 quia
2890 5704 2997 5743 non
3031 5692 3140 5743 tam
3183 5702 3279 5743 sua
3302 5702 3505 5757 praevs-

1928 5765 2189 5839 ricatione
2209 5796 2371 5853 quam
2394 5779 2698 5852 deceptoris
2716 5781 2967 5836 suasione
2992 5780 3214 5838 corruit.
3249 5778 3506 5846 Quamvis
