4064 6346
656 327 794 388 1059

1649 326 1706 383 S.
1744 329 2117 386 PRUDENTII
2156 327 2550 385 TllECENSlS.
2577 329 2884 390 EPISCOPI

3730 331 3824 412 ioci

654 443 798 498 enim
829 439 1076 497 rationali
1107 449 1373 496 creatura:
1402 449 1608 495 tantum
1638 457 1854 506 munus,
1885 443 1936 497 id
1964 453 2047 496 est
2073 444 2232 497 liber-
2263 452 2308 508 Α
2339 443 2484 508 fecit,
2510 445 2602 497 sed
2630 455 2686 497 ιιι
2716 447 2840 500 boni
2878 447 3126 503 homines
3164 451 3353 516 simus,
3386 457 3520 524 quod
3559 475 3682 517 nunc
3703 471 3826 538 gratia

655 542 820 588 tatem
852 534 1082 596 arbitrii,
1128 532 1269 587 Deus
1315 533 1624 598 contulerit,
1658 533 1804 587 nullo
1859 534 2018 588 modo
2049 544 2229 589 tamen

654 628 759 684 sibi
818 629 1142 696 coaequalem
1191 627 1370 682 facere
1417 626 1604 689 voluit,
1662 625 1790 696 quin
1852 642 2067 697 semper
2111 626 2229 695 ejus

655 722 825 794 gratia
871 737 1006 792 Oplls
1056 723 1297 785 haberet,
1345 721 1497 791 cujus
1543 721 1783 775 bonitate
1828 721 1930 775 hoc
1970 722 2143 792 ipsum
2175 729 2235 774 ut

653 821 799 868 esset
831 822 886 866 et
914 825 970 866 ut
998 813 1324 867 liberaretur
1345 821 1650 882 acceperat.
1685 810 1793 866 Sed
1817 827 1940 865 cum
1972 813 2024 865 in
2053 812 2234 866 verbis

653 904 955 958 manifestis
980 912 1140 974 atque
1171 904 1514 958 evidentibus
1551 903 1947 972 expositionem
1973 917 2236 972 esprava-

655 996 843 1051 tricem
891 996 1138 1059 adhibes,
1187 994 1434 1065 profecto
1484 994 1700 1049 veritati
1743 994 1994 1048 nebulam
2029 994 2238 1048 erroris

654 1085 909 1140 inducere
956 1087 1191 1140 conaris.
1227 1086 1346 1140 Cur
1389 1086 1532 1139 enim
1581 1084 1939 1155 prmcedentia
1988 1083 2232 1152 ejusdem

651 1174 752 1229 loci
778 1190 842 1228 ac
893 1175 1276 1246 subsequentia
1318 1175 1686 1245 suppressisti,
1718 1174 1914 1243 quibus
1945 1174 2234 1244 diligenter

650 1265 893 1330 attentis,
923 1281 1144 1336 prorsus
1172 1275 1262 1319 tua
1306 1267 1593 1336 expositio,
1622 1265 1937 1333 depravatio
1971 1279 2234 1335 errorque

649 1359 1009 1424 convincitur,
1035 1361 1179 1428 quod
1209 1371 1264 1414 ut
1285 1359 1621 1414 manifestius
1648 1360 1762 1423 tiat,
1797 1367 1962 1412 totam
1993 1359 2232 1428 ejusdem

647 1450 790 1505 beati
823 1450 1024 1514 Patris,
1053 1452 1195 1505 sicut
1220 1451 1286 1506 ab
1316 1452 1431 1520 ipso
1459 1451 1604 1506 edita
1635 1459 1742 1517 est,
1766 1451 2091 1505 sententiam
2115 1465 2235 1521 pro-

645 1553 929 1610 ponamus,
961 1555 1081 1609 quze
1112 1542 1184 1595 ita
1209 1557 1268 1595 se
1292 1543 1488 1595 habet:

716 1631 1050 1702 Augustinus
1071 1631 1312 1702 (Enchir.
1335 1649 1450 1702 cap.
1474 1631 1662 1702 30-52)
1689 1650 1700 1684 :
1723 1630 1945 1703 [Verum
1970 1631 2083 1685 haec
2110 1644 2234 1700 pars

645 1725 860 1798 generis
907 1723 1158 1789 humani,
1213 1725 1299 1779 cui
1341 1725 1644 1780 libertatem
1683 1723 1804 1796 [at.,
1839 1721 2230 1794 liberationem]

2337 555 2428 594 sua
2473 539 2621 601 facit,
2669 551 2727 592 ut
2759 541 2928 594 simus
2960 541 3010 594 in
3042 541 3254 598 Christo
3305 544 3427 600 Jesu
3481 563 3602 604 nova
3644 569 3828 617 creatura

2337 628 2476 701 (Cal.
2505 646 2582 694 vr,
2617 630 2723 700 l5),
2754 633 3046 685 secundum
3079 636 3216 703 quod
3250 637 3454 706 dictum
3477 651 3587 694 est:
3616 641 3701 698 Cor
3726 667 3830 704 ηιιιι-

2335 724 2458 776 dum
2487 741 2604 776 crea
2629 725 2682 776 in
2709 741 2789 778 me
2815 724 2953 778 Deus
2985 723 3155 796 (Psal.
3187 746 3236 790 ι,
3271 727 3377 800 12).
3405 731 3576 803 Neque
3624 739 3739 794 enim
3764 759 3829 798 cor

2334 814 2468 882 ejus,
2502 823 2761 881 quantum
2801 816 3037 884 pertinet
3067 817 3132 870 ad
3162 827 3410 873 naturam
3437 823 3603 880 cordis
3646 828 3826 898 humani,

2335 917 2441 958 non
2460 902 2572 971 jam
2599 915 2880 960 creaverat
2909 907 3070 961 Deus.

2406 994 2558 1059 Item,
2591 1011 2656 1050 ne
2680 998 2986 1067 quisquam,
3015 1010 3070 1053 et
3096 998 3140 1055 si
3172 1015 3277 1055 non
3307 1001 3375 1057 de
3395 1006 3648 1073 operibus,
3678 1011 3729 1062 de
3751 1012 3828 1082 ipso

2336 1087 2594 1158 glorietur
2619 1089 2788 1144 libero
2815 1092 3106 1147 voluntatis
3130 1095 3356 1150 arbitrio
3381 1137 3395 1160 ,
3429 1109 3657 1168 tanquam
3687 1104 3738 1156 ali
3754 1106 3829 1176 ipso

2337 1179 2559 1248 incipiat
2587 1181 2870 1247 meritum,
2919 1183 3006 1237 cui
3050 1191 3310 1254 tanquam
3375 1187 3599 1242 debitum
3646 1191 3829 1250 reddatur

2334 1273 2612 1340 praemium
2639 1275 2770 1327 bene
2783 1276 3035 1344 operandi
3055 1277 3166 1346 ipsa
3187 1278 3438 1345 libertas;
3467 1283 3631 1336 audiat
3645 1291 3822 1343 eumdem

2336 1367 2523 1436 gratiae
2546 1383 2847 1435 prteconem
2873 1370 3140 1426 dicentem
3170 1388 3184 1426 :
3215 1375 3357 1429 Deus
3391 1389 3462 1430 est
3493 1380 3616 1433 enim
3641 1384 3712 1452 qui
3749 1402 3827 1452 ope-

2338 1469 2487 1511 ratur
2511 1460 2564 1512 in
2594 1460 2740 1514 nobis
2760 1471 2804 1514 et
2834 1462 2960 1516 velle
3001 1474 3049 1517 et
3079 1467 3288 1534 operari
3316 1485 3409 1536 pro
3461 1470 3584 1524 bona
3635 1473 3825 1531 voluntate

2338 1549 2501 1622 (Phil.
2537 1568 2595 1618 It,
2631 1553 2736 1623 l5).
2767 1553 2829 1608 Et
2859 1554 2985 1609 item
3015 1571 3029 1610 :
3058 1555 3180 1611 Non
3205 1557 3422 1614 volentis
3450 1580 3598 1634 neque
3623 1573 3825 1634 currentis,

2336 1643 2425 1695 sed
2442 1645 2729 1698 miserentis
2744 1656 2816 1698 est
2836 1645 2929 1699 Dei
2947 1645 3124 1716 (Rom.
3151 1665 3204 1702 Ix
3217 1691 3231 1714 ,
3255 1651 3366 1718 16).
3384 1652 3420 1721 -ι-
3434 1652 3589 1709 Addis
3614 1657 3827 1729 insnperad

2337 1734 2766 1789 confirmandum
2807 1751 3050 1792 errorem
3101 1749 3252 1794 tuum
3296 1757 3405 1812 quo
3450 1749 3631 1802 astruis
3674 1751 3773 1806 velle
3793 1753 3826 1806 in

649 1816 796 1870 Deus
825 1828 1160 1887 regnumque
1188 1816 1459 1886 promittit
1492 1814 1610 1887 [al.,
1641 1814 1912 1886 promisit]
1945 1823 2224 1878 aeternum.
2259 1811 2305 1872 Β
2333 1829 2551 1884 homine
2579 1828 2695 1898 ejus
2737 1847 2858 1887 esse
2880 1835 3244 1890 substantiam
3263 1877 3278 1901 ,
3314 1839 3656 1894 testiinonium
3679 1841 3825 1898 Domini

644 1908 885 1978 nunquid
953 1909 1164 1963 meritis
1193 1923 1418 1978 cpernm
1470 1924 1692 1963 suorum
1741 1909 1980 1978 reparari
2010 1909 2227 1977 potest?

646 1999 823 2054 Absit.
846 1999 986 2066 Quid
1010 2001 1152 2054 enim
1179 2001 1303 2055 boni
1333 2011 1588 2071 operatur
1615 1999 1734 2072 [al.,
1783 2001 1996 2071 operari
2027 1999 2223 2071 potest]

643 2090 903 2161 perditus,
965 2091 1068 2144 nisi
1118 2101 1380 2159 quantum
1413 2090 1577 2145 fuerit
1606 2106 1636 2143 a
1667 2091 1968 2160 perditione
2006 2105 2228 2160 repara-

647 2187 764 2242 tus?
818 2187 883 2241 Et
933 2186 1036 2242 hoc
1082 2186 1225 2241 absit
1267 2186 1396 2258 [al.,
1445 2185 1724 2240 liberatus.
1773 2185 2024 2254 Nunquid
2058 2185 2228 2240 libero

645 2277 937 2332 voluntatis
970 2275 1237 2331 arbitrio?
1264 2275 1331 2331 Et
1357 2277 1458 2330 hoc
1485 2276 1650 2340 absit,
1684 2275 1816 2346 εις.)
1844 2293 1856 2330 :
1897 2291 2020 2330 nam
2057 2276 2230 2330 libero

642 2367 872 2422 arbitrio
905 2366 1046 2421 male
1083 2375 1245 2421 utens
1276 2367 1438 2421 homo
1468 2375 1524 2420 et
1573 2381 1631 2421 se
1677 2366 1913 2437 perdidit
1941 2375 1995 2420 et
2026 2367 2223 2436 ipsum.

644 2457 799 2512 Sicut
826 2457 970 2512 enim
1004 2458 1094 2527 qui
1123 2471 1181 2512 se
1203 2457 1421 2520 occidit,
1447 2458 1638 2528 utique
1658 2457 1888 2511 vivendo
1924 2471 1982 2511 se
2008 2457 2226 2522 occidit,

642 2549 737 2605 sed
777 2564 836 2604 se
873 2549 1172 2604 occidendo
1218 2564 1325 2604 non
1370 2551 1524 2615 vivit,
1576 2563 1678 2603 nec
1733 2550 1975 2619 Scipsum
2031 2549 2230 2619 poterit

644 2643 977 2697 resuscitare
1006 2657 1128 2696 cum
1151 2643 1449 2698 occiderit:
1481 2644 1554 2697 ita
1578 2657 1700 2698 cum
1725 2643 1896 2698 libero
1913 2652 2232 2712 peccaretur

641 2736 885 2802 arbitrio,
917 2735 1124 2791 victore
1150 2746 1374 2806 peccato
1410 2738 1668 2792 amissum
1700 2747 1785 2791 est
1809 2744 1864 2790 et
1887 2736 2118 2790 liberum
2145 2751 2231 2788 ar-

638 2826 861 2882 bitrium
877 2843 891 2882 :
910 2843 1056 2898 aquo
1082 2831 1218 2883 enim
1242 2829 1357 2898 quis
1373 2829 1602 2882 devictus
1613 2838 1710 2893 est,
1735 2828 1856 2881 huic
1879 2837 1924 2881 et
1954 2843 2129 2882 servus
2143 2828 2234 2880 atl-

637 2917 808 2972 dictus
860 2929 954 2974 est.
1005 2919 1148 2974 Petri
1188 2929 1336 2976 certe
1385 2921 1615 2990 apostoli
1677 2930 1761 2974 est
1807 2921 1910 2974 ista
1965 2921 2231 2974 sententia

643 3006 726 3077 (II
754 3005 900 3062 Petr.
937 3024 996 3076 ιι,
1030 3009 1150 3082 l9);
1187 3025 1306 3080 quae
1336 3025 1458 3065 cum
1493 3025 1620 3065 vera
1652 3011 1742 3076 sit,
1798 3010 1990 3080 qualis,
2025 3025 2228 3080 quazso,

638 3109 813 3169 potest
847 3103 988 3156 servi
1017 3103 1216 3158 addicti
1237 3113 1358 3158 esse
1396 3103 1654 3168 libertas,
1686 3103 1792 3158 nisi
1830 3104 2048 3173 quando
2097 3117 2221 3158 eum

2327 1919 2556 1975 dicentis
2605 1922 2659 1975 in
2711 1921 2998 1993 Evangelio
3053 1927 3119 1979 ad
3152 1925 3450 1996 discipulos
3476 1946 3624 1985 suos:
3665 1931 3827 1991 Situm

2330 2011 2460 2064 nihil
2474 2014 2684 2081 potestis
2702 2015 2874 2082 facere
2897 2013 3078 2085 (Joan.
3098 2032 3189 2084 xv,
3205 2016 3262 2088 5)
3277 2025 3333 2073 et
3349 2019 3582 2090 adjungis
3592 2026 3827 2094 exponendo

2329 2100 2414 2154 vel
2437 2102 2616 2171 potius
2643 2102 3009 2173 depravaudo.

2791 2253 2815 2278 ο
2882 2231 3107 2273 ιοΑΝΝεε
3133 2233 3357 2276 εεοτυε.

2401 2328 2554 2401 (Cap.
2582 2329 2638 2395 4,
2662 2344 2812 2385 num.
2838 2330 2924 2398 15,
2968 2340 3100 2388 sect.
3127 2333 3206 2404 8.)
3233 2335 3423 2391 ΘΝοη
3453 2337 3827 2410 Δὶεἱιηϋιίιροιε-

2328 2423 2423 2476 stis
2460 2421 2608 2478 uelle.

2971 2531 3276 2574 εοιιιιεοτιο
3286 2557 3298 2571 .

2407 2625 2446 2695 -ξ-
2475 2624 2646 2692 Quem
2675 2619 2824 2680 tuum
2847 2627 3328 2696 perversissimam
3352 2631 3658 2688 intellectum
3676 2645 3826 2688 necesse

2330 2725 2413 2772 est
2453 2725 2511 2770 ut
2568 2703 2771 2771 veritas
2819 2727 2984 2788 atque
3031 2722 3334 2777 auctoritas
3383 2723 3605 2780 damnet.
3647 2725 3707 2779 Its
3729 2727 3824 2779 eui

2332 2808 2522 2862 sentiri
2556 2811 2708 2878 cupis
2746 2810 2950 2866 dixisse
2993 2810 3285 2868 Dominum
3317 2833 3331 2868 :
3363 2814 3486 2871 Sine
3529 2833 3600 2871 me
3632 2817 3732 2871 nihil
3767 2833 3828 2885 ρο-

2331 2900 2475 2952 testis
2500 2899 2692 2968 lacere,
2729 2915 2793 2955 ac
2825 2902 2870 2956 si
2898 2904 3101 2973 absque
3133 2905 3223 2960 illo
3252 2907 3384 2961 boni
3431 2911 3824 2980 quidquampossi-

2333 3009 2452 3047 mus
2482 2992 2653 3058 velle;
2685 3002 2739 3048 et
2785 2998 3114 3052 contradicis
3168 2999 3454 3068 Apostolo,
3502 3005 3586 3071 qui
3614 3000 3825 3055 sinitur

2331 3092 2406 3138 est
2431 3085 2567 3137 enim
2587 3086 2676 3152 qui
2710 3097 2957 3156 operatur
2993 3089 3047 3142 in
3079 3089 3226 3144 nobis
3249 3103 3301 3144 et
3329 3093 3456 3147 velle
3475 3105 3520 3147 et
3541 3094 3740 3162 perﬁcere
3760 3105 3822 3161 pro

638 3206 866 3262 peccare
935 3193 1189 3249 delectat.
1240 3195 1564 3250 Liberaliter
1603 3196 1750 3250 enim
1790 3197 1960 3250 servit
2003 3197 2094 3266 qui
2133 3197 2216 3251 sui
2246 3187 2293 3249 C
2324 3179 2456 3232 θοηα
2479 3178 2742 3233 “ﬂama”
2766 3179 2930 3250 (ΡΙιίίο
2954 3183 3824 3257 nJﬁt-Siersosecundumlwsw

639 3285 842 3339 domini
894 3285 1223 3342 voluntatem
1265 3289 1498 3343 libenter
1549 3289 1698 3344 facit.
1749 3290 1827 3344 Ac
1867 3305 1964 3359 per
2014 3293 2115 3346 hoc
2156 3293 2224 3346 ad

639 3375 971 3445 peccandum
995 3373 1131 3431 liber
1156 3388 1258 3444 est,
1283 3380 1374 3448 qui
1395 3381 1602 3450 peccati
1628 3393 1818 3436 servus
1843 3389 1944 3436 est.
1978 3381 2128 3437 Unde
2157 3384 2226 3438 ad

631 3467 778 3537 juste
817 3469 1122 3525 faciendum
1151 3471 1290 3528 liber
1313 3481 1419 3529 non
1453 3476 1576 3539 erit,
1607 3476 1711 3531 nisi
1756 3492 1786 3530 a
1825 3487 2048 3546 peccato
2094 3479 2228 3534 libe-

637 3569 808 3625 ratus,
845 3576 968 3617 esse
992 3561 1219 3630 justitia:
1243 3567 1472 3634 cmperit
1494 3581 1704 3620 servus.
1741 3567 1858 3636 Ipsa
1897 3575 1980 3622 est
2003 3583 2131 3622 vera
2165 3568 2227 3622 Ii-

635 3653 881 3724 bertas-j-
902 3664 1124 3726 propter
1155 3665 1304 3712 recte
1343 3653 1576 3713 faciendi
1603 3659 1866 3724 laetitiam,
1897 3661 2022 3730 quia
2064 3663 2226 3716 simul

642 3755 700 3802 et
725 3748 811 3816 pia
841 3749 1094 3813 servitus,
1137 3758 1354 3820 Propter
1398 3753 1818 3822 praeceptionnm
1861 3752 2224 3808 obedientia—

644 3836 767 3910 [al.,
804 3841 938 3894 recti
963 3839 1090 3894 facti
1113 3841 1386 3896 licentiam
1409 3843 1570 3897 simul
1591 3853 1808 3914 propter
1825 3846 2076 3916 praecepti
2099 3847 2228 3900 obe-

641 3929 948 4004 dientiam].
975 3932 1082 3987 Sed
1109 3934 1176 3988 ad
1205 3935 1340 3989 bene
1372 3933 1674 3989 faciendum
1706 3935 1806 3990 ista
1838 3936 2059 3992 libertas
2084 3938 2225 3992 unde

638 4026 745 4080 erit
766 4025 968 4080 homini
1001 4027 1214 4082 addicto
1243 4036 1298 4082 et
1326 4028 1570 4092 vendito,
1602 4028 1704 4082 nisi
1734 4029 1963 4084 redimat
1995 4029 2081 4084 ille
2125 4043 2226 4084 cu-

629 4115 818 4184 jusilla
837 4131 936 4173 vox
959 4125 1068 4171 est:
1090 4117 1149 4171 Si
1168 4135 1252 4173 vos
1268 4116 1438 4172 Filius
1452 4117 1767 4182 liberaverit,
1787 4131 1912 4172 tunc
1937 4135 2050 4173 vere
2073 4119 2226 4173 liberi

636 4207 782 4260 eritis
799 4206 979 4276 (Joan.
1001 4223 1119 4271 vin,
1148 4209 1262 4278 56).
1281 4209 1433 4276 Quod
1455 4218 1747 4279 antequam
1777 4209 1891 4262 fieri
1916 4210 1967 4262 in
2004 4211 2241 4267 homine.

638 4297 882 4368 incipiat,
931 4302 1200 4369 quomodo
1234 4302 1524 4370 quisquam
1566 4303 1631 4354 de
1663 4301 1834 4355 libero
1894 4301 2125 4358 arbitrio
2169 4304 2223 4357 in

636 4389 779 4445 bono
800 4390 1059 4460 gloriatur
1085 4407 1270 4461 opere,
1303 4393 1396 4460 qui
1446 4392 1685 4445 nonduin
1727 4401 1812 4445 est
1839 4392 1975 4446 liber
1999 4393 2066 4445 ad
2098 4408 2227 4463 ope-

637 4483 867 4536 randum
920 4481 1079 4545 bene,
1127 4483 1232 4535 nisi
1271 4497 1330 4536 se
1371 4497 1508 4535 vana
1565 4482 1818 4552 superbia
1870 4482 2092 4540 inﬂatus
2131 4501 2226 4540 ex-

2330 3271 2439 3326 lum
2469 3273 2607 3328 Deus
2633 3283 2706 3328 est
2737 3275 2827 3345 qui
2857 3287 3104 3346 operatur
3124 3279 3178 3333 in
3214 3281 3368 3336 nobis
3397 3283 3537 3349 velle,
3567 3284 3706 3355 liquet
3743 3297 3824 3354 pro-

2337 3363 2479 3419 fecto
2505 3365 2632 3434 quia
2683 3365 2951 3422 fallaciter
2993 3371 3192 3426 asseris
3237 3388 3404 3442 posse
3457 3390 3549 3430 nos
3593 3375 3702 3430 velle
3743 3371 3823 3428 boui

2328 3459 2603 3528 quippiam
2637 3460 2753 3514 sine
2786 3462 2920 3530 ipso.
2952 3463 3116 3530 Quasi
3141 3481 3274 3522 vero
3306 3469 3424 3539 ipsa
3451 3471 3670 3524 voluntas
3701 3469 3820 3523 homi-

2329 3550 2414 3606 nis
2444 3552 2644 3606 nonad
2696 3567 2830 3624 opus
2871 3557 3160 3626 pertineat,
3189 3575 3317 3614 cum
3375 3561 3635 3631 Scriptura
3683 3561 3817 3616 clamet

2329 3646 2498 3701 Deum
2527 3646 2776 3702 homines
2799 3664 2906 3704 non
2933 3651 3105 3706 solum
3153 3668 3254 3724 pro
3284 3653 3464 3721 factis,
3515 3671 3676 3710 verum
3716 3656 3821 3710 etiam

2329 3754 2426 3808 pro
2450 3739 2889 3810 cogitationibus,
2921 3759 3041 3813 quae
3060 3745 3170 3800 sola
3195 3749 3476 3804 voluntate
3509 3750 3611 3805 lleri
3642 3749 3821 3809 assolent,

2321 3828 2696 3899 judicaturutn
2717 3848 2732 3897 ;
2757 3833 2897 3886 unde
2921 3843 2974 3888 et
2990 3850 3084 3906 per
3110 3840 3434 3908 prophetam
3447 3841 3620 3895 lsaiam
3638 3841 3743 3894 idem
3757 3839 3822 3892 Do-

2328 3922 2506 3977 minus
2527 3922 2800 3992 loquitur:
2841 3924 2952 3996 Ego
2985 3938 3164 3982 autem
3211 3946 3373 3999 opera
3427 3949 3593 3986 eorum
3618 3942 3660 3986 et
3694 3931 3824 3998 cogitt-

2328 4014 2492 4068 tiones
2514 4031 2694 4069 eorum
2717 4023 2864 4072 uenio
2887 4027 2940 4071 ut
2963 4035 3266 4092 congregem
3285 4040 3405 4076 cum
3422 4024 3639 4078 omnibus
3659 4018 3821 4091 gentibus

2328 4117 2376 4158 et
2409 4105 2601 4176 linguis
2626 4107 2926 4176 (Ianum,
2971 4111 3090 4182 18);
3131 4115 3274 4183 quod
3303 4123 3524 4171 sanctus
3557 4113 3822 4180 Hieronymus

2328 4195 2402 4250 ita
2429 4199 2684 4268 explanat
2712 4215 2726 4254 :

2402 4288 2760 4362 Hieronymus
2787 4294 2864 4362 (in
2890 4292 2999 4348 Isa.
3026 4312 3073 4349 ο.
3101 4311 3248 4362 uvt,
3281 4298 3391 4366 l8):
3412 4296 3582 4370 [Venit
3603 4310 3706 4364 ergo
3728 4292 3818 4346 Deus

2328 4390 2388 4434 ut
2412 4397 2574 4452 opera
2605 4393 2659 4439 et
2699 4387 3051 4455 cogitationes
3099 4401 3394 4462 congreget
3440 4390 3742 4462 singulorum.
3772 4381 3820 4437 Ex

2329 4489 2437 4542 quo
2467 4475 2724 4531 discimus
2751 4493 2855 4531 non
2883 4479 3055 4533 solum
3104 4495 3292 4550 opera,
3346 4484 3439 4537 sed
3469 4495 3518 4537 et
3558 4479 3820 4550 cOgitatioues

638 4572 834 4627 tollat?
867 4587 1028 4642 quam
1063 4574 1276 4628 cohibet
1301 4573 1594 4644 Apostolus
1628 4551 1852 4630 dicens:
1881 4575 2068 4631 Gratia
2092 4577 2224 4632 salvi
2253 4551 2306 4612 D
2333 4581 2456 4622 esse
2487 4567 2544 4620 in
2573 4567 3226 4639 dieiudiciiiudncandas-
3265 4574 3372 4639 Qui
3407 4576 3543 4630 enim
3571 4576 3721 4628 vident
3741 4583 3818 4619 πιι·

637 4664 765 4735 facti
796 4665 919 4718 estis
943 4681 1035 4734 per
1053 4665 1210 4732 ﬁdem
1241 4663 1401 4735 (Eph.
1429 4679 1494 4730 ιι,
1523 4665 1601 4738 8).

707 4761 774 4816 Et
797 4773 862 4815 ne
905 4763 1074 4828 ipsam
1100 4759 1202 4813 sibi
1239 4760 1428 4815 saltem
1462 4761 1621 4817 ﬁdem
1655 4763 1733 4820 sic
1770 4764 2022 4820 homines
2073 4779 2227 4822 arro-

637 4861 848 4924 gat-ent,
883 4862 941 4905 ut
964 4867 1070 4905 non
1118 4852 1477 4923 intelligerent
1513 4855 1772 4911 divinitus
1799 4870 1921 4911 esse
1947 4859 2221 4924 donatam,

637 4947 777 5001 sicut
806 4945 946 4999 idem
977 4944 1267 5014 Apostolus
1297 4947 1404 5001 alio
1431 4945 1549 5002 loco
1572 4948 1703 5002 dicit
1723 4962 1800 5014 se,
1835 4959 1893 5004 ut
1926 4949 2100 5006 ﬁdelis
2134 4966 2223 5006 es-

634 5049 736 5104 set,
763 5040 1197 5095 misericordiam
1239 5049 1586 5096 consecutum
1613 5040 1666 5109 (I
1705 5040 1944 5103 Cor.vn,
1977 5040 2091 5111 25),
2142 5041 2230 5099 hic

635 5145 849 5202 quoque
875 5133 1121 5203 adjunxit
1152 5143 1317 5202 atque
1349 5133 1462 5186 ait:
1496 5133 1562 5186 Et
1595 5135 1693 5186 hoc
1725 5149 1826 5186 non
1849 5150 1914 5187 ex
1952 5133 2091 5187 vobis
2139 5131 2229 5189 sed

634 5223 734 5279 Dei
758 5225 952 5277 donum
975 5234 1082 5289 est;
1127 5237 1230 5278 non
1261 5240 1326 5278 ex
1362 5225 1630 5294 operibus,
1660 5241 1723 5277 ne
1751 5224 1884 5293 forte
1918 5226 2033 5295 quis
2062 5226 2219 5280 extol-

635 5319 795 5374 latur.
827 5319 893 5374 Et
921 5333 987 5375 ne
1035 5327 1358 5392 putarentur
1385 5317 1635 5375 fidelibus
1685 5320 1826 5374 bona
1879 5335 2042 5391 Opera
2069 5317 2226 5376 delu-

636 5417 775 5475 tura,
807 5411 1020 5465 rursum
1050 5409 1284 5479 adjecit:
1319 5407 1494 5481 Ipsius
1525 5409 1663 5466 enim
1687 5425 1867 5464 sumus
1895 5411 2219 5481 ﬁgmentum,

635 5503 797 5556 creati
819 5503 873 5556 in
905 5500 1112 5557 Christo
1145 5501 1275 5557 Jesu
1314 5504 1369 5556 in
1405 5503 1644 5574 operibus
1688 5502 1856 5568 bonis,
1877 5519 1994 5573 qua:
2020 5519 2226 5574 prwpa—

635 5592 766 5645 ravit
795 5591 959 5658 Deus,
982 5603 1037 5648 ut
1062 5595 1118 5648 in
1155 5593 1263 5648 illis
1310 5593 1636 5648 ambulemus
1667 5593 1885 5666 (Ep/tes.
1923 5609 1996 5659 ιι,
2047 5594 2224 5662 8-l0).

637 5680 774 5736 Hinc
794 5698 923 5755 ergo
948 5685 1210 5741 elllcimur
1227 5701 1356 5742 vere
1379 5685 1534 5741 liberi
1571 5702 1693 5742 cum
1744 5687 1884 5742 Deus
1925 5701 2025 5742 nos
2051 5685 2224 5759 lingit,

638 5768 800 5842 idest
833 5770 1031 5829 format
1077 5783 1134 5830 et
1157 5784 1326 5844 creat,
1358 5791 1468 5832 non
1517 5783 1574 5832 ut
1621 5778 1893 5846 homines,
1925 5777 2069 5850 quod
2112 5777 2225 5848 jam
2259 5850 2284 5859 __

2335 4656 2511 4710 lierem
2539 4657 2608 4710 ad
2634 4661 3123 4728 concupiscendum,
3148 4663 3265 4732 jam
3299 4664 3572 4719 mtrcltatus
3593 4675 3655 4717 est
3672 4675 3756 4714 eant
3789 4657 3820 4706 il

2335 4749 2491 4801 corde
2515 4766 2610 4802 suo
2633 4750 2847 4820 (Matth.
2890 4765 2940 4817 v,
2966 4753 3079 4825 28).
3130 4755 3202 4809 De
3245 4757 3444 4826 quibus
3492 4755 3689 4810 dicitur:
3720 4747 3820 4802 Nm

2335 4844 2785 4900 circumdederunt
2818 4863 2905 4900 eos
2955 4849 3296 4919 cogitationes
3349 4868 3460 4906 sua"
3507 4849 3635 4916 (Ose.
3681 4841 3818 4906 "1.3);

2335 4935 2550 5003 quando
2566 4935 2834 5005 iudicabit
2881 4939 3146 4993 Dominus
3175 4942 3488 4996 abscondita
3511 4939 3737 4995 hominum
3767 4943 3805 4984 se

2339 5030 2574 5084 cundum
2615 5032 2966 5104 Evangelium
2995 5034 3121 5090 Jesu
3161 5035 3359 5092 Christi
3385 5037 3527 5109 (Luc.
3555 5052 3654 5094 vtu.
3675 5033 3761 5100 l7):
3784 5033 3819 5079 ul

2334 5122 2463 5178 illud
2489 5126 2631 5194 quod
2667 5125 2957 5196 Apostolus
2985 5129 3176 5183 scribit
3205 5133 3432 5185 veritate
3447 5129 3621 5198 judicii
3641 5133 3818 5191 compro-

2330 5217 2488 5272 betur
2521 5233 2535 5270 :
2573 5216 2801 5272 Invicem
2858 5219 3256 5290 cogitationibus
3285 5221 3625 5276 accusantibus
3655 5225 3694 5270 et
3717 5209 3818 5267 εσῖὶιθ

2330 5309 2640 5379 facientibus
2670 5351 2684 5375 ,
2739 5311 2796 5364 in
2833 5312 2918 5365 die
2964 5329 3068 5382 qua
3112 5313 3364 5379 iudicabit
3421 5313 3552 5366 Deus
3593 5302 3816 5362 abscondita

2331 5404 2601 5458 hominum
2629 5399 2808 5474 (Rom.
2841 5419 2901 5467 ιι,
2934 5403 3019 5470 l5,
3045 5403 3133 5475 l6)
3164 5421 3178 5458 :
3211 5415 3273 5460 ut
3317 5405 3643 5476 cegitationes
3681 5395 3816 5452 nos“!

2334 5513 2523 5553 omnes
2550 5511 2657 5553 uno
2683 5505 2928 5567 tempore
2958 5510 3295 5570 congregata:
3309 5499 3504 5570 justum
3517 5493 3716 5565 iudicem
3732 5498 3815 5558 pro-

2334 5591 2482 5653 bent,
2515 5586 2643 5641 dum
2688 5595 2780 5642 aut
2805 5595 3028 5643 accusat
3057 5602 3156 5670 nos
3201 5598 3380 5645 nostra
3422 5577 3814 5643 conscientia,aul

2334 5685 2599 5741 satisfacit
2621 5699 2721 5756 pro
2745 5684 2975 5752 delicto;
3005 5669 3184 5739 utrum
3227 5687 3371 5756 plura
3428 5682 3528 5738 sint
3553 5682 3744 5749 peccata,
3770 5677 3812 5718 θα

2336 5779 2474 5835 bona
2496 5791 2679 5848 opera,
2731 5783 2785 5832 et
2826 5785 3004 5831 utrum
3053 5786 3236 5832 vetera
3287 5791 3350 5831 an
3381 5787 3543 5831 nova:
3579 5777 3720 5823 utrum
3755 5757 3811 5809 ἀεί
