4064 6346
249 293 386 350 1061

1095 288 1184 344 DE
1221 283 1892 344 PBASDESTINATIONE
1927 285 2212 344 CONTRA
2243 287 2294 344 ι.
2335 289 2636 348 SCOTUM.

3363 305 3502 368 1062

243 413 350 468 leta
405 405 756 480 poenitentia,
813 421 882 460 an
931 405 1086 460 novis
1133 405 1428 460 sceleribus
1483 405 1818 469 instaurata,
1855 409 1906 468 Α
1935 405 2066 460 nihil
2131 405 2276 462 aliud
2341 408 2556 464 intersit
2627 423 2788 480 quam
2845 413 3192 480 perpetrandi
3255 413 3506 474 facultas.

251 501 470 574 quando
497 499 624 554 dicit
669 497 930 552 Dominus
961 515 974 550 :
1009 496 1130 550 Vias
1183 513 1361 550 eorum
1407 497 1526 548 dedi
1575 495 1628 549 in
1661 497 1832 564 capita

245 611 448 656 eorum,
478 603 524 646 et
565 591 900 662 cogitationes
927 607 1106 646 eorum
1143 591 1360 645 reddam
1381 593 1456 646 eis
1485 591 1628 662 (Ose.
1657 608 1730 656 tv,
1755 593 1829 662 9).

246 689 352 758 Qui
377 690 530 758 finxit
561 687 828 756 sigillati»:
871 687 1030 740 corda
1053 703 1254 752 eorum,
1273 695 1320 740 et
1373 687 1612 756 intelligit
1657 687 1834 742 omnia

245 800 402 854 opera
425 797 606 836 eorum
631 779 806 848 (Psal.
839 795 1012 844 xxx",
1037 780 1112 851 5).
1153 781 1226 834 De
1247 779 1438 848 quibus
1457 779 1696 834 etinalio
1717 780 1834 834 loco

245 874 502 943 legimus:
529 871 604 924 Tu
633 871 898 939 cognoscis
925 871 1084 924 corda
1107 871 1372 926 hominum
1397 869 1540 924 solus
1573 870 1658 942 (II
1701 869 1834 936 Par,

249 981 324 1028 vt,
358 963 470 1032 50).
503 961 672 1016 Nemo
697 961 844 1016 enim
891 963 994 1016 scit
1037 977 1156 1032 qua:
1183 973 1308 1016 sunt
1359 962 1412 1016 in
1443 961 1678 1026 homine,
1729 960 1834 1016 nisi

247 1055 470 1126 spiritus
501 1053 738 1108 hominis
759 1053 850 1122 qui
887 1051 1048 1126 esgin
1077 1067 1142 1106 eo
1163 1051 1210 1122 (1
1245 1052 1364 1106 Cor.
1393 1053 1583 1122 11,11).
1607 1051 1758 1108 Unde
1779 1059 1836 1106 et

245 1146 640 1218 perJeremiam
665 1145 903 1216 loquitur
921 1145 1062 1198 Deus
1079 1163 1092 1198 :
1113 1143 1223 1214 Ego
1239 1144 1378 1200 Deus
1393 1145 1830 1216 appropinquans,

245 1251 294 1294 et
335 1256 438 1294 non
479 1238 544 1292 de
583 1237 752 1308 longe,
807 1238 934 1292 dicit
989 1237 1244 1292 Dominus
1275 1255 1294 1292 :
1339 1239 1571 1310 nunquid
1621 1239 1836 1292 abscon-

247 1333 324 1386 dit
353 1349 408 1387 se
463 1333 516 1386 in
565 1331 884 1386 absconditis
927 1331 1112 1396 homo,
1167 1341 1216 1386 et
1243 1347 1336 1401 ego
1383 1329 1832 1402 ignorabo?(.ler.

249 1421 534 1492 xxttt,25).
585 1421 824 1490 Denique
851 1420 918 1474 ad
949 1419 1169 1474 Scribas
1197 1421 1396 1474 dicitur
1411 1429 1466 1476 et
1489 1421 1792 1476 Pharismos
1817 1440 1830 1476 :

263 1511 360 1566 Vos
389 1511 512 1566 estis
535 1511 622 1582 qui
637 1509 944 1580 justi/icatis
959 1510 1290 1578 vosmetipsos
1313 1525 1490 1564 coram
1517 1511 1833 1564 hominibus:

253 1603 390 1658 Deus
441 1613 614 1660 autem
649 1603 910 1674 cognoscit
941 1603 1102 1656 corda
1151 1613 1318 1656 vestra
1365 1601 1520 1674 (Luc.
1573 1603 1830 1674 xv1,i5).

245 1695 304 1750 in
355 1711 464 1766 quo
525 1695 976 1752 considerandum
1021 1695 1166 1764 quod
1211 1709 1318 1750 non
1351 1696 1586 1762 dixerit,
1645 1696 1828 1762 Pater,

1915 497 2144 568 .Netnpe
2179 501 2366 554 mirari
2411 503 2543 556 satis
2581 517 2686 556 non
2719 501 2870 556 valeo
2917 513 2969 560 te
3023 505 3224 562 dixisse
3265 509 3382 564 sine
3405 509 3516 566 Deo

1947 606 2044 644 nos
2095 591 2230 646 nihil
2281 607 2438 662 posse
2467 591 2677 660 facere,
2721 609 2878 664 posse
2929 605 3108 652 autem
3171 598 3324 656 velle.
3377 599 3512 656 Cum

1939 683 1984 738 si
2021 685 2314 738 secundum
2351 693 2402 738 te
2442 685 2598 740 nobis
2629 686 2764 742 velle
2788 697 3016 744 estesse
3039 731 3054 752 ,
3087 699 3142 746 et
3191 691 3308 748 sine
3351 693 3516 750 dubio

1939 775 2054 828 sine
2083 775 2190 830 Deo
2227 791 2350 832 esse
2375 777 2700 834 "nullatenus
2751 781 3042 852 possimus,
3087 787 3356 854 quomodo
3395 787 3516 846 sine

1939 863 2054 934 ipso
2089 867 2224 922 velle
2253 869 2558 938 possimus?
2579 869 2638 924 Si
2663 873 2808 926 enim
2831 873 2948 928 sine
3003 873 3114 928 Deo
3157 875 3294 932 velle
3321 893 3514 948 possu-

1939 973 2076 1022 mus,
2107 961 2234 1030 quia
2259 963 2394 1016 sicut
2421 964 2622 1018 astruis
2643 963 2778 1020 velle
2799 966 2952 1022 nobis
2974 975 3208 1034 estesse,
3228 985 3514 1038 possumus

1937 1063 2056 1106 esse
2081 1051 2198 1106 sine
2227 1053 2354 1108 Deo.
2387 1051 2502 1108 Non
2525 1063 2704 1108 autem
2751 1070 3038 1126 possumus
3067 1074 3186 1114 esse
3217 1061 3334 1116 sine
3381 1063 3513 1128 Deo;

1939 1145 2182 1212 sequitur
2211 1161 2340 1216 ergo
2363 1157 2420 1200 ut
2449 1161 2548 1202 nec
2571 1147 2704 1202 velle
2725 1149 2924 1204 bonum
2949 1151 3216 1220 possimus
3241 1153 3358 1210 sine
3383 1156 3512 1210 Deo.

1938 1233 2056 1302 Quo
2077 1237 2220 1290 enim
2239 1246 2396 1314 pacto
2417 1237 2588 1308 possit
2615 1239 2752 1296 velle
2773 1241 2890 1294 sine
2929 1241 3062 1308 Deo,
3089 1243 3178 1312 qui
3211 1259 3318 1300 non
3347 1245 3518 1314 possit

1937 1347 2056 1386 esse
2083 1333 2200 1386 sine
2237 1333 2389 1388 Deo?
2419 1333 2550 1388 Nam
2581 1343 2630 1388 et
2659 1335 2700 1390 si
2728 1335 2778 1388 in
2811 1336 2914 1391 hoc
2943 1337 3152 1390 Domini
3179 1352 3430 1392 sermone
3451 1337 3516 1396 de

1939 1423 2054 1478 solo
2081 1439 2246 1493 opere
2277 1423 2684 1495 intelligendum
2705 1425 2828 1494 quis
2855 1435 3058 1490 censet,
3077 1427 3198 1482 audi
3223 1428 3352 1497 quid
3381 1427 3520 1498 Apo-

1937 1515 2108 1570 stolus
2135 1515 2276 1572 dicat
2306 1535 2318 1570 :
2345 1514 2650 1582 Fiduciam,
2669 1517 2866 1588 inquit,
2883 1517 3038 1572 talem
3053 1519 3300 1572 trahemus
3325 1519 3394 1573 ad
3413 1519 3520 1574 Do-

1937 1608 2154 1670 minum,
2187 1623 2292 1662 non
2317 1608 2455 1678 quod
2483 1609 2788 1678 sufﬁcientes
2819 1609 2982 1664 simus
3007 1611 3234 1680 cogitare
3257 1609 3458 1680 aliquid
3483 1629 3518 1666 α

1939 1697 2084 1750 nobis
2109 1700 2261 1764 quasi
2289 1715 2354 1752 ex
2387 1699 2532 1752 nobis
2555 1717 2572 1764 ;
2597 1699 2686 1753 sed
2737 1700 3042 1770 sufﬁcientia
3091 1711 3270 1754 nostra
3299 1717 3364 1756 ea:
3409 1702 3514 1756 Deo

247 1789 400 1858 juxta
435 1790 810 1846 hmreticorum
839 1789 1202 1858 blasphemias
1221 1830 1236 1852 ,
1259 1803 1328 1842 ne
1349 1788 1540 1844 Filium
1563 1790 1836 1848 videretur
1861 1791 1912 1854 Β
1937 1797 2008 1840 est
2039 1785 2124 1856 (II
2141 1786 2264 1842 Cor.
2302 1804 2384 1854 ιιι,
2417 1789 2452 1842 lt
2477 1799 2530 1844 et
2553 1789 2630 1860 5).
2659 1789 2758 1846 Uili
2781 1791 3014 1846 ostendit
3049 1792 3224 1862 ipsum
3249 1795 3402 1850 bona:
3425 1811 3520 1850 vo-

245 1877 552 1944 excludere,
583 1879 678 1934 sed
719 1879 878 1942 Dens,
909 1878 1054 1948 quod
1085 1877 1232 1932 Patri
1263 1877 1508 1949 Filioque
1545 1895 1832 1936 commune

247 1977 332 2024 est
365 1987 376 2022 :
413 1969 478 2022 In
503 1970 762 2040 principio
795 1969 938 2024 enim
967 1979 1080 2024 erat
1116 1967 1340 2023 Verbum
1363 1979 1410 2024 et
1449 1969 1672 2024 Verbum
1719 1981 1830 2026 erat

243 2059 384 2130 apud
409 2060 574 2114 Deum
605 2077 624 2114 .'
662 2070 709 2114 et
735 2060 876 2114 Deus
903 2069 1012 2114 erat
1049 2057 1290 2114 Verbum.
1325 2059 1440 2114 Hoc
1465 2071 1574 2114 erat
1597 2061 1652 2114 in
1685 2063 1832 2132 prin-

243 2153 380 2222 cipio
409 2153 549 2223 apud
573 2151 742 2206 Deum
765 2151 950 2222 (Joan.
984 2166 1020 2214 I,
1047 2153 1100 2216 l,
1123 2151 1202 2222 2).
1231 2151 1308 2206 De
1337 2167 1442 2222 quo
1488 2151 1628 2206 idem
1669 2151 1830 2208 Joan-

243 2259 342 2298 nes
363 2243 746 2312 scribit:lpse
801 2253 976 2298 autem
1023 2243 1178 2296 Jesus
1203 2259 1306 2296 non
1343 2243 1597 2298 «credebat
1631 2260 1686 2298 se
1732 2245 1826 2310 eis,

239 2336 366 2406 quia
389 2334 584 2390 sciebat
618 2351 830 2400 omnes,
859 2343 908 2388 et
955 2351 1058 2390 non
1081 2333 1298 2388 habebat
1337 2351 1541 2390 necesse
1561 2345 1618 2388 ut
1637 2335 1828 2406 aliquis

241 2427 596 2480 testimonium
627 2425 778 2480 daret
813 2427 860 2480 ei
899 2425 964 2478 de
1011 2425 1264 2489 homine;
1317 2427 1424 2495 ipse
1471 2415 1606 2480 enim
1635 2427 1830 2482 sciebat

241 2519 366 2590 quid
393 2527 522 2572 esset
549 2519 604 2572 in
629 2519 836 2572 homine
861 2516 1046 2588 (Joan.
1078 2533 1120 2582 ι,
1162 2516 1282 2586 24).
1315 2517 1410 2572 Cui
1439 2527 1496 2572 et
1543 2519 1672 2574 illud
1697 2535 1830 2576 con-

239 2611 412 2682 gruit,
435 2611 600 2664 sciens
623 2619 798 2664 autem
817 2609 972 2664 Jesus
987 2609 1324 2679 cogitationes
1345 2623 1524 2662 eorum
1555 2607 1706 2680 (Luc.
1749 2626 1824 2676 vr,

237 2705 330 2774 8);
383 2711 438 2758 et
473 2704 526 2758 in
553 2703 660 2758 alio
710 2701 872 2756 loco:
917 2699 1096 2754 Sciens
1147 2707 1320 2752 autem
1369 2697 1526 2752 Iesus
1571 2699 1828 2754 malitiam

239 2813 422 2852 eorum
451 2795 668 2866 (Matth.
693 2809 806 2858 nt,
859 2793 972 2863 i8).
1001 2791 1080 2848 Ac
1115 2807 1182 2846 ne
1219 2791 1398 2860 aliqua
1431 2791 1502 2846 sit
1537 2791 1824 2860 dubitatio,

239 2887 512 2942 haereticis
537 2885 864 2942 calumniam
895 2883 1224 2940 facientibus
1247 2883 1314 2936 de
1337 2880 1514 2936 Verbo
1543 2881 1656 2946 Dei,
1685 2881 1826 2952 quod

239 2977 456 3036 noverit
483 2977 684 3038 omnia.
717 2975 770 3030 in
817 2973 1058 3046 Epistola
1110 2989 1230 3044 quae
1283 2973 1350 3026 ad
1381 2971 1636 3028 Hebraeos
1683 2973 1824 3028 scri-

237 3071 414 3136 bitur,
443 3069 706 3140 prolixius
729 3067 930 3123 dicitur
965 3085 977 3122 :
1019 3065 1204 3122 Vivens
1251 3065 1388 3120 enim
1433 3081 1603 3120 sermo
1651 3063 1750 3118 Dei
1775 3073 1822 3118 et

1937 1875 2158 1932 luntatis
2187 1879 2552 1948 concipieudze
2601 1889 2764 1950 atque
2813 1882 3110 1951 cogitanda:
3153 1883 3366 1940 initium
3395 1901 3512 1942 non

1933 1967 2088 2020 nobis
2115 1981 2234 2032 esse
2273 1983 2303 2022 a
2331 1969 2486 2022 nobis
2525 1979 2688 2040 atque
2721 1985 2788 2024 ex
2819 1971 2997 2038 nobis,
3045 1974 3138 2028 sed
3169 1988 3232 2027 ex
3289 1975 3430 2042 Deo;
3461 1985 3516 2032 et

1933 2055 2198 2110 refellitur
2235 2055 2440 2112 falsitas
2491 2066 2576 2112 tua
2621 2075 2726 2130 qua
2775 2061 2994 2116 dixeras
3037 2077 3198 2132 posse
3230 2079 3330 2120 nos
3375 2067 3512 2122 velle

1933 2147 2048 2202 sine
2097 2147 2228 2202 Deo.
2281 2147 2466 2204 Fidem
2523 2149 2620 2206 Dei
2661 2151 2860 2207 donum
2907 2167 3026 2208 esse
3073 2155 3199 2224 quis
3241 2155 3518 2226 atiihigat!

1931 2235 2146 2292 (licente
2165 2237 2458 2308 Apostolo:
2507 2237 2658 2296 Vobis
2679 2242 2814 2296 enim
2839 2243 3022 2298 datum
3067 2255 3140 2299 est
3187 2265 3220 2300 a
3249 2247 3380 2314 Deo,
3411 2265 3516 2306 non

1931 2327 2102 2380 solum
2129 2339 2184 2382 ut
2211 2331 2434 2386 credatis
2461 2333 2518 2386 in
2564 2350 2682 2388 eum
2705 2375 2720 2398 ,
2749 2351 2926 2390 verum
2963 2339 3120 2392 etiam
3147 2349 3202 2394 ut
3231 2343 3512 2410 patiamini

1929 2437 2022 2490 pro
2053 2420 2143 2474 illo
2174 2423 2338 2490 (Phil.
2371 2441 2412 2490 ι,
2457 2427 2570 2498 29).
2603 2427 2758 2482 Patet
2803 2437 2984 2484 autem
3039 2431 3244 2488 nullum
3293 2435 3518 2498 credere

1931 2513 2034 2568 nisi
2061 2513 2358 2572 voluntate.
2401 2517 2540 2584 Quid
2563 2535 2694 2592 ergo
2717 2531 2802 2578 est
2829 2523 3089 2580 donatura
3143 2529 3513 2596 credentibus,

1931 2611 1988 2654 ut
2019 2603 2070 2656 in
2097 2619 2218 2658 eum
2247 2605 2470 2662 credant
2499 2617 2664 2678 atque
2689 2612 2984 2682 patiantur,
3011 2615 3114 2670 nisi
3137 2615 3266 2672 data
3311 2619 3512 2672 divini-

1931 2703 2017 2748 tus
2069 2695 2345 2762 voluntas,
2379 2715 2482 2770 qua
2513 2701 2566 2756 in
2603 2701 2752 2758 illum
2779 2705 3006 2762 credant
3033 2723 3250 2778 quaque
3293 2727 3390 2781 pro
3418 2711 3512 2768 illo

1883 2831 1890 2836 .
1927 2788 2248 2858 patiantur?
2285 2789 2338 2844 Si
2370 2805 2498 2864 ergo
2519 2809 2548 2848 a
2577 2793 2688 2850 Deo
2713 2797 2944 2852 donatur
2989 2799 3242 2864 voluntas
3295 2803 3350 2858 in
3389 2819 3516 2864 eum

1927 2879 2184 2936 credendi
2211 2889 2266 2936 et
2305 2899 2402 2952 pro
2431 2883 2520 2938 illo
2547 2887 2808 2956 patiendi,
2841 2889 3096 2946 nimirum
3127 2903 3342 2950 constat
3387 2897 3516 2966 quia

1927 2969 2046 3024 sine
2077 2969 2164 3025 illo
2189 2971 2322 3026 nihil
2349 2973 2476 3028 boni
2496 2989 2782 3044 possumus
2811 2979 2966 3034 velle.
2989 2981 3070 3036 Ac
3091 2997 3190 3052 per
3211 2984 3312 3052 hoc
3337 2987 3504 3044 verba

1927 3059 2140 3116 Domini
2171 3063 2441 3122 dicentis:
2471 3065 2597 3122 Sine
2637 3085 2718 3122 me
2751 3069 2882 3124 nihil
2933 3073 3144 3142 potestis
3193 3073 3382 3144 facere,
3433 3076 3508 3134 ita

239 3165 450 3222 evidens
479 3173 526 3218 et
553 3171 737 3218 acutus
785 3177 942 3228 super
961 3151 1164 3216 omnem
1197 3159 1432 3229 gladium
1465 3157 1746 3228 bicipitem,
1775 3165 1822 3212 et
1851 3149 1896 3214 (Ξ
1927 3153 2112 3208 sanius
2128 3161 2182 3208 et
2209 3155 2408 3212 rectius
2428 3156 2774 3228 intelligenda
2787 3169 3010 3228 sunt,ut
3015 3161 3196 3234 facere
3217 3163 3284 3218 ad
3300 3175 3510 3222 utrum-

239 3255 478 3310 dividens
525 3270 686 3324 usque
727 3251 796 3306 ad
843 3251 1176 3324 partitionem
1231 3251 1424 3302 animrc
1483 3257 1530 3302 et
1577 3249 1824 3318 spiritus,

239 3357 456 3400 artuum
483 3361 684 3416 quoque
705 3353 752 3398 et
784 3341 1166 3406 medullarum,
1199 3351 1246 3394 et
1256 3339 1423 3410 judex
1454 3339 1826 3410 cogitationum

239 3449 288 3494 et
305 3453 552 3492 sensuum
581 3435 774 3490 cordis.
813 3431 1080 3504 Nullaque
1099 3441 1172 3486 est
1201 3441 1444 3486 creatura
1471 3429 1740 3484 invisibilis
1772 3419 1826 3488 in

241 3541 520 3600 conspectu
573 3529 706 3598 ejus.
753 3525 946 3582 Omnia
986 3535 1158 3578 autem
1223 3523 1364 3578 nuda
1404 3533 1452 3578 et
1499 3533 1678 3594 aperta
1708 3533 1828 3578 sunt

241 3621 410 3678 oculis
431 3621 596 3688 illius,
623 3621 692 3675 de
709 3633 818 3688 quo
843 3616 990 3672 nobis
1011 3631 1180 3670 sermo
1195 3625 1268 3670 est
1289 3613 1476 3686 (Hebr.
1505 3631 1576 3682 tv,
1605 3615 1688 3680 l2,
1715 3616 1826 3686 15).

241 3715 538 3783 Postquam
563 3721 742 3766 autem
765 3725 956 3766 omnes
981 3709 1338 3780 cogitationes
1363 3709 1416 3762 in
1442 3725 1604 3762 umnn
1629 3691 1829 3763 fuerint

243 3815 612 3876 congregatae,
669 3811 992 3858 accusantes
1039 3815 1138 3856 nos
1167 3799 1250 3854 vel
1281 3799 1626 3854 defendentes
1659 3817 1671 3852 :
1703 3809 1830 3854 tunc

241 3915 438 3954 onmes
468 3909 656 3969 gentes
695 3905 750 3951 et
775 3895 968 3968 linguae
996 3910 1118 3949 cum
1147 3891 1564 3964 cogitationibus
1593 3893 1705 3948 suis
1732 3909 1830 3964 pa-

243 3995 386 4048 riter
410 3993 744 4047 adducentur
789 3989 842 4042 iu
875 3987 1133 4042 medium.
1183 3985 1420 4056 Linguas
1471 3993 1648 4040 autem
1675 3983 1830 4054 juxta

243 4085 548 4157 apostolum
585 4083 806 4138 Paulum
836 4121 850 4146 ,
893 4097 996 4136 non
1053 4071 1224 4136 solum
1271 4080 1552 4144 hominum
1599 4080 1830 4150 legimus

243 4181 344 4234 sed
377 4187 432 4232 et
459 4173 774 4247 angelorum
799 4173 1026 4244 legimus
1050 4171 1098 4244 (l
1115 4169 1236 4226 Cor.
1261 4187 1380 4238 xm,
1407 4171 1478 4242 -l).
1507 4171 1584 4226 Ex
1613 4187 1718 4242 quo
1745 4171 1832 4226 in-

247 4271 510 4342 telligitur
527 4283 716 4324 omnes
745 4274 1025 4320 creaturas
1047 4283 1076 4318 a
1107 4263 1334 4318 Domino
1355 4263 1698 4334 judicandas,
1725 4281 1832 4320 non

247 4367 426 4424 solum
471 4379 632 4434 super
671 4373 898 4428 terram,
929 4361 1022 4416 sed
1049 4361 1100 4416 in
1132 4359 1268 4414 mari
1321 4357 1442 4431 [al.,
1493 4355 1640 4430 aere]
1695 4357 1830 4412 etin

247 4459 584 4522 cmlestilms,
601 4455 758 4526 juxta
789 4456 932 4525 quod
960 4453 1074 4524 ipse
1103 4453 1160 4508 in
1191 4451 1562 4522 superioribus
1591 4449 1832 4504 dixerat:

1929 3257 2034 3314 que
2057 3243 2346 3312 referatur,
2371 3248 2438 3302 ad
2461 3247 2662 3303 factum
2695 3251 2892 3306 meritis
2916 3259 2972 3308 et
3011 3251 3212 3308 factum
3241 3258 3508 3330 corporis,

1929 3335 2184 3404 quoniam
2215 3345 2504 3408 utrumque
2552 3353 2686 3410 opus
2731 3339 3012 3412 Scriptura
3061 3343 3314 3414 appellat,
3364 3347 3508 3418 quod

1927 3441 2034 3480 non
2067 3425 2238 3480 solum
2275 3425 2420 3482 facto
2467 3427 2608 3496 ﬁeri,
2637 3430 2732 3486 sed
2779 3432 2946 3488 etiam
2981 3433 3258 3490 voluntate
3299 3437 3514 3514 concipi

1929 3514 2088 3570 solet.

2001 3625 2374 3696 Respiciamus
2401 3643 2530 3682 sane
2557 3627 2700 3684 beati
2719 3629 2868 3684 Petri
2887 3629 3116 3700 apostoli
3139 3619 3514 3704 negationem,

1929 3723 1984 3770 et
2009 3717 2292 3785 perspicue
2313 3718 2458 3787 quod
2481 3735 2510 3772 a
2531 3719 2642 3774 Deo
2665 3721 2818 3776 nobis
2839 3721 2975 3778 velle
3003 3723 3094 3786 sit,
3121 3739 3226 3780 non
3247 3739 3316 3780 ex
3335 3727 3514 3794 nobis,

1931 3807 2132 3876 liquido
2169 3823 2578 3879 cognoscemus.
2631 3811 2734 3878 Qui
2775 3813 2920 3868 enim
2967 3815 3188 3883 propria
3233 3817 3512 3878 voluntate

1933 3899 2168 3969 negavit,
2239 3915 2578 3972 nequaquam
2639 3905 2856 3975 propria
2901 3905 3178 3964 voluntate
3223 3910 3518 3979 paenituit.

1935 3989 2106 4044 donec
2135 3999 2416 4062 respectus
2456 3993 2692 4064 desuper
2717 3995 2784 4050 ad
2819 4011 2878 4050 se
2903 3997 3086 4064 rediit,
3121 4000 3212 4070 qui
3245 4000 3520 4070 paululum

1935 4087 2252 4154 derelictus,
2287 4099 2346 4144 ut
2369 4090 2440 4144 ita
2483 4089 2734 4156 dixerim,
2761 4107 2790 4146 a
2823 4107 2882 4148 se
2907 4093 3026 4162 ipso
3051 4105 3368 4152 recesserat.
3393 4097 3438 4152 A
3463 4113 3524 4154 se

1937 4179 2074 4248 ipso,
2105 4179 2344 4250 inquam,
2375 4179 2550 4250 qualis
2579 4179 2754 4238 fuerat
2791 4185 3008 4254 quando
3033 4185 3322 4242 Dominum
3353 4191 3522 4248 etiam

1937 4287 1968 4326 a
2023 4272 2180 4343 longe
2233 4287 2484 4344 sequens,
2539 4275 2596 4330 in
2642 4277 2842 4332 atrium
2891 4279 3154 4350 principis
3179 4283 3524 4340 sacerdotum

1939 4365 2258 4420 intraverat.
2287 4365 2584 4422 Dicite'uim
2625 4367 2964 4438 Evangelista
2993 4387 3006 4424 :
3051 4369 3340 4442 Postquam
3371 4375 3526 4428 tertio

1943 4455 2112 4527 gallus
2154 4468 2472 4524 cantaverat,
2533 4467 2580 4512 et
2631 4461 2850 4532 respexit
2901 4461 3155 4518 Dominus
3193 4461 3436 4532 Petrum,
3477 4475 3528 4520 et

247 4549 552 4606 Inebriatus
597 4523 672 4602 est
723 4523 930 4616 gladius
984 4523 1130 4598 meus
1183 4543 1238 4596 in
1285 4539 1412 4596 cado
1451 4539 1520 4594 ad
1545 4523 2249 4610 terramquenrecordatus
2301 4559 2376 4604 est
2427 4523 2616 4606 Petrus
2671 4523 2808 4606 uerbi
2854 4553 3066 4608 Domini
3112 4573 3214 4626 quo
3268 4523 3474 4612 direrizt
3507 4573 3527 4614 :

245 4639 524 4700 descendet
553 4637 688 4710 (Isa.
717 4651 832 4702 Juv,
857 4633 960 4706 5).]

333 4735 374 4804 -ὶ-
401 4731 678 4802 Siquidem
721 4727 1078 4799 cogitationes
1105 4725 1218 4782 sola
1244 4723 1519 4792 voluntate
1549 4733 1844 4794 conceptas

251 4829 324 4885 ad
351 4841 486 4896 Opus
515 4823 788 4895 pertinere
821 4821 1090 4891 Propheta
1141 4819 1456 4874 manifestat
1481 4833 1606 4873 cum
1659 4817 1794 4872 dicit
1823 4833 1838 4872 :

251 4917 466 4974 Etenim
501 4917 557 4972 in
603 4915 760 4970 corde
794 4913 1094 4984 iniquitates
1143 4911 1452 4982 operamini,
1493 4912 1548 4965 in
1593 4921 1732 4966 terra
1763 4913 1838 4966 in-

245 5013 488 5086 justitias
513 5027 702 5064 manus
733 5018 914 5062 restrre
929 4997 1416 5077 .concinnant'(Ps.
1449 5020 1578 5070 Lvn,
1607 5005 1686 5076 5).
1715 5003 1844 5070 Quae

253 5104 458 5160 etenim
481 5117 644 5158 causa
673 5111 757 5157 est
791 5109 852 5156 ut
875 5099 942 5154 de
969 5097 1390 5169 cogitationibus
1423 5097 1652 5166 quisque
1685 5095 1834 5166 judi-

257 5203 438 5260 cetur,
471 5194 574 5250 nisi
599 5191 724 5264 quia
752 5191 884 5246 tales
909 5199 1036 5244 sunt
1065 5197 1122 5244 ut
1163 5203 1261 5260 pro
1291 5187 1546 5258 operibus
1577 5187 1852 5256 deputatae

259 5293 360 5344 aut
393 5293 724 5342 coronentur
753 5265 950 5338 merito
991 5275 1087 5337 aut
1141 5275 1485 5344 damnentur,
1529 5275 1757 5334 Damino
1797 5279 1850 5332 id

259 5379 430 5438 etiam
471 5363 802 5441 declarante,
863 5373 952 5444 qui
996 5373 1168 5430 dicit:
1202 5371 1306 5438 Qui
1355 5369 1540 5426 viderit
1580 5367 1850 5424 mulierem

263 5473 336 5528 ad
363 5469 829 5542 concupiscendum
881 5479 1018 5534 eam,
1045 5467 1162 5538 jam
1205 5465 1488 5520 mwchatus
1539 5473 1614 5520 est
1641 5479 1754 5518 eam
1795 5464 1850 5518 in

265 5562 426 5619 corde
453 5561 580 5616 suo?
603 5559 818 5632 (Matth.
865 5573 928 5622 v,
961 5557 1076 5628 28.)
1135 5555 1392 5612 Patenter
1431 5555 1702 5612 indicatur
1751 5555 1854 5610 hac

265 5653 540 5710 sententia
565 5651 896 5708 voluntatem
923 5657 978 5706 et
1003 5650 1386 5722 cogitationem
1427 5649 1492 5704 ad
1521 5663 1656 5722 opus
1677 5647 1850 5718 perti-

269 5765 430 5816 nere,-
459 5765 584 5806 cum
615 5749 736 5820 quis
771 5763 836 5806 eo
861 5745 1054 5806 all‘ectu
1094 5749 1318 5820 cogitat,
1369 5747 1482 5804 vult
1519 5753 1574 5802 et
1605 5745 1770 5814 videt,
1793 5755 1854 5802 ut

1951 4639 2472 4712 Priusquam'gallus
2495 4653 2690 4708 cantet,
2719 4655 2798 4698 ter
2825 4662 2904 4700 me
2939 4647 3170 4718 negabis.
3201 4647 3268 4702 Et
3291 4665 3528 4720 egressus

1947 4735 2092 4804 foras
2121 4735 2262 4804 ﬂevit
2287 4751 2466 4788 amare
2489 4735 2702 4806 (Matth.
2739 4753 2886 4804 xxvr,
2917 4739 2984 4794 74
3017 4751 3066 4794 et
3093 4739 3203 4810 75).
3223 4739 3528 4796 Tantumne

1947 4828 2278 4884 ohsurduisti
2309 4837 2368 4882 ut
2387 4843 2494 4882 non
2520 4829 2730 4896 audias,
2757 4833 2977 4901 respexit
3003 4831 3262 4886 Dominus
3287 4841 3337 4886 et
3359 4847 3532 4886 recor-

1947 4919 2104 4976 datus
2125 4929 2200 4974 est
2231 4917 2460 4976 Petrus?
2491 4919 2606 4976 Non
2631 4923 2772 4978 enim
2797 4923 2946 4993 prius
2979 4923 3066 4978 ille
3089 4923 3402 4978 recordatus
3423 4933 3531 4990 est,

1949 5021 2006 5066 et
2027 5013 2287 5068 Dominus
2311 5013 2654 5083 postmodum
2679 5015 2938 5084 respexit,
2979 5016 3072 5070 sed
3095 5015 3270 5086 primo
3299 5017 3536 5086 respexit

1953 5103 2238 5170 Dominus,
2287 5115 2344 5158 et
2388 5113 2512 5174 post
2559 5106 2876 5162 recordatus
2899 5115 2982 5160 est
3009 5105 3224 5162 Petrus.
3259 5105 3418 5162 Prius
3445 5123 3534 5164 re-

1953 5197 2130 5266 spexit
2149 5196 2344 5268 gratia,
2365 5207 2419 5252 et
2445 5205 2568 5268 post
2591 5199 2874 5252 recordata
2907 5207 2989 5252 est
3017 5197 3358 5268 pmnitentia.
3377 5199 3537 5254 Prius

1955 5287 2196 5357 respexit
2243 5287 2634 5352 misericordia,
2665 5293 2864 5356 etpost
2895 5285 3038 5342 flevit
3083 5287 3322 5342 miseria.
3371 5289 3536 5358 Cujus

1955 5387 2058 5442 est,
2091 5391 2298 5448 quaeso,
2323 5393 2468 5434 nunc
2493 5377 2630 5434 velle
2657 5393 2670 5430 :
2707 5377 3072 5448 respicientis,
3103 5393 3174 5434 an
3205 5387 3328 5449 post
3353 5393 3538 5448 respe-

1955 5479 2102 5526 ctum
2131 5469 2470 5526 recordantis
2503 5469 2676 5524 donec
2699 5469 2936 5540 negavit.
2968 5469 3082 5524 Non
3113 5471 3302 5540 utique
3349 5469 3540 5524 habuit

1955 5563 2092 5618 velle
2115 5563 2402 5634 Dominum
2431 5560 2742 5628 confitendi,
2775 5569 3052 5632 respectus
3093 5570 3276 5617 autem
3327 5559 3540 5630 accepit

1957 5653 2112 5720 velle,
2153 5669 2260 5710 non
2287 5653 2460 5710 solum
2483 5653 2858 5721 confessionis,
2885 5655 2978 5710 sed
2999 5655 3162 5710 etiam
3179 5651 3532 5720 confusionis.

1961 5745 2086 5802 lude
2127 5755 2211 5803 est
2259 5744 2404 5816 quod
2453 5747 2528 5802 ait
2577 5742 3056 5818 Evangelista:Et
3109 5745 3412 5804 recordans
3459 5745 3538 5812 est
