4064 6346
659 295 800 355 1065

1662 295 1718 352 8.
1761 295 2133 353 PRUDENTII
2175 297 2557 354 TRECENSIS
2596 297 2902 356 EPISCOPI

3709 318 3803 376 1οἋ

658 412 851 468 Petrus
873 410 1014 466 verbi
1041 411 1257 468 Domini
1299 430 1401 485 quo
1448 415 1650 468 dixerat
1677 431 1694 468 :
1724 415 2015 484 Antequam
2065 413 2239 485 gallus
2267 417 2319 478 Α
2344 415 2520 471 stebat
2552 425 2606 471 et
2648 419 2735 472 cui
2769 426 2919 473 tanto
2949 419 3127 474 studio
3170 423 3456 492 satagebat.
3489 427 3731 488 Audiamus
3751 454 3807 490 sr-

658 515 948 572 cantet,ter
973 522 1055 560 me
1079 508 1308 578 negabis.
1345 507 1410 560 Et
1432 523 1667 577 egressus
1699 507 1843 576 foras
1877 508 2016 576 ﬂevit
2037 523 2236 560 amare.

658 598 988 654 Recordatus
1031 610 1124 663 est,
1168 601 1292 670 quia
1321 601 1544 654 nimmm
1595 602 1662 654 de
1709 614 1769 655 se
1819 609 2240 670 przesumpserat

661 691 892 746 dicendo
923 709 936 744 :
968 690 1193 744 Etiamsi
1215 691 1503 760 oportuerit
1543 707 1625 744 me
1650 691 1786 744 mori
1819 700 2010 754 tecum,
2055 707 2159 744 non
2189 699 2238 745 te

659 785 856 854 negabo
885 783 1100 855 (Matth.
1123 799 1273 849 xxvr,
1289 782 1411 854 35);
1442 793 1496 839 et
1518 783 1798 840 confessus
1821 793 1903 839 est
1922 784 2236 853 salubriter,

661 877 789 946 quia
867 877 934 931 ad
983 890 1172 930 vocem
1223 874 1432 930 ancilla.-
1481 885 1776 948 negaverat
1823 875 2233 942 damnabiliter;

659 968 887 1038 ideoque
933 982 1167 1037 egressus
1195 965 1340 1035 foras
1369 967 1506 1036 ﬂevit
1530 983 1730 1021 amare.
1751 965 1982 1022 Prorsus
2008 967 2100 1036 qui
2130 982 2237 1022 non

658 1059 809 1129 prius
828 1065 910 1112 est
939 1057 1256 1112 recordatus
1285 1073 1448 1128 quam
1481 1051 1781 1128 respectus,
1822 1066 2073 1127 patenter
2101 1057 2238 1112 indi-

657 1156 748 1203 cat
793 1162 897 1202 non
925 1162 956 1201 a
1003 1162 1061 1202 se
1086 1147 1190 1202 sibi
1221 1145 1388 1203 fuisse
1435 1147 1591 1213 velle,
1634 1147 1728 1204 sed
1754 1147 2026 1218 accepisse
2069 1163 2126 1203 se
2171 1147 2238 1202 ab

656 1240 748 1296 illo
771 1255 798 1293 a
841 1255 950 1311 quo
977 1249 1263 1311 respectus
1290 1248 1394 1297 est.
1428 1239 1531 1297 Ubi
1559 1248 1642 1296 est
1669 1256 1811 1296 nunc
1863 1241 2237 1312 interpretatio

655 1342 762 1396 tua,
813 1347 918 1402 qua
941 1333 1122 1388 dixisti
1136 1348 1259 1387 cum
1275 1333 1502 1388 dixisset
1532 1333 1790 1388 Dominus
1816 1350 1830 1387 :
1858 1331 1982 1388 Sine
2006 1349 2086 1386 me
2107 1331 2238 1386 niltil

654 1422 868 1492 potestis
892 1421 1085 1490 facere,
1113 1436 1218 1475 non
1242 1421 1376 1476 dixit
1401 1421 1579 1477 velle?
1605 1419 1838 1476 Videsne
1869 1436 1974 1475 non
1997 1421 2238 1490 potuisse

657 1512 936 1568 recordari
961 1513 1201 1579 Petrum,
1236 1512 1338 1568 nisi
1356 1513 1506 1583 prius
1525 1513 1785 1568 Dominus
1806 1513 2153 1583 respexisset,
2183 1512 2237 1567 id

651 1612 737 1660 est
768 1605 1098 1660 voluntatem
1129 1603 1449 1660 recordandi
1496 1620 1558 1660 ac
1609 1603 1771 1660 ﬂendi
1813 1604 2238 1660 misericorditer

652 1698 958 1754 infudisset.

2341 509 2559 578 quentia
2593 524 2608 563 :
2639 509 2703 563 Et
2726 512 2940 580 contigit
2969 512 3092 565 dum
3111 514 3214 569 viret
3241 514 3555 586 Damascum,
3581 523 3806 598 circumfud-

2339 603 2406 656 sit
2434 618 2549 656 eum
2577 603 2669 656 lux
2695 603 2760 656 de
2785 603 2933 657 calo.
2962 603 3029 657 Et
3059 607 3245 661 cadens
3276 610 3329 662 in
3356 620 3553 676 terram,
3577 619 3732 672 audiri!
3751 641 3808 673 ra-

2339 709 2447 746 cem
2486 693 2550 747 de
2599 694 2722 748 cazlo
2763 696 3016 750 dicentem
3065 699 3162 751 sibi
3191 714 3208 752 :
3247 699 3422 764 Saule,
3453 703 3612 770 Saule,
3638 711 3734 776 quid
3758 731 3809 768 ut:

2337 785 2698 852 persequeris?
2740 783 2840 837 Ille
2888 796 3062 840 autem
3097 788 3265 841 dixit:
3291 789 3416 855 Quis
3453 809 3519 856 es,
3543 794 3749 852 Domine?
3779 813 3808 855 rt

2339 872 2414 926 ait
2439 874 2508 927 ad
2553 890 2671 927 eum
2717 872 3018 929 Dominus:
3048 875 3161 947 Ego
3211 894 3326 932 sunt
3370 879 3516 936 Iesus
3562 883 3813 955 Nazaresss,

2338 985 2488 1040 quem
2515 978 2568 1022 tu
2594 971 2935 1040 persequeris.
2959 969 3167 1026 Durum
3193 982 3268 1026 est
3299 973 3389 1028 tibi
3417 985 3580 1030 contra
3618 981 3810 1037 stimulus

2338 1059 2614 1114 calcitrare
2633 1060 2820 1132 (Ibid.,
2844 1075 2986 1117 vers.
3010 1061 3155 1133 5-5).
3184 1063 3295 1120 Deo
3313 1066 3521 1135 gratias.
3544 1069 3811 1127 Audieramus

2337 1149 2523 1221 lupum
2566 1150 2907 1216 frementem,
2939 1152 3224 1209 audiamus
3277 1169 3463 1226 agnum
3507 1159 3808 1216 mitescentem.

2341 1241 2472 1307 Quis
2517 1258 2592 1308 es,
2624 1242 2820 1311 inquit,
2852 1241 3122 1298 Domine?
3149 1243 3309 1300 Prius
3337 1262 3432 1301 nec
3481 1249 3709 1304 hominem
3745 1255 3812 1306 sal-

2339 1341 2448 1386 tem
2478 1333 2798 1403 dignabatur
2827 1348 3142 1404 agnoscere,
3172 1345 3226 1391 et
3259 1346 3468 1406 repente
3509 1350 3706 1396 tremens
3739 1343 3808 1396 Do-

2339 1423 2545 1478 minum
2569 1422 2874 1479 conﬁtetur.
2901 1423 3054 1480 Unde
3080 1426 3181 1481 hoc
3203 1442 3310 1483 uno
3329 1429 3812 1500 eodemqnemomento

2340 1522 2396 1568 et
2426 1513 2583 1583 lupus
2613 1522 2667 1568 et
2692 1529 2862 1585 agnus
2885 1516 3227 1571 ostenditur?
3271 1516 3445 1588 Lupus
3469 1529 3710 1589 antequam
3727 1538 3808 1591 pro-

2339 1612 2569 1669 stratus,
2591 1605 2969 1674 prosternitur,
2994 1615 3051 1660 et
3085 1621 3257 1677 agnus
3277 1607 3512 1663 edicitur.
3541 1609 3813 1665 Prosternitur

2341 1694 2714 1750 ferocissimus
2741 1705 3076 1766 persecutor,
3102 1705 3159 1753 et
3191 1699 3417 1768 erigitur
3445 1700 3713 1756 mitissimus
3730 1717 3813 1771 pra-

657 1809 666 1814 ·
721 1789 1013 1844 Videamus
1073 1788 1240 1845 etiam
1293 1789 1661 1860 coapostolum
1714 1790 1832 1861 ejus
1878 1789 2191 1845 Mattbmum
2217 1829 2232 1856 ,
2264 1777 2312 1837 Β
2340 1785 2565 1841 dicator.
2601 1785 2920 1841 Ferociebat
2946 1795 3002 1840 et
3030 1796 3266 1843 emeatus
3294 1799 3406 1849 est:
3438 1799 3657 1854 caecatur,
3685 1792 3812 1845 etilli-

649 1889 831 1936 utrum
860 1889 916 1935 et
945 1875 1058 1951 ipse
1097 1881 1270 1951 gratia
1316 1891 1624 1951 praeventus
1668 1897 1736 1936 an
1791 1882 2068 1936 voluntate
2109 1896 2237 1952 pro-

648 1973 767 2043 pria
803 1973 1097 2028 Dominum
1126 1974 1196 2028 sit
1221 1981 1461 2028 secutus.
1487 1972 1690 2030 Scribit
1713 1975 1826 2046 ipse
1867 1975 1922 2029 in
1946 1974 2239 2045 Evangelio

652 2081 795 2122 suo:
839 2065 982 2119 Vidit
1019 2065 1176 2121 .lesus
1218 2065 1553 2136 publicanum
1599 2067 1859 2122 sedentem
1911 2067 1964 2121 in
2024 2067 2236 2132 telonio,

652 2157 960 2212 Mattltreum
991 2159 1215 2225 nomine,
1245 2168 1292 2213 et
1313 2159 1386 2231 ait
1416 2158 1534 2212 illi:
1559 2158 1784 2231 Sequere
1801 2176 1913 2224 me;
1937 2168 1984 2214 et
2021 2176 2240 2230 surgens

652 2260 861 2304 secutus
892 2258 966 2304 est
991 2266 1109 2304 eum
1149 2249 1366 2320 (Malm.
1397 2265 1472 2314 ιι,
1500 2249 1534 2305 9
1563 2260 1616 2305 et
1647 2249 1754 2322 10).
1815 2250 1968 2318 Quod
1993 2251 2070 2304 ait
2115 2251 2239 2305 vidit

651 2339 828 2405 Iesus,
855 2356 961 2396 non
991 2349 1101 2394 tam
1132 2341 1200 2395 ad
1245 2341 1422 2395 visum
1472 2341 1709 2397 hominis
1749 2356 1913 2412 quam
1972 2343 2040 2397 ad
2078 2341 2242 2396 intui-

652 2437 766 2484 tum
814 2431 1003 2501 gratite
1051 2429 1394 2500 respicientis
1452 2429 1714 2486 debemus
1763 2431 2032 2501 accipere.
2095 2430 2240 2484 Vidit

653 2520 778 2590 quia
808 2522 1065 2577 misertus
1085 2529 1194 2587 est,
1219 2521 1344 2575 vidit
1373 2521 1500 2591 quia
1551 2521 1879 2576 voluntatem
1925 2537 1983 2577 se
2023 2521 2239 2576 videndi

651 2611 864 2679 infudit,
899 2614 1024 2668 vidit
1063 2613 1190 2684 quia
1223 2613 1399 2669 videri
1422 2629 1480 2669 se
1508 2613 1660 2669 fecit.
1695 2614 1929 2670 Sedebat
1955 2614 2008 2669 in
2040 2613 2241 2670 telonio

649 2706 992 2777 publicanus,
1021 2707 1187 2764 lucris
1231 2707 1516 2774 inhiabat,
1559 2709 1791 2780 negotiis
1835 2709 2066 2764 terrenis
2115 2725 2244 2765 con-

651 2800 1043 2870 cupiscibiliter
1064 2800 1427 2866 inserviebat;
1452 2802 1639 2857 oculos
1663 2802 1861 2857 mentis
1884 2802 2092 2872 pariter
2112 2815 2238 2856 cum

650 2890 822 2947 oculis
843 2890 1088 2962 corporis
1112 2891 1180 2946 ad
1225 2901 1466 2961 quaestus
1513 2891 1759 2960 publicos
1783 2899 1838 2947 et
1882 2891 2123 2962 privatos
2151 2891 2243 2945 de-

651 2993 948 3054 presserat,
1004 2983 1247 3054 cogitare
1297 2983 1364 3038 de
1425 2982 1741 3038 cmlestibus
1774 2982 1998 3038 minime
2029 2989 2243 3052 satage-

651 3076 766 3143 bat;
806 3078 1049 3148 nunquid
1092 3078 1351 3134 dicendus
1378 3085 1463 3133 est
1489 3075 1749 3131 habuisse
1780 3074 1937 3141 velle,
1963 3089 2243 3146 quousque

652 3168 801 3222 visus
825 3185 932 3223 non
956 3169 1074 3224 est?
1102 3178 1157 3224 et
1183 3170 1330 3224 visus
1360 3176 1442 3224 est
1479 3176 1537 3222 et
1581 3167 1842 3222 continuo
1888 3165 2078 3232 voluit,
2106 3181 2240 3236 quo-

653 3261 801 3316 niam
844 3260 982 3315 visio
1019 3259 1111 3314 illa
1167 3260 1234 3315 de
1285 3260 1474 3330 gratiae
1527 3272 1652 3313 rore
1698 3259 1972 3313 manabat.
2017 3255 2154 3312 Nam
2184 3265 2240 3312 et

653 3352 798 3423 quod
823 3351 898 3406 ait
919 3349 1274 3421 publicanum,
1304 3352 1436 3406 satis
1458 3350 1662 3406 indicat
1683 3350 1810 3419 quia
1848 3365 1971 3405 rore
2014 3350 2238 3421 superni

651 3453 932 3516 respectus
979 3442 1318 3497 madefactus
1363 3452 1526 3512 atque
1565 3442 1932 3497 commollitus
1984 3444 2076 3509 sit,
2131 3458 2239 3498 non

649 3536 890 3609 propria,
908 3549 1069 3606 quam
1088 3533 1316 3589 necdum
1336 3534 1619 3598 habuerat,
1635 3533 1909 3587 voluntate
1921 3547 2235 3588 conversus.

650 3628 708 3684 ln
735 3642 844 3699 quo
864 3625 1182 3681 admiranda
1203 3635 1287 3681 est
1310 3625 1538 3680 nimium
1582 3625 1666 3680 vis
1697 3639 1762 3680 ac
1781 3624 2021 3695 potentia
2051 3625 2240 3695 gratiae

650 3721 906 3786 videntis,
957 3733 1077 3790 quae
1116 3734 1242 3774 mox
1295 3727 1355 3773 ut
1388 3717 1535 3773 videt
1579 3716 1832 3788 perﬁcit:
1862 3715 2048 3771 videre
2095 3715 2238 3772 illius

651 3813 796 3870 nulla
837 3811 1284 3882 intercapedante
1325 3808 1535 3864 morula
1584 3823 1721 3878 opus
1760 3817 1888 3863 est:
1927 3822 2048 3878 quae
2089 3815 2238 3862 tanta

651 3909 705 3960 vi
751 3904 1052 3977 penetravit
1080 3912 1316 3959 mentem
1345 3901 1642 3973 publicani,
1664 3909 1723 3954 ut
1748 3899 1931 3954 statim
1958 3907 2238 3955 vocantem

653 3998 883 4070 gratiam
933 4003 1271 4067 sequeretur.
1326 3993 1450 4065 Agit
1511 3993 1616 4048 hoc
1673 3992 1930 4046 nimirum
1978 3991 2240 4046 instinctu

653 4091 868 4146 occulto
895 4091 987 4146 Dei
1009 4088 1399 4161 omnipotentia
1428 4087 1482 4142 in
1501 4087 1769 4143 cordibus
1795 4085 2098 4150 hominum,
2154 4084 2241 4139 vel

655 4183 817 4238 lenita
825 4193 895 4249 te,
909 4183 995 4240 vel
1009 4193 1215 4238 terrore
1229 4177 1782 4250 incomprehensibili,
1800 4176 1980 4233 causis
1997 4183 2240 4233 nostram

658 4277 940 4332 scientiam
968 4276 1358 4340 latentibus,ut
1383 4280 1690 4343 respectum
1716 4284 1828 4326 sua:
1849 4269 2097 4341 gratuitae
2125 4284 2243 4340 gra-

655 4369 747 4423 tiae
782 4367 929 4422 omni
978 4366 1229 4423 tarditate
1275 4364 1531 4436 propulsa
1555 4403 1570 4430 ,
1617 4362 1896 4419 humiliter
1946 4363 2243 4434 devoteque

658 4465 973 4528 sequantur.

729 4550 1042 4609 lntueamur
1066 4552 1231 4607 etiam
1249 4551 1401 4606 illum
1423 4551 1671 4623 gratuitm
1701 4550 1888 4624 gratia:
1915 4551 2242 4608 acerrimum

657 4652 1115 4718 propugnatorem
1138 4651 1194 4698 et
1217 4641 1625 4698 veracissimum
1647 4640 2008 4709 defensorem,
2035 4657 2100 4698 ac
2114 4644 2245 4699 ﬁde-

657 4738 926 4794 lissimum
958 4736 1393 4808 praedicatorem,
1415 4743 1469 4789 et
1501 4733 1703 4804 liquido
1732 4735 2034 4792 videbimus
2057 4736 2244 4806 gratiae.

657 4830 825 4887 fuisse
867 4827 1011 4899 quod
1043 4827 1163 4883 talis
1207 4842 1271 4882 ac
1303 4834 1486 4881 tantus
1511 4834 1618 4892 est,
1648 4842 1754 4881 non
1797 4826 2092 4882 voluntatis
2116 4830 2254 4898 pro-'

658 4923 810 4995 prim.
861 4921 1064 4976 Scribit
1113 4919 1181 4975 de
1223 4934 1288 4975 eo
1322 4918 1525 4974 relator
1577 4917 1962 4974 veracissimus
2021 4925 2240 4974 actuum

659 5013 805 5071 illius
858 5025 1149 5081 comesque
1197 5009 1656 5082 peregrinationis
1724 5008 1843 5080 ejus
1910 5009 2244 5078 individuus,

659 5113 884 5160 sanctus
906 5103 1080 5158 Lucas
1106 5103 1435 5174 evangelista
1464 5102 1649 5157 dicens
1682 5119 1695 5155 :
1725 5100 1924 5157 Saulus
1942 5101 2116 5156 adhuc
2141 5103 2248 5173 spi-

662 5212 786 5248 rans
815 5194 1079 5247 minarum
1099 5202 1146 5247 et
1173 5193 1332 5248 credis
1353 5193 1410 5246 in
1435 5191 1720 5261 discipulos
1756 5191 1994 5258 Domini,
2021 5192 2146 5246 abiit
2176 5192 2246 5245 ad

659 5285 920 5356 principes
955 5286 1305 5341 sacerdotum.
1354 5283 1422 5338 Et
1458 5284 1605 5354 petiit
1651 5283 1715 5336 ab
1762 5283 1829 5338 iis
1861 5283 2153 5355 epistolam,
2188 5293 2246 5339 ut

662 5376 956 5446 ubicunque
981 5375 1230 5429 inveniret
1269 5373 1428 5443 hujus
1451 5375 1548 5428 via:
1577 5373 1713 5428 viros
1739 5390 1802 5428 ac
1839 5373 2104 5442 mulieres,
2135 5377 2248 5431 vin-

663 5478 769 5523 ctos
810 5468 1112 5538 perduceret
1166 5468 1220 5522 in
1262 5467 1559 5522 Jerusalem
1599 5467 1737 5537 (Act.
1775 5484 1856 5534 ix,
1887 5469 1938 5535 1,
1973 5467 2051 5541 2).
2080 5468 2248 5526 Audis

665 5557 850 5629 lupum
886 5559 1219 5624 saevientem,
1247 5568 1302 5614 et
1330 5560 1424 5614 ubi
1468 5559 1757 5615 voluntas?
1780 5561 1949 5616 Audis
1994 5577 2248 5632 persecu-

667 5658 840 5704 torem
888 5651 1217 5708 carniﬁcinaa
1252 5652 1432 5707 ovium
1466 5653 1830 5720 insudantein,
1851 5665 1906 5709 et
1934 5656 2024 5711 ubi
2055 5656 2248 5711 volun-

667 5741 788 5794 tas?
815 5740 1044 5798 Prorsus
1077 5753 1193 5799 crat
1224 5746 1278 5800 in
1309 5759 1374 5800 eo
1402 5745 1558 5812 velle,
1589 5748 1683 5802 sed
1734 5749 1959 5816 malum,
1983 5750 2068 5804 cui
2113 5750 2246 5804 insi-

2267 4507 2324 4569 D

2344 1879 2601 1933 minatur.
2629 1877 2802 1944 Unde,
2836 1893 3020 1948 quaeso
3050 1881 3139 1935 te?
3162 1881 3248 1935 An
3274 1882 3339 1936 de
3367 1884 3567 1952 proprio
3591 1883 3725 1938 velle?
3743 1886 3811 1938 Ab-

2343 1972 2451 2037 sit;
2483 1971 2578 2026 sed
2606 1971 2673 2026 de
2696 1987 2817 2026 rore
2842 1972 3051 2042 gratiae.
3085 1973 3234 2029 Velle
3279 1973 3573 2030 ferocientis
3604 1985 3808 2044 antequam

2342 2069 2779 2133 prosterneretur
2806 2063 3111 2118 audivimus
3137 2079 3152 2118 :
3179 2062 3375 2119 Saulus
3388 2066 3545 2120 adhuc
3565 2068 3727 2136 spirans
3749 2069 3810 2121 mi-

2343 2170 2534 2208 narum
2560 2164 2608 2208 et
2651 2154 2833 2219 ca'dis,
2865 2153 3148 2210 audiamus
3200 2165 3256 2209 et
3308 2157 3614 2226 gaudeamus
3650 2158 3811 2212 balatum

2344 2247 2470 2317 agni
2492 2247 2827 2302 mitescentis
2856 2264 2868 2299 :
2897 2245 3028 2312 Quis
3051 2263 3124 2311 es,
3147 2246 3413 2302 Domine?
3435 2247 3633 2303 Prorsus
3656 2263 3732 2301 nou
3751 2249 3812 2302 hoc

2343 2353 2408 2393 ex
2458 2337 2736 2393 voluntate
2776 2337 2994 2407 propria
3050 2345 3386 2406 quam~ante
3431 2337 3811 2392 circumlulsionem

2344 2428 2588 2494 haberet,
2617 2429 2710 2483 sed
2739 2443 2806 2482 ex
2850 2427 3126 2483 voluntate
3171 2443 3362 2498 quam,
3392 2429 3654 2498 inspirante
3684 2429 3811 2498 gratis,

2345 2521 2402 2577 in
2452 2521 2639 2577 eadem
2668 2519 3107 2576 circumfulsione
3146 2536 3346 2576 novam
3399 2522 3601 2590 accepit.
3643 2519 3809 2587 Accepit,

2345 2614 2588 2682 inquam,
2621 2612 2748 2682 quia
2777 2611 3002 2666 minime
3031 2611 3289 2666 habebat.
3322 2610 3454 2665 Audi
3482 2609 3593 2680 quid
3614 2610 3700 2680 ipse
3719 2610 3812 2663 dese

2345 2713 2610 2760 testetur:
2636 2702 2768 2758 Cum
2805 2713 3001 2769 autem,
3024 2703 3302 2773 inquiens,
3327 2703 3610 2772 complacuit
3629 2701 3667 2755 ei
3685 2701 3812 2772 quin:

2345 2792 2629 2866 segregavit
2657 2809 2721 2847 ea:
2752 2803 2898 2846 utero
2917 2793 3102 2847 matris
3125 2809 3278 2859 mete,
3299 2802 3346 2847 et
3369 2793 3548 2847 vocavit
3567 2807 3642 2862 per
3662 2789 3811 2860 gratias

2345 2913 2517 2962 suam,
2573 2906 2626 2950 ut
2657 2895 2901 2951 reuelaret
2941 2892 3144 2946 Filium
3192 2893 3437 2949 sustm'in
3473 2909 3545 2946 me
3565 2888 3678 2961 (Gal.
3695 2905 3723 2952 ι,
3743 2887 3811 2955 l5).

2347 2988 2448 3055 Qui
2476 2988 2621 3043 enim
2650 3003 2714 3042 ex
2763 2985 2956 3040 matris
2999 2994 3152 3040 utero
3194 3000 3319 3040 sese
3357 2999 3388 3038 a
3428 2983 3528 3038 Deo
3567 2975 3810 3051 segregatum

2347 3090 2595 3146 testatur,
2620 3079 2864 3151 profecto
2887 3095 2993 3135 non
3020 3077 3075 3134 id
3101 3079 3341 3150 propria:
3352 3075 3634 3138 voluntatis,
3653 3071 3722 3127 sed
3737 3085 3811 3140 gra-

2268 3146 2314 3210 C
2345 3174 2434 3230 tiae
2483 3146 2920 3245 praedestinantis
2965 3146 3128 3240 atque
3174 3146 3421 3226 vocantis
3465 3167 3611 3223 fuisse
3634 3164 3809 3219 declarat

2342 3267 2598 3337 Nunquid
2647 3266 2704 3320 in
2746 3273 2906 3340 utero
2940 3265 3130 3319 matris
3181 3263 3393 3334 positus
3439 3261 3638 3318 habebat
3667 3255 3813 3310 vellent

2341 3366 2723 3431 segregaretur
2766 3365 3058 3427 antequam
3101 3363 3457 3419 nasceretur,
3497 3352 3577 3422 qui
3624 3350 3677 3402 ab
3712 3355 3810 3398 utero

2340 3460 2588 3509 materno
2617 3448 2870 3521 profusus
2890 3458 3050 3518 atque
3071 3449 3288 3504 adultus
3311 3448 3494 3503 habuit
3517 3445 3631 3501 velle
3650 3451 3692 3496 ut
3713 3448 3806 3494 tanta

2343 3541 2601 3598 instantia
2631 3539 2996 3612 segregatoris
3022 3538 3113 3593 sui.
3131 3539 3380 3594 notitiam
3422 3529 3735 3606 impugnaret?
3753 3525 3809 3579 lli-

2339 3635 2506 3690 nime.
2534 3632 2758 3702 Accepit
2775 3645 2904 3702 ergo
2927 3629 3132 3685 caelesti
3158 3619 3366 3684 lumine
3388 3623 3712 3684 cireumfulsus
3729 3621 3812 3674 hanc

2342 3726 2578 3783 subitam
2607 3723 2965 3787 voluntatem,
2995 3729 3055 3776 ut
3091 3722 3239 3792 quod
3275 3721 3426 3790 prius
3458 3714 3809 3787 iniquissimeop-

2339 3817 2648 3889 pugnabat,
2697 3814 3046 3885 postmodum
3089 3813 3528 3870 obedientissime
3572 3805 3808 3881 pradicet-ta.

2341 3910 2637 3966 Videamus
2665 3924 2734 3962 an
2765 3909 2867 3963 hoc
2897 3907 3074 3978 ipsum
3098 3905 3243 3960 idem
3275 3904 3580 3960 conﬁrmet:
3607 3893 3807 3964 Quidni-

2343 4001 2522 4066 habes,
2555 4000 2828 4070 inquiens,
2858 3997 2998 4069 quod
3045 4013 3149 4051 non
3193 3996 3461 4066 accepisti,
3502 3992 3610 4064 quid
3650 3982 3809 4059 glorieris

2343 4094 2494 4166 quasi
2524 4108 2629 4147 non
2651 4091 2953 4160 acceperis?
2978 4088 3032 4160 (I
3064 4087 3188 4144 Cor.
3225 4104 3302 4154 tv,
3331 4089 3408 4157 7.)
3433 4086 3486 4142 Si
3509 4085 3664 4156 igitur,
3683 4089 3807 4166 secun-

2344 4165 2474 4241 dum
2509 4182 3011 4252 interpretationem
3043 4190 3211 4246 tuam,
3245 4179 3377 4234 velle
3413 4170 3722 4232 essentialiter
3752 4165 3809 4216 ba-

2344 4275 2510 4332 bebat
2541 4273 2758 4338 Paulus,
2789 4271 2985 4327 falsum
3011 4281 3094 4326 est
3118 4271 3264 4342 quod
3290 4271 3366 4324 ait
3395 4287 3407 4322 :
3441 4265 3568 4332 Quid
3588 4262 3695 4350 enim
3712 4254 3809 4350 habet

2344 4366 2487 4435 quod
2520 4380 2624 4418 non
2645 4363 2938 4433 accepisti?
2964 4362 3228 4432 Accipere
3256 4375 3316 4416 se
3348 4359 3612 4418 fatebatur,
3635 4349 3764 4416 utique
3779 4357 3808 4392 In

2347 4459 2448 4515 illa
2484 4455 2950 4522 circumlulsione,
2977 4454 3122 4526 quod
3150 4471 3258 4510 non
3303 4452 3546 4510 habuisse
3584 4449 3810 4502 noveram

2353 4551 2636 4606 nativitate
2665 4567 2678 4605 :
2714 4549 2990 4620 accepisse
3017 4564 3076 4606 se
3104 4549 3312 4604 cmlesti
3344 4559 3550 4602 munere
3587 4534 3808 4612 gratulati.

2349 4643 2492 4713 quod
2516 4656 2577 4697 se
2612 4642 2864 4697 habuisse
2889 4640 3210 4695 naturaliter
3251 4638 3518 4696 ditlitetur.
3551 4622 3795 4687 Bursusabll

2350 4735 2482 4791 teris
2508 4732 2751 4806 ejusdem
2774 4732 3015 4804 Apostoli
3043 4731 3150 4787 alio
3173 4730 3494 4793 testimonio,
3523 4721 3642 4796 quod
3663 4723 3810 4789 prorsaS

2352 4838 2405 4884 te
2442 4843 2550 4882 non
2599 4825 2929 4881 intellexisse
2975 4839 3041 4879 ac
3078 4838 3178 4894 per
3220 4825 3323 4880 hoc
3365 4820 3534 4895 pravis
3579 4813 3807 4906 interna!“-

2348 4921 2586 4977 tionibus
2627 4919 2953 4992 pervertisse
2998 4927 3207 4974 certum
3233 4926 3336 4974 est.
3373 4915 3462 4971 Ais
3498 4909 3623 4968 enim
3657 4899 3806 4966 subl”

2354 5027 2486 5086 gens
2516 5029 2530 5066 :

2899 5119 3129 5162 JOANNBS
3163 5118 3376 5162 sco'rus.
3445 5109 3452 5112 ’

2418 5222 2572 5294 (Cap.
2599 5221 2655 5287 t,
2688 5236 2838 5276 num.
2867 5219 2953 5286 l6,
2987 5229 3121 5276 seet.
3155 5220 3229 5292 8).
3258 5228 3300 5276 θ
3324 5216 3388 5272 Et
3404 5207 3661 5284 Apostolus,
3677 5191 3806 5294 ξηαξιξξν

2350 5279 2502 5370 Velle
2514 5279 2724 5383 adiacet
2744 5311 2898 5379 mihi,
2915 5279 3177 5383 perﬁcere
3190 5279 3367 5364 autem
3391 5279 3486 5362 non
3503 5299 3646 5372 (Rom.
3660 5303 3730 5352 vn,
3743 5279 3807 5344 l8}.

2981 5461 3297 5506 οοιιιεετιο.

2425 5569 2465 5638 ‘l‘
2499 5566 2654 5635 Quod
2698 5566 2771 5621 ita
2799 5563 3133 5621 intellexisse
3177 5558 3373 5617 videris
3419 5562 3472 5609 ut
3491 5547 3606 5605 velle
3635 5534 3807 5638 sibi?

2358 5630 2558 5716 dixerit
2583 5675 2650 5715 ex
2681 5667 2898 5722 natura,
2932 5655 3197 5727 perﬁcere
3238 5661 3408 5708 autem
3444 5658 3538 5700 non
3563 5630 3805 5727 ttisiet‘lf‘

2359 5751 2435 5806 tia
2475 5765 2636 5821 quam
2669 5715 3083 5822 perversitatem
3129 5756 3272 5803 tuam
3318 5737 3545 5816 quamvis
3583 5715 3803 5786 idenim
