4064 6346
257 413 391 470 1065

1104 413 1189 468 DE
1229 411 1908 471 PRAEDESTINATIONE
1944 413 2223 470 CONTRA
2259 413 2309 467 J.
2351 411 2655 468 SCOTUM.

3369 411 3504 468 1066

253 524 424 580 stolus
449 522 740 579 secundum
766 533 831 576 ea
857 535 978 590 qua:
997 520 1280 590 praemissa
1309 530 1434 577 sunt
1461 532 1709 588 evacuet,
1736 534 1822 578 ta-
1850 526 1904 586 Α
1927 525 2092 581 etiam
2118 542 2132 579 :
2170 524 2293 582 Scio
2311 529 2436 595 quia
2469 540 2573 579 non
2591 524 2791 577 habitat
2819 524 2874 577 in
2900 539 3002 587 me,
3035 525 3131 577 hoc
3159 534 3234 578 est
3265 525 3320 578 in
3351 543 3506 582 carne

252 631 378 670 men
407 622 469 670 ut
506 613 732 669 lucidior
767 612 1059 668 verborum
1087 613 1233 669 illius
1273 615 1577 672 intellectus
1612 625 1827 688 pateat,

253 719 322 760 ne
343 703 484 760 forte
506 711 690 760 nostra
715 703 948 773 superbe
963 717 1265 774 respueres,
1278 705 1408 776 quid
1425 706 1491 761 de
1526 707 1612 762 his
1641 707 1831 765 beatus

250 795 584 868 Augustinus
601 796 656 851 in
675 795 812 852 libro
838 805 994 852 sexto
1019 797 1155 867 (cap.
1187 797 1280 870 25)
1321 807 1511 855 contra
1557 800 1828 857 lulianum

250 890 563 960 episcopum
588 888 936 961 Pelagianum
960 891 1214 957 senserit,
1237 907 1344 948 non
1369 894 1664 966 incongrue
1675 896 1831 950 duxi-

251 997 376 1038 mus
399 982 762 1038 inserendum.
777 983 1136 1054 Augustinus:
1161 984 1315 1052 Quod
1335 995 1539 1056 autem,
1557 989 1826 1060 inquiens,

250 1073 416 1129 verba
429 1071 670 1144 Apostoli
697 1073 789 1129 ubi
811 1073 973 1130 dicit:
989 1073 1110 1130 Scio
1126 1075 1250 1146 quia
1277 1093 1381 1132 non
1411 1079 1612 1134 habitat
1640 1081 1696 1134 in
1723 1097 1828 1146 me,

249 1166 348 1221 hoc
368 1172 446 1221 est
470 1166 526 1220 in
551 1183 706 1220 carne
727 1183 842 1221 mea
868 1167 1078 1233 bonum,
1102 1176 1158 1223 et
1175 1177 1392 1234 caetera,
1408 1187 1581 1244 usque
1605 1175 1674 1230 ad
1696 1174 1828 1230 illud

249 1257 344 1313 ubi
373 1257 451 1312 ait
479 1275 493 1312 :
522 1256 686 1313 Miser
705 1274 798 1329 ego
816 1259 994 1325 homo,
1014 1259 1130 1330 quis
1153 1277 1234 1315 me
1263 1261 1500 1318 liberabit
1532 1263 1830 1336 decerpere

248 1349 433 1402 mortis
466 1347 668 1418 hujus?
693 1347 874 1420 (Rom.
904 1365 998 1413 v11,
1047 1350 1259 1422 18-24,)
1292 1367 1378 1407 me
1400 1353 1642 1410 afﬁrmas
1671 1355 1828 1412 aliter

249 1437 551 1506 intelligere
574 1455 739 1510 quam
769 1446 942 1494 totum
985 1439 1158 1511 ipsum
1190 1451 1352 1512 caput
1377 1443 1537 1500 debet
1573 1445 1822 1516 intelligi.

249 1529 510 1588 Nesciens
530 1530 664 1586 mihi
684 1531 976 1602 plurimum
1005 1533 1200 1590 tribuis
1227 1551 1242 1590 :
1263 1550 1372 1591 non
1392 1536 1541 1592 enim
1561 1551 1662 1608 ego
1681 1539 1827 1594 solus

251 1629 347 1676 aut
366 1621 578 1692 primus
609 1622 690 1678 sic
725 1622 887 1678 istum
926 1623 1103 1680 locum
1133 1625 1396 1692 intellexi,
1425 1642 1533 1698 quo
1561 1631 1825 1685 evertitur

251 1715 478 1772 haeresis
526 1723 708 1772 vestra
729 1755 744 1780 ,
787 1716 1240 1785 quemadmodum
1276 1733 1406 1774 vere
1447 1719 1826 1794 intelligendus

248 1814 334 1861 est
362 1823 376 1858 :
411 1807 524 1862 imo
538 1821 668 1862 vero
691 1820 792 1878 ego
807 1807 958 1874 prius
979 1821 1102 1862 eum
1131 1807 1678 1866 aliterintellexeram
1697 1851 1712 1878 ,
1743 1812 1826 1867 vel

1932 634 2048 672 mea
2068 617 2255 672 bonum
2286 615 2458 687 (Rom.
2472 632 2570 681 vn,
2594 615 2704 688 18).
2734 615 2791 670 In
2816 624 3074 685 quantum
3103 617 3302 688 quippe
3323 618 3376 673 in
3413 619 3505 677 illo

1931 705 2348 773 vivitChristus,
2381 706 2436 762 iu
2473 697 2682 763 tantum
2727 716 2998 778 expugnat
3027 717 3086 764 et
3111 719 3333 779 superat
3359 714 3503 782 quod

1932 813 2039 854 non
2082 798 2290 854 habitat
2329 799 2529 854 bonum
2568 799 2623 854 in
2671 799 2788 870 ejus
2817 812 3010 865 carne,
3037 801 3134 856 sed
3159 801 3382 857 malum.
3404 801 3507 859 Ne-

1931 905 2036 959 que
2052 891 2197 946 enim
2220 898 2367 947 recte
2395 890 2714 962 cujusquam
2742 892 2964 962 spiritus
2981 893 3388 964 concupisceret
3407 895 3505 950 ad-

1929 993 2121 1036 versus
2147 995 2365 1037 carnem
2393 996 2570 1048 suam,
2596 981 2700 1036 nisi
2727 982 3000 1038 habitaret
3044 983 3100 1038 in
3149 982 3239 1038 illo
3285 984 3508 1055 spiritus

1929 1069 2152 1126 Christi.
2189 1070 2348 1128 Absit
2382 1087 2514 1144 ergo
2542 1081 2602 1126 ut
2626 1072 2872 1129 dicamus
2894 1073 3039 1144 quod
3068 1088 3169 1130 nos
3196 1074 3378 1131 dicere
3415 1075 3507 1130 in-

1929 1161 2176 1228 simulas,
2225 1163 2541 1234 Apostolum
2587 1165 2668 1220 sic
2710 1166 2814 1221 ista
2858 1166 3056 1222 dixisse
3103 1169 3259 1238 quasi
3309 1169 3402 1239 qui
3445 1185 3505 1226 se

1928 1255 2090 1311 vellet
2132 1254 2353 1326 intelligi
2395 1256 2740 1322 renitentem,
2795 1256 2850 1310 in
2891 1265 3071 1313 scorto
3116 1257 3296 1329 aliqua
3335 1274 3498 1315 manu

1929 1345 2198 1416 pestifera:
2242 1345 2533 1416 voluptatis
2581 1345 2806 1412 adduci,
2860 1363 2983 1402 cum
3032 1349 3204 1414 dicat,
3265 1367 3371 1405 non
3413 1367 3507 1420 ego

1928 1452 2114 1506 operor
2160 1435 2296 1491 illud
2333 1435 2538 1508 (Ibid.,
2595 1437 2726 1505 20);
2749 1439 3058 1495 'ostendens
3113 1442 3500 1512 concupiscen-

1930 1527 2034 1582 tias
2072 1529 2251 1585 carnis
2285 1528 2457 1585 solum
2499 1530 2789 1600 impulsum
2830 1530 3071 1588 libidinis
3118 1533 3334 1604 operari
3384 1534 3504 1590 sine

1927 1619 2286 1675 consensione
2332 1620 2563 1688 peccati.
2591 1619 2731 1688 Quid
2782 1629 2866 1677 cst
2908 1621 3054 1692 quod
3101 1623 3157 1678 in
3199 1622 3509 1680 Iudaeorum

1929 1707 2233 1778 superbiam
2262 1707 2464 1765 frustra
2492 1712 2709 1767 conaris
2729 1711 2833 1767 ista
2858 1713 3022 1769 verba
3049 1713 3510 1783 translerre,tan—

1931 1814 2093 1869 quam
2111 1799 2258 1870 ipsos
2282 1800 2338 1855 in
2366 1816 2426 1858 se
2460 1802 2877 1875 transﬁguraret
2895 1805 3209 1876 Apostolus,
3247 1808 3342 1878 qui
3370 1825 3504 1866 con-

247 1899 430 1970 pouus
456 1915 564 1956 non
614 1898 1006 1967 intellexeram,
1038 1899 1183 1970 quod
1225 1915 1344 1956 mea
1387 1903 1634 1973 quadam
1681 1904 1826 1962 illius
1853 1881 1900 1942 B
1929 1889 2240 1946 lemnebant
2261 1891 2402 1946 dona
2423 1891 2663 1960 Christi,
2697 1895 2848 1951 velut
2883 1895 2986 1952 sibi
3030 1913 3136 1954 non
3173 1901 3503 1957 necessaria.

257 1989 518 2060 temporis
541 1990 704 2045 etiam
724 1989 926 2060 scripta
954 1997 1240 2046 testantur.
1271 1989 1388 2047 Non
1412 1993 1548 2048 mihi
1571 1995 1714 2050 enim
1743 1997 1826 2052 vi-

264 2081 495 2136 debatur
532 2080 820 2152 Apostolus
857 2082 1007 2137 etde
1051 2096 1111 2138 se
1172 2082 1288 2152 ipso
1328 2082 1509 2140 dicere
1533 2086 1774 2156 potuisse
1810 2106 1824 2142 :

253 2171 370 2242 Ego
425 2181 600 2226 autem
649 2170 877 2226 carnalis
919 2188 1035 2227 sum
1088 2172 1278 2246 (Ibid.,
1334 2175 1400 2229 M
1414 2177 1458 2247 ),
1509 2191 1632 2232 cum
1683 2188 1828 2236 esset

253 2260 540 2331 spiritalis,
570 2269 626 2317 et
650 2263 794 2332 quod
817 2262 1061 2332 captivus
1091 2263 1378 2320 duceretur
1408 2267 1509 2323 sub
1536 2267 1655 2338 lege
1688 2285 1819 2341 pec-

248 2353 356 2410 cati
409 2369 530 2425 quae
579 2355 634 2410 in
678 2353 941 2411 membris
971 2363 1089 2412 erat
1133 2353 1249 2425 ejus
1299 2355 1488 2428 (Ibid.,
1538 2359 1656 2432 25).
1712 2362 1826 2434 Ego

247 2445 392 2502 enim
424 2446 681 2517 putabam
709 2445 817 2502 dici
842 2445 946 2502 ista
979 2433 1091 2502 Anon
1132 2463 1321 2519 posse,
1354 2450 1460 2505 nisi
1495 2451 1562 2507 de
1586 2452 1654 2508 iis
1689 2433 1826 2525 quos

247 2537 322 2592 ita
343 2536 570 2594 haberet
590 2538 773 2594 carnis
811 2525 1248 2609 concupiscentia
1283 2541 1624 2613 subiugatus,
1657 2555 1715 2600 ut
1741 2545 1824 2601 fa-

246 2635 436 2684 cerent
459 2627 720 2698 quidquid
749 2627 841 2684 illa
867 2630 1246 2704 compelleret;
1279 2631 1422 2700 quod
1458 2634 1526 2688 de
1568 2633 1825 2706 Apostolo

245 2717 515 2776 dementis
564 2724 649 2774 est
690 2718 914 2774 credere
961 2737 975 2773 :
1036 2735 1162 2776 cum
1203 2721 1367 2777 etiam
1417 2723 1825 2784 innumerabilis

246 2807 538 2864 multitudo
559 2817 894 2875 sanctorum,
923 2824 994 2865 ne
1012 2811 1484 2883 concupiscentias
1505 2816 1684 2871 carnis
1702 2833 1825 2888 per-

243 2901 426 2966 llc'iat,
456 2908 646 2956 contra
688 2916 905 2956 carnem
945 2902 1136 2972 spiritu
1163 2905 1538 2976 concupiscat.
1580 2906 1689 2964 Sed
1725 2924 1822 2979 po-

244 3000 362 3048 stea
393 2992 710 3048 melioribus
755 3001 812 3048 et
831 2992 1338 3064 intelligentioribus
1358 2997 1516 3064 cessi,
1538 2998 1624 3054 vel
1643 2999 1824 3070 potius

244 3087 372 3158 ipsi,
403 3088 545 3157 quod
569 3085 850 3159 lawndum
873 3095 976 3154 est,
1006 3087 1220 3144 veritati
1239 3129 1255 3155 ,
1281 3098 1344 3145 ut
1362 3091 1600 3147 viderem
1638 3092 1695 3147 in
1716 3092 1822 3149 illis

241 3180 510 3253 Apostoli’
536 3179 760 3236 vocibus
801 3181 1064 3252 gemitum
1088 3197 1211 3239 esse
1263 3194 1599 3253 sanctorum,
1627 3195 1818 3244 contra

1931 1978 2024 2036 Sic
2043 1981 2188 2037 enim
2212 1983 2531 2054 suspicaris,
2562 1993 2726 2056 atque
2759 1988 2966 2044 utinam
2993 1989 3111 2059 ipsa
3144 1991 3284 2047 dona
3303 1990 3507 2049 Christi

1929 2070 2121 2127 saltem
2151 2072 2228 2128 ita
2256 2089 2500 2144 saperes,
2547 2083 2608 2130 ut
2645 2078 2711 2133 ad
2753 2077 3075 2136 vincendam
3119 2083 3509 2153 concupiscen-

1931 2164 2061 2219 tiam
2083 2164 2265 2222 valere
2290 2167 2493 2238 aliquid
2517 2171 2789 2226 crederes.
2817 2171 2924 2228 Sed
2951 2174 3072 2230 ideo
3093 2173 3232 2232 dicis
3256 2191 3288 2230 a
3307 2173 3510 2233 Iudaeis

1927 2253 2097 2312 fuisse
2124 2265 2432 2329 contempta
2452 2299 2466 2325 ,
2510 2261 2655 2331 quod
2680 2263 2897 2320 veniam
2943 2265 3099 2321 daret
3131 2267 3222 2324 ille
3245 2270 3507 2340 peccatis,

1927 2362 2048 2418 quae
2075 2349 2130 2402 in
2158 2348 2293 2421 legis
2336 2349 2442 2423 [al.
2488 2353 2591 2422 ipsi
2620 2353 2774 2428 legis]
2811 2356 3180 2417 admonitione
3221 2361 3506 2418 vitassent.

1927 2434 2092 2504 Quasi
2139 2438 2243 2494 hoc
2273 2439 2521 2496 conferat
2554 2443 2762 2500 homini
2793 2447 3044 2504 remissio
3071 2460 3424 2521 peccatorum
3448 2463 3512 2510 ut

1927 2541 2058 2582 caro
2093 2544 2202 2584 non
2231 2533 2583 2602 concupiscat
2605 2537 2868 2594 adversus
2908 2540 3193 2610 spiritum;
3232 2544 3375 2600 unde
3415 2545 3506 2600 illa

1926 2621 2094 2677 verba
2119 2630 2249 2678 nata
2277 2632 2404 2679 sunt
2437 2641 2451 2680 :
2488 2625 2610 2681 Scio
2631 2629 2756 2698 quia
2778 2646 2882 2684 non
2929 2630 3130 2687 habitat
3169 2635 3227 2689 in
3267 2653 3369 2703 me,
3411 2638 3510 2694 hoc

1926 2721 2003 2768 est
2028 2713 2084 2767 in
2108 2731 2266 2769 carne
2288 2731 2427 2782 mea,
2453 2717 2666 2786 bonum,
2694 2728 2749 2776 et
2772 2733 2964 2778 caetera
2994 2724 3278 2795 ejusmodi.
3306 2727 3508 2784 Verum

1926 2814 1987 2862 tu
2011 2821 2043 2861 a
2067 2813 2251 2862 vestro
2285 2808 2538 2880 dogmate
2577 2827 2686 2867 non
2732 2815 2961 2880 recedis,
2999 2832 3107 2887 quo
3144 2820 3348 2888 putatis
3377 2835 3506 2892 gra-

1925 2899 2058 2954 tiam
2083 2900 2179 2954 Dei
2209 2915 2306 2970 per
2328 2899 2512 2956 Iesum
2533 2901 2809 2959 Christum
2835 2905 3122 2962 Dominum
3145 2919 3394 2965 nostrum
3419 2911 3504 2968 sic

1925 2994 1981 3049 in
2012 2993 2124 3050 sola
2153 3004 2505 3066 peccatorum
2537 2998 2857 3056 remissione
2887 3004 3091 3058 versari
3119 3045 3132 3068 ,
3167 3013 3229 3060 ut
3269 3021 3380 3062 non
3410 3008 3507 3062 ad-

1923 3084 2072 3155 iuvet
2097 3087 2163 3142 ad
2197 3087 2415 3143 vitanda
2443 3099 2666 3160 peccata
2699 3099 2754 3146 et
2781 3091 3045 3149 desideria
3076 3096 3340 3153 vincenda
3383 3113 3506 3153 car-

1925 3179 2090 3246 nalia,
2122 3180 2465 3250 diﬁ'undendo
2487 3183 2795 3239 charitatem
2818 3185 2876 3239 in
2902 3186 3145 3242 cordibus
3173 3191 3388 3256 nostris,
3417 3207 3510 3261 per

241 3275 489 3333 carnales
526 3273 994 3344 concupiscentias
1045 3276 1430 3332 dimicantium
1480 3297 1493 3332 :
1545 3294 1639 3349 qut
1691 3295 1816 3336 cum

1926 3268 2176 3340 Spiritum
2201 3279 2468 3339 sanctum,
2490 3274 2580 3343 qui
2598 3274 2663 3328 ab
2684 3273 2776 3328 illo
2797 3275 2950 3331 datus
2971 3285 3047 3331 est
3073 3277 3220 3333 nobis
3245 3257 3427 3350 (Rom.
3451 3297 3504 3347 ν,

243 3377 428 3424 mente
451 3366 562 3422 sint
579 3365 872 3437 spiritales,
901 3367 1079 3422 adhuc
1112 3376 1290 3424 tamen
1335 3369 1440 3426 isto
1477 3370 1817 3442 corruptibili

241 3473 494 3532 corpore,
517 3457 663 3528 quod
688 3465 945 3529 aggravat
991 3457 1251 3526 animam,
1274 3471 1423 3518 recte
1445 3461 1821 3534 intelliguntur

240 3566 366 3607 esse
416 3549 696 3616 carnales,
739 3549 866 3618 quia
912 3557 1074 3604 erunt
1131 3559 1187 3606 et
1237 3566 1466 3623 corpore
1513 3553 1814 3624 spiritales,

241 3640 462 3712 quando
486 3640 811 3697 seminatum
844 3637 1012 3695 luerit
1037 3655 1238 3712 corpus
1275 3643 1511 3700 animale
1539 3652 1595 3700 et
1633 3661 1817 3700 resur-

242 3721 338 3805 get
364 3748 564 3805 corpus
595 3730 896 3803 spirituale.
937 3731 1007 3786 Et
1053 3741 1200 3788 recte
1229 3734 1408 3792 adhuc
1444 3736 1821 3812 intelliguntur

240 3843 310 3883 ea
359 3834 513 3898 parte
555 3839 571 3879 :
629 3823 832 3898 Captivi
885 3825 979 3880 sub
1031 3824 1140 3896 lege
1181 3827 1378 3897 peccati
1422 3825 1624 3898 (Ibid.,
1673 3827 1818 3898 23),

1923 3363 1999 3434 5).
2015 3362 2202 3434 Neque
2227 3365 2537 3422 consideras
2559 3381 2682 3422 eum
2699 3369 2789 3439 qui
2807 3369 2940 3426 dicit
2954 3387 2968 3424 :
2983 3369 3145 3426 Video
3156 3373 3320 3428 aliam
3340 3373 3504 3446 legem

1922 3455 1979 3508 in
2000 3454 2245 3510 membris
2276 3457 2406 3510 meis
2434 3468 2806 3528 repugnantem
2829 3459 2928 3530 legi
2948 3464 3138 3517 mentis
3155 3479 3316 3529 meae,
3354 3472 3409 3520 et
3437 3465 3506 3519 ab

1923 3545 2030 3602 hoc
2051 3547 2194 3604 malo
2217 3563 2326 3603 non
2357 3563 2416 3605 se
2438 3549 2658 3606 liberari
2691 3550 2892 3606 clamat
2915 3593 2928 3616 ,
2965 3553 3067 3608 nisi
3093 3555 3268 3624 gratia
3291 3553 3391 3610 Dei
3410 3571 3504 3624 per

1920 3637 2105 3693 Jesum
2127 3637 2396 3694 Christum
2437 3639 2722 3695 Dominum
2760 3652 2994 3697 nostrum
3027 3643 3218 3714 (Rom.
3252 3659 3328 3699 vn
3352 3685 3370 3711 ,
3397 3645 3502 3713 2ὖ,

1920 3729 2028 3800 25)
2055 3747 2070 3797 ;
2103 3746 2204 3786 nec
2229 3728 2474 3786 Judaeum
2500 3745 2623 3787 esse
2649 3771 2664 3796 ,
2703 3747 2802 3787 nec
2829 3733 2954 3803 quia
2981 3734 3266 3802 peccavit,
3309 3736 3405 3791 sed
3433 3751 3504 3792 ne

1921 3830 2112 3892 peccet
2132 3822 2313 3891 potius
2335 3822 2604 3878 laborare.
2632 3822 2955 3894 Exasperat,
2983 3824 3181 3894 inquis,
3210 3826 3501 3897 Apostolus

181 3923 186 3925 ·
238 3936 364 3993 ηυδε
401 3921 814 3988 desideriorum,
841 3921 1036 3991 quibus
1063 3935 1172 3975 ηοη
1195 3917 1552 3982 consentiunt,
1586 3920 1821 3975 motibus
1921 3913 2030 3966 vim
2055 3912 2479 3969 consuetudinis.
2513 3914 2593 3968 Tu
2619 3928 2748 3984 ergo
2782 3916 3068 3986 responde,
3095 3925 3278 3973 utrum
3308 3931 3499 3975 contra

239 4014 508 4084 subiacet.
557 4015 695 4071 Hinc
734 4015 939 4070 factum
977 4021 1062 4068 est
1100 4019 1160 4067 ut
1188 4012 1268 4067 sic
1312 4012 1418 4067 ista
1464 4011 1818 4082 intelligerem
1923 4006 2085 4060 istam
2119 4005 2228 4061 vim
2258 4021 2367 4061 non
2398 4006 2620 4061 dimicet
2643 4007 2985 4076 baptizatus?
3015 4008 3168 4076 Quod
3205 4011 3251 4066 si
3292 4027 3456 4084 negas
3483 4054 3498 4078 ,

239 4106 698 4178 quemadmodum
730 4103 1001 4161 intellexit
1028 4101 1268 4158 Hilarius
1285 4142 1301 4168 ,
1327 4101 1622 4172 Gregorius
1644 4142 1660 4168 ,
1690 4102 1822 4157 Am.

238 4195 458 4251 brosius
495 4203 552 4251 et
577 4194 758 4250 caeteri
809 4193 1067 4249 Ecclesiae
1093 4192 1264 4248 sancti
1295 4191 1518 4262 notique
1542 4193 1818 4258 doctores,

239 4285 337 4355 qui
367 4294 424 4340 et
445 4284 623 4355 ipsum
651 4283 971 4355 Apostolum
1001 4281 1262 4338 adversus
1287 4280 1535 4338 carnales
1559 4282 1820 4353 concupi-

240 4378 479 4434 scentias
528 4391 666 4448 quas
705 4376 907 4432 habere
945 4375 1198 4442 nolebat,
1246 4382 1302 4430 et
1343 4384 1522 4430 tamen
1564 4374 1820 4440 habebat,

238 4479 465 4526 strenue
489 4468 823 4536 conﬂixisse,
849 4468 1208 4538 eamdemque
1233 4465 1548 4524 conﬂictum
1569 4482 1727 4522 suum
1753 4466 1820 4522 il-

239 4563 312 4619 lis
340 4563 454 4620 suis
477 4563 662 4620 verbis
689 4569 1052 4618 contestatum
1080 4561 1248 4638 fuisse
1287 4568 1594 4615 senserunt.
1620 4558 1820 4615 Contra

240 4669 381 4725 quos
406 4663 584 4710 motus
610 4654 765 4725 prius
789 4652 978 4723 utique
1005 4651 1385 4718 debellandos,
1430 4665 1500 4705 ne
1539 4650 1821 4706 dominen-

242 4757 354 4810 tur,
387 4753 443 4801 et
471 4754 658 4815 postea
693 4743 968 4800 sanandos
1011 4727 1072 4798 ut
1108 4743 1326 4812 penitus
1374 4741 1818 4814 exstinguantur,

240 4821 410 4893 etiam
435 4837 552 4908 ipse
579 4836 814 4908 gloriosa
839 4835 1134 4892 certamina
1168 4844 1386 4891 sanctos
1407 4848 1665 4890 exercere
1693 4850 1822 4890 con-

242 4931 420 4985 fessus
445 4943 524 4984 es.
555 4927 728 4982 Simul
758 4928 940 4999 itaque
970 4942 1361 4998 cognoscamus
1387 4926 1549 4982 verba
1576 4941 1820 4997 pugnan-

245 5022 408 5085 tium,
439 5035 485 5074 st
505 5034 852 5090 pugnamus:
896 5019 1001 5074 hoc
1046 5019 1190 5073 enim
1234 5018 1390 5072 modo
1437 5031 1545 5072 non
1587 5017 1820 5071 vivimus

243 5126 365 5174 nos,
418 5110 512 5165 sed
552 5109 687 5164 vivit
729 5109 974 5165 Christus
1017 5109 1071 5163 in
1107 5109 1282 5176 nobis,
1315 5110 1361 5165 si
1386 5117 1442 5164 et
1475 5110 1542 5164 ad
1585 5125 1820 5180 pugnam

244 5213 437 5261 contra
457 5203 924 5272 concupiscentias
947 5203 1330 5267 exercendam,
1358 5212 1416 5257 et
1439 5202 1508 5256 ad
1536 5202 1819 5258 victoriam

245 5308 422 5364 usque
449 5293 518 5349 ad
558 5293 1072 5350 consummationem
1102 5293 1417 5349 eorumdem
1459 5293 1697 5348 hostium
1726 5308 1820 5349 ca-

1921 4096 2174 4152 omnibus
2211 4094 2540 4152 Christianis
2576 4097 2826 4153 sensibus
2854 4099 3218 4155 contradicis:
3248 4100 3294 4156 si
3319 4109 3500 4160 autem

1922 4187 2170 4254 dimicat,
2198 4204 2298 4244 cur
2315 4205 2423 4244 non
2449 4189 2505 4244 in
2532 4189 2716 4246 verbis
2742 4190 2984 4260 Apostoli
3018 4206 3208 4248 vocem
3235 4193 3498 4250 dimican~

1925 4280 1995 4336 tis
2017 4281 2303 4351 agnoscis?
2333 4280 2440 4337 Per
2463 4280 2656 4354 legem,
2685 4282 2883 4352 inquis,
2913 4283 3130 4350 bonam,
3157 4292 3212 4340 et
3229 4299 3328 4355 per
3345 4300 3497 4341 man-

1923 4369 2107 4424 datum
2137 4378 2384 4426 sanctum
2423 4386 2712 4442 pravorum
2754 4371 2919 4427 animi
2953 4372 3162 4429 feroces
3202 4382 3357 4430 erant
3398 4375 3498 4447 [αι.

1921 4461 2287 4536 ferocierant]
2316 4504 2332 4530 ,
2357 4463 2614 4534 quoniam
2645 4463 2762 4520 sine
2803 4463 3078 4521 voluntate
3097 4467 3315 4537 propria
3351 4467 3498 4522 nulla

1925 4553 2160 4609 eruditio
2193 4562 2408 4623 poterat
2450 4555 2718 4626 inspirare
2749 4556 3028 4612 virtutem.
3077 4556 3123 4614 Ο
3168 4567 3386 4615 acutum
3419 4561 3503 4614 in-

1926 4648 2293 4704 tellectorem!
2326 4663 2360 4703 ο
2387 4648 2697 4704 divinorum
2727 4650 3064 4721 eloquiorum
3089 4653 3362 4723 egregium
3393 4661 3500 4707 tra-

1927 4741 2218 4797 ctatorem!
2249 4739 2377 4810 quid
2415 4741 2531 4811 agis
2563 4741 2632 4796 de
2670 4741 2852 4796 verbis
2879 4742 3108 4798 dicentis
3145 4760 3158 4794 :
3196 4741 3320 4795 Non
3361 4743 3500 4813 quod

1925 4834 2039 4890 uolo
2079 4851 2212 4905 ago;
2263 4842 2319 4888 et
2353 4850 2366 4886 :
2412 4832 2557 4888 Velle
2581 4834 2788 4904 adjace.’
2822 4835 2994 4900 mihi;
3031 4841 3126 4889 et:
3159 4831 3313 4898 Quod
3353 4834 3497 4900 nolo,

1926 4927 2023 4982 hoc
2047 4943 2182 4998 ago;
2211 4933 2266 4980 et
2291 4943 2304 4978 :
2339 4923 2680 4979 Condelector
2708 4924 2807 4996 legi
2832 4925 2929 4981 Dei
2953 4927 3238 4980 secundum
3276 4927 3496 4979 interio—

1928 5033 2036 5072 rem
2057 5015 2318 5070 hominem
2336 5015 2360 5068 ?
2377 5014 2546 5070 Audis
2575 5014 2710 5081 haec,
2736 5023 2792 5070 et
2811 5015 2968 5082 dicis,
2989 5029 3115 5084 quia
3135 5014 3384 5070 voluntas
3400 5016 3494 5070 de-

1925 5109 2047 5174 fuit,
2076 5109 2197 5164 ideo
2231 5105 2468 5163 defuisse
2492 5107 2768 5162 virtutem.
2816 5105 2955 5173 Quid
2993 5106 3136 5176 quod
3180 5121 3287 5161 non
3323 5106 3495 5162 solum

1925 5199 2198 5264 voluntas,
2224 5212 2412 5253 verum
2443 5197 2606 5253 etiam
2643 5197 2818 5252 virtus
2843 5195 3034 5261 adfuit,
3067 5212 3136 5253 ne
3161 5197 3497 5252 consentiret

1925 5289 2377 5359 concupiscentiae
2402 5289 2604 5356 carnis,
2633 5304 2754 5359 qua:
2782 5288 2885 5358 legi
2915 5289 3120 5358 peccati
3149 5289 3334 5360 pravis
3364 5289 3496 5361 ipsis

244 5386 592 5457 pessendam,
610 5385 662 5439 in
689 5383 778 5439 illo
804 5383 1042 5450 ﬁdimus,
1071 5399 1178 5440 non
1201 5386 1255 5439 in
1279 5385 1454 5440 nobis.
1482 5383 1511 5438 1
1514 5400 1603 5455 pse
1625 5384 1822 5454 quippe
1924 5385 2161 5440 motibus
2183 5383 2471 5440 serviebat.
2497 5382 2702 5450 Quibus
2731 5381 2820 5437 ille
2850 5397 2955 5435 non
2979 5381 3199 5448 cedens,
3221 5397 3322 5438 nec
3345 5397 3494 5437 arma

245 5477 422 5547 [actus
450 5486 526 5531 est
557 5476 699 5530 nobis
721 5475 974 5546 sapientia
993 5473 1172 5542 aDeo,
1198 5486 1244 5530 et
1257 5475 1492 5546 justitia,
1510 5484 1558 5530 et
1585 5475 1822 5544 sanctiﬁ-
1925 5475 2228 5546 iniquitatis
2249 5475 2512 5532 exhibens
2533 5473 2775 5530 membra
2803 5481 3045 5543 peccato,
3073 5482 3130 5529 et
3149 5482 3331 5528 tamen
3355 5475 3495 5544 quod

247 5565 1588 5636 catio,etredemptio,ut,quemadmodumscriptum
1603 5565 1823 5633 est,Qui
1927 5567 2095 5622 nollet
2144 5568 2385 5622 sentiens
2429 5565 2485 5619 in
2519 5579 2682 5620 carne
2709 5572 2897 5620 contra
2939 5563 3192 5636 spiritum
3234 5565 3492 5636 concupi-

246 5661 525 5734 gloriatur,
549 5652 852 5715 in‘Domino
880 5659 1132 5730 glorietur
1150 5659 1200 5730 (l
1225 5658 1346 5715 Cor.
1377 5675 1425 5726 ι,
1451 5660 1539 5716 50.
1568 5660 1679 5733 51).
1708 5658 1825 5714 Non
1929 5665 2132 5724 scente,
2168 5667 2225 5713 et
2268 5656 2528 5712 adversus
2566 5672 2684 5712 eam
2707 5655 2946 5712 vicissim
3000 5655 3193 5727 spiritu
3235 5655 3495 5726 concupi-

249 5762 478 5822 estergo
505 5751 1006 5816 contrarium,sicut
1023 5760 1201 5819 putas,
1215 5751 1695 5820 utquidicit:Vivo
1708 5753 1826 5822 jam
1929 5764 2109 5814 scens,
2144 5749 2423 5803 verissima
2462 5749 2729 5805 castitatis
2752 5763 2884 5804 voce
2904 5748 3119 5804 dicebat
3145 5766 3158 5802 :
3189 5748 3364 5819 Igitur
3390 5748 3498 5817 ipse

252 5863 354 5900 non
386 5861 497 5916 ego,
541 5845 657 5899 t‘lt‘ll
685 5861 802 5898 vero
835 5845 891 5897 in
917 5860 996 5897 me
1017 5841 1255 5898 Christus
1275 5843 1417 5913 (Gul.
1450 5861 1507 5910 ll,
1540 5845 1650 5917 20);
1683 5843 1827 5899 dicat
1933 5862 2025 5913 ego
2055 5851 2220 5897 mente
2244 5843 2406 5896 servio
2433 5841 2532 5913 legi
2562 5842 2674 5910 Dei,
2703 5859 2856 5896 carne
2885 5850 3056 5894 autem
3085 5840 3183 5910 legi
3210 5839 3424 5910 peccati.

651 5935 921 6000 ΡΑτιιοι..
956 5935 1146 5998 CXV.

2255 6013 2262 6018 ι
2915 5935 2992 5995 31s
