4064 6346
621 383 750 438 1067

615 585 696 640 cis
713 581 998 640 hominum
1025 587 1276 634 naturam
1305 589 1424 644 quae
1469 573 1590 628 talis
1635 572 1830 642 gratia:
1869 569 2185 642 opitulatio—

617 691 740 736 nem
763 681 1034 736 meretur;
1073 671 1212 740 quod
1241 675 1516 738 gratanter
1535 665 1800 728 audirem,
1825 664 1870 720 si
1899 664 2000 722 hoc
2023 675 2188 732 prop-

617 779 767 832 terea
787 767 910 838 quia
943 773 1134 822 natura
1157 759 1436 818 rationalis
1457 769 1562 824 est,
1585 759 1814 814 diceres.
1840 755 2024 826 Neque
2043 756 2188 810 enim

619 861 792 932 gratia
821 858 1036 926 Doiper
1065 853 1246 912 Iesum
1293 850 1574 906 Clu-istum
1617 849 1904 904 Dominum
1943 853 2190 906 nostrum

619 950 888 1022 lapidibus
909 955 1004 1002 aut
1029 945 1188 1014 lignis
1199 941 1560 1020 pecoribusve
1581 945 1892 1010 praestatur.
1930 935 2036 1022 Sed
2063 934 2190 1004 quia

621 1015 798 1112 imago
811 1015 1264 1102 DeieSt,meretur
1281 1033 1418 1088 banc
1429 1031 1789 1102 gratianmmu
1807 1035 1858 1080 ta
1865 1041 1986 1082 men
1997 1015 2060 1078 iit
2074 1023 2120 1094 ej
2129 1037 2192 1078 us

619 1133 762 1188 bona
793 1129 1038 1186 voluntas
1065 1125 1236 1196 possit
1255 1122 1560 1194 praecedere
1588 1129 1782 1188 praeter
1807 1117 2040 1190 gratiam
2061 1155 2076 1182 ,
2123 1129 2194 1170 ne

621 1219 706 1276 vel
733 1221 848 1290 ipsa
867 1217 1016 1288 prior
1033 1215 1196 1272 detut
1211 1213 1544 1268 retribuatur
1565 1209 1654 1276 illi,
1691 1225 1754 1264 ac
1782 1209 1862 1264 sic
1885 1207 2060 1280 gratia
2077 1204 2194 1274 iam

621 1327 726 1368 non
753 1311 826 1365 sit
851 1309 1026 1380 gratia
1059 1304 1232 1378 (Rom.
1259 1319 1334 1366 χι,
1375 1303 1487 1374 55),
1519 1302 1644 1362 dum
1685 1317 1794 1358 non
1825 1299 2058 1354 donatur
2079 1311 2196 1368 gra-

625 1405 792 1468 tuita,
819 1401 916 1458 sed
960 1398 1202 1454 redditur
1233 1396 1438 1452 debita.
1471 1393 1612 1462 Quid
1649 1403 1734 1450 est
1769 1409 1896 1460 ergo
1931 1391 2074 1464 quod
2109 1407 2196 1446 se-

623 1495 858 1554 cundum
877 1489 1098 1550 modum
1121 1497 1362 1544 vestrum
1389 1485 1638 1542 etl‘cctum
1679 1485 1972 1540 voluntatis
1999 1484 2194 1538 huma-

621 1601 706 1650 nae
725 1586 865 1646 dona
889 1583 1130 1646 caelestia
1177 1595 1264 1636 me
1303 1579 1616 1634 credideras
1663 1576 2042 1646 nuncupasse?
2075 1584 2196 1630 tan-

623 1697 784 1754 quam
809 1681 1062 1738 wluntas
1105 1676 1340 1732 hominis
1385 1674 1504 1730 sine
1543 1672 1636 1726 Dei
1679 1672 1850 1740 gratia
1891 1677 2199 1724 moveretur

623 1775 688 1830 ad
715 1773 939 1836 bonum,
957 1779 1014 1826 ut
1035 1770 1084 1828 ei
1111 1767 1326 1830 debitus
1345 1783 1376 1820 a
1407 1765 1516 1820 Deo
1533 1763 1922 1820 retribueretur
1939 1759 2198 1816 edoctus?

623 1867 774 1930 [tam
793 1865 992 1928 oblitus
1019 1861 1200 1920 fueras
1255 1875 1352 1916 nos
1389 1875 1510 1914 cum
1551 1857 1832 1926 Scriptura
1864 1853 2044 1908 dicere
2071 1867 2198 1908 cou-
2229 1843 2278 1904 Β

623 1968 708 2020 tra
733 1971 828 2018 vos
857 1975 870 2010 :
898 1955 1244 2024 Pra'p'aratur
1261 1951 1500 2006 voluntas
1545 1967 1578 2004 α
1617 1947 1842 2002 Domino
1873 1943 2054 2017 (Prov.
2079 1959 2200 2006 vm,

623 2051 716 2116 '55,
751 2065 856 2110 sec.
891 2045 1104 2116 LXX);
1147 2045 1232 2100 vel
1273 2043 1414 2112 quod
1449 2043 1504 2096 in
1547 2039 1692 2094 nobis
1721 2039 1862 2092 Deus
1897 2047 2136 2108 operetur
2155 2045 2206 2090 et

624 2141 750 2204 uelle
777 2137 942 2211 (Phil.
995 2153 1058 2204 ιι,
1115 2137 1222 2206 15).
1259 2134 1306 2192 0
1331 2133 1736 2206 ingratigratiaa
1759 2131 1886 2186 Dei!
1923 2129 1968 2186 Ο
1999 2129 2204 2188 inimici

621 2233 812 2304 gratiae
840 2229 1064 2294 Christi,
1087 2237 1142 2284 et
1189 2227 1306 2282 solo
1347 2225 1610 2282 vocabulo
1651 2217 1982 2280 Christiani!
2017 2221 2206 2278 Nonne

623 2337 722 2392 pro
749 2321 984 2382 inimicis
1015 2319 1128 2374 suis
1153 2327 1272 2374 orat
1297 2317 1578 2374 Ecclesia?
1601 2313 1738 2384 Quid
1759 2323 1902 2380 orat,
1929 2311 2208 2370 obsecro?

625 2413 682 2470 Si
709 2421 766 2468 ut
787 2414 870 2470 eis
893 2427 1006 2470 suae
1031 2409 1328 2466 voluntatis
1347 2407 1678 2464 retribuatur
1703 2403 1958 2474 pretium,
1979 2403 2110 2472 quid
2123 2403 2206 2458 eis

623 2513 766 2570 orat,
797 2504 900 2560 nisi
937 2501 1142 2574 grande
1173 2499 1498 2572 supplicium
1525 2539 1540 2564 ,
1575 2497 1720 2568 quod
1745 2497 1856 2566 jam
1891 2503 2082 2552 contra
2113 2509 2210 2550 eos

623 2603 724 2662 est,
771 2609 880 2664 non
923 2609 1022 2664 pro
1065 2592 1194 2646 eis?
1241 2589 1374 2646 Orat
1421 2597 1600 2644 autem
1629 2601 1728 2657 pro
1769 2585 1886 2640 eis:
1939 2600 2046 2640 non
2075 2599 2208 2654 ergo

623 2686 750 2758 quia
779 2691 864 2742 est
893 2683 1000 2740 illis
1029 2681 1280 2738 voluntas
1317 2681 1458 2740 bona
1479 2719 1493 2746 ,
1541 2679 1634 2734 sed
1669 2686 1728 2732 ut
1767 2683 2124 2736 convertatur
2151 2675 2208 2732 in

623 2777 820 2834 bonam
845 2773 1094 2830 voluntas
1123 2771 1282 2840 mala,
1313 2771 1578 2838 Quoniam
1602 2777 1936 2839 pra’paratttr
1969 2765 2208 2824 uoluntas

624 2883 656 2922 a
675 2866 926 2934 Domino,
947 2873 1004 2922 et
1027 2865 1166 2920 Deus
1187 2875 1262 2926 est
1279 2865 1442 2928 enim,
1469 2871 1528 2918 ut
1545 2863 1620 2918 ait
1641 2859 1954 2932 Apostolus,
1979 2861 2066 2930 qui
2089 2875 2210 2928 ope-

625 2969 773 3014 ratur
795 2960 850 3016 in
879 2959 1020 3012 vobis
1040 2967 1087 3012 et
1111 2955 1286 3030 uelle]

695 3051 734 3120 ιι-
769 3049 864 3106 llis
889 3049 1036 3108 beati
1075 3047 1364 3118 Augustini
1401 3043 1754 3116 praeierendis
1775 3039 2208 3112 expositionibus

627 3139 746 3196 luce
773 3138 974 3204 clarius
997 3137 1378 3208 perducemur,
1403 3135 1570 3194 verba
1593 3133 1680 3188 illa
1713 3129 2010 3202 apostolica
2033 3127 2209 3182 homi—

626 3246 752 3287 nem
799 3231 1110 3294 describere
1145 3231 1244 3286 sub
1285 3229 1454 3300 gratia
1492 3227 1868 3288 constitutum,
1913 3231 2210 3294 contraque

627 3327 810 3396 carnis
831 3341 943 3382 sua:
964 3325 1454 3394 concupiscentiam
1477 3323 1710 3394 puritate
1749 3319 1946 3376 mentis
1967 3333 2212 3388 pugnau-

629 3429 760 3486 tem,
783 3433 896 3482 non
923 3417 994 3482 ab
1025 3416 1214 3472 eadem
1241 3415 1414 3488 gratia
1456 3413 1712 3468 alienum.
1745 3411 1822 3466 Ae
1851 3425 1947 3482 per
1985 3412 2088 3470 hoc
2109 3409 2212 3464 sub

629 3512 804 3586 gratia
851 3511 1182 3582 constitutus
1216 3507 1348 3564 dicit
1377 3522 1390 3560 :
1439 3506 1580 3562 Velle
1609 3505 1812 3574 adjacet
1861 3503 1990 3558 mihi
2015 3503 2034 3574 (
2059 3501 2208 3556 Rom.

627 3618 728 3668 vn,
753 3601 860 3674 18):
891 3602 1000 3656 hoc
1019 3608 1122 3666 est,
1147 3599 1400 3654 voluntas
1425 3595 1556 3652 mihi
1585 3595 1816 3650 exdono
1835 3595 2026 3662 gratia:
2051 3593 2212 3656 inest,

631 3702 690 3750 ut
713 3701 902 3762 castus
935 3693 1038 3748 sim
1083 3699 1140 3746 et
1167 3697 1320 3744 caste
1343 3689 1554 3752 vivam;
1587 3685 1834 3756 perficere
1875 3693 2050 3738 autem
2079 3697 2206 3748 non,

631 3797 964 3860 repugnante
1005 3785 1258 3842 videlicet
1303 3780 1740 3852 concupiscentia
1785 3777 1966 3834 carnis
1997 3817 2014 3842 ,
2061 3771 2218 3844 cujus
2297 3835 2302 3840 _

583 3953 588 3956 _
633 3879 880 3938 stimulos
905 3887 962 3936 et
989 3877 1350 3936 titillationem
1403 3889 1499 3944 per
1527 3873 1712 3930 omnia
1747 3871 2092 3942 exstinguere
2123 3884 2216 3922 ne—

633 3986 796 4044 queo,
819 3971 944 4026 dum
975 3985 1162 4038 corpus
1189 3967 1324 4038 quod
1373 3964 1760 4034 corrumpitur,
1805 3973 2054 4034 aggravet
2097 3959 2220 4012 aui-

635 4079 796 4128 mam,
819 4077 926 4120 non
955 4077 986 4116 a
1017 4059 1194 4132 gratia
1227 4057 1456 4122 alienus,
1485 4056 1576 4126 qui
1607 4056 1836 4118 necdum
1865 4053 2006 4108 hanc
2031 4049 2218 4108 volun-

637 4165 802 4216 tatem
829 4169 896 4216 ex
926 4153 1114 4226 gratiae
1137 4165 1362 4206 munere
1385 4157 1720 4220 perceperat.
1759 4147 1892 4202 Nam
1921 4145 2064 4216 quod
2099 4144 2214 4200 ait:

641 4247 816 4302 Mente
841 4245 1006 4300 seruio
1029 4243 1128 4314 legi
1151 4242 1274 4308 Dei,
1307 4241 1452 4298 idem
1485 4241 1646 4296 dicit;
1677 4239 1818 4294 Velle
1841 4236 2048 4308 adjocet
2069 4237 2218 4292 mihi.
2273 4233 2282 4282 ξ

639 4341 710 4394 Et
731 4337 874 4410 quod
897 4337 976 4392 ait
1003 4353 1020 4390 :
1043 4332 1216 4390 Carne
1239 4345 1412 4390 autem
1447 4333 1550 4403 legi
1573 4331 1794 4402 peccati,
1821 4329 1964 4384 idem
1985 4336 2070 4384 est
2093 4343 2220 4384 cum

641 4431 772 4488 dicit
793 4427 1084 4498 :Perﬁccre
1105 4437 1278 4482 autent
1305 4443 1430 4480 non.
1461 4425 1646 4492 Itaque
1673 4421 1718 4476 si
1749 4419 1880 4474 velle
1907 4427 2100 4474 natura
2125 4433 2226 4475 no-

639 4523 722 4579 bis
752 4530 856 4586 est,
885 4521 938 4576 id
959 4529 1042 4576 est
1067 4519 1330 4582 essentia,
1369 4515 1534 4572 veluti
1557 4513 1758 4570 asseris
1775 4551 1790 4580 ,
1821 4527 2012 4568 omnes
2041 4511 2220 4568 homi-
2247 4557 2306 4622 Β

643 4633 740 4674 nes
769 4617 822 4672 id
853 4617 1054 4670 habere
1079 4615 1200 4682 quis
1230 4607 1472 4666 nesciat?
1493 4605 1692 4662 Omnes
1721 4617 1902 4662 autem
1931 4605 2176 4660 homines
2201 4645 2220 4672 ,

643 4717 840 4780 praeter
863 4721 1000 4778 quos
1027 4704 1216 4776 gratia:
1261 4705 1538 4768 respectus
1565 4697 1836 4764 illustrat,
1874 4711 1978 4750 non
2017 4695 2222 4758 habere

645 4799 976 4856 voluntatem
1006 4805 1154 4852 caste
1181 4789 1416 4856 vivendi,
1455 4797 1510 4844 et
1539 4789 1798 4844 adversus
1821 4787 2000 4844 carnis
2021 4801 2222 4842 concu-

645 4889 938 4962 piscentiae
963 4884 1280 4950 dimicandi,
1305 4881 1552 4952 quinimo
1577 4877 2000 4936 obstinatissime
2043 4885 2097 4932 et
2129 4891 2220 4930 ar-

647 4981 964 5040 dentissime
985 4979 1066 5036 eis
1091 4977 1288 5042 subdi,
1337 4975 1458 5046 quis
1499 4973 1744 5044 ignoret?
1781 4971 1836 5028 Si
1875 4985 2002 5042 ergo
2032 4985 2226 5026 secun-

649 5077 776 5132 dum
827 5083 882 5130 te
923 5089 1116 5130 omnes
1151 5071 1398 5128 homines
1451 5069 1656 5126 habent
1699 5064 1990 5122 essentiam
2043 5061 2178 5116 velle
2205 5103 2222 5128 ,

649 5185 758 5226 non
785 5177 966 5224 autem
989 5181 1176 5224 manus
1197 5164 1446 5220 homines
1465 5161 1664 5218 habent
1691 5157 1826 5212 velle
1855 5165 1912 5210 ut
1945 5155 2226 5220 resistant,

653 5265 762 5318 imo
805 5263 1006 5318 habent
1035 5269 1094 5314 ut
1117 5259 1372 5316 obediant
1401 5253 1858 5324 concupiscentiis
1885 5251 2098 5316 carnis,
2131 5265 2226 5320 pa-

653 5363 732 5410 tet
767 5351 1012 5422 profecto
1059 5363 1396 5422 nequaquam
1427 5363 1494 5402 ex
1537 5353 1746 5400 natura:
1771 5344 1913 5398 bono
1944 5341 1996 5396 id
2041 5355 2232 5396 omnes

657 5443 902 5500 homines
941 5441 1198 5510 assequi,
1243 5439 1340 5496 sed
1385 5455 1451 5494 ex
1499 5435 1746 5508 largitate
1775 5431 1964 5504 gratia:
1987 5445 2084 5486 eos
2111 5439 2230 5486 tan-

659 5541 932 5596 tummodo
955 5543 1044 5610 qui
1065 5537 1420 5608 pmdeatinati
1455 5543 1570 5590 sunt
1603 5533 1656 5586 in
1683 5531 1822 5600 ﬁlios
1863 5529 1992 5594 Dei,
2039 5537 2098 5580 ut
2135 5540 2230 5596 per

657 5635 900 5688 eamdem
935 5631 1164 5702 gratiam
1207 5629 1412 5698 possint
1455 5627 1748 5696 conformes
1792 5623 1908 5694 ﬁeri
1949 5619 2147 5692 proprii
2181 5629 2232 5672 et

661 5725 803 5777 unici
831 5721 960 5778 Filii
999 5723 1094 5776 Dei
1131 5719 1302 5790 (Rom.
1325 5737 1444 5786 νηί,
1489 5721 1598 5790 29).
1635 5719 1788 5786 Quod
1823 5733 1954 5772 vero
1981 5713 2232 5784 adiungis

665 5815 850 5869 dicens
873 5835 886 5868 :

1607 371 1664 424 s.
1705 367 2078 426 russeum
2119 361 2498 422 racemus
2535 359 2840 434 EPISCOPI

687 496 724 559 εἱ-
744 493 884 546 Idem
913 491 966 544 in
999 495 1196 558 quarto
1219 485 1552 554 Augustinus
1573 483 1710 553 (cap.
1735 479 1792 552 ὅ)
1817 499 1832 534 :
1859 479 2084 553 [Bonam
2112 477 2188 532 di-
2211 481 2268 546 Α

3667 361 3766 420 lolii

2825 485 3054 534 JOANNES
3091 485 3306 526 SCOTUS.

2357 593 2512 664 (Cap.
2543 593 2600 656 4-,
2631 599 2782 646 nam.
2811 589 2900 652 l7,
2929 595 3062 644 sect.
3101 585 3180 656 8.)
3221 593 3262 642 Θ
3289 582 3416 638 Item
3435 597 3560 654 qm
3583 585 3644 638 ait
3673 587 3772 640 Men

2293 682 2568 754 Apostolus
2609 695 2626 734 :
2662 679 2782 736 Non
2807 679 3040 736 volentis
3089 691 3264 746 neque
3309 673 3580 738 currentis,
3601 677 3676 732 sed
3707 675 3774 732 Dei

2291 781 2376 828 est
2417 772 2724 828 miserentis
2759 770 2934 840 (Rom.
2977 784 3056 834 ιχ,
3087 767 3194 838 ιθ),
3221 781 3326 824 non
3357 765 3500 822 aliter
3541 767 3778 838 intelligit"

2295 865 2396 920 nisi
2419 865 2544 918 dum
2571 863 2638 918 sit
2661 861 2834 916 uol-em
2857 869 2908 916 et
2937 875 3168 914 currens.
3219 856 3532 916 Naturaliter
3565 859 3678 912 enim
3701 861 3778 912 lter

2293 955 2400 1006 duo
2419 953 2578 1010 insita
2611 961 2730 1006 sunt
2777 951 2997 1004 flumini.
3023 947 3302 1019 Siquidem
3345 947 3612 1014 uult,-undc
3633 959 3694 1010 ut
3721 967 3782 1004 ro-

2295 1045 2437 1110 lens;
2491 1055 2536 1098 et
2587 1043 2782 1114 appetit
2839 1041 3212 1096 beatitudinem
3233 1081 3248 1104 ,
3293 1039 3428 1094 unde
3471 1049 3540 1096 ut
3585 1055 3780 1094 cuneus;

2295 1151 2404 1192 non
2443 1135 2672 1198 volentis
2689 1173 2704 1200 ,
2741 1147 2916 1203 neque
2965 1133 3236 1188 currentis
3273 1133 3406 1186 bona
3457 1145 3596 1200 opera
3633 1127 3694 1184 uel
3727 1129 3782 1184 ia-

2297 1231 2506 1294 choare,
2531 1227 2608 1282 uel
2639 1243 2814 1298 agere,
2833 1228 2912 1282 uel
2949 1227 3196 1298 perﬁcere
3229 1241 3247 1278 :
3276 1225 3372 1278 hoc
3403 1203 3540 1278 enini
3555 1231 3628 1278 est
3665 1221 3780 1280 Ilisc-

2300 1323 2470 1378 reutis
2499 1321 2594 1376 Dei
2619 1321 2838 1376 donum.

2925 1425 3245 1468 οοιιιιεοτιο.

2369 1529 2410 1598 -ι-
2445 1529 2592 1582 Satis
2641 1535 2864 1596 apparet
2893 1535 2946 1581 te
2967 1526 3034 1579 ad
3069 1535 3382 1594 perversum
3407 1529 3508 1576 tua!
3539 1521 3788 1590 interpreta-

2304 1619 2463 1674 tionis
2511 1617 2844 1672 intellectum
2893 1611 3328 1670 conﬁrmandum
3369 1611 3466 1666 ista
3515 1623 3786 1679 exaggerate,

2263 1703 2272 1712 ’
2303 1711 2530 1781 ideoque
2551 1709 2712 1764 verba
2751 1707 3044 1778 apostolica
3077 1707 3130 1760 in
3159 1705 3306 1760 aliud
3335 1717 3490 1774 quam
3513 1701 3577 1756 ab
3609 1715 3660 1754 eo
3693 1699 3792 1754 dicta

2305 1811 2428 1856 sunt
2447 1801 2788 1868 detorquere.
2819 1795 2970 1864 Quod
2991 1797 3132 1850 enim
3157 1795 3298 1850 dicis
3321 1807 3428 1850 non
3447 1792 3590 1846 aliter
3609 1789 3792 1856 intelligi,

2307 1911 2409 1948 non
2441 1893 2673 1952 volentis,
2701 1907 2864 1962 neque
2887 1889 3164 1954 currentis,
3195 1889 3302 1944 nisi
3335 1889 3458 1942 dum
3487 1885 3550 1941 sit
3585 1883 3730 1938 volens
3757 1887 3796 1936 et

2305 1997 2550 2046 currens,
2579 1983 2632 2037 id
2671 1989 2755 2036 est
2783 1981 2910 2036 dum
2939 1993 3006 2034 ex
3041 1989 3232 2034 natura
3267 1977 3462 2032 habeat
3495 1973 3618 2028 velle
3651 1981 3694 2026 et
3713 1985 3798 2026 cst-

2309 2091 2448 2140 rere,
2481 2073 2674 2128 falsum
2709 2081 2812 2128 est.
2861 2071 2980 2128 Non
3029 2071 3174 2126 enim
3231 2065 3516 2140 Apostolus
3555 2063 3612 2118 de
3651 2069 3798 2116 natura

2307 2169 2580 2222 voluntate
2601 2175 2658 2222 et
2677 2181 2838 2220 cursu
2861 2165 3076 2236 agebat,
3099 2163 3196 2218 sed
3215 2163 3286 2217 de
3309 2159 3516 2216 homine
3533 2153 3800 2226 qui,jamper

2308 2261 2534 2332 gratiam
2585 2257 2944 2322 illuminatus,
2977 2257 3314 2311 voluntatem
3355 2261 3408 2308 et
3461 2245 3726 2310 cursum,id
3745 2251 3802 2298 ett

2309 2353 2574 2407 actionem
2623 2350 2750 2406 boni
2799 2347 3000 2419 operis,
3033 2347 3342 2416 acceperat,
3367 2357 3434 2396 ne
3457 2341 3582 2395 forte
3607 2345 3702 2408 post
3715 2349 3800 2406 gn-

2311 2443 2442 2498 tiam
2489 2443 2848 2498 illustrantem
2903 2437 3140 2510 propriis
3187 2435 3400 2490 viribus
3441 2433 3502 2488 de
3539 2439 3700 2484 caetero
3717 2441 3800 2480 uin

2309 2535 2614 2607 Pelagianis
2644 2534 2858 2599 ﬁderet,
2889 2541 2944 2588 et
2987 2533 3190 2600 absque
3233 2525 3500 2596 adiutorio
3543 2523 3796 2595 gratiaesesc

2309 2641 2467 2696 posse
2509 2631 2879 2696 praesumeret.
2933 2621 3066 2678 Cum
3113 2629 3298 2676 autem
3341 2617 3516 2672 dicis:
3551 2607 3800 2696 Natat-alito

2311 2695 2448 2770 enim
2481 2695 2592 2770 Itth
2621 2715 2724 2768 duo
2751 2715 2910 2768 insita
2947 2719 3068 2766 sunt
3131 2707 3358 2772 homini,
3387 2713 3530 2760 recte
3575 2701 3754 2758 diceres,
3771 2695 3800 2748 si

2311 2819 2418 2862 non
2447 2815 2502 2860 te
2529 2803 3004 2873 aliterintelligere
3027 2795 3440 2856 circumstantia
3455 2789 3802 2860 comprobarent.

2311 2895 2448 2952 Nam
2487 2895 2712 2950 insitum
2737 2893 2946 2950 homini
2977 2889 3306 2946 naturaliter
3327 2885 3464 2940 velle
3489 2891 3540 2938 et
3557 2891 3748 2938 currere,
3771 2873 3810 2928 id

2313 2995 2414 3050 est,
2437 2995 2648 3042 natura)
2695 2983 2854 3040 facta
2881 2983 2998 3038 haec
3037 2981 3108 3035 ab
3153 2987 3380 3033 auctore
3407 2985 3655 3032 concessa,
3673 2977 3806 3036 quen-

2312 3077 2600 3132 admodum
2661 3087 2716 3130 et
2769 3075 2872 3129 alia
2929 3087 3042 3128 suae
3087 3071 3272 3126 munia
3321 3063 3580 3139 largitatis
3617 3055 3812 3115 cubuit:

2237 3203 2284 3268 ο
2315 3173 2518 3228 fatetur
2559 3171 2838 3235 Ecclesia;
2887 3175 3138 3222 [laturam
3185 3173 3372 3220 autem
3417 3171 3538 3216 esse
3565 3153 3812 3210 solum

2317 3277 2542 3335 prorsus
2561 3279 2672 3324 non
2691 3261 2886 3330 recipit
2921 3277 2932 3313 :
2969 3267 3024 3312 tu
3055 3263 3282 3312 econtra
3325 3253 3518 3314 nitens,
3539 3255 3712 3304 tantum
3731 3253 3814 3312 gn-

2321 3359 2412 3412 tize
2445 3358 2698 3427 derogas,
2731 3355 2858 3408 dum
2889 3361 3100 3406 natura:
3143 3347 3290 3402 ultra
3319 3345 3594 3408 veritatem
3639 3343 3814 3427 arrepti.

2317 3455 2378 3502 ut
2397 3421 2630 3502 mirabili
2655 3443 2900 3500 caecitate
2933 3449 3044 3496 tam
3075 3437 3268 3494 lucida:
3291 3433 3506 3496 veritati
3531 3421 3814 3500 impudentius

2319 3541 2572 3606 obvians,
2597 3537 2844 3604 crebrius
2873 3549 3036 3604 quam
3063 3543 3288 3588 necesse
3313 3528 3388 3584 sit
3413 3525 3592 3582 eadem
3611 3515 3814 3576 inultm

2321 3647 2428 3688 non
2461 3631 2772 3686 erubescas.
2801 3629 2870 3683 Et
2905 3627 3024 3684 ideo
3055 3623 3336 3681 subnectis
3363 3639 3378 3676 :

2871 3755 3096 3814 Joannes
3131 3769 3354 3810 sco'rus.

2389 3877 2546 3950 (Cap.
2573 3877 2634 3944 4,
2663 3891 2812 3932 num.
2847 3873 2932 3940 18,
2965 3879 3098 3928 sect.
3129 3869 3210 3938 8.)
3243 3879 3286 3926 Θ
3319 3865 3438 3924 Non
3465 3875 3622 3920 tamen
3659 3849 3820 3912 volentis

2323 3987 2502 4044 neque
2525 3970 2800 4032 currentis
2829 3969 2964 4024 bona
2997 3983 3152 4038 opera
3199 3963 3274 4018 uel
3307 3961 3572 4026 inchoare,
3601 3951 3664 4008 rel
3697 3957 3816 4018 agt".

2323 4067 2402 4124 uel
2421 4065 2694 4138 perﬁcere,
2723 4063 2820 4118 hoc
2847 4062 2986 4116 enim
3013 4067 3098 4114 est
3119 4053 3436 4112 miserentis
3461 4049 3550 4118 Dei
3577 4047 3748 4102 donum.

2959 4205 3278 4250 CORRECTIO.

2393 4317 2431 4390 -ιι
2470 4317 2543 4374 Ut
2583 4315 2840 4372 ostendas
2883 4311 3212 4366 voluntatem
3255 4315 3313 4360 et
3361 4301 3640 4378 appetitum
3659 4334 3684 4390 .-
3715 4295 3820 4358 quem

2327 4427 2548 4468 cursum
2577 4409 2846 4470 nominas,
2873 4419 2976 4458 non
3001 4416 3120 4456 esse
3146 4395 3522 4472 praevenientis
3553 4387 3636 4444 Dei
3657 4383 3818 4440 donum.

2329 4509 2424 4564 sed
2451 4501 2783 4566 miserentis,
2812 4501 2866 4554 id
2887 4507 2970 4554 est
3003 4493 3354 4550 retribucntis
3375 4499 3430 4544 et
3459 4475 3726 4558 adjuvanlis
3749 4479 3824 4523 mll-

2331 4616 2456 4656 nus.
2505 4599 2572 4652 Et
2621 4595 2710 4652 ubi
2741 4601 2826 4648 est
2871 4589 3014 4662 quod
3061 4587 3204 4642 idem
3243 4579 3527 4654 Apostolus
3561 4567 3824 4662 proclamat:

2505 4647 2824 4744 e—tiimlt'rzber
2841 4647 2978 4756 quod
3005 4695 3106 4734 non
3121 4647 3408 4756 accepisti?
3433 4669 3486 4734 (1
3501 4667 3612 4722 Cor.
3637 4647 3826 4760 “37-”:

2335 4799 2552 4838 rursum
2583 4799 2594 4834 :
2627 4763 2755 4846 Quis
2784 4755 2920 4832 enim
2953 4771 3088 4826 norit
3125 4755 3332 4824 sensum
3377 4761 3578 4818 Domini
3603 4771 3619 4808 :
3647 4759 3720 4806 aut
3749 4755 3826 4840 quit

2335 4845 2666 4930 consiliarius
2697 4870 2807 4942 ejus
2829 4867 2951 4938 fuit,
2977 4873 3066 4918 aut
3093 4861 3208 4932 quis
3233 4861 3380 4930 prior
3414 4853 3550 4910 dedit
3580 4847 3646 4904 illi
3669 4855 3706 4896 et
3729 4845 3828 4942 rem:

2339 4969 2524 5024 buetur
2543 4965 2628 5020 ei?
2649 4961 2910 5030 Quoniam
2935 4973 2999 5012 ea:
3023 4957 3132 5028 ipso
3159 4963 3204 5008 et
3221 4967 3310 5022 per
3329 4951 3496 5022 ipsum
3519 4943 3624 4999 etin
3651 4939 3738 5008 ipso
3731 4929 3826 5030 31""

2339 5059 2532 5126 omnia,
2569 5057 2666 5128 ipsi
2685 5053 2852 5124 gloria
2885 5053 2938 5106 in
2967 5046 3162 5104 sa’cula
3184 5041 3518 5100 sa’culorum,
3543 5035 3684 5090 Antea
3705 5017 3830 5128 (liam-

2341 5109 2532 5126 ”’“”’”’“’)
2572 5109 2640 5128 ’r’
2685 5109 2710 5124 υ

2341 5171 2416 5218 XI,
2449 5151 2536 5214 54,
2575 5145 2732 5218 -56).
2780 5143 2836 5198 Si
2867 5141 3008 5198 enim
3043 5155 3106 5195 ex
3147 5147 3218 5202 te,
3263 5133 3311 5188 id
3341 5141 3424 5187 est
3463 5135 3660 5182 natura,
3701 5109 3830 5166 volun-

2350 5259 2355 5260 ,
2405 5257 2412 5260 .
2548 5253 2583 5260 ,.
2631 5239 2920 5260 A,___.2.---_.
2961 5233 3082 5260 LA“:
3123 5229 3284 5260 ιυιιιορ
3338 5221 3576 5260 cnnnilnr
3623 5209 3830 5260 illChmr'as

3623 5213 3830 5268 inchoare,

2345 5257 2508 5302 tatem
2535 5253 2590 5298 et
2625 5239 2924 5312 appetitum
2961 5233 3084 5290 boni
3123 5229 3310 5292 habes,
3338 5221 3576 5294 sequitur
3623 5221 3830 5268 illt'hoari',

2346 5353 2502 5360 ___..._._
2540 5350 2630 5360 ...ιη
2665 5331 2926 5360 -ιΛ-ιΩΑΔΙιΔ
2971 5339 3072 5360 nnn
3097 5315 3406 5360 ιηίςιηιρηιίς
3447 5311 3538 5360 Dei
3563 5307 3749 5360 donum,
3771 5285 3832 5342 Sed

3595 5317 3749 5360 onllﬂh

2343 5353 2504 5410 agere
2540 5350 2632 5392 seu
2664 5311 2946 5402 perlicere,
2971 5339 3072 5380 non
3097 5315 3406 5374 miserentis
3447 5311 3574 5368 Dei!

2345 5383 2696 5486 rgtribuentis
2721 5425 2790 5478 sit
2827 5433 3042 5482 munus,
3073 5423 3128 5470 et
3153 5413 3344 5468 falsum
3375 5407 3480 5463 erit
3501 5383 3834 5490 quodni:

2341 5521 2514 5582 stolas
2543 5538 2554 5574 :
2583 5517 2710 5584 Quis
2733 5518 2877 5586 prior
2901 5479 3040 5564 dedit
3081 5505 3160 5560 illi
3193 5515 3238 5558 et
3265 5501 3570 5560 retribuetur
3597 5489 3638 5541 ei
3657 5485 3678 5537 γ
3695 5479 3760 5586 εἰζ
3775 5479 3830 5586 in:

2341 5631 2540 5687 quam,
2575 5611 2668 5666 tibi
2713 5625 2776 5664 ex
2827 5615 3022 5660 natura
3083 5599 3330 5654 voluntas
3377 5603 3429 5647 et
3471 5583 3710 5687 aplfe‘jwj‘

2577 5659 2668 5666 -.__
2718 5659 2775 5664 ᾗ
2963 5659 2968 5660 ,
3505 5659 3510 5660 γ
3685 5669 3696 5678 _

2343 5659 2446 5764 {fuit
2475 5749 2488 5772 ,
2523 5705 2774 5762 nimirum
2831 5703 3046 5754 constat
3092 5693 3214 5762 quia
3245 5701 3300 5744 tu
3347 5685 3492 5756 prior
3537 5675 3718 5772 dederis

2345 5801 2674 5856 voluntatem
2703 5807 2870 5858 tuam,
2893 5805 3054 5864 quam
3079 5785 3166 5844 ille
3193 5783 3274 5838 vel
3307 5769 3604 5834 inchoandi,
3629 5761 3694 5816 vel
3717 5763 3828 5820 θείειν
