4064 6346
271 407 292 460 1
303 403 408 459 059

1112 401 1200 458 DE
1234 400 1895 468 ΡΗΕΒΕΒΤΙΝΔΤΙΟΝΕ
1927 399 2207 470 CONTRA
2242 397 2294 454 ι.
2333 395 2634 458 SCOTUM.

3383 398 3522 464 “’70

267 523 344 585 di,
376 519 460 576 vel
499 517 814 589 perﬁciendi
851 533 1096 576 munere.
1143 519 1483 576 Retributum
1534 526 1616 574 est
1671 519 1834 590 igitur
1864 519 1916 578 A
1941 513 2035 569 sed
2063 513 2238 570 adhuc
2283 510 2631 584 quaerendum
2658 518 2776 566 erat
2801 517 2980 564 utrum
3013 518 3067 570 et
3113 510 3363 580 meritum
3393 512 3518 580 ﬁdei

269 612 362 670 tibi
396 609 606 681 iustitia
641 612 955 679 repetentis,
986 625 1089 670 non
1117 611 1300 670 datum
1327 610 1695 668 muniﬁcentia
1718 627 1840 679 gra-

268 701 403 756 tuito
427 697 874 769 largientis.-.Quia
899 715 1045 766 vero,
1069 700 1214 756 omni
1237 699 1588 770 ambiguitate
1605 700 1838 767 seclusa,

269 810 452 850 verum
489 802 574 848 est
601 795 743 862 quod
772 793 1060 864 Apostolus
1079 795 1156 856 ait
1181 813 1194 848 :
1224 794 1328 848 Aut
1363 796 1476 864 quis
1505 795 1654 863 prior
1699 792 1840 847 dedit

264 885 344 940 illi
370 896 418 939 et
446 883 756 940 retribuetur
783 886 830 940 ei
845 887 870 938 7
889 885 1130 955 profecto
1161 887 1326 955 liquet
1346 886 1487 954 quod
1511 886 1623 956 ipsa
1651 885 1842 940 volun-

268 983 352 1032 tas
373 984 536 1045 atque
557 975 828 1046 appetitus
851 975 974 1031 boni
1001 976 1198 1034 donum
1217 977 1288 1030 sit
1309 976 1840 1047 gratimpracveuteu-

267 1068 357 1134 tis,
385 1084 495 1126 non
527 1077 734 1122 natura:
761 1067 1070 1124 exsistantis
1099 1068 1390 1138 lippientis.
1424 1067 1564 1132 Quid
1589 1068 1726 1128 enim
1753 1067 1840 1120 ha-

267 1160 351 1214 bes
372 1160 510 1230 quod
525 1177 630 1214 non
644 1160 925 1229 accepisti?
937 1159 996 1214 Si
1013 1175 1143 1230 ergo
1165 1160 1290 1216 boni
1305 1159 1636 1220 voluntatem
1647 1160 1836 1224 babes,

263 1252 450 1322 procul
485 1252 648 1308 dubio
680 1252 935 1322 accepisti
965 1270 980 1306 ;
1009 1251 1266 1321 accepisti
1295 1261 1474 1307 autem
1505 1267 1609 1306 non
1637 1261 1842 1308 natura:

266 1343 598 1399 crecutientis
631 1343 792 1408 bono,
821 1343 914 1400 sed
935 1343 1120 1412 gratiae
1149 1343 1458 1400 miserentis
1487 1343 1648 1404 dono.
1693 1341 1838 1408 Quo-

266 1437 408 1490 niam
457 1451 522 1490 ea:
565 1436 696 1504 ipso,
727 1446 774 1490 et
801 1452 896 1504 per
924 1437 1112 1506 ipsum,
1151 1445 1196 1489 et
1227 1437 1282 1489 in
1317 1436 1430 1505 ipso
1463 1447 1584 1490 sunt
1620 1436 1796 1498 omnia
1824 1475 1838 1502 ,

264 1525 450 1598 procul
507 1525 668 1581 dubio
721 1534 775 1580 et
827 1525 1122 1582 liberalitas
1166 1527 1318 1581 bonae
1368 1527 1661 1584 voluntatis
1689 1567 1704 1592 ,
1743 1527 1840 1595 ipsi

264 1614 432 1686 gloria
466 1615 520 1672 in
558 1614 752 1670 sarcula
778 1615 1092 1678 seculorum
1118 1657 1132 1680 ,
1169 1617 1331 1671 Amen
1383 1616 1562 1683 (Rom.
1619 1635 1695 1682 xi,
1723 1617 1836 1685 56).

266 1704 406 1761 Hinc
427 1707 616 1771 beatus
637 1707 971 1778 Augustianos
999 1707 1054 1764 in
1085 1709 1467 1768 retractatione
1517 1711 1842 1780 propositio-

267 1815 395 1852 num
431 1799 682 1869 Epistolse
724 1800 792 1866 ad
825 1799 1094 1858 Ronanos
1117 1799 1194 1860 ita
1221 1799 1462 1869 loquitur
1495 1816 1509 1854 :

1943 620 2010 659 ex
2035 602 2401 666 misericordia
2431 601 2524 662 Dei
2552 599 2749 663 veniat,
2787 599 2838 653 id
2867 606 2968 664 est,
3001 608 3184 664 utrum
3227 600 3328 664 ista
3359 602 3520 660 mise-

1945 694 2176 750 ricordia
2211 694 2333 762 ideo
2378 690 2748 756 tantummodo
2777 688 2868 743 ﬁat
2904 690 2955 744 in
2997 689 3213 746 homine
3240 692 3366 760 quia
3397 691 3519 748 ﬁde-

1943 785 2012 840 lis
2031 794 2132 848 est,
2163 801 2230 842 an
2260 784 2421 840 etiam
2443 783 2588 840 facta
2618 781 2781 836 fuerit
2799 789 2857 834 ιιι
2881 779 3054 835 ﬁdelis
3075 791 3238 854 esset.
3267 781 3522 860 Legimus

1945 875 2087 928 enim
2144 875 2355 948 dicente
2407 871 2666 942 Apostolo
2696 887 2709 924 :
2745 870 3162 950 Misericordiae}
3214 885 3521 948 consecutus

1943 981 2078 1032 sum,
2111 975 2162 1018 ut
2211 964 2384 1033 ﬁdelis
2425 981 2588 1032 essent
2614 961 2664 1033 (Ι
2688 961 2810 1016 Cor.
2844 979 2940 1026 vn,
2970 962 3061 1034 25)
3085 1004 3098 1036 ,
3125 979 3235 1036 non
3267 964 3363 1032 ait,
3385 967 3516 1040 quia

1943 1055 2117 1109 ﬁdelis
2140 1070 2310 1108 eram.
2361 1054 2533 1109 Fideli
2565 1069 2694 1124 ergo
2722 1052 2881 1106 datur
2907 1054 3145 1123 quidem,
3173 1055 3266 1109 sed
3291 1041 3412 1110 data
3439 1065 3523 1114 est

1943 1147 2108 1202 etiam
2142 1155 2197 1204 ut
2227 1155 2370 1202 esset
2400 1146 2592 1204 fidelis.
2647 1145 2969 1212 Rectissime
3017 1146 3201 1218 itaque
3249 1147 3358 1212 alio
3402 1148 3521 1206 loco

1914 1231 1995 1292 'in
2047 1239 2234 1294 eodem
2277 1237 2413 1292 libro
2456 1237 2563 1294 dixi
2595 1255 2606 1290 :
2642 1236 2903 1304 Quoniam
2931 1236 2975 1290 si
3008 1251 3113 1314 non
3141 1251 3211 1314 ex
3241 1235 3520 1316 operibus,

1943 1331 2036 1384 sed
2071 1328 2441 1388 misericordia
2471 1329 2567 1384 Dei
2599 1337 2654 1383 et
2695 1343 2956 1396 vocamur
2995 1336 3053 1380 ut
3103 1328 3420 1402 credamus,
3469 1337 3523 1398 et

1942 1421 2287 1492 credentibus
2333 1429 2624 1490 praestatur
2660 1429 2718 1480 ut
2764 1419 2900 1480 bene
2941 1434 3246 1490 operemur,
3291 1437 3397 1482 non
3435 1431 3526 1494 est

1941 1513 2192 1586 gentibus
2224 1512 2324 1566 ista
2359 1511 2643 1586 invidenda
2681 1509 3051 1586 misericordia
3079 1554 3092 1574 ,
3133 1513 3388 1592 [quamvis
3421 1512 3525 1578 ,mi-

1943 1596 2156 1662 nus‘ibi
2189 1601 2474 1674 diligenter
2520 1601 2585 1656 de
2631 1601 2742 1667 illa,
2772 1617 2890 1676 quae
2919 1617 3016 1672 per
3055 1599 3148 1657 Dei
3191 1610 3520 1682 proposuum

1943 1694 2022 1762 lit,
2054 1696 2338 1756 vocatione
2369 1693 2774 1768 tra.e_tav,erim.]

2013 1786 2052 1855 ’ξ-
2083 1786 2233 1852 Quod
2281 1785 2634 1862 apostolicum
2691 1785 3059 1841 testimonium
3101 1803 3206 1860 quo
3238 1803 3395 1852 sensu
3430 1804 3523 1844 ac-

334 1886 663 1959 Angustiuus
713 1886 962 1959 (Retrart.
1011 1889 1100 1943 lib.
1152 1905 1207 1954 ι,
1251 1906 1366 1960 cap.
1419 1889 1840 1962 25):[Proinde

1951 1877 2050 1948 cipi
2079 1877 2272 1932 debeat
2301 1877 2492 1944 beatus
2533 1878 2867 1949 Augustinus
2896 1880 2950 1933 in
2993 1879 3130 1938 libro
3173 1880 3522 1938 Enchiridion

265 1979 408 2048 quod
446 1980 700 2038 contiqu
747 1980 855 2048 disi
889 1980 1085 2036 :tDicit
1129 1981 1274 2038 enim
1315 1981 1455 2046 idem
1503 1981 1791 2050 Apostolus
1811 2001 1842 2053 ,ε

265 2069 416 2130 Idem
441 2069 583 2132 Deus
603 2071 692 2140 qui
713 2081 959 2140 operatur
985 2089 1164 2128 omnia
1187 2073 1240 2128 in
1261 2073 1499 2128 omnibus
1521 2072 1573 2143 (l
1595 2071 1720 2128 Cor.
1746 2091 1843 2140 xu,

267 2163 356 2234 16)
382 2181 396 2230 ;
430 2180 690 2234 nusquam
721 2174 902 2226 autem
935 2166 1139 2222 dictum
1163 2176 1250 2222 est
1269 2185 1279 2218 :
1301 2169 1442 2228 Deus
1467 2170 1637 2224 credit
1665 2169 1846 2226 omnia

263 2253 320 2312 in
349 2255 628 2324 omnibus;
673 2271 740 2311 ac
784 2256 974 2320 deinde
1009 2256 1262 2326 subjuusi
1293 2260 1480 2325 :Quod
1508 2277 1638 2332 ergo
1668 2263 1844 2320 credi-

265 2357 386 2399 mus
423 2354 668 2402 nostrum
713 2355 828 2413 est;
859 2347 1002 2416 quod
1041 2358 1220 2410 autem
1274 2349 1472 2412 bonum
1515 2368 1805 2422 operamur
1830 2394 1846 2420 ,

265 2436 408 2494 illius
457 2447 542 2495 est
583 2440 673 2509 qui
726 2440 1070 2504 credentibus
1107 2441 1198 2504 dat
1231 2441 1497 2511 Spiritum
1557 2455 1804 2501 sanctum
1831 2487 1847 2510 ,

262 2529 507 2598 profecto
539 2547 645 2588 non
677 2533 912 2590 dicerem
943 2534 989 2592 si
1015 2534 1128 2604 jam
1162 2535 1358 2596 scirem
1378 2537 1542 2592 etiam
1575 2538 1746 2607 ipsam
1777 2537 1844 2591 ﬁ-

264 2623 388 2678 dem
425 2624 571 2682 inter
595 2627 693 2686 Dei
725 2643 954 2686 munera
990 2627 1249 2698 reperiri,
1282 2642 1402 2700 quae
1443 2629 1641 2686 dantur
1668 2631 1724 2684 in
1755 2647 1848 2686 eo-

265 2713 386 2768 dem
431 2713 658 2784 Spiritu.
696 2716 995 2789 Utrumque
1037 2735 1170 2790 ergo
1201 2729 1448 2778 nostrum
1497 2730 1584 2778 est
1625 2730 1848 2791 propter

264 2805 551 2870 arbitrium
597 2810 925 2877 voluntatis,
981 2821 1036 2868 et
1095 2821 1386 2884 utrumque
1429 2823 1614 2871 tamen
1662 2813 1846 2870 datum

262 2914 363 2969 per
411 2899 672 2971 Spiritum
705 2903 828 2958 ﬁdei
885 2915 938 2959 et
986 2905 1288 2962 ebaritatis.
1323 2905 1508 2975 Neque
1555 2909 1698 2964 enim
1725 2906 1843 2963 sola

265 2989 525 3056 Charitas,
570 2992 663 3050 sed
701 2992 841 3047 sicut
869 2995 1126 3064 scriptum
1155 3004 1240 3052 est
1271 3013 1284 3048 :
1315 2993 1562 3050 Charitas
1595 3009 1711 3050 eum
1741 2998 1846 3065 ﬁde

265 3096 296 3132 a
333 3078 439 3142 Deo
474 3079 636 3136 Patre
666 3093 712 3136 et
737 3083 958 3144 Domino
985 3095 1160 3140 nostra
1188 3085 1316 3140 Iesu
1337 3084 1544 3142 Christo
1571 3088 1732 3159 (Eph.
1769 3105 1842 3152 Vl,

262 3168 394 3240 ‘25).
433 3170 496 3225 Et
543 3172 684 3242 quod
726 3173 885 3242 paulo
943 3184 1063 3244 post
1095 3174 1252 3230 dixi:
1284 3174 1536 3232 Nostrum
1587 3186 1668 3242 est
1701 3178 1842 3232 enim

265 3263 489 3320 credere
525 3275 581 3319 et
611 3265 764 3332 velle,
809 3266 949 3322 illius
993 3277 1174 3326 autem
1215 3269 1344 3324 dare
1391 3271 1736 3328 credentibus
1787 3281 1841 3326 et

263 3355 570 3418 volentibus
605 3356 914 3414 facultatem
967 3361 1105 3416 bene
1139 3361 1394 3430 operandi
1437 3377 1542 3430 .per
1579 3361 1840 3431 Spiritum

266 3457 536 3514 sanctum,
563 3466 654 3520 per
681 3468 834 3520 quem
855 3452 1086 3506 Charitas
1115 3452 1211 3506 Dei
1236 3452 1556 3521 ili/funditur
1577 3455 1629 3510 iu
1669 3454 1842 3508 cordi-

268 3536 364 3592 bus
401 3539 591 3592 nostris
641 3538 813 3609 (Rom.
847 3556 900 3604 v,
930 3540 1020 3610 5),
1070 3557 1254 3596 verum
1310 3550 1392 3600 est
1428 3543 1682 3612 quidem,
1749 3544 1840 3599 sed

266 3628 455 3692 eadem
509 3628 712 3699 regula,
753 3638 814 3690 .et
854 3641 1146 3701 utrumque
1199 3633 1368 3702 ipsius
1409 3643 1523 3699 est,
1553 3635 1678 3704 quia
1729 3636 1844 3706 ipse

265 3729 537 3790 prteparat
598 3721 955 3789 voluntatem;
989 3733 1043 3777 et
1093 3734 1380 3795 utrumque
1416 3737 1680 3795 nostrum,
1719 3729 1846 3798 quia

266 3826 376 3876 non
405 3811 463 3864 ﬁt
483 3812 592 3874 nisi
623 3813 923 3876 volentibus
947 3816 1122 3872 nobis.
1157 3816 1235 3872 Ac
1257 3831 1354 3886 per
1375 3817 1479 3874 hoc
1507 3821 1650 3890 quod
1679 3820 1843 3886 etiam

265 3914 452 3975 postea
481 3906 591 3970 dixi
621 3947 634 3972 ,
672 3908 798 3976 quia
841 3923 1016 3978 neque
1055 3909 1192 3966 velle
1237 3926 1545 3979 possumus,
1595 3914 1697 3968 nisi
1746 3929 1845 3968 vo-

266 4013 496 4065 cemur;
527 4008 581 4054 et
610 4016 734 4056 cum
765 4011 887 4072 post
915 4004 1254 4064 vocationem
1310 4005 1641 4062 voluerimus
1671 4047 1684 4072 ,
1740 4022 1847 4062 non

267 4087 466 4144 sufﬁcit
495 4089 744 4146 voluntas
772 4099 979 4158 nostra,
1011 4100 1066 4146 et
1105 4109 1295 4148 cursus
1323 4105 1530 4160 noster,
1569 4096 1676 4150 nisi
1707 4095 1849 4158 Deus

267 4190 326 4236 et
351 4182 494 4238 vires
517 4185 863 4242 currentibus
911 4187 1166 4255 praebeat,
1213 4197 1268 4241 et
1314 4189 1572 4256 perducat
1615 4205 1722 4259 quo
1751 4205 1846 4245 vo-

267 4283 394 4338 cat;
457 4290 520 4330 ac
575 4276 771 4334 deinde
829 4275 1078 4343 subjunxi
1132 4296 1144 4331 :
1191 4277 1534 4334 Manifestum
1581 4289 1666 4336 est
1721 4297 1850 4351 ergo

269 4382 376 4432 non
403 4369 616 4422 volentis
651 4384 812 4438 neque
844 4370 1123 4436 currentis,
1150 4370 1240 4424 sed
1272 4370 1559 4424 miserentis
1599 4369 1700 4432 Dei
1744 4387 1852 4426 esse

270 4458 452 4530 (Rom.
503 4476 583 4525 ix,
640 4460 724 4531 l6)
750 4501 763 4526 ,
797 4461 938 4530 quod
967 4462 1106 4516 bene
1139 4477 1468 4530 operamur;
1519 4462 1737 4518 omnino
1763 4477 1852 4516 ve-

271 4554 550 4608 rissimum
575 4561 678 4608 est.
701 4551 811 4608 Sed
836 4568 1028 4621 parum
1061 4554 1126 4608 de
1153 4554 1265 4623 ipsa
1292 4553 1570 4607 vocatione
1598 4553 1848 4618 disserui,
1881 4584 1931 4643 Β

269 4659 394 4712 quae
423 4643 484 4702 ﬁt
515 4644 812 4704 secundum
845 4644 1174 4714 propositum
1209 4643 1300 4698 Dei
1353 4659 1365 4696 :
1412 4661 1518 4700 non
1563 4645 1706 4698 enim
1738 4660 1853 4700 om-

268 4736 422 4790 nium
452 4736 542 4805 qui
574 4746 836 4792 vocantur
861 4736 983 4790 talis
1007 4743 1111 4801 est,
1143 4736 1238 4790 sed
1275 4742 1482 4790 tantum
1529 4736 1850 4792 electorum.

267 4831 460 4899 Itaque
510 4830 653 4900 quod
685 4829 846 4900 paulo
901 4836 1024 4899 post
1071 4828 1181 4883 dixi
1228 4847 1240 4882 :
1289 4829 1442 4884 Sicut
1489 4830 1630 4884 enim
1683 4830 1736 4884 in
1787 4829 1856 4884 iis

267 4937 413 4992 quos
464 4922 612 4990 eligit
659 4922 820 4984 Deus,
853 4938 956 4978 non
987 4938 1174 4992 opera,
1209 4921 1305 4975 sed
1338 4921 1470 4976 ﬁdes
1499 4921 1717 4976 inchoat
1741 4936 1857 4986 me—

267 5013 463 5076 ritum,
489 5020 558 5068 .ut
579 5028 678 5084 per
699 5028 901 5074 munus
943 5013 1038 5067 Dei
1079 5015 1216 5068 bene
1251 5021 1569 5080 operentur;
1601 5013 1681 5070 sic
1708 5013 1760 5066 in
1789 5012 1858 5066 iis

269 5119 414 5174 quos
438 5102 678 5176 damnat,
715 5101 1004 5164 inﬁdelitas
1039 5111 1092 5158 et
1136 5102 1385 5171 impietas
1417 5103 1634 5158 inchoat
1677 5117 1853 5171 pinum

273 5195 644 5260 meritum,.ut
665 5210 764 5266 per
791 5195 959 5264 ipsam
987 5209 1199 5266 poenam
1239 5195 1401 5250 etiam
1456 5194 1593 5249 male
1629 5209 1855 5265 operen-

271 5296 394 5352 tur;
429 5285 708 5348 verissime
731 5285 864 5352 dixi,
889 5287 983 5340 sed
1013 5287 1133 5340 ﬁdei
1177 5288 1432 5346 meritum
1479 5288 1641 5340 etiam
1680 5286 1854 5355 ipsum

268 5393 398 5434 esse
443 5379 643 5434 donum
676 5378 769 5432 Dei
797 5392 898 5432 nec
945 5379 1124 5448 putavi
1183 5381 1528 5448 quaerendum
1565 5395 1706 5444 esse,
1755 5396 1856 5438 nec

272 5469 407 5526 dixi.
447 5469 514 5523 Et
543 5469 647 5526 alio
677 5469 795 5526 loco
831 5487 844 5522 :
893 5469 1055 5539 Cuius
1099 5470 1242 5526 enim
1269 5471 1575 5534 miseretur,
1609 5472 1851 5540 inquam,

272 5561 410 5616 facit
432 5577 556 5616 eum
595 5563 727 5617 bene
759 5562 968 5631 operari
997 5579 1010 5625 ;
1039 5571 1093 5616 et
1136 5578 1296 5631 quem
1323 5564 1572 5628 obdurat,
1600 5562 1858 5632 relinquit

273 5667 426 5714 eum,
465 5661 522 5706 ut
555 5652 694 5712 male
741 5661 1010 5723 operetur.
1069 5651 1172 5706 Sed
1229 5661 1283 5708 et
1348 5653 1434 5708 illa
1479 5653 1852 5708 misericordia

275 5743 605 5813 prtecedenti
656 5745 846 5800 merito
877 5745 995 5798 lidei
1031 5745 1305 5809 tribuitur,
1334 5756 1386 5798 et
1422 5746 1520 5800 ista
1572 5745 1856 5801 obduratio

273 5837 603 5905 praecedenti
655 5837 936 5908 impietati.
1003 5839 1150 5903 Qlklil
1204 5838 1420 5907 quidem
1474 5854 1658 5894 verum
1718 5847 1852 5904 est;

1573 5983 1636 5997 ...ρ

1949 1970 2082 2040 (cap.
2115 1970 2204 2040 52)
2245 1970 2557 2034 manifestat
2603 1973 2789 2030 dicens
2820 1990 2832 2001 ο
2865 1970 3029 2044 [Item
3085 1989 3153 2030 ne
3197 1973 3483 2044 quisquam
3508 2016 3522 2040 ,

1948 2062 2048 2116 etsi
2078 2077 2182 2116 nou
2209 2061 2274 2116 de
2300 2063 2552 2132 operibus
2577 2103 2592 2130 ,
2621 2064 2686 2120 de
2711 2063 2827 2132 ipso
2851 2063 3110 2132 glorietur
3135 2063 3302 2132 libero
3331 2062 3523 2130 volun:

1951 2154 2074 2210 tatis
2113 2155 2338 2216 arbitrio
2361 2197 2376 2220 ,
2411 2163 2668 2226 tanquam
2713 2158 2781 2212 ab
2828 2157 2945 2226 ipso
2991 2157 3215 2226 incipiat
3249 2158 3524 2226 meritum,

1947 2246 2033 2312 cui
2059 2255 2309 2318 tauquam
2333 2247 2572 2308 debitum
2597 2248 2857 2304 reddatur
2887 2249 3190 2320 praemium,
3227 2249 3366 2316 bene
3395 2263 3526 2322 ορθ-

1949 2338 2100 2392 randi
2131 2337 2247 2408 ipsa
2275 2337 2527 2403 libertas;
2563 2339 2745 2396 audiat
2791 2340 3042 2402 eumdem
3092 2339 3278 2412 gratiae
3319 2355 3528 2412 praeco-

1950 2445 2073 2486 nem
2105 2429 2372 2486 dicentem
2400 2430 2588 2502 :_Deus
2629 2441 2700 2488 est
2738 2431 2876 2484 enim
2901 2430 2991 2502 qui
3017 2440 3265 2500 operatur
3303 2430 3358 2498 in
3387 2432 3528 2488 vobis

1949 2529 1996 2572 et
2027 2518 2150 2572 velle
2175 2529 2221 2572 et
2249 2521 2454 2589 operari
2477 2537 2572 2589 pro
2607 2522 2740 2576 bona
2771 2520 3032 2590 voluntate
3061 2518 3281 2591 (Philip.
3325 2537 3389 2586 ll,
3416 2522 3524 2592 15).

1949 2607 2016 2666 Ει
2045 2607 2150 2662 alio
2185 2608 2332 2662 loco:
2361 2609 2534 2682 Igitur
2563 2627 2667 2666 non
2707 2610 2917 2666 volentis
2946 2629 3107 2682 neque
3128 2614 3402 2678 currentis,
3435 2615 3528 2674 sed

1951 2702 2242 2758 miserantis
2267 2711 2340 2756 est
2377 2701 2474 2758 Dei
2506 2702 2684 2770 (Rom.
2711 2719 2790 2767 ix,
2825 2703 2935 2774 16).
2961 2704 3094 2758 Cum
3125 2704 3313 2775 procul
3344 2704 3528 2770 dubio,

1949 2792 1994 2847 si
2033 2793 2196 2848 homo
2237 2793 2354 2863 ejus
2381 2795 2556 2852 aetatis
2593 2803 2682 2860 est
2717 2803 2774 2850 ut
2802 2797 3009 2869 ratione
3031 2797 3143 2868 jam
3177 2805 3380 2863 utatur,
3419 2813 3532 2852 .non

1948 2883 2120 2952 possit
2165 2885 2410 2949 credere,
2455 2899 2676 2954 sperare
2726 2896 2782 2942 et
2825 2888 3066 2962 diligere,
3113 2891 3216 2947 nisi
3253 2892 3396 2958 velit,
3433 2908 3534 2956 nec

1947 2974 2235 3044 pervenire
2265 2974 2330 3028 ad
2352 2975 2584 3044 palmam
2625 2994 2874 3049 superna:
2913 2981 3212 3048 voeationis
3245 2983 3372 3050 Dei,

1948 3070 2222 3128 voluntate
2271 3071 2590 3132 cucurrerit.
2640 3073 2921 3139 Quomodo
2957 3089 3092 3145 ergo
3132 3093 3238 3130 non
3281 3075 3529 3146 nolentis,

1950 3181 2112 3234 neque
2165 3166 2448 3232 currentis,
2482 3165 2570 3220 sed
2602 3167 2889 3222 miserantis
2916 3179 2989 3224 est
3015 3167 3136 3236 Dei,
3178 3169 3279 3228 nisi
3321 3171 3447 3240 quia
3478 3180 3534 3232 et

1948 3257 2062 3324 ipsa
2094 3257 2355 3322 voluntas,
2383 3259 2521 3318 sicut
2548 3259 2809 3331 scriptum
2840 3270 2944 3326 est,
2992 3280 3024 3316 a
3049 3261 3278 3318 Domino
3321 3281 3533 3337 prterm-

1948 3348 2136 3402 ratur?
2157 3345 2335 3417 (Prov.
2358 3365 2476 3416 vin,
2493 3350 2563 3404 55
2585 3367 2690 3408 sec.
2716 3350 2864 3406 LXX
2872 3351 3181 3424 .)Alioquin
3215 3354 3262 3410 si
3280 3365 3528 3426 propter—

1947 3457 2013 3498 ea
2036 3442 2238 3500 dictum
2269 3454 2352 3500 est
2371 3485 2386 3511 ,
2432 3461 2535 3502 non
2560 3446 2776 3504 volentis
2807 3464 2971 3519 neque
3001 3448 3280 3514 currentis,
3308 3448 3398 3512 sed
3429 3451 3530 3510 aii—

1947 3537 2162 3590 serentis
2192 3547 2267 3590 est
2292 3537 2412 3603 Dei,
2438 3539 2565 3607 quia
2605 3555 2671 3594 ex
2700 3549 2929 3610 utroque
2955 3540 3038 3605 ﬁt,
3061 3540 3116 3595 id
3149 3549 3322 3598 estex
3347 3541 3532 3602 volun-

1949 3633 2060 3680 tate
2085 3626 2342 3693 hominis,
2373 3638 2428 3684 et
2455 3629 2850 3694 misericordia,
2877 3630 3036 3686 utsic
3065 3630 3268 3688 dictum
3295 3631 3528 3699 accipia-

1949 3733 2071 3774 mus
2098 3737 2110 3772 :
2147 3718 2270 3773 Non
2291 3719 2509 3774 volentis
2543 3735 2708 3791 neque
2729 3722 3011 3788 currentis,
3031 3721 3122 3780 sed
3137 3723 3437 3776 miserentis
3459 3735 3531 3780 est

1950 3807 2070 3873 Dei,
2107 3818 2360 3879 tanquam
2389 3812 2663 3868 diceretur
2693 3831 2705 3864 :
2737 3812 2856 3870 Non
2891 3811 3085 3870 sufficit
3117 3814 3236 3870 sola
3287 3815 3534 3872 voluntas

1952 3895 2204 3965 hominis,
2257 3901 2301 3955 si
2334 3917 2440 3958 non
2493 3902 2564 3956 sit
2605 3902 2767 3958 etiam
2825 3903 3195 3962 misericordia
3241 3905 3384 3960 Dei:
3427 3923 3534 3962 non

1951 4004 2080 4060 ergo
2109 3990 2302 4046 sutlicit
2349 3993 2463 4048 sola
2509 3994 2883 4054 misericordia
2911 3994 3028 4062 Dei,
3061 3997 3238 4054 sinon
3269 3998 3342 4052 sit
3371 3999 3534 4054 etiam
3601 3982 3605 3988 ’

1953 4083 2204 4142 voluntas
2229 4086 2472 4142 hominis
2501 4104 2513 4140 :
2561 4103 2624 4143 ac
2655 4103 2750 4157 per
2775 4089 2882 4144 hoc
2919 4089 2962 4144 si
3008 4098 3156 4148 recte
3185 4091 3385 4148 dictum
3433 4103 3534 4157 est,

1955 4193 2058 4231 non
2091 4178 2302 4232 volentis
2346 4180 2592 4245 hominis,
2625 4181 2713 4234 sed
2745 4182 3033 4240 niiserentis
3071 4194 3146 4238 est
3171 4183 3292 4250 Dei,
3322 4185 3449 4256 quia
3483 4187 3540 4244 id

1956 4269 2203 4324 voluntas
2250 4271 2485 4328 hominis
2535 4271 2648 4334 sola
2694 4289 2800 4328 non
2839 4273 3042 4343 implet,
3094 4291 3260 4344 quare
3305 4293 3421 4340 non
3483 4289 3538 4332 et

1956 4376 1988 4415 e
2005 4362 2276 4418 contrario
2301 4374 2444 4417 recte
2471 4363 2698 4418 dicitur:
2729 4363 2843 4420 Non
2867 4367 3175 4422 miserantis
3201 4376 3286 4423 est
3311 4367 3427 4432 Dei,
3443 4370 3535 4428 sed

1959 4455 2187 4510 volentis
2229 4465 2310 4510 est
2344 4456 2594 4521 hominis,
2629 4456 2753 4525 quia
2799 4458 2850 4512 id
2879 4458 3249 4516 misericordia
3280 4461 3376 4516 Dei
3423 4461 3528 4516 sols

1959 4564 2064 4604 non
2103 4547 2319 4616 implet?
2348 4547 2516 4602 Porro
2563 4548 2609 4602 si
2641 4548 2820 4603 nullus
2849 4549 3029 4604 dicere
3071 4550 3412 4610 Christianus
3439 4569 3536 4608 au-

1958 4640 2126 4703 debit,
2156 4637 2269 4694 Non
2301 4638 2608 4694 miserentis
2635 4638 2755 4705 Dei,
2786 4641 2878 4696 sed
2910 4641 3140 4698 volentis
3168 4653 3251 4698 est
3281 4643 3534 4708 hominis,

1960 4747 2026 4786 ne
2053 4731 2309 4801 Apostolo
2336 4732 2677 4800 apertissime
2721 4735 3081 4799 contradicat,
3111 4744 3280 4790 restat
3325 4745 3390 4800 ,ιιι
3418 4751 3539 4804 pro-

1959 4834 2142 4895 pterea
2175 4833 2320 4879 recte
2342 4824 2542 4880 dictum
2565 4825 2898 4897 intelligatur
2923 4847 2934 4881 :
2962 4827 3084 4881 Non
3113 4828 3346 4892 volentis,
3370 4846 3537 4899 neque

1961 4917 2239 4982 currentis,
2265 4917 2354 4970 sed
2383 4917 2670 4972 miserantis
2691 4928 2765 4973 est
2793 4918 2908 4983 Dei,
2934 4929 2993 4974 ut
3025 4928 3194 4976 totum
3215 4920 3372 4976 detur
3399 4921 3535 4986 Deo,

1961 5009 2052 5078 qui
2077 5008 2314 5064 hominis
2341 5008 2669 5064 voluntatem
2694 5009 2890 5067 bonam
2913 5019 2968 5066 et
2997 5022 3262 5081 praeparat
3281 5013 3540 5082 adjuvan-

1963 5102 2086 5156 dam
2131 5109 2180 5155 et
2231 5100 2452 5168 adjuvat
2490 5111 2864 5170 praeparatam.
2913 5102 3174 5158 Praecedit
3207 5104 3350 5158 enim
3397 5105 3536 5158 bona

1963 5194 2211 5250 voluntas
2263 5194 2501 5250 hominis
2527 5195 2693 5248 multa
2731 5196 2822 5249 Dei
2856 5196 3016 5260 dona,
3057 5197 3152 5251 sed
3181 5215 3288 5252 non
3316 5199 3494 5253 omnia
3522 5218 3535 5265 ;

1963 5303 2081 5357 qua:
2133 5294 2312 5342 autem
2372 5302 2477 5341 non
2507 5288 2763 5357 praecedit
2807 5287 2940 5354 ipsa,
2991 5288 3046 5341 in
3091 5293 3174 5344 eis
3205 5300 3290 5344 est
3321 5302 3375 5345 et
3399 5292 3536 5361 ipsa.

1963 5380 2097 5436 Nam
2129 5389 2416 5450 utrumque
2445 5381 2641 5448 legitur
2673 5380 2723 5431 in
2757 5381 2958 5434 sanctis
2998 5381 3226 5448 eloquiis
3253 5401 3263 5436 :
3293 5385 3360 5436 Et
3385 5386 3540 5438 missu

1964 5471 2190 5524 ricordia
2232 5472 2346 5540 ejus
2373 5471 2648 5541 prieueuiet
2671 5485 2752 5521 me
2773 5457 2944 5539 (Psal.
2985 5487 3138 5536 Lvut,
3169 5474 3288 5542 ll);
3316 5484 3368 5527 et
3395 5493 3408 5528 :
3440 5475 3542 5528 Mi-

1959 5564 2244 5618 sericordia
2269 5564 2384 5632 ejus
2411 5561 2748 5630 subsequatur
2773 5578 2854 5616 me
2875 5560 3052 5633 (Psal.
3079 5582 3210 5631 χχιι,
3241 5566 3317 5636 6).
3349 5565 3541 5622 Nolen-

1961 5667 2065 5710 tem
2113 5657 2373 5725 praivenit
2437 5663 2503 5709 .ut
2551 5653 2706 5718 velit;
2761 5655 3028 5712 volentem
3079 5659 3424 5729 subsequitur
3477 5678 3542 5714 ne.

1961 5747 2158 5800 frustra
2196 5746 2340 5799 velit.
2372 5744 2479 5798 Cur
2502 5731 2644 5798 enim
2675 5746 3031 5803 admonemur
3053 5766 3212 5805 orare
3233 5766 3330 5819 pro
3361 5751 3540 5805 inimi—

1961 5839 2037 5891 cis
2066 5839 2285 5902 nostris,
2311 5837 2494 5906 utique
2519 5836 2934 5912 nolentibuspu:
2966 5841 3166 5908 vivere,
3191 5841 3293 5897 nisi
3319 5852 3377 5897 ut
3399 5842 3540 5897 Deus
