4064 6346
633 392 760 448 1071

1629 392 1687 450 S.
1726 391 2098 450 PRUDENTll
2139 387 2522 447 TRECENSIS
2559 386 2870 446 EPISCOPI

3687 393 3787 450 1072

629 513 682 568 in
707 512 788 568 eis
815 521 1070 583 operetur
1094 523 1150 567 et
1173 513 1311 569 velle
1339 513 1455 585 [al.,
1491 522 1549 568 ut
1576 513 1808 586 velint]?
1839 514 2081 582 Itemque
2109 528 2204 568 cur
2229 513 2282 574 Α
2306 510 2507 575 educti,
2536 510 2877 581 exspirantes
2908 509 2976 564 ad
3007 521 3172 580 regna
3208 506 3442 563 cmlestia
3464 506 3784 577 perducuntur:

626 605 984 661 admonemur
1024 613 1211 675 petere
1266 613 1328 660 ut
1371 605 1734 675 accipiamus,
1778 604 1884 660 nisi
1918 613 1979 659 ut
2009 605 2076 658 ah
2115 602 2205 657 illo

625 696 722 751 ﬁat
749 697 893 766 quod
922 695 1190 760 volumus,
1233 711 1265 749 a
1315 711 1422 766 quo
1469 695 1667 750 factum
1705 702 1790 750 est
1838 702 1900 748 ut
1945 685 2220 748 velimus?

625 787 859 844 Oramus
885 803 1016 861 ergo
1057 803 1157 860 pro
1188 787 1420 843 inimicis
1468 787 1690 852 nostris,
1719 793 1782 842 ut
1831 783 2203 840 misericordia

623 881 721 936 Dei
759 880 1057 951 praeveniat
1079 894 1196 946 eos,
1240 879 1382 934 sicut
1406 878 1671 949 praevenit
1715 888 1772 932 et
1814 890 1952 931 nos:
1987 890 2204 930 oramus

624 983 808 1027 autem
833 987 934 1041 pro
961 971 1138 1036 nobis,
1180 979 1242 1025 ut
1281 969 1655 1026 misericordia
1683 969 1801 1039 ejus
1843 967 2203 1036 subsequatur

621 1059 765 1132 nos].
873 1118 876 1120 γ
1237 1083 1240 1088 -
1655 1119 1658 1124 _

690 1151 731 1220 -ι-
750 1149 888 1210 Huic
910 1151 1294 1206 asseverationi
1319 1160 1424 1207 tuae
1450 1153 1588 1223 (cap.
1618 1151 1670 1215 4,
1697 1167 1841 1206 num.
1877 1150 1964 1216 l9,
1995 1159 2119 1203 sect.
2146 1147 2200 1218 8)

617 1240 843 1296 adhibes
879 1240 1187 1310 exemplum
1233 1234 1468 1297 hominis
1495 1243 1548 1297 in
1588 1241 1926 1298 densissimis
1961 1239 2202 1294 tenebris

617 1331 802 1402 positi,
834 1332 1084 1388 habentis
1113 1348 1332 1388 sensum
1360 1335 1578 1390 videndi
1624 1335 1843 1405 quidem
1869 1375 1884 1399 ,
1931 1333 2024 1388 sed
2070 1330 2202 1386 nihil

614 1425 872 1493 videntis,
897 1426 1025 1497 quia
1055 1425 1192 1482 nihil
1214 1427 1388 1497 possit
1405 1427 1592 1483 videre
1616 1436 1905 1497 antequam
1934 1425 2202 1480 extrinse-

616 1532 712 1573 cus
738 1517 923 1572 veniat
959 1517 1074 1584 lux,
1126 1533 1290 1588 quam
1317 1519 1486 1573 etiam
1531 1518 1703 1574 oculis
1745 1518 1946 1574 clausis
1979 1515 2198 1581 sentiat,

615 1612 818 1682 apertis
847 1627 978 1668 vero
1023 1622 1079 1668 et
1107 1627 1230 1667 eam
1258 1621 1314 1668 et
1369 1612 1426 1667 in
1480 1626 1546 1667 ea
1597 1619 1793 1667 cuncta
1817 1607 2201 1678 circumposita

613 1702 942 1772 conspiciat,
995 1711 1051 1758 et
1097 1702 1396 1774 explanans
1454 1703 1534 1759 sic
1579 1702 1909 1758 voluntatem
1965 1698 2201 1756 hominis

611 1795 852 1865 quandiu
879 1796 1161 1868 originalis
1189 1797 1399 1866 peccati
1425 1795 1878 1866 propriorumque
1906 1793 2099 1847 umbra
2123 1799 2200 1846 te-

2307 617 2428 674 quae
2472 601 2526 656 in
2577 602 2657 658 eis
2681 601 2932 658 voluntas
2971 600 3215 656 naturae?
3261 613 3376 670 qua:
3413 597 3609 654 libertas
3647 617 3719 656 eos
3741 603 3787 657 ad

2306 703 2513 749 tantam
2555 693 2948 749 beatitudinem
3011 691 3276 748 sustollit?
3321 690 3468 746 Nulla
3508 692 3790 748 indubitanter

2304 785 2545 856 propria.
2589 782 2730 850 Quid
2773 783 2938 852 ergo?
2976 781 3243 837 Nimirum
3288 781 3509 853 gratuita
3551 783 3691 854 gratia
3723 782 3789 839 Dei

2305 874 2642 942 miserantis,
2665 890 2776 931 non
2803 875 3090 932 retributio
3117 875 3430 931 substantiae
3461 873 3670 929 volentis.
3692 873 3792 940 Quo-

2305 969 2464 1024 modo
2506 976 2592 1022 est
2617 967 2764 1022 enim
2792 967 2988 1038 gratia,
3033 967 3078 1022 si
3105 981 3214 1022 non
3240 966 3406 1038 gratis
3441 966 3611 1022 datur?
3633 966 3735 1022 Nam
3761 970 3790 1024 si

2305 1058 2686 1130 tua'praecedit
2709 1058 2978 1123 voluntas,
3001 1057 3116 1128 jam
3139 1074 3248 1114 non
3269 1059 3458 1130 gratia,
3473 1058 3558 1115 sed
3582 1060 3792 1115 retributio

2303 1149 2548 1204 vocanda
2573 1157 2677 1214 est,
2707 1163 2828 1224 quae
2870 1165 2978 1205 non
3027 1149 3188 1205 datur
3214 1150 3400 1222 gratis,
3447 1151 3532 1206 sed
3558 1152 3793 1221 rependitur

2303 1241 2660 1311 praecedentis
2705 1243 2900 1297 merito
2950 1242 3263 1299 voluntatis.
3311 1243 3376 1300 Et
3423 1253 3676 1300 evacuatur
3711 1262 3792 1301 sen-

2304 1332 2472 1387 tentia
2522 1332 2768 1402 Apostoli
2800 1333 3074 1390 dicentis:
3105 1335 3212 1389 A-ut
3264 1336 3378 1407 quia
3421 1337 3553 1406 prior
3591 1335 3702 1390 dedit
3739 1336 3792 1391 illi

2302 1434 2351 1477 et
2375 1423 2694 1478 retribuetur
2718 1425 2806 1478 ei?
2844 1424 3024 1495 (Rom.
3065 1441 3146 1492 ιι,
3174 1415 3290 1498 55ἶ)
3321 1426 3453 1493 Quia
3484 1442 3616 1488 vero,
3636 1427 3790 1498 explosa

2302 1513 2450 1566 omni
2479 1513 2851 1586 ambiguitate,
2875 1528 3063 1569 verum
3088 1523 3174 1570 est
3206 1515 3350 1586 quod
3397 1515 3654 1586 Apostolus
3685 1517 3790 1580 dicit,

2303 1603 2550 1674 sequitur
2596 1613 2654 1659 ut
2698 1603 2896 1661 falsum
2943 1605 3015 1660 sit
3040 1607 3184 1676 quod
3235 1607 3557 1662 mendaciter
3596 1615 3638 1661 et
3669 1608 3790 1675 impu-

2302 1695 2492 1750 denter
2534 1709 2781 1751 asserere
2810 1711 2918 1750 non
2961 1697 3222 1752 metuisti.
3257 1696 3446 1753 Libero
3472 1697 3614 1769 igitur
3630 1713 3682 1752 ac
3702 1696 3790 1752 lide-

2303 1783 2426 1840 liter
2463 1784 2787 1841 conﬁteatur
2814 1785 3058 1841 Ecclesia
3081 1785 3349 1842 catholica
3371 1787 3582 1858 gratiam
3607 1785 3683 1840 Dei
3713 1802 3792 1856 gn-

609 1885 778 1956 gitur,
808 1885 980 1956 ipsius
1002 1886 1233 1957 caligine
1263 1885 1550 1955 impediri;
1579 1884 1705 1939 dum
1739 1890 1919 1937 autem
1951 1881 2043 1936 lux
2063 1879 2201 1934 divi-
2227 1871 2276 1932 Β
2303 1875 2394 1940 tis,
2425 1874 2480 1930 id
2507 1882 2592 1930 est
2611 1874 2774 1931 nullis
2796 1883 3006 1931 naturae
3038 1875 3335 1930 voluntatis
3351 1884 3445 1930 aut
3471 1874 3701 1946 appetitus
3719 1891 3793 1929 rne-

609 1993 695 2032 nae
721 1977 1110 2033 misericordiae
1134 1977 1393 2043 illuxerit,
1427 1991 1537 2031 non
1559 1975 1732 2032 solum
1760 1983 1973 2030 noctem
2001 1987 2199 2042 pecca-

610 2076 792 2123 torum
833 2067 1074 2123 omnium
1131 2081 1427 2137 eorumque
1484 2075 1696 2121 reatum
1739 2065 2060 2129 destruere,
2105 2063 2200 2120 sed

610 2157 776 2212 etiam
801 2157 1050 2213 obtutum
1095 2157 1324 2212 inﬁrma:
1350 2157 1644 2213 voluntatis
1686 2155 1927 2211 sanando
1950 2155 2162 2225 aperire
2182 2195 2196 2220 ,

615 2255 672 2301 et
697 2247 765 2303 ad
807 2261 868 2303 se
902 2246 1378 2316 contemplandum
1419 2246 1579 2302 bonis
1617 2246 1871 2316 operibus
1919 2244 2200 2315 purgando

609 2337 858 2393 idoneam
886 2337 1084 2392 facere.
1117 2335 1224 2392 Sed
1247 2353 1432 2407 quaero
1462 2337 1560 2391 abs
1583 2344 1638 2391 te
1665 2334 1818 2404 cujus
1849 2335 2082 2390 hominis
2105 2348 2198 2388 vo-

609 2427 871 2484 luntatem
911 2427 1151 2496 quandiu
1182 2427 1462 2498 originalis
1501 2427 1710 2498 peccati
1745 2419 2200 2496 propriorumque

608 2521 802 2575 umbra
829 2519 1047 2591 tegitur,
1078 2518 1247 2588 ipsius
1271 2517 1500 2588 caligine
1521 2516 1772 2585 impediri
1800 2516 1982 2570 dicas?
2006 2515 2197 2572 Utrum

610 2609 892 2679 baptizati,
910 2623 978 2663 an
1001 2608 1242 2663 nondum
1269 2607 1502 2677 gratiam
1525 2605 1869 2676 baptismatis
1885 2605 2200 2661 consecuti?

609 2700 667 2757 Si
696 2701 842 2756 enim
866 2700 1105 2756 nondum
1141 2698 1402 2769 baptizati
1430 2697 1565 2754 velis
1593 2697 1837 2768 intelligi,
1878 2705 2087 2753 certum
2117 2704 2203 2751 est

608 2794 684 2848 ita
739 2792 979 2849 tenebris
1029 2799 1142 2846 tam
1195 2789 1476 2862 originalis
1530 2804 1691 2860 quam
1743 2790 1948 2860 proprii
1991 2789 2199 2858 peccati

607 2901 878 2956 quemque
905 2885 1281 2948 obscuratum,
1305 2891 1367 2936 ut
1389 2881 1495 2936 nisi
1518 2888 1766 2952 respectu
1792 2881 1987 2935 divina:
2009 2880 2200 2951 gratiae

604 2992 710 3034 nec
738 2977 941 3032 bonum
964 2974 1138 3044 possit
1158 2972 1300 3028 scire
1323 2986 1423 3027 nec
1443 2971 1581 3027 velle
1610 2989 1623 3025 :
1657 2980 1912 3042 percepto
1932 2987 2064 3027 vero
2090 2985 2200 3025 coe-

605 3067 761 3124 lestis
806 3080 934 3122 rore
962 3063 1372 3131 misericordiae,
1423 3078 1596 3133 eaque
1649 3063 1718 3117 ab
1754 3063 2033 3132 originalis
2073 3077 2198 3132 pro-

607 3160 963 3231 priorumque
998 3166 1342 3228 peccatorum
1369 3155 1490 3210 labe
1514 3164 1794 3226 purgatus,
1821 3164 1878 3212 et
1904 3155 2198 3226 baptisma-

2305 1964 2425 2020 ritis
2450 1964 2588 2030 dari,
2629 1973 2684 2019 et
2702 1966 2909 2034 gratias
2935 1981 3045 2020 non
3081 1974 3260 2022 cesset
3286 1966 3567 2036 rependere
3586 1967 3697 2020 tanti
3717 1982 3794 2020 mu-

2304 2056 2453 2112 neris
2500 2056 2780 2127 largitori,
2841 2059 3098 2127 quoniam
3151 2073 3346 2113 verum
3390 2070 3470 2114 est
3511 2060 3634 2129 quod
3673 2058 3794 2112 uultu

2301 2149 2448 2220 prior
2468 2148 2670 2203 dederit
2693 2148 2796 2214 illi,
2821 2159 2877 2203 ut
2905 2150 3230 2204 retribuatur
3273 2151 3344 2206 ei.
3376 2149 3617 2217 Quoniam
3639 2167 3689 2205 ex
3705 2153 3794 2220 ipso,

2303 2250 2352 2295 et
2393 2258 2486 2312 per
2513 2242 2707 2313 ipsum,
2737 2250 2786 2296 et
2814 2242 2870 2297 in
2909 2243 3022 2313 ipso
3069 2251 3192 2298 sunt
3241 2243 3439 2309 omnia,
3485 2243 3574 2313 ipsi
3612 2243 3796 2313 gloriais

2303 2332 2499 2386 uacula
2543 2333 2883 2400 swculorum,
2932 2334 3119 2390 Amen.
3169 2334 3452 2390 Beclamat
3497 2336 3729 2390 adversum
3765 2343 3797 2388 te

2304 2423 2614 2495 Propheta:
2652 2424 2794 2479 Deus
2827 2441 3006 2492 meus,
3052 2425 3332 2496 inquiens,
3371 2425 3689 2481 misericordia
3720 2440 3796 2493 qu

2302 2517 2581 2586 prwueniet
2617 2533 2700 2570 me
2721 2514 2841 2586 (Ps.
2870 2532 3026 2584 Lvnt,
3051 2516 3162 2588 11).
3193 2516 3484 2572 Ρηευεηίοι
3507 2516 3666 2586 utique
3686 2515 3800 2584 inspi-

2303 2607 2475 2662 rando
2497 2608 2693 2664 bonam
2719 2608 3073 2675 voluntatem,
3113 2623 3224 2664 non
3269 2608 3604 2672 inveniendo;
3628 2606 3665 2661 si
3699 2603 3798 2660 enim

2305 2701 2595 2768 inveniret,
2621 2701 2932 2758 nullatenus
2957 2702 3310 2772 praeveniret.
3339 2701 3476 2769 Quia
3501 2701 3643 2773 igitur
3660 2713 3798 2769 praeve-

2302 2792 2405 2858 nit,
2437 2806 2544 2847 non
2573 2791 2762 2862 utique
2786 2792 3012 2848 invenit.
3044 2790 3199 2848 Unde
3227 2800 3289 2848 et
3315 2807 3413 2862 per
3436 2792 3709 2862 prophetam
3727 2787 3798 2841 Do-

2301 2883 2480 2937 minus
2519 2882 2803 2952 pollicetur
2831 2901 2843 2936 :
2879 2883 3134 2953 Auferam
3166 2901 3202 2938 a
3230 2884 3379 2939 vobis
3404 2900 3490 2938 cor
3525 2881 3751 2952 lapideum,
3769 2889 3800 2931 et

2301 2974 2436 3027 dabo
2478 2974 2619 3028 vobis
2662 2990 2753 3027 cor
2780 2990 3030 3028 corneum
3054 2972 3277 3046 (Ezech.
3329 2991 3405 3041 ιι,
3453 2973 3554 3043 19).
3591 2972 3701 3039 Quid
3733 2970 3801 3023 hoc

2301 3065 2422 3121 loco
2454 3065 2634 3121 cordis
2671 3066 2888 3122 nomine
2914 3066 3018 3122 nisi
3063 3066 3353 3123 voluntas?
3401 3065 3526 3137 quid
3550 3063 3710 3135 lapidis
3731 3059 3800 3115 nisi

2302 3161 2536 3216 duritia?
2558 3161 2687 3232 quid
2713 3161 2913 3226 carnis,
2941 3161 3046 3216 nisi
3071 3160 3359 3218 mollitudo
3407 3159 3711 3231 intelligitur?
3728 3155 3801 3206 AI-

612 3252 681 3306 tis
709 3250 969 3320 mysterio
998 3249 1306 3316 innovatus,
1330 3264 1618 3319 progressu
1644 3249 1900 3318 temporis
1931 3257 1986 3304 et
2020 3250 2195 3304 incre-
2221 3233 2267 3297 C
2300 3253 2468 3325 feram
2515 3271 2646 3326 ergo
2673 3273 2706 3309 a
2757 3255 2901 3309 vobis
2952 3255 3289 3310 voluntatem
3331 3254 3546 3317 duram,
3591 3264 3678 3321 qua
3710 3243 3802 3300 meis

607 3349 791 3397 mento
839 3340 986 3406 ﬁdei,
1036 3341 1298 3411 bonisque
1345 3341 1602 3411 operibus
1659 3341 2088 3405 adhaerentibus,
2141 3351 2196 3397 et

606 3433 936 3488 voluntatem
959 3439 1122 3502 atque
1151 3433 1447 3504 appetitum
1477 3433 1607 3489 boni
1635 3443 1690 3488 et
1717 3448 2040 3502 procursum
2065 3449 2194 3504 per-

608 3522 1006 3593 fectionemque
1037 3523 1270 3578 actionis
1309 3524 1465 3578 bonae
1498 3531 1554 3579 et
1587 3521 1898 3578 facultatetn
1948 3531 2192 3577 contem-

607 3611 864 3684 plationis
905 3613 1101 3669 divinae
1139 3613 1356 3682 assequi
1393 3612 1617 3666 minime
1659 3611 1957 3668 dubitatur.
1989 3612 2085 3667 Sin
2129 3614 2195 3668 de

607 3704 831 3760 homine
877 3702 991 3772 jam
1015 3702 1343 3758 Christianae
1377 3702 1502 3757 ﬁdei
1547 3702 1822 3774 mysteriis
1848 3702 2064 3758 initiato
2107 3704 2192 3757 in-

611 3794 961 3866 telligendum
1008 3808 1222 3860 censes,
1257 3792 1456 3847 mirum
1503 3799 1589 3848 est
1624 3807 1722 3848 cur
1749 3792 2028 3865 originalis
2070 3808 2194 3848 eum

607 3886 818 3956 peccati
843 3885 1073 3958 caligine
1112 3884 1361 3955 impediri
1401 3885 1572 3950 dicas,
1603 3885 1746 3955 quod
1785 3887 1835 3940 ei
1873 3884 1985 3956 jam
2018 3885 2071 3940 in
2099 3885 2194 3940 ba-

609 3979 864 4049 ptismate
889 3976 1192 4033 relaxatum
1220 3975 1464 4031 Ecclesia
1486 3975 1749 4032 catholica
1772 3976 2044 4031 veraciter
2059 3991 2190 4030 con-

616 4071 802 4126 ﬁtetur
828 4078 884 4126 et
922 4069 1184 4140 praedicat
1211 4086 1225 4122 :
1255 4070 1400 4140 quod
1430 4084 1593 4139 quam
1623 4069 1696 4124 sit
1723 4085 1753 4123 a
1795 4069 1899 4125 ﬁde
1926 4068 2192 4124 catholica

617 4163 855 4218 alienum
880 4161 994 4218 sole
1018 4161 1219 4218 clarius
1237 4170 1405 4232 patet.

680 4256 752 4310 Et
777 4255 922 4325 quod
965 4255 1045 4309 ais
1084 4253 1260 4309 lucem
1292 4253 1491 4310 divinae
1529 4254 1916 4310 misericordia:
1945 4255 2190 4310 obtutum

610 4346 843 4402 inﬁrmae
887 4344 1178 4400 voluntatis
1206 4347 1446 4401 sanando
1481 4347 1724 4416 aperire,
1767 4355 1822 4400 et
1849 4347 1914 4401 ad
1954 4362 2011 4402 se
2059 4361 2192 4402 con-

612 4437 982 4508 templandum
1019 4436 1176 4492 bonis
1220 4439 1472 4508 Operibus
1499 4440 1778 4510 purgando
1823 4439 2070 4496 idoneam
2112 4441 2192 4495 fa-

613 4546 740 4587 cere
771 4548 785 4585 :
818 4530 1089 4601 quomodo
1114 4537 1198 4585 est
1226 4529 1411 4593 libera,
1445 4530 1489 4586 si
1521 4531 1772 4586 inﬁrma?
1799 4530 1901 4599 Qui
1937 4535 2080 4588 enim
2108 4533 2193 4588 in-

613 4625 862 4679 ﬁrmatur
916 4638 1257 4694 nequaquam
1309 4623 1612 4680 libertatem
1656 4635 1711 4681 et
1758 4625 2065 4682 facultatem
2113 4627 2194 4682 fa-

611 4714 788 4770 ciendi
809 4714 955 4784 quod
977 4713 1228 4777 voluerit,
1254 4713 1453 4770 habere
1473 4717 1830 4784 convincitur,
1855 4727 1949 4772 aut
1968 4733 2193 4788 quomo-

612 4805 868 4861 dosentit
904 4805 1076 4860 lucem
1135 4822 1240 4862 non
1289 4805 1538 4872 videndo,
1593 4807 1683 4877 qui
1728 4808 1942 4877 penitus
1983 4808 2193 4878 ignorat

611 4896 825 4951 lucem?
866 4895 1143 4966 Perpende
1187 4913 1346 4967 quam
1399 4898 1551 4952 multi
1607 4900 1715 4954 sint
1751 4901 1841 4970 qui
1883 4899 2054 4956 lucem
2103 4911 2192 4956 aut

613 5000 887 5054 nunquam
907 4986 1160 5041 viderunt
1183 4995 1278 5041 aut
1301 4986 1472 5042 oculis
1501 4989 1642 5057 capti
1688 4989 1870 5045 videre
1915 5005 2190 5060 nunquam

604 5081 856 5146 possunt.
882 5075 999 5144 Quo
1031 5087 1188 5147 pacto
1219 5078 1382 5148 igitur
1402 5079 1602 5132 sentire
1636 5079 1810 5134 lucem
1835 5096 1941 5136 non
1965 5081 2194 5136 videndo

615 5165 833 5230 dicitur,
857 5166 948 5234 qui
983 5167 1294 5221 facultatem
1326 5166 1539 5222 vivendi
1575 5167 1774 5222 nullam
1821 5170 2021 5226 habere
2053 5185 2196 5225 com-

615 5257 947 5326 probantur?
981 5256 1194 5313 Recede
1227 5273 1356 5329 ergo
1387 5274 1419 5312 a
1445 5259 1644 5313 vitiatae
1666 5268 1872 5314 naturae
1901 5262 2111 5328 morbo,
2139 5272 2196 5317 et

615 5363 798 5417 quaere
842 5347 1151 5420 diligentius
1199 5350 1386 5420 gratiae
1422 5350 1666 5405 curantis
1715 5351 2189 5420 medicamentum,

616 5450 696 5507 ut,
731 5450 982 5498 assecuto
1011 5443 1392 5512 przevenientis
1415 5443 1576 5510 dono,
1600 5447 1856 5516 consequi
1882 5449 2045 5502 etiam
2072 5462 2196 5518 per-

617 5531 868 5590 fectionis
916 5536 1435 5591 consummationem
1486 5545 1543 5590 et
1591 5536 1816 5608 gloriam
1881 5539 2195 5610 opitulantis

619 5627 799 5682 valeas
819 5627 1147 5696 adiumento.
1179 5629 1353 5684 Cerne
1381 5638 1461 5685 tot
1488 5628 1651 5685 millia
1683 5633 2054 5701 parvulorum,
2079 5637 2193 5706 qui,

625 5717 767 5770 inter
799 5719 913 5788 ipsa
941 5720 1280 5787 baptismatis
1303 5729 1645 5777 sacrosancta
1673 5727 1929 5795 mysteria
1952 5728 2038 5782 vix
2084 5741 2195 5784 sat-

624 5808 893 5874 agentium
943 5809 1280 5864 sacerdotum
1320 5812 1568 5865 manibus
1615 5815 1767 5870 undis
1815 5817 2004 5872 viviﬁci
2039 5820 2199 5875 fontis

2297 3346 2585 3417 prreceptis
2599 3361 2665 3401 ac
2685 3346 2950 3402 voluntati
2975 3346 3244 3402 obstinate
3267 3345 3538 3410 resistitis,
3561 3353 3603 3398 et
3623 3341 3728 3395 dabo
3743 3355 3800 3392 ro-

2299 3435 2376 3490 bia
2409 3435 2743 3492 voluntatem
2792 3435 3028 3502 mollem,
3073 3437 3127 3492 id
3174 3444 3260 3492 est
3311 3453 3420 3494 non
3463 3438 3799 3506 repugnantem;

2298 3527 2393 3582 sed
2439 3518 2669 3584 docilem
2713 3536 2768 3582 et
2805 3528 2943 3583 meis
2981 3527 3286 3598 disciplinis
3315 3527 3570 3590 habilem,
3599 3539 3683 3594 qua
3710 3519 3801 3574 meis

2297 3619 2583 3689 [imceptis
2609 3633 2855 3689 meaeque
2881 3617 3148 3674 voluntati
3174 3616 3658 3676 benevolentissime
3689 3612 3798 3669 obse-

2297 3709 2560 3777 quamini.

2367 3800 2521 3868 Quod
2543 3801 2590 3858 si
2617 3803 2906 3874 praeveniri
2934 3810 2988 3858 te
3011 3803 3388 3860 misericordia
3411 3803 3502 3860 Dei
3528 3801 3589 3858 ad
3607 3798 3798 3855 inchoan-

2297 3897 2424 3950 dum
2475 3903 2709 3963 tantum,
2741 3911 2848 3951 non
2884 3897 3050 3952 etiam
3081 3897 3148 3952 ad
3179 3897 3474 3953 volendum
3512 3893 3701 3956 dixeris,
3721 3887 3801 3943 Vide

2296 3997 2428 4058 quot
2457 3991 2782 4060 quantisque
2822 3990 3108 4046 catholicis
3137 3991 3522 4046 tractatoribus
3566 3995 3797 4042 contracts.

2295 4081 2390 4151 qui
2409 4081 2512 4137 hoc
2553 4097 2662 4136 non
2688 4081 2861 4136 solum
2902 4081 2969 4136 de
3008 4082 3359 4138 inchoatione
3398 4081 3568 4153 operis
3605 4077 3801 4138 honine-

2296 4186 2416 4226 rum
2451 4171 2617 4226 etiam
2668 4171 3023 4242 inspiratione
3058 4171 3355 4228 voluntatis
3401 4173 3548 4228 bonae
3585 4163 3800 4224 sanissime

2295 4261 2679 4319 intellexerunt
2719 4272 2775 4318 et
2813 4262 3126 4318 ﬁdelissime
3167 4263 3612 4334 praedicaverunt.
3635 4256 3800 4325 Fulgen-

2297 4355 2424 4423 tius,
2455 4355 2512 4411 in
2555 4355 2694 4411 libro
2719 4354 2788 4411 de
2809 4354 2962 4422 Fide,
3004 4357 3073 4411 ad
3097 4356 3321 4412 Petrum
3353 4358 3623 4414 diaconum
3647 4370 3657 4404 :
3685 4348 3799 4421 [Deus

2297 4455 2478 4503 autem
2520 4447 2836 4502 misericors
2861 4458 2916 4503 et
2940 4447 3149 4518 justus,
3181 4448 3324 4504 sicut
3351 4446 3558 4504 diabolo
3588 4453 3721 4512 atque
3737 4451 3802 4491 an-

2296 4537 2432 4609 gelis
2458 4538 2574 4608 ejus
2599 4539 2818 4608 propria
2847 4539 3164 4595 cadentibus
3190 4539 3490 4604 voluntate,
3525 4544 3714 4592 caeteros
3733 4543 3799 4582 an-

2297 4629 2446 4700 gelos
2471 4628 2530 4683 in
2549 4644 2659 4684 suae
2686 4629 2988 4684 dilectionis
3011 4630 3315 4686 aeternitate
3336 4629 3582 4694 ﬁrmavit,
3602 4626 3668 4680 sic
3686 4620 3799 4677 etiam

2300 4720 2521 4776 humani
2559 4721 2774 4791 generis
2807 4736 3040 4776 massam
3081 4737 3188 4778 non
3216 4731 3386 4778 totam
3409 4723 3464 4776 in
3491 4719 3798 4788 sempiternum

2297 4814 2476 4884 perire
2495 4813 2740 4884 permisit
2761 4827 2774 4865 :
2800 4814 2895 4868 sed
2908 4829 3046 4883 quos
3065 4813 3235 4869 voluit
3256 4813 3375 4884 ejus
3389 4813 3609 4884 gratuita
3628 4804 3798 4863 bonitas.

2299 4904 2527 4974 repulsis
2577 4905 2813 4960 tenebris
2841 4905 2893 4959 in
2939 4906 3136 4974 quibus
3161 4907 3338 4961 omnis
3365 4907 3590 4960 humana
3614 4895 3800 4954 natis-itas

2297 4997 2503 5068 peccati
2532 4997 2813 5068 originalis
2833 4999 3286 5056 condemnatione
3316 5006 3578 5062 versatur,
3605 4989 3800 5048 reducen-

2297 5091 2395 5146 dos
2415 5091 2821 5160 praedestinavit
2861 5092 2928 5148 ad
2958 5091 3154 5148 lucem.
3176 5091 3234 5147 ln
3257 5107 3322 5148 eo
3355 5090 3610 5163 praecipue
3633 5084 3795 5139 demon'

2299 5193 2451 5240 trans
2489 5187 2632 5256 quod
2659 5187 2792 5242 istos
2836 5186 3116 5257 originalis
3143 5187 3352 5258 peccati
3383 5183 3599 5242 vinculis
3622 5172 3800 5236 indebill

2297 5276 2468 5344 gratia
2528 5276 2840 5331 liberatoris
2879 5276 3202 5343 absolveret,
3255 5293 3376 5333 cum
3427 5276 3575 5338 alios,
3610 5278 3656 5326 ει
3685 5275 3799 5335 quam

2299 5366 2532 5419 maxime
2562 5367 2836 5434 parvulos,
2868 5368 3063 5437 quibus
3091 5369 3233 5424 nulla
3262 5376 3485 5439 possunt
3510 5363 3588 5420 vel
3610 5361 3724 5415 bona
3745 5347 3800 5439 id

2299 5454 2438 5508 mala
2482 5454 2661 5510 inesse
2695 5457 2928 5526 propriae
2973 5459 3202 5514 materia
3251 5438 3562 5514 voluntatis,
3595 5438 3799 5507 insolubili

2300 5559 2438 5600 nexu
2468 5554 2672 5602 aeterna
2720 5545 2995 5603 damnatio
3025 5549 3300 5604 retineret.
3342 5549 3500 5603 Bona:
3527 5553 3709 5616 quoque
3738 5549 3800 5585 νο·

2301 5637 2526 5692 luntatis
2575 5647 2630 5694 et
2676 5638 3022 5709 cogitationis
3057 5641 3268 5696 initium
3311 5657 3417 5697 non
3455 5633 3638 5694 homini
3673 5643 3726 5684 ex
3761 5634 3800 5675 ³⁸

2301 5731 2419 5799 ipso
2440 5731 2610 5795 nasci,
2638 5731 2732 5786 sed
2765 5732 3022 5787 divinitus
3044 5741 3098 5787 et
3124 5733 3410 5803 praeparari
3437 5739 3490 5786 et
3518 5719 3736 5784 tribui,in
3754 5724 3797 5765 οη

2303 5822 2445 5876 Deus
2471 5823 2747 5877 evidenter
2776 5825 3028 5892 ostendit,
3060 5827 3183 5896 quia
3211 5840 3379 5896 neque
3402 5822 3646 5882 diabolus,
3673 5819 3796 5877 υειιυε
