4064 6346
321 463 456 518 1075

1161 460 1242 513 Illi
1281 457 1950 515 PREDESTINATIONE
1990 457 2264 514 CONTRA
2307 457 2352 512 J.
2393 457 2671 520 SCOTUM

3418 462 3555 517 1074

320 578 514 648 aliquis
533 576 844 646 angelorum
872 575 1008 642 ejus,
1033 591 1097 628 ex
1121 590 1226 643 quo
1254 575 1423 630 ruinae
1447 574 1588 630 illius
1611 574 1804 629 merito
1826 574 1882 628 in
1907 574 1962 635 Α
1985 571 2304 626 humilitatis
2327 571 2714 626 conscientiam
2755 568 3028 624 retulisti?
3056 569 3123 624 Et
3150 581 3328 626 tamen
3357 573 3556 628 instin-

321 671 460 724 hanc
501 674 629 724 sunt
665 663 975 719 inferiorem
1001 664 1204 719 detrusi
1233 663 1536 734 caliginem,
1565 663 1761 718 bonam
1789 678 1883 734 po-

321 759 424 814 tuit
448 764 542 810 aut
572 755 770 826 poterit
794 769 1071 818 resumere
1109 754 1461 820 voluntatem,
1487 755 1614 824 quia
1647 755 1692 809 si
1715 756 1888 824 possi—

321 851 428 907 bile
447 856 593 906 esset
621 857 680 904 ut
707 849 944 904 humana
973 856 1182 914 natura,
1209 857 1490 918 postquam
1516 863 1546 902 a
1567 849 1678 904 Deo
1698 862 1887 902 aversa

319 943 619 1000 bonitatem
643 941 875 1013 perdidit
901 941 1212 1005 voluntatis,
1246 955 1313 995 ex
1335 954 1393 995 se
1423 941 1538 1010 ipsa
1563 953 1747 994 rursus
1766 954 1887 994 eam

321 1035 524 1092 habere
550 1033 836 1104 potuisset,
874 1030 1044 1086 multo
1079 1029 1386 1100 possibilius
1424 1029 1527 1086 hoc
1557 1037 1750 1084 natura
1792 1029 1888 1083 ha-

321 1136 478 1186 beret
503 1126 765 1200 angelica,
791 1141 929 1196 quae,
957 1133 1157 1195 quanto
1184 1124 1364 1180 minus
1406 1122 1889 1202 gravaturqterreni

322 1221 565 1291 corporis
601 1219 861 1292 pondere,
891 1226 1038 1274 tanto
1071 1217 1242 1288 magis
1263 1216 1365 1272 hac
1389 1225 1532 1272 esset
1553 1215 1776 1286 praedita
1811 1214 1891 1268 fa-

323 1313 539 1368 cultate.
567 1310 676 1368 Sed
701 1311 938 1366 ostendit
956 1309 1098 1365 Deus
1119 1309 1261 1364 unde
1281 1309 1421 1364 bona
1437 1308 1686 1363 voluntas
1712 1306 1886 1363 homi-

322 1404 480 1459 nibus
506 1403 685 1468 detur,
725 1415 888 1471 quam
916 1401 994 1455 sic
1024 1399 1320 1454 amiserunt
1347 1397 1522 1467 angeli
1551 1412 1674 1454 cum
1720 1397 1888 1452 habe-

323 1503 468 1559 rent,
521 1501 580 1548 ut
623 1492 877 1547 amissam
927 1491 1177 1560 deinceps
1221 1489 1418 1544 habere
1466 1503 1572 1544 non
1625 1487 1876 1559 possint.]

326 1585 365 1654 ιι-
393 1584 540 1640 Idem
559 1591 684 1655 post
711 1582 887 1654 aliqua
911 1581 1224 1654 Fulgentius
1256 1598 1269 1634 :
1296 1579 1420 1652 [Qui
1449 1580 1592 1634 enim
1621 1593 1714 1635 eos
1758 1579 1894 1634 tales

322 1675 755 1744 pmdestinando
786 1673 1126 1744 praeparavit,
1155 1679 1216 1727 ut
1265 1685 1432 1742 regno
1485 1672 1632 1742 digni
1685 1679 1888 1737 essent,

321 1763 646 1836 praeparavit
663 1763 850 1834 utique
871 1763 1162 1818 secundum
1189 1761 1517 1832 propositum
1545 1762 1812 1817 vocandas
1831 1769 1892 1816 ut

325 1853 600 1920 obediant,
617 1852 942 1924 praeparavit
955 1850 1352 1919 justiﬁcandos,
1364 1859 1446 1917 ut,
1460 1860 1678 1921 accepta
1695 1852 1886 1922 gratia,

1987 671 2075 718 ctu
2093 663 2186 718 Dei
2211 661 2414 718 factum
2437 676 2556 717 esse
2577 660 2826 727 fideliter,
2840 655 3222 733 sapienterque
3243 663 3447 730 vidisti,
3467 681 3557 722 ve-

1987 755 2185 809 raciter
2213 753 2547 822 ﬁdenterque
2568 751 2770 807 dixisti.
2795 751 2918 807 Ideo
2942 752 3125 822 utique
3145 753 3398 822 quoniam
3421 769 3560 825 prta-
3613 761 3618 764 '

1987 855 2206 916 paratur
2230 845 2464 900 voluntas
2484 863 2517 899 a
2535 845 2762 899 Domino
2783 841 2969 916 (Prov.
2983 845 3038 909 8,
3067 859 3171 899 sec.
3204 844 3297 898 LX
3303 843 3354 900 Χ
3356 845 3396 918 ),
3421 854 3562 902 etut

1986 935 2113 991 boni
2141 937 2340 1006 aliquid
2369 943 2553 1006 agant,
2575 935 2820 1005 paternis
2853 934 3299 1004 inspirationibus
3333 951 3556 991 suorum

1989 1027 2104 1097 ipse
2132 1028 2304 1098 tangit
2327 1028 2492 1083 corda
2519 1027 2752 1083 ﬁliorum
2776 1044 2791 1080 :
2816 1037 3066 1098 quotquot
3085 1028 3224 1082 enim
3249 1026 3450 1097 Spiritu
3463 1028 3563 1086 Dei

1990 1131 2237 1192 aguntur,
2267 1123 2322 1175 hi
2348 1121 2448 1190 ﬁlii
2473 1130 2595 1176 sunt
2621 1120 2720 1175 Dei
2747 1119 2926 1180 (Rom.
2953 1135 3074 1186 vni,
3107 1120 3218 1191 14).
3255 1119 3327 1176 Ut
3347 1137 3447 1177 nec
3469 1137 3566 1178 no-

1990 1222 2161 1268 strum
2201 1214 2389 1268 deesse
2424 1213 2721 1269 sentiamus
2761 1212 3046 1268 arbitrium
3064 1252 3080 1278 ,
3103 1220 3160 1267 et
3186 1212 3241 1266 in
3265 1213 3420 1268 bonis
3445 1215 3568 1284 qui-

1991 1303 2200 1371 busque
2246 1302 2536 1358 voluntatis
2568 1304 2817 1358 humanae
2852 1301 3078 1373 singulis
3119 1303 3355 1360 motibus
3392 1305 3566 1376 magis

1992 1393 2136 1448 illius
2159 1393 2338 1449 valere
2359 1409 2467 1448 non
2492 1393 2798 1449 dubitemus
2825 1391 3130 1466 auxilium]

2065 1484 2106 1555 1-
2129 1483 2384 1554 Prosper,
2402 1485 2486 1539 vir
2507 1483 2980 1556 eloquentissimus
3003 1494 3166 1554 atque
3194 1486 3562 1550 doctissimus,

1995 1577 2238 1633 scribens
2260 1577 2373 1646 jam
2393 1577 2520 1633 inde
2547 1577 2832 1633 adversum
2853 1586 2906 1633 te
2928 1579 3028 1633 sub
3047 1578 3270 1635 nomine
3296 1579 3564 1647 Cassiani,

1993 1667 2293 1739 Pelagiana:
2323 1670 2591 1724 haereseos
2615 1670 2926 1736 assertoris,
2957 1670 3034 1725 ita
3079 1671 3221 1727 inter
3253 1681 3449 1728 caetera
3491 1674 3570 1730 lo-

1993 1773 2151 1820 cutus
2196 1775 2280 1819 est
2307 1765 2528 1836 (Contra
2554 1763 2771 1832 Collat.,
2794 1783 2912 1836 cap.
2949 1766 3038 1838 H)
3064 1785 3078 1821 :
3111 1766 3284 1838 [Quid
3314 1769 3380 1824 de
3411 1769 3572 1824 elisa-

1994 1869 2114 1908 rum
2138 1854 2663 1924 argumentationum
2683 1854 3001 1910 ratiunculis
3021 1856 3189 1911 fracta
3210 1857 3396 1913 studes
3417 1873 3570 1913 arma

325 1954 472 2000 recte
495 1945 717 2000 credant
765 1953 820 2000 et
844 1944 982 1999 bene
1007 1943 1223 2009 vivant;
1254 1943 1574 2014 praeparavit
1591 1944 1752 1998 etiam
1779 1945 1890 2014 glo«
1918 1948 1966 2009 B
1994 1942 2279 2014 colligere?
2301 1940 2440 2009 Quid
2467 1943 2682 1998 cineres
2704 1943 2957 1999 exstincti
2985 1945 3252 2015 dogmatis
3280 1945 3571 2002 refovendo

323 2034 630 2101 riﬁcandos,
655 2043 738 2101 ut,
759 2033 959 2090 Christi
985 2034 1290 2089 cohaeredes
1313 2031 1509 2099 effecti,
1535 2048 1757 2104 regnum
1784 2049 1894 2088 cte-

323 2128 498 2185 lorum
527 2127 644 2182 sine
664 2125 771 2182 ﬁne
790 2124 1102 2196 possideant
1127 2144 1140 2180 :
1164 2124 1231 2180 ad
1255 2125 1396 2194 quod
1417 2139 1640 2196 regnum
1670 2126 1895 2182 diversis

324 2216 661 2290 temporibus
691 2231 790 2288 per
821 2223 1182 2280 sacramenta,
1225 2230 1344 2286 quae
1369 2215 1436 2269 ad
1462 2213 1622 2270 ﬁdem
1644 2215 1894 2271 incarna-

326 2310 487 2366 tionis
514 2324 626 2364 suaa
650 2307 900 2364 Christus
946 2307 1196 2373 instituit,
1253 2307 1328 2362 illi
1355 2318 1733 2378 pervenerunt,
1761 2324 1896 2379 quos

324 2400 468 2456 Deus
511 2399 699 2471 gratis,
743 2398 891 2454 nullo
915 2399 1071 2454 bonae
1095 2397 1389 2456 voluntatis
1425 2399 1512 2455 vel
1553 2399 1682 2456 boni
1717 2402 1902 2472 operis

328 2491 521 2546 merito
553 2489 914 2560 praecedente,
937 2487 1209 2561 salvavit.]

396 2582 436 2652 -ι-
461 2580 660 2637 Beatus
709 2580 1081 2646 Innocentius,
1115 2580 1423 2652 apostolicae
1454 2581 1599 2637 sedis
1627 2584 1853 2638 antistes
1879 2624 1895 2650 ,

328 2673 396 2728 ad
422 2672 584 2728 Afros
609 2673 893 2743 episcopos
923 2683 1113 2728 contra
1155 2673 1429 2744 Pelagium
1459 2675 1702 2732 scribens
1723 2675 1894 2748 (epist.

327 2771 416 2841 61)
451 2789 464 2824 :
498 2769 775 2844 [Liberum
797 2770 966 2836 enim,
989 2770 1186 2840 inquit,
1215 2771 1497 2826 arbitrium
1521 2772 1648 2826 olim
1675 2772 1764 2828 ille
1779 2788 1900 2844 per-

325 2879 537 2935 pessus,
575 2866 701 2920 dum
746 2865 858 2920 suis
883 2864 1238 2920 inconsultius
1287 2864 1456 2920 utitur
1491 2865 1670 2931 bonis,
1703 2866 1900 2932 cadens

329 2958 383 3011 in
417 2956 882 3028 praevaricationis
915 2955 1180 3028 profunda
1226 2957 1527 3023 demersus,
1557 2957 1690 3013 nihil
1708 2972 1902 3029 quem-

328 3048 616 3104 admodum
645 3049 838 3105 exinde
874 3064 1097 3120 surgere
1136 3050 1327 3120 possit,
1358 3051 1579 3117 invenit,
1613 3068 1818 3123 suaque
1846 3054 1900 3108 in

328 3149 590 3198 aeternum
633 3141 886 3197 libertate
931 3143 1207 3212 deceptus,
1245 3142 1404 3213 hujus
1445 3143 1600 3198 ruina
1639 3141 1904 3212 jacuisset

328 3249 637 3305 oppressus,
677 3232 780 3288 nisi
810 3248 934 3288 eum
959 3239 1082 3303 post
1110 3231 1314 3288 Christi
1341 3248 1440 3302 pro
1470 3249 1566 3288 sua
1606 3234 1781 3305 gratia
1809 3250 1898 3290 re-

329 3298 564 3384 levasset
589 3298 872 3383 adventus.
895 3326 915 3398 ]
1029 3327 1277 3397 Episcopi
1319 3298 1589 3385 Africana:
1609 3298 1904 3400 provincia:
1931 3298 1976 3362 C

331 3421 547 3476 ducenti
575 3420 982 3491 quatuordecim
1017 3421 1068 3475 in
1106 3420 1334 3491 epistola
1371 3421 1438 3476 ad
1485 3423 1701 3478 beatum
1749 3422 1906 3479 Zozi-

332 3529 502 3579 mum,
549 3513 804 3568 Romanae
848 3512 993 3568 sedis
1019 3513 1328 3583 episcopum
1383 3514 1545 3586 (apud
1585 3513 1904 3586 Prosperum

332 3616 514 3661 contra
548 3603 762 3672 Collat.,
785 3615 941 3677 caput
971 3605 1059 3677 10)
1095 3625 1107 3659 :
1147 3605 1593 3678 [Constituimus,
1637 3609 1903 3679 inquiunt,

334 3699 388 3754 in
430 3697 704 3769 Pelagium
734 3707 897 3770 atque
933 3697 1244 3756 Ctelestium
1271 3716 1373 3772 per
1397 3702 1760 3759 venerabilem
1789 3703 1906 3775 cpio

335 3805 555 3861 scopum
610 3789 977 3846 Innocentium
1015 3792 1082 3847 de
1133 3792 1430 3848 beatissimi
1481 3793 1708 3863 apostoli
1760 3793 1908 3850 Petri

335 3885 462 3940 sede
484 3882 746 3955 prolatam
777 3900 994 3940 manere
1016 3886 1360 3951 sententiam,
1374 3886 1545 3941 donec
1567 3887 1908 3957 apertissima

335 3971 672 4029 confessione
695 3972 967 4029 fateantur
983 3976 1156 4046 gratia
1182 3976 1276 4031 Dei
1305 3992 1402 4046 per
1427 3975 1609 4032 Iesum
1634 3977 1908 4033 Christum

340 4064 622 4119 Dominum
666 4074 930 4130 nostrum,
970 4081 1080 4122 non
1133 4067 1307 4122 solum
1338 4067 1405 4122 ad
1444 4069 1908 4138 cognoscendam,

339 4170 526 4210 verum
555 4155 720 4210 etiam
751 4157 817 4210 ad
858 4156 1158 4212 faciendam
1179 4157 1445 4228 justitiam
1482 4173 1580 4214 nos
1618 4173 1714 4228 per
1760 4167 1912 4216 actus

340 4247 581 4319 singulos
610 4246 854 4316 adjuvari
887 4266 900 4302 :
932 4248 1006 4304 ita
1037 4256 1098 4303 ut
1126 4248 1241 4304 sine
1271 4248 1360 4302 illa
1391 4249 1523 4303 nihil
1548 4265 1691 4303 vera:
1729 4251 1913 4321 justas-

341 4354 446 4408 que
471 4338 594 4411 (aL,
624 4339 955 4412 sanctasque)
983 4340 1201 4411 pietatis
1250 4340 1450 4395 habere
1474 4380 1490 4406 ,
1520 4341 1778 4411 cogitare,
1825 4340 1912 4396 di-

343 4446 487 4496 cere,
513 4447 674 4503 agere
700 4431 994 4488 valeamus.
1024 4431 1043 4504 ]
1071 4433 1112 4502 -ι-
1139 4431 1373 4487 Sanctus
1410 4430 1659 4500 Zozimus
1681 4447 1816 4504 papa
1847 4435 1914 4488 ad

345 4523 655 4578 universum
677 4522 864 4579 orbem
891 4532 1079 4577 contra
1101 4522 1421 4593 Pelagianos
1444 4523 1688 4580 scribens
1719 4540 1733 4578 :
1768 4523 1916 4596 [Nos

1992 2035 2293 2090 deﬁcientis
2321 2034 2453 2089 fumi
2482 2035 2727 2090 nidorem
2756 2037 2810 2090 in
2845 2037 3145 2092 redivivam
3173 2038 3446 2094 flammam
3477 2055 3571 2095 co-

1992 2125 2141 2180 naris
2189 2117 2520 2179 accendere?
2564 2123 2683 2180 Non
2709 2134 2794 2180 est
2816 2127 3119 2198 periculum
3163 2128 3320 2184 liberi
3358 2130 3570 2186 arbitrii

1993 2231 2062 2270 ex
2094 2215 2266 2286 gratia
2320 2214 2439 2280 Dei,
2488 2227 2588 2271 nec
2645 2215 2893 2271 voluntas
2937 2216 3185 2273 aufertur
3221 2235 3344 2274 cum
3375 2220 3431 2274 in
3457 2220 3572 2291 ipsa

1993 2308 2133 2363 bene
2159 2306 2298 2362 velle
2323 2317 2636 2377 generatur.
2667 2307 2803 2362 Nam
2838 2310 2884 2363 si
2915 2309 3038 2366 ideo
3085 2325 3191 2366 non
3229 2313 3466 2382 putanda
3488 2322 3574 2368 est

1995 2407 2200 2465 nostra,
2233 2399 2358 2468 quia
2389 2397 2670 2463 formatur,
2699 2399 2924 2470 regitur,
2953 2401 3256 2468 ordinatur,
3289 2403 3570 2468 imbuitur,

1995 2491 2292 2562 spoliantur
2312 2490 2560 2545 libertate
2585 2490 2680 2545 lilii
2707 2492 2824 2556 Dei,
2868 2493 2958 2562 qui
2984 2504 3214 2563 aguntur
3247 2493 3451 2565 Spiritu
3477 2495 3574 2551 Dei

1998 2583 2170 2656 (Rom.
2199 2597 2318 2648 vin,
2351 2582 2714 2655 H),perdunt
2739 2585 2978 2655 vigorem
3006 2568 3285 2641 rationalis
3303 2588 3492 2653 animi,
3521 2597 3577 2643 et

1997 2678 2146 2733 omni
2185 2676 2503 2732 voluntariae
2528 2677 2831 2733 devotionis
2860 2677 3016 2732 laude
3051 2678 3356 2747 privantur,
3380 2680 3576 2750 quibus

1999 2774 2157 2828 datur
2168 2769 2396 2842 Spiritus
2421 2772 2690 2843 sapientia
2712 2781 2759 2825 et
2781 2770 3093 2835 intellectus,
3116 2771 3322 2827 consilii
3347 2782 3396 2826 et
3424 2773 3576 2843 forti-

1999 2865 2216 2930 tudinis,
2234 2865 2488 2931 scientiw,
2509 2883 2569 2919 ac
2589 2865 2881 2935 pietatis,et
2904 2863 3105 2918 timoris
3134 2863 3348 2918 Domini
3373 2862 3427 2935 (I
3449 2861 3576 2920 Cor.

2003 2958 2121 3030 xu).
2151 2957 2380 3014 Prorsus
2419 2958 2512 3027 qui
2552 2957 2639 3013 his
2667 2956 3141 3012 reformationibus
3169 2971 3227 3013 se
3252 2972 3361 3012 non
3387 2967 3580 3027 putant

2002 3049 2262 3118 indigere,
2278 3047 2346 3104 de
2366 3048 2566 3104 veteris
2587 3049 2764 3103 morbi
2790 3049 3180 3105 consuetudine
3200 3051 3254 3105 in
3273 3051 3580 3121 phrenesim

2003 3141 2333 3195 transierunt
2365 3159 2378 3194 :
2419 3148 2682 3210 respuunt
2710 3138 2829 3212 (aL,
2855 3140 3194 3212 respuentes)
3221 3142 3539 3216 ~remedium
3563 3183 3578 3206 ,

2007 3231 2262 3297 clamant,
2289 3232 2586 3297 insaniunt,
2619 3232 2970 3287 reluctantur.
3005 3231 3112 3288 Sed
3135 3233 3180 3287 si
3206 3233 3582 3304 promissionis

2008 3334 2134 3381 sunt
2169 3324 2300 3389 ﬁlii,
2334 3325 2616 3395 quiescent
2649 3334 2705 3380 et
2741 3325 3096 3380 sanabuntur.
3128 3323 3214 3398 ]-[-
3241 3324 3386 3382 Idem
3412 3326 3465 3380 in
3495 3341 3585 3380 eo-

1987 3417 2126 3481 dem
2165 3415 2366 3488 (Ibid.,
2413 3435 2528 3488 cap.
2591 3415 2669 3489 8).
2719 3415 2900 3490 [Falso
2949 3431 3078 3489 ergo
3113 3419 3404 3474 secundum
3447 3419 3587 3474 hanc

2007 3506 2375 3563 deﬁnitionem
2403 3516 2530 3562 ante
2560 3506 2744 3563 dixisti
2770 3523 2879 3563 non
2907 3507 3082 3563 solum
3116 3517 3332 3564 actuum
3350 3549 3366 3574 ,
3400 3523 3586 3563 verum

2007 3599 2172 3654 etiam
2217 3599 2605 3668 cogitationum
2651 3599 2918 3655 bonarum
2953 3615 3021 3654 ex
3059 3598 3172 3654 Deo
3226 3613 3344 3655 esse
3390 3600 3589 3669 princi-

2007 3689 2177 3760 pium,
2210 3689 2302 3759 qui
2343 3697 2398 3744 et
2420 3689 2610 3760 incipit
2635 3704 2758 3758 quae
2782 3690 2924 3744 bona
2955 3697 3100 3756 sunt,
3123 3697 3179 3744 et
3199 3689 3516 3760 exsequitur
3537 3701 3590 3745 et

2010 3787 2352 3835 consummat
2391 3779 2443 3833 in
2478 3779 2654 3843 nobis,
2685 3779 2778 3833 sed
2823 3779 2928 3833 hoc
2954 3777 3104 3834 nullo
3128 3779 3289 3834 modo
3319 3794 3387 3834 ex
3414 3779 3592 3850 aliqua

2012 3878 2162 3941 parte
2191 3878 2366 3941 potest
2391 3883 2512 3925 esse
2549 3869 2743 3924 falsum
2767 3883 2782 3922 :
2807 3867 2932 3940 quia
2961 3867 3096 3940 [Al.,
3119 3867 3228 3941 cui]
3254 3883 3594 3940 nequaquam

2013 3959 2202 4014 inferri
2237 3960 2512 4014 contraria
2543 3959 2866 4024 debuerunt,
2892 3967 2953 4013 ut
2977 3958 3121 4029 quod
3149 3969 3296 4014 recte
3319 3958 3596 4032 professus

2012 4065 2070 4105 es
2090 4066 2156 4106 ex
2183 4049 2359 4122 gratia
2387 4051 2646 4120 incipere,
2690 4051 2746 4105 id
2777 4058 2965 4122 postea
3005 4052 3329 4108 conﬁrmare
3364 4068 3463 4123 per
3507 4067 3596 4107 na-

2013 4149 2147 4194 turae
2203 4138 2403 4194 bonum
2459 4148 2514 4194 et
2549 4153 2648 4208 per
2680 4138 2912 4194 liberum
2943 4140 3227 4196 arbitrium
3252 4156 3350 4197 nos
3373 4141 3594 4198 habere.

2013 4231 2156 4287 Dicit
2184 4230 2399 4300 quidem
2436 4231 2627 4286 beatus
2675 4229 2966 4300 Apostolus
3001 4249 3014 4285 ε
3054 4230 3197 4286 Velle
3221 4234 3359 4288 enim
3388 4234 3597 4303 adjacet

2014 4323 2164 4388 mihi,
2193 4322 2439 4393 perﬁcere
2469 4331 2643 4376 autem
2686 4322 2876 4376 bonum
2913 4339 3017 4376 non
3042 4324 3246 4378 invenio
3279 4323 3450 4396 (Rom.
3499 4341 3597 4395 vn,

2015 4420 2138 4491 18);
2165 4421 2256 4476 sed
2291 4421 2433 4475 idem
2464 4420 2595 4475 dicit
2621 4437 2634 4474 :
2669 4419 2793 4474 Non
2820 4420 2943 4490 quia
2963 4419 3139 4473 idonei
3167 4435 3348 4474 sumus
3373 4418 3602 4489 cogitare

2016 4513 2215 4586 aliquid
2239 4533 2271 4568 a
2303 4515 2468 4580 nobis,
2492 4514 2643 4585 quasi
2666 4530 2731 4568 ea:
2759 4513 2905 4567 nobis
2929 4527 2948 4566 :
2974 4513 3064 4568 sed
3086 4512 3392 4584 sufﬁcientia
3422 4522 3601 4566 nostra

345 4613 658 4680 tamen,ait,
677 4613 933 4668 instinctu
960 4613 1051 4669 Dei
1083 4613 1283 4686 (omnia
1309 4613 1452 4669 enim
1474 4613 1614 4669 bona
1637 4615 1706 4669 ad
1731 4626 1918 4672 aucto-
1942 4668 1994 4686 η
2021 4624 2084 4662 ex
2107 4607 2216 4661 Deo
2245 4617 2318 4662 est
2356 4605 2444 4678 (11
2469 4603 2594 4660 Cor.
2629 4621 2710 4669 ιιι,
2736 4603 2812 4676 5).
2861 4604 2929 4660 Et
2977 4605 3117 4660 idem
3161 4603 3335 4659 dixit:
3361 4603 3503 4657 Dem
3529 4613 3603 4656 est

345 4718 458 4758 rem
512 4668 669 4757 suum
705 4701 986 4758 referenda
1026 4668 1151 4757 sunt
1173 4743 1187 4766 ,
1237 4702 1379 4756 unde
1438 4702 1792 4775 nascuntur),
1849 4705 1916 4760 ad
1942 4668 1996 4729 D
2022 4699 2159 4752 enim
2181 4697 2270 4768 qui
2299 4706 2546 4766 operatur
2568 4697 2623 4750 in
2645 4695 2792 4749 nobis
2814 4705 2862 4750 et
2891 4694 3016 4750 velle
3043 4705 3092 4750 et
3120 4694 3326 4764 operari
3351 4708 3445 4763 pro
3469 4691 3603 4745 bona

346 4793 575 4848 fratrum
607 4802 664 4850 et
700 4793 1142 4864 coepiscoporum
1181 4802 1488 4849 nostrorum
1531 4795 1920 4850 conscientiam

345 4879 596 4937 universa
621 4881 923 4937 retulimus.
955 4881 1037 4955 Η·
1063 4882 1233 4950 Quam
1265 4881 1381 4952 ejus
1424 4898 1672 4940 veracem
1708 4893 1923 4941 senten-

348 4975 479 5028 tiam
507 4973 624 5030 Afri
647 4976 884 5047 episcopi
909 4976 1313 5032 veracissimam
1344 4979 1726 5048 approbantes,
1757 4979 1831 5034 ita
1854 4981 1923 5035 ad

346 5079 470 5120 eum
511 5067 818 5123 rescribunt
845 5085 858 5122 :
885 5066 905 5140 [
929 5067 1060 5122 Illud
1092 5083 1218 5124 vero
1255 5069 1400 5138 quod
1449 5069 1502 5124 in
1541 5068 1737 5126 litteris
1773 5071 1881 5126 tuis
1905 5112 1920 5136 ,

348 5172 486 5230 quas
511 5160 579 5215 ad
604 5161 884 5216 universas
907 5161 1216 5230 provincias
1239 5161 1441 5216 curasti
1470 5175 1589 5216 esse
1610 5161 1922 5226 mittendas,

348 5249 576 5321 posuisti
611 5249 842 5306 dicens:
891 5249 1000 5306 Nos
1041 5257 1220 5306 tamen
1259 5250 1516 5306 instinctu
1560 5249 1657 5304 Dei
1706 5251 1924 5320 (omnia

351 5339 496 5395 enim
523 5340 665 5397 bona
694 5341 762 5396 ad
810 5348 1087 5398 auctorem
1118 5356 1275 5396 suum
1304 5339 1585 5396 referenda
1611 5348 1757 5406 sunt,
1787 5341 1928 5396 unde

353 5432 696 5504 nascuntur),
720 5433 788 5487 ad
822 5431 1051 5487 fratrum
1075 5440 1130 5488 et
1151 5433 1592 5503 coepiscoporum
1621 5442 1927 5488 nostrorum

355 5503 743 5575 conscientiam
771 5521 1025 5575 universa
1053 5520 1336 5576 retulimus
1355 5561 1371 5586 ,
1401 5503 1480 5574 sic
1505 5521 1812 5591 accepimus
1853 5521 1934 5575 di-

354 5618 505 5666 ctum
549 5618 610 5666 ut
637 5610 779 5676 illos,
821 5610 914 5682 qui
941 5618 1129 5666 contra
1159 5610 1252 5664 Dci
1291 5611 1616 5681 adjutoriam
1673 5611 1936 5668 extollunt

357 5702 578 5757 humani
609 5702 817 5757 arbitrii
865 5701 1191 5766 libertatem,
1219 5701 1464 5757 districto
1491 5701 1667 5772 gladio
1695 5702 1937 5758 veritatis

361 5792 508 5848 velut
548 5794 750 5848 cursim
794 5794 1062 5849 transiens
1115 5802 1457 5864 amputares;
1491 5794 1619 5864 quid
1640 5794 1785 5850 enim
1829 5804 1936 5850 tam

361 5883 533 5938 libero
563 5881 739 5938 fecisti
769 5884 1192 5956 arhitrio,quam
1218 5884 1362 5955 quod
1389 5884 1640 5938 universa
1663 5884 1717 5939 in
1739 5891 1938 5940 nostra:

2023 4789 2284 4845 voluntate
2298 4785 2516 4859 (Philip.
2541 4804 2604 4852 ιι,
2628 4787 2738 4859 15).
2757 4787 2873 4844 Non
2899 4802 3029 4860 ergo
3042 4785 3330 4857 Apostolus
3350 4783 3453 4840 sibi
3475 4798 3604 4838 con-

2027 4878 2226 4934 trarius
2255 4887 2340 4933 est
2373 4895 2387 4932 :
2416 4879 2509 4932 sed
2538 4879 2663 4948 quia
2693 4893 2816 4934 cum
2845 4879 3099 4935 donatum
3137 4875 3294 4931 nobis
3321 4873 3487 4929 fuerit
3511 4874 3608 4929 bo-

2027 4986 2157 5025 num
2183 4969 2339 5036 velle,
2381 4984 2487 5025 non
2527 4971 2710 5025 statim
2755 4970 3059 5025 invenimus
3079 4964 3355 5030 etfacere,
3381 4965 3483 5020 nisi
3513 4979 3612 5036 pe-

2028 5060 2288 5125 tentibus,
2314 5061 2680 5130 quarentibus
2699 5069 2861 5130 atque
2886 5057 3244 5130 pulsantibus,
3267 5064 3327 5110 ut
3345 5055 3437 5125 qui
3463 5054 3609 5110 dedit

2027 5152 2388 5219 desiderium,
2415 5160 2635 5222 praestet
2663 5151 2935 5208 eﬁ‘ectum.
2970 5150 3086 5205 Vox
3125 5163 3359 5217 namque
3397 5147 3498 5202 ista
3528 5145 3609 5201 di-

2029 5246 2223 5313 centis,
2252 5245 2378 5301 velle
2399 5247 2537 5302 enim
2559 5247 2767 5318 adjacet
2789 5244 2936 5310 mihi,
2955 5242 3201 5314 perﬁcere
3222 5251 3395 5295 autem
3418 5239 3609 5292 bonum

2032 5353 2135 5391 non
2180 5337 2404 5400 invenio,
2435 5338 2610 5392 vocati
2651 5344 2751 5400 est,
2791 5335 2953 5388 etiam
2983 5335 3081 5389 sub
3112 5332 3284 5404 gratia
3308 5329 3608 5394 constituti,

2033 5428 2125 5496 qui
2160 5427 2566 5482 condelectatur
2593 5426 2810 5494 quidem
2860 5424 2962 5494 legi
2997 5423 3092 5479 Dei
3131 5423 3424 5478 secundum
3474 5422 3613 5476 inte-

2035 5521 2234 5575 riorem
2253 5520 2549 5581 hominem.
2575 5518 2669 5573 sed
2688 5518 2823 5571 videt
2853 5527 2900 5572 et
2925 5517 3086 5571 aliam
3107 5516 3266 5588 legem
3293 5517 3346 5569 in
3369 5515 3614 5569 membris

2037 5615 2146 5669 suis
2173 5621 2546 5684 repugnantem
2575 5611 2676 5681 legi
2711 5611 2897 5665 mentis
2941 5626 3070 5676 sure,
3114 5619 3163 5663 et
3196 5609 3541 5679 captivantem
3561 5624 3616 5662 se

2037 5709 2092 5761 in
2121 5707 2228 5777 lege
2257 5705 2454 5776 peccati
2491 5701 2668 5777 (Rom.
2693 5717 2792 5769 vn,
2823 5702 2952 5774 25);
2982 5711 3039 5757 et
3063 5701 3312 5772 quamvis
3349 5698 3618 5768 acceperit

2041 5795 2323 5854 scientiam
2354 5800 2500 5848 recte
2525 5792 2735 5849 volendi
2755 5835 2769 5860 ,
2801 5793 3055 5849 virtutem
3087 5800 3266 5846 tamen
3308 5791 3362 5845 in
3407 5804 3466 5845 se
3510 5803 3618 5842 non

2043 5885 2248 5942 invenit
2271 5898 2454 5939 eorum
2487 5900 2606 5954 quae
2645 5893 2796 5956 optat
2829 5884 3085 5955 operandi
3107 5924 3122 5948 ,
3151 5883 3320 5938 donec
3353 5895 3453 5951 pro
3476 5879 3618 5935 bona
