4064 6346
606 458 740 515 10³15

601 574 876 630 voluntate
895 584 1057 644 quam
1086 571 1334 642 stitnpsit,
1364 570 1627 626 virtutum
1655 574 1931 627 mereatur
1952 560 2177 627 faculta-

604 674 710 722 tem
740 664 1007 729 invenire,
1035 676 1199 734 quam
1229 660 1424 731 quaerit
1461 656 1581 733 (aL,
1620 668 1896 717 mereatur
1935 662 2179 717 invenire

600 756 695 827 qui
724 754 954 828 ἰαύει.)

674 846 965 919 1-Sanctus
983 845 1315 918 Fulgentius,
1338 858 1423 899 vir
1447 845 1653 916 absque
1678 844 2021 900 cunctatione
2051 856 2180 900 eru-

604 937 901 993 ditissimus
927 950 992 990 ac
1038 930 1407 1001 ﬁdelissimus,
1442 934 1499 989 in
1532 934 1676 990 libro
1703 934 1770 990 de
1816 934 1945 990 Fide
1978 934 2045 990 ad
2074 932 2177 989 Pe-

602 1040 749 1085 trum
762 1029 1047 1084 diaconum
1062 1026 1193 1099 (eoi;
1212 1026 1340 1100 560)
1359 1045 1371 1082 :
1391 1024 1749 1100 [Firmissinie
1770 1034 1908 1093 tene,
1936 1035 1990 1083 et
2009 1026 2182 1083 nulla-

604 1128 767 1177 tenus
783 1117 1013 1181 dubites,
1030 1117 1303 1173 neruinctn
1326 1112 1418 1171 hic
1432 1124 1597 1188 posse
1623 1118 1894 1173 hominem
1916 1119 2182 1188 pteniteu-

604 1213 733 1267 tiam
757 1225 938 1283 agere,
962 1211 1065 1266 nisi
1086 1222 1245 1281 quem
1268 1206 1411 1266 Deus
1451 1210 1855 1276 illuminaverit,
1873 1218 1927 1265 et
1948 1211 2180 1282 gratuita

600 1319 699 1358 sua
740 1304 1089 1358 miseratione
1122 1302 1469 1359 converterit.
1523 1302 1811 1372 Apostolus
1833 1303 1977 1359 enim
2010 1302 2176 1359 dicit:

605 1393 687 1448 Ne
717 1393 851 1463 forte
875 1394 959 1448 det
991 1388 1097 1447 illis
1130 1392 1272 1447 Dm
1300 1394 1657 1464 paenitentiam
1678 1394 1748 1448 ad
1771 1392 2181 1465 cognoscendam

600 1486 866 1540 raritatem
892 1492 943 1539 et
990 1484 1299 1555 resipiscam
1345 1501 1378 1537 a
1410 1480 1609 1539 diaboli
1659 1483 1859 1555 laqueis
1914 1480 2001 1555 (II
2042 1480 2177 1539 Tim.

592 1590 660 1641 ll,
688 1576 805 1645 25).
828 1575 1167 1632 ﬁrmissime
1186 1586 1335 1642 tene,
1359 1584 1417 1632 et
1436 1574 1749 1633 nullatenus
1769 1576 2000 1643 dubites,
2022 1588 2183 1646 posse

598 1669 818 1738 quidem
850 1669 1145 1734 hominem,
1182 1682 1343 1739 quem
1394 1682 1494 1724 nec
1544 1669 1845 1743 ignorantia
1877 1669 2179 1725 litterarum

598 1772 702 1813 nec
721 1757 901 1828 aliqua
923 1758 1173 1827 prohibet
1199 1757 1540 1814 imbecillitas
1563 1759 1642 1814 vel
1668 1759 1990 1824 adversitas,
2016 1758 2180 1814 verba

598 1857 800 1905 sanetae
844 1849 979 1920 legis
1026 1856 1083 1905 et
1112 1849 1387 1919 Evangelii
1432 1851 1547 1906 sive
1598 1850 1797 1920 legere,
1834 1850 1948 1904 sive
1971 1864 2037 1905 ex
2086 1864 2182 1907 ore

1518 468 1561 509 ιο
1595 456 1652 513 s.
1692 446 2067 515 patronum
2106 438 2487 514 iuremus
2522 454 2824 516 EPISCOPI

3666 466 3761 524 1076

2205 577 2253 635 Α
2280 570 2393 637 stis,
2421 571 2510 624 sed
2531 586 2622 642 ego
2645 570 2775 642 elegi
2798 584 2906 638 vos,
2946 566 2993 626 et
3017 571 3166 642 posui
3201 588 3285 625 vos
3314 581 3365 625 ut
3391 574 3511 628 eatis
3531 584 3569 628 et
3594 578 3760 645 {ructant

2282 660 2715 732 aﬂerationan.
2738 674 2829 727 xv,
2850 656 2957 734 16).
2984 658 3123 717 Etu't
3148 662 3309 717 vitam
3332 673 3533 735 propter
3552 662 3693 733 ﬁdem,
3709 670 3764 724 di.

2280 754 2569 810 lectionem
2591 764 2645 809 et
2666 764 2831 823 opera
2854 755 3016 821 bona,
3040 750 3394 826 percipiam‘us
3414 752 3656 824 aeternam,
3682 775 3766 832 gra-

2280 844 2354 901 tia
2392 842 2489 901 Dei
2512 854 2615 911 est,
2646 845 2768 915 quia
2809 858 2875 900 ne
2898 858 2926 899 a
2976 836 3117 901 bono
3163 846 3432 903 deviemus
3473 838 3651 915 itinere,
3685 851 3767 922 ipso

2283 939 2417 993 duce
2447 942 2661 1007 semper
2686 948 2821 1007 opus
2842 938 3130 1005 habemus,
3155 939 3239 995 cui
3264 938 3454 993 dicitur
3477 956 3489 993 :
3528 936 3675 995 Deduc
3693 960 3765 1011 ue,

2284 1024 2523 1099 Domine,
2542 1030 2690 1086 invia
2716 1041 2827 1096 tua,
2870 1041 2917 1086 et
2960 1030 3218 1086 ambulem
3263 1033 3317 1086 in
3354 1033 3547 1087 veritate
3586 1044 3661 1089 tua
3685 1033 3766 1107 (Ps.

2281 1130 2481 1189 mm,
2508 1118 2619 1193 11).
2648 1120 2727 1177 Ac
2754 1120 2799 1177 si
2821 1128 3007 1195 aperte
3030 1122 3272 1179 dicatur:
3294 1120 3407 1178 Nisi
3424 1128 3473 1180 te
3497 1123 3614 1180 duce
3644 1126 3770 1196 ingre-

2283 1210 2439 1269 diens
2467 1213 2609 1267 viam
2632 1211 2897 1279 veritatis,
2930 1216 3089 1285 quam
3114 1206 3254 1283 edepl
3282 1221 3475 1281 tenere,
3504 1214 3769 1287 nequaquam

2283 1300 2508 1358 snliicio.
2553 1298 2633 1357 Ne
2654 1300 2707 1357 in
2741 1298 2895 1358 benis
2929 1302 3245 1377 deficiamus
3284 1302 3540 1374 operibus,
3582 1302 3693 1360 illius
3708 1320 3772 1362 an-

2283 1392 2412 1448 iilio
2434 1392 2694 1449 debemus
2724 1404 2938 1469 semper
2974 1392 3153 1461 inniti,
3185 1390 3278 1465 qui
3300 1396 3393 1460 ait,
3429 1394 3555 1460 Quia
3598 1399 3683 1449 sine
3718 1413 3773 1450 tu

2284 1482 2415 1540 nihil
2434 1482 2647 1556 polestis
2666 1485 2839 1555 facere
2854 1476 3035 1555 (Icari.
3054 1500 3145 1552 xv,
3172 1484 3249 1555 5).
3278 1482 3427 1541 Unde
3459 1484 3587 1541 recte
3607 1486 3773 1541 Psalmi-

2285 1586 2392 1644 sta,
2423 1584 2481 1632 ut
2509 1576 2724 1632 initium
2757 1572 2880 1632 fidei
2909 1585 2965 1632 et
2984 1576 3138 1633 bona‘
3176 1577 3404 1632 aetionis
3431 1594 3459 1632 a
3496 1572 3684 1632 Domino
3710 1593 3776 1632 uo-

2284 1664 2368 1725 bis
2398 1666 2514 1722 dari
2539 1666 2801 1739 signaret,
2834 1666 2911 1722 alt
2943 1676 2956 1721 :
2983 1664 3123 1722 Deus
3164 1668 3332 1733 meus,
3357 1662 3671 1721 misericordia
3698 1666 3775 1738 ejus

2283 1761 2563 1831 prmqriet
2578 1776 2659 1814 me
2688 1758 2806 1831 (Ps.
2842 1760 3017 1833 tvm).
3074 1758 3146 1816 Ut
3183 1744 3325 1815 bona
3364 1775 3475 1832 qua:
3515 1760 3685 1831 agimus
3717 1756 3777 1814 illo

2283 1853 2579 1924 opitulante
2607 1846 2935 1923 perﬁcienda
2972 1852 3210 1919 doceret,
3242 1848 3434 1907 iterum
3463 1840 3613 1907 dicit:
3649 1846 3779 1904 Elui-

598 1938 916 2010 cnjusqtram
958 1941 1334 2012 mediatoris
1368 1942 1574 2007 audire,
1608 1942 1703 1998 sed
1730 1940 1927 1999 divinis
1956 1940 2179 1997 manda-
2206 1938 2257 2004 B
2285 1944 2571 2000 sericordia
2614 1955 2707 1999 tua
2741 1944 3083 2017 subsequetur
3123 1961 3204 1999 me
3248 1942 3482 1999 omnibus
3522 1940 3671 1999 diebus
3703 1944 3779 1999 rita

601 2034 673 2088 tis
701 2034 921 2090 obedire
946 2036 1219 2091 neminem
1267 2050 1448 2107 posse,
1475 2037 1580 2092 nisi
1625 2046 1785 2107 quem
1842 2038 1981 2093 Deus
2007 2039 2180 2110 gratia

598 2138 698 2181 sua
722 2127 1061 2196 praevenetit.
1098 2125 1169 2182 Ut
1194 2129 1341 2198 quod
1365 2130 1512 2184 audit
1543 2144 1785 2199 corpore,
1829 2131 1991 2187 corde
2014 2133 2177 2187 etiam

598 2226 784 2275 mente
823 2219 1115 2290 percipiat,
1163 2226 1462 2292 etaceepta
1512 2221 1769 2277 divinitus
1816 2220 1953 2278 bona
1988 2223 2179 2279 volun-

598 2321 715 2368 tate
741 2320 906 2384 atque
945 2314 1169 2382 virtute,
1200 2315 1450 2371 mandata
1500 2315 1594 2371 Dei
1640 2312 1821 2372 lacere
1862 2324 1916 2371 et
1958 2312 2084 2371 velit
2129 2325 2184 2372 et

598 2406 815 2476 possit:
855 2404 1041 2478 Neque
1085 2410 1224 2463 enim
1270 2411 1358 2480 qui
1398 2408 1598 2480 plantat
1626 2419 1700 2463 est
1745 2408 1967 2480 aliquid,
2022 2424 2182 2479 neque

596 2497 689 2568 φά
714 2497 873 2568 τινα,
892 2499 982 2553 Sed
995 2499 1476 2570 quimcrementum
1495 2500 1605 2566 dat,
1630 2494 1770 2554 Deus
1786 2492 1836 2571 (1
1859 2496 1980 2553 Cor.
2004 2512 2086 2564 ιιι,
2101 2498 2177 2570 7);

600 2587 709 2654 Qui
731 2590 890 2644 etiam
912 2590 1228 2662 operaturin
1250 2591 1395 2644 nobis
1415 2601 1462 2645 et
1484 2590 1611 2646 velle
1633 2598 1680 2645 et
1696 2586 1904 2662 operari
1924 2587 2045 2662 [al.,
2060 2598 2183 2659 pcr-

601 2680 788 2755 licerej
816 2696 911 2753 pro
940 2683 1074 2737 bona
1103 2681 1366 2739 voluntate
1392 2679 1560 2753 (Phil.
1592 2696 1653 2747 ιι,
1689 2680 1798 2755 i5].

669 2796 811 2854 Beda
864 2796 1188 2855 venerabilis
1227 2798 1510 2871 presbyter
1542 2799 1594 2853 in
1652 2790 1873 2854 humilia
1910 2790 2183 2870 Evangelii

599 2886 664 2942 de
689 2884 921 2943 adventu
969 2887 1203 2954 Domini,
1232 2900 1352 2942 cum
1387 2895 1678 2959 exponeret
1707 2902 1721 2941 :
1758 2878 1872 2942 Nos
1901 2886 2078 2942 omnes
2119 2887 2184 2942 de

595 2978 919 3049 plenitudine
980 2980 1093 3050 ejus
1155 2980 1450 3051 accepimus
1500 2988 1548 3034 et
1589 2979 1818 3050 gratiam
1873 2997 1968 3050 pro
2010 2980 2183 3050 gratia

598 3067 781 3140 (loeti.
838 3080 879 3135 t,
937 3068 1047 3142 16),
1081 3068 1362 3141 subiunxit
1400 3086 1414 3126 :
1446 3066 1604 3143 [Quia
1646 3085 1776 3141 ergo
1827 3066 1891 3125 de
1948 3069 2182 3141 plenitu-

599 3162 726 3216 dine
768 3158 1077 3219 Cooditoris
1132 3163 1300 3219 nostri
1350 3170 1456 3218 nou
1511 3160 1765 3232 quidam,
1832 3160 1927 3219 sed
1996 3178 2185 3218 omnes

600 3253 860 3325 quidquid
939 3252 1063 3309 boni
1135 3250 1396 3311 habemus
1467 3255 1808 3326 accepimus,
1885 3254 2181 3314 curandum

601 3358 946 3416 summopere
981 3356 1062 3402 est
1108 3358 1176 3403 ne
1216 3346 1479 3418 quispiam
1519 3346 1585 3402 de
1614 3361 1708 3401 sua
1759 3362 1816 3401 se
1844 3347 1985 3401 bona
2013 3342 2184 3402 actio-

602 3456 669 3493 ne
720 3440 802 3494 vel
851 3440 1178 3511 cegitatione
1216 3430 1466 3496 in‘cailtds
1506 3439 1749 3503 extollat,
1781 3436 1885 3494 nisi
1944 3432 2187 3511 ingratus

602 3532 844 3604 largitori
908 3534 1271 3599 remanserit,
1326 3524 1513 3604 perdat
1570 3530 1771 3587 bonum
1828 3528 1969 3601 quod
2033 3546 2187 3586 accc-

602 3624 703 3694 pit,
753 3640 818 3680 ac
865 3620 1025 3697 digne
1078 3620 1369 3696 apostolica
1421 3614 1789 3693 increpatione
1837 3620 2184 3692 percellatur,

601 3728 705 3788 qua
735 3714 932 3773 dicitur
962 3731 977 3771 :
1010 3712 1150 3783 Quid
1176 3717 1310 3771 attint
1341 3710 1496 3769 habes
1536 3712 1676 3785 quod
1704 3731 1808 3768 non
1837 3706 2082 3785 accepisti
2099 3713 2124 3768 ?
2141 3717 2188 3769 si

602 3818 773 3864 autem
817 3808 1079 3880 accepisti,
1108 3806 1235 3878 quid
1265 3806 1506 3879 gloriaris
1544 3806 1698 3877 quasi
1738 3822 1841 3859 non
1879 3802 2191 3875 acceperis?

600 3898 650 3973 (l
674 3900 805 3958 Cor.
838 3916 912 3967 tv,
945 3900 1022 3972 Ἰ.)
1058 3898 1209 3958 Unde
1254 3896 1366 3970 ipse
1400 3896 1712 3970 Apostolus,
1758 3898 1882 3969 quia
1928 3897 2062 3953 nihil
2110 3897 2190 3953 di-

604 3992 765 4068 ‘gnutii
795 3994 956 4051 dosSe
990 3995 1075 4050 vel
1105 3994 1319 4065 operari
1365 3984 1568 4064 posset,
1609 3994 1654 4048 si
1699 4009 1804 4049 non
1844 3992 1911 4048 de
1955 3992 2188 4064 plenitu-

602 4082 726 4140 dine
781 4076 987 4140 Christi
1058 4085 1344 4155 acciperet,
1393 4080 1517 4138 alibi
1579 4078 1863 4139 manifeste
1930 4084 2184 4149 teStatnr,

602 4166 786 4231 dieens
812 4190 826 4229 :
862 4170 983 4231 Non
1012 4176 1134 4247 quia
1161 4172 1465 4246 suﬁicientes
1511 4175 1674 4227 simus
1729 4172 1956 4245 cogitare
1986 4172 2188 4244 aliquid

603 4274 634 4322 it
666 4267 833 4329 nobis,
866 4267 1018 4340 quasi
1042 4284 1105 4322 ea:
1128 4266 1297 4333 nobis,
1321 4260 1411 4320 sed
1440 4265 1745 4335 stt/ﬁcieutia
1766 4274 1953 4318 nostra
1984 4282 2049 4320 ea:
2077 4250 2187 4319 Deo

602 4368 677 4418 est
722 4354 809 4434 (11
858 4356 981 4415 Cor.
1039 4376 1122 4424 ιιι,
1152 4359 1227 4431 5).
1270 4354 1334 4414 Et
1378 4352 1482 4412 alio
1512 4357 1672 4411 loco:
1708 4346 1773 4409 Et
1829 4358 1999 4426 gratia
2049 4358 2183 4427 ejus,

604 4450 798 4523 ln'qnit,
837 4453 891 4506 iii
928 4468 1006 4505 me
1032 4467 1197 4505 vacua
1242 4465 1343 4502 non
1371 4448 1496 4518 fuit,
1538 4446 1627 4500 sed
1672 4445 1786 4515 plus
1822 4445 1924 4501 illis
1951 4448 2187 4501 omnibus

605 4542 883 4602 laboravi:
915 4560 1017 4600 non
1048 4554 1221 4598 autem
1277 4557 1389 4612 ego,
1439 4540 1529 4595 sed
1579 4540 1749 4603 gratia
1800 4537 1894 4592 Dei
1918 4552 2113 4592 mecum
2133 4534 2184 4608 (l

604 4636 727 4696 Cor.
762 4636 850 4706 iv,
878 4634 984 4710 10).
1025 4630 1177 4704 Quod
1204 4632 1379 4704 ipsum
1407 4633 1518 4688 suis
1547 4628 1882 4687 auditoribus
1914 4628 2187 4686 humiliter

605 4726 948 4804 cogitandum
980 4722 1198 4784 sedulus
1250 4720 1522 4789 inculcat;
1549 4723 1691 4778 unde
1739 4733 1822 4777 est
1847 4720 1975 4777 illud
2006 4741 2017 4774 :
2054 4718 2185 4776 Cum

606 4832 745 4878 ntetu
794 4820 841 4876 ‘el
885 4830 1111 4875 tremore
1136 4824 1356 4872 vestram
1403 4814 1623 4870 salutem
1676 4813 2010 4884 operamini:
2046 4812 2187 4868 Deus

604 4916 677 4968 est
715 4912 852 4967 enim
890 4911 981 4982 qui
1018 4914 1266 4980 operatur
1301 4907 1356 4961 in
1405 4902 1545 4961 vobis
1584 4914 1630 4959 et
1676 4903 1800 4958 velle
1844 4916 1891 4957 et
1940 4904 2188 4975 perﬁcere

602 5000 697 5079 pro
745 5000 877 5058 bona
918 4999 1179 5056 uoluntate
1208 4996 1429 5072 (Philip.
1458 5011 1519 5061 ll,
1554 4994 1640 5061 12,
1684 4994 1792 5067 i5).
1827 4998 1959 5050 (lum
2008 5006 2185 5053 autem

604 5088 827 5152 dixisset
859 5086 1185 5160 evangelista
1218 5102 1314 5145 nos
1334 5104 1523 5144 omnes
1548 5086 1612 5143 de
1634 5084 1965 5159 plenitudine
1981 5080 2185 5142 Christi

605 5178 896 5256 accepisse,
913 5178 1193 5240 confestim
1218 5180 1496 5253 subjuniit
1520 5188 1574 5235 et
1598 5178 1691 5245 ait,
1709 5180 1932 5251 gratiam
1952 5196 2047 5251 pro
2070 5196 2189 5250 gra-

605 5270 698 5335 tia.
723 5270 1003 5333 Geminam
1046 5286 1176 5345 ergo
1220 5286 1316 5327 nos
1362 5271 1591 5345 gratiam
1638 5268 1909 5340 accepisse
1937 5274 2185 5337 testatur,

604 5386 766 5426 unam
791 5368 1039 5425 videlicet
1061 5367 1113 5421 in
1136 5362 1411 5437 prresenti,
1430 5362 1657 5419 alteram
1679 5375 1808 5417 vero
1829 5358 1883 5416 in
1904 5359 2111 5416 futuro:
2130 5360 2184 5417 in

604 5458 859 5532 praesenti
875 5456 1091 5529 quidem
1114 5452 1295 5520 (idem,
1319 5470 1436 5526 qua:
1457 5469 1549 5523 per
1566 5448 1893 5507 dilectionem
1919 5462 2183 5523 operatur,

601 5546 658 5604 in
674 5544 855 5604 futuro
877 5552 1059 5603 autem
1081 5546 1245 5600 vitam
1269 5548 1548 5625 aeternam.
1567 5540 1725 5625 Fides
1737 5541 2084 5613 quippe,quae
2095 5559 2187 5612 per

601 5637 931 5695 dilectionem
973 5648 1238 5707 operatur,
1260 5635 1433 5708 gratia
1476 5622 1700 5699 Delest,
1742 5632 1855 5703 qui,
1888 5642 1946 5689 ut
1992 5632 2183 5689 creda-

606 5734 750 5798 tnus,
775 5732 835 5785 ut
862 5728 1167 5803 diligamus,
1207 5738 1266 5783 ut
1290 5734 1577 5799 operemur
1608 5728 1743 5782 bona
1769 5728 1887 5797 qua:
1915 5727 2183 5790 novimus,

610 5830 717 5876 non
761 5818 884 5875 uilis
938 5818 1365 5890 praecedentibus
1426 5816 1635 5872 meritis
1684 5814 1904 5881 nostris,
1942 5812 2036 5871 sed
2073 5816 2189 5886 ipso

609 5900 895 5981 largiente,
927 5906 1275 5978 percipimus,
1309 5902 1399 5976 qui
1432 5900 1564 5961 dicit
1599 5922 1611 5959 :
1649 5900 1769 5959 Non
1813 5923 1897 5960 vos
1928 5922 2007 5960 me
2035 5902 2191 5977 elegi-
2223 5930 2245 5950 ο

2284 2052 2412 2091 mea:
2442 2032 2558 2107 (Ps.
2590 2046 2727 2102 uti,
2757 2032 2834 2108 6).
2870 2030 2940 2090 Ut
2963 2034 3270 2091 mercedem
3322 2034 3442 2089 vita}
3469 2034 3667 2095 celerum,
3700 2048 3781 2104 qua

2282 2128 2439 2185 bonis
2469 2122 2715 2184 redditur
2740 2127 3018 2199 operibus,
3041 2127 3213 2198 gratis
3248 2122 3411 2181 tribui
3440 2120 3581 2181 nobis
3599 2122 3781 2180 ostende-

2285 2224 2385 2284 ret,
2420 2218 2495 2274 ait
2534 2234 2547 2272 τ
2582 2217 2686 2285 Qui
2725 2220 2942 2273 coronat
2973 2222 3021 2272 le
3053 2208 3105 2273 in
3128 2210 3463 2273 miseratione
3495 2206 3537 2271 el
3563 2210 3783 2269 misericor-

2283 2310 2373 2364 dia
2429 2306 2544 2380 (Ps.
2571 2324 2665 2375 cn,
2690 2304 2768 2384 4).
2827 2304 2885 2364 In
2925 2306 3299 2365 misericordia
3326 2310 3514 2380 quippe
3537 2304 3581 2363 εἰ
3616 2306 3780 2364 misert-

2286 2403 2429 2458 tione
2453 2418 2552 2458 nos
2581 2402 2806 2459 coronat
2846 2392 3062 2473 Quando
3090 2410 3315 2474 propter
3362 2396 3493 2458 bona
3528 2410 3663 2473 opera
3701 2415 3782 2472 quae

2285 2493 2440 2549 nobis
2456 2495 2573 2564 ipse
2589 2493 3017 2549 misericorditer
3035 2492 3342 2549 exercenda
3359 2490 3578 2556 donavit,
3604 2505 3784 2563 sepem:

2284 2580 2638 2640 beatitudinis
2664 2580 2888 2656 praemia
2926 2582 3213 2651 retribuit;
3244 2593 3301 2639 et
3324 2580 3423 2638 hoc
3454 2594 3532 2638 est
3553 2578 3668 2652 «(trod
3698 2580 3786 2634 dici-

2286 2680 2374 2730 tur
2392 2674 2625 2747 accipere
2647 2690 2739 2732 nos
2764 2675 2991 2747 gratiam
3012 2693 3106 2748 pro
3132 2677 3311 2748 gratia
3326 2694 3345 2731 :
3369 2674 3487 2746 quia
3503 2672 3786 2743 nimii-empto

2280 2767 2457 2840 gratia
2484 2768 2639 2824 bona:
2663 2769 3090 2824 conversationis
3113 2772 3281 2839 quatit
3312 2768 3488 2833 dedit,
3531 2770 3579 2820 et
3602 2778 3657 2819 nc
3694 2758 3787 2817 deli-

2286 2874 2409 2918 cere
2435 2862 2607 2933 possit
2636 2862 2749 2933 ipse
2784 2858 3009 2918 servans
3049 2860 3294 2934 adjuvat,
3326 2856 3473 2917 dabit
3496 2846 3787 2933 gratiamin:-

2290 2962 2356 3009 ιω
2416 2952 2892 3022 remunerationis,
2936 2955 2993 3010 in
3043 2968 3150 3024 qua
3202 2953 3589 3010 misericordias
3632 2951 3720 3021 ejus
3751 2948 3789 3002 in

2286 3058 2547 3105 aeternum
2575 3056 2876 3104 cantemus.
2908 3046 3149 3119 Denique
3190 3047 3483 3118 Apostolus
3527 3047 3672 3116 ipsam
3706 3040 3790 3095 \ilz

2287 3147 2503 3194 aeternae
2530 3139 2953 3209 perceptibnem,
2986 3148 3107 3208 quae
3126 3135 3319 3206 utique
3340 3134 3540 3193 meritis
3562 3130 3790 3206 preceden-

2290 3228 2433 3284 tibus
2460 3228 2725 3295 redditur,
2768 3227 2999 3298 gratiam
3044 3232 3244 3284 vocare
3294 3236 3404 3283 non
3455 3218 3790 3289 dubitavd:qni

2212 3304 2258 3369 C
2288 3330 2410 3375 cum
2466 3316 2818 3389 praemisisset
2858 3318 3173 3388 stipendium
3218 3318 3425 3389 peccati
3471 3328 3578 3372 esse
3625 3314 3791 3369 mortem

2290 3415 2464 3487 (Rom.
2497 3429 2551 3479 v,
2578 3412 2691 3484 15),
2708 3412 2877 3468 noluit
2903 3413 3210 3468 eeontrario
3233 3413 3419 3468 (libere
3446 3406 3789 3483 stipendiumin-

2288 3509 2447 3562 stitia:
2466 3518 2586 3562 esse
2612 3506 2776 3561 vitam
2805 3508 3086 3573 aetet‘ham,
3118 3502 3213 3561 sed
3237 3507 3342 3572 ait,
3368 3507 3532 3578 gratia
3561 3512 3703 3557 autem
3728 3496 3793 3551 Dei

2288 3601 2392 3654 vita
2435 3609 2633 3652 tererem
2664 3599 2719 3652 in
2754 3594 2963 3652 Christo
2990 3597 3119 3652 Iesu
3143 3596 3375 3653 Domino
3425 3605 3591 3651 nostra
3630 3590 3790 3663 (Ibid);

2288 3698 2395 3746 non
2427 3692 2551 3763 quia
2585 3706 2689 3747 non
2721 3688 2869 3760 Justc
2900 3691 3111 3746 meritis
3144 3691 3303 3746 bonis
3330 3686 3357 3744 a'
3383 3690 3524 3761 justo
3547 3684 3698 3758 judice
3727 3684 3792 3737 da-

2292 3788 2399 3849 tur,
2432 3785 2527 3839 sed
2553 3786 2678 3855 quia
2700 3785 2815 3855 ipsa
2844 3784 3038 3839 merita
3065 3784 3262 3853 quibus
3290 3783 3504 3847 dantur,
3547 3781 3693 3853 primo
3709 3784 3795 3831 sunt

2288 3879 2460 3947 gratis
2498 3886 2528 3933 a
2552 3880 2641 3949 pio
2673 3874 2956 3935 Saluatore
2987 3877 3231 3951 donata]

2358 3968 2398 4039 ’τ’
2418 3968 2712 4040 Gregorius
2739 3964 2793 4023 in
2822 3967 3130 4034 Moraliluis,
3155 3958 3247 4022 liii.
3276 3978 3389 4023 nn
3420 3968 3550 4040 (cap.
3577 3962 3656 4037 5);
3682 3958 3795 4033 {San-

2290 4062 2361 4116 cti
2392 4066 2570 4117 autem
2600 4060 2700 4116 viri
2724 4058 2903 4116 Sciuut
2932 4060 3056 4131 post
3091 4060 3248 4130 primi
3280 4060 3520 4130 parentis
3546 4058 3718 4127 lapsum
3754 4049 3796 4103 de

2288 4154 2628 4224 corruptibili
2658 4153 2828 4223 stirpe
2855 4168 2913 4209 se
2939 4153 3204 4217 cenditos,
3248 4162 3304 4208 et
3347 4168 3453 4209 non
3498 4152 3672 4206 virtute
3707 4160 3794 4214 pro-

2290 4244 2429 4315 pria,
2462 4242 2558 4300 sed
2602 4243 2965 4314 prtevcniente
3016 4250 3251 4312 superna
3298 4228 3484 4311 gratia
3524 4239 3585 4295 ad
3634 4235 3796 4293 malum

2290 4350 2349 4393 se
2380 4340 2500 4391 vota
2551 4334 2632 4389 vel
2690 4346 2853 4404 opera
2906 4336 3312 4389 commutatus;
3369 4338 3425 4389 et
3467 4327 3692 4403 quidquid
3727 4323 3796 4377 sibi

2290 4428 2416 4484 mali
2442 4430 2621 4485 inesse
2651 4430 3004 4498 ceguoscurit,
3044 4427 3111 4481 de
3154 4422 3367 4482 mortali
3421 4424 3684 4496 propagine
3714 4432 3798 4473 sen-

2290 4524 2432 4580 tiunt
2463 4524 2746 4589 meritum;
2783 4520 3041 4592 quidquid
3066 4534 3193 4575 vero
3234 4521 3287 4574 in
3320 4536 3379 4575 se
3408 4516 3526 4575 boni
3555 4510 3796 4584 inspiciunt,

2290 4612 2615 4672 immortalis
2643 4606 2830 4685 gratia:
2856 4620 3189 4683 cognoscunt
3209 4610 3433 4675 donum,
3473 4602 3617 4679 eique
3650 4604 3702 4660 de
3738 4613 3799 4654 ao-

2214 4685 2266 4745 D
2292 4710 2453 4778 ceptu‘
2480 4714 2707 4761 munere
2734 4696 3007 4759 debitores
3048 4698 3204 4767 liunt,
3255 4702 3348 4773 qui
3397 4710 3451 4755 et
3497 4692 3799 4771 praeveniendo

2291 4794 2438 4854 dedit
2466 4799 2546 4853 eis
2560 4796 2759 4851 bonum
2782 4790 2919 4849 velle
2940 4792 3081 4862 quod
3098 4792 3403 4857 noluerant,
3418 4792 3470 4848 el
3493 4778 3800 4856 subsequendo

2291 4888 2562 4945 conceSsit
2580 4888 2779 4942 bonum
2807 4898 2963 4956 posse
2986 4885 3129 4953 quod
3153 4882 3355 4939 volunt.
3380 4878 3402 4956 ]
3430 4881 3467 4953 -ξ-
3494 4878 3607 4934 llaec
3631 4884 3695 4931 tot
3717 4883 3799 4926 tau-

2290 4994 2577 5052 lorumquc
2609 4978 2889 5036 doctorum
2923 4986 3116 5049 agente
3144 4978 3196 5033 in
3239 4972 3317 5032 eis
3351 4964 3799 5036 incunctanterSpi-

2290 5078 2399 5131 ritu
2446 5082 2654 5138 sancto,
2714 5068 3134 5127 concordissima
3175 5066 3375 5124 veritas
3413 5062 3800 5137 veracissitmqnc

2290 5164 2576 5220 concordia
2642 5160 2996 5216 conﬁrmatur
3056 5157 3403 5213 nihilominus
3443 5154 3597 5211 totius
3647 5156 3799 5204 sane!!!

2291 5255 2573 5312 catholicae
2602 5250 2853 5310 Ecclesiae
2884 5246 3184 5307 liutnillima
3220 5244 3619 5320 lidelissimaque
3645 5260 3697 5298 ac
3716 5234 3799 5310 jugi

2291 5353 2569 5425 petitione,
2598 5366 2716 5420 qua:
2745 5346 2799 5403 in
2824 5347 3076 5419 pi'ecihus
3106 5344 3331 5400 Domino
3376 5359 3482 5399 non
3518 5346 3675 5396 cessat
3708 5348 3800 5425 ron-

2292 5422 2441 5498 tinuo
2468 5440 2766 5512 supplicare
2790 5439 3004 5495 dicens:
3035 5457 3054 5491 ι
3076 5436 3239 5502 Deus,
3260 5432 3349 5507 qui
3368 5444 3550 5490 omnes
3572 5430 3617 5486 in
3636 5422 3801 5483 Clui~l0

2295 5543 2509 5590 renatos
2537 5549 2703 5605 genus
2734 5532 2935 5603 regium
2959 5538 3015 5587 et
3041 5518 3373 5586 sacerdotale
3412 5522 3594 5605 fecisti,
3643 5512 3697 5571 da
3734 5528 3801 5567 υθ-

2294 5625 2377 5681 bis
2408 5592 2629 5678 vellevet
2658 5592 2822 5692 posse
2844 5636 2965 5691 quae
2992 5618 3264 5691 praecipis,
3296 5625 3353 5673 ut
3378 5592 3566 5685 populo
3588 5608 3647 5665 ad
3684 5615 3801 5659 πιεῖ-

2299 5718 2516 5771 nitalem
2544 5710 2734 5770 vocato
2758 5729 2859 5768 una
2898 5712 2968 5768 sit
2989 5711 3122 5767 ﬁdes
3150 5706 3388 5768 cordium
3417 5716 3470 5762 et
3504 5705 3660 5776 pietas
3675 5694 3800 5752 actio-

2300 5826 2447 5865 num.
2474 5830 2489 5859 ι
2514 5804 2577 5863 Et
2604 5806 2758 5862 item:
2782 5825 2799 5855 ι
2824 5804 3048 5875 Largire
3072 5804 3246 5869 nobis,
3273 5794 3512 5865 Domine,
3532 5799 3796 5867 quaesumus,

2300 5919 2512 5976 semper
2560 5900 2806 5973 spiritum
2848 5896 3118 5968 cogitandi
3167 5914 3286 5970 qua:
3330 5902 3473 5953 recta
3517 5896 3627 5948 sunt
3666 5876 3791 5957 Mi
