4064 6346
283 451 419 508 1077

1127 453 1218 509 DE
1258 449 1935 511 PREDESTINATIONE
1975 443 2252 512 CONTRA
2295 453 2344 509 J.
2388 451 2686 513 SCOTUM.

3405 457 3547 517 i078

281 577 388 630 tius
414 581 469 629 et
495 573 706 645 agendi,
758 580 813 625 ut
855 573 944 642 qui
999 571 1113 625 siue
1137 581 1188 625 te
1228 587 1346 626 esse
1397 588 1499 626 non
1545 587 1853 644 possumus,
1888 573 2307 646 Aimpudeutia:
2368 581 2635 642 portenta,
2709 574 2931 643 jnvante
2997 576 3241 641 Domino,
3317 578 3546 637 videnda

279 663 578 720 scentulum
607 665 657 718 te
705 663 888 717 vivere
913 655 1206 716 valeamus.
1247 681 1262 715 ι
1300 664 1432 717 item
1461 682 1472 716 :
1504 680 1524 714 ι
1562 663 1722 729 Deus,
1767 663 1858 734 qui

277 754 540 812 hodierna
568 751 655 808 die
681 767 778 824 per
813 749 1157 822 Unigenitum
1207 757 1354 808 tuum
1403 753 1721 810 mteruitatis
1762 741 1884 810 no:

276 847 362 904 bis
387 846 591 901 aditum
613 833 822 900 devicta
850 853 1024 900 morte
1051 847 1328 912 resorasti,
1352 849 1478 901 vota
1501 855 1704 914 nostra,
1737 861 1858 917 quae

274 936 656 1009 prmveniendo
681 933 913 1005 aspiras,
939 937 1102 990 etiam
1127 935 1427 1006 adjuvando
1453 949 1800 1007 prosequere.
1835 958 1854 989 ι

281 1027 433 1084 Unde
460 1033 515 1083 et
561 1025 779 1082 sanctus
800 1027 1143 1082 Innocentius
1187 1027 1252 1082 ad
1294 1025 1454 1083 Afros
1488 1029 1772 1100 episcopos
1802 1029 1857 1084 in

273 1119 780 1173 condemnationem
809 1117 1081 1190 Pelagiani
1123 1120 1324 1175 erroris
1364 1120 1628 1187 scribens,
1662 1131 1856 1192 preces

274 1213 534 1268 Romanae
561 1209 818 1268 Ecclesiae
853 1214 1078 1284 gratiam
1113 1212 1208 1266 Dei
1257 1225 1450 1268 sonare
1498 1213 1647 1268 dicit.
1707 1212 1850 1269 Cons

272 1321 434 1377 surge
465 1313 625 1369 nunc,
653 1295 938 1359 Lernaeum
983 1311 1300 1370 monstrum,
1343 1316 1398 1360 et
1427 1311 1518 1360 tito
1556 1305 1855 1376 quadruvio

273 1395 432 1450 ﬁdem
481 1397 641 1465 atque
695 1391 1052 1448 humilitatem
1098 1394 1260 1447 totius
1318 1393 1466 1450 orbis
1516 1396 1752 1463 destrue,
1797 1403 1859 1450 ut

272 1487 451 1542 nullus
483 1494 532 1540 te
558 1483 879 1554 prohibente
911 1483 1108 1537 andeat
1139 1483 1360 1539 credere
1385 1483 1526 1555 quod
1569 1485 1724 1555 petit,
1761 1487 1854 1540 aut

272 1576 551 1634 humiliter
574 1583 760 1646 petere
786 1573 926 1645 quod
955 1575 1221 1631 veraciter
1268 1577 1457 1631 credit.
1489 1575 1619 1632 lnﬂa
1675 1585 1850 1633 utrem

271 1670 348 1722 tui
381 1667 613 1732 arbitrii,
646 1675 702 1720 ut
725 1669 953 1722 evacues
983 1667 1210 1738 gratiam
1231 1667 1456 1731 Christi,
1481 1679 1639 1737 quem
1671 1667 1849 1738 impu-

269 1775 423 1828 gnas,
451 1767 608 1828 quem
635 1759 993 1829 persequeris,
1027 1757 1181 1827 cujus
1207 1757 1436 1827 gratiam
1467 1759 1714 1812 evertere
1759 1773 1852 1813 co-

270 1851 437 1906 naris.
470 1849 672 1919 Nempe
707 1849 848 1904 illius
885 1849 974 1919 qui
1002 1847 1166 1904 Saulo
1193 1835 1367 1903 adhuc
1391 1849 1709 1918 prmtumido
1739 1863 1850 1906 cos-

270 1945 392 2001 lesti
423 1945 658 1999 tonitrua
680 1943 1023 2012 increpitans,
1054 1941 1191 1996 dixit
1212 1955 1226 1994 :
1246 1937 1358 2012 Ego
1399 1953 1513 1994 sum
1533 1939 1686 1996 Iesus
1735 1937 1851 1995 Na-
1880 1944 1925 2002 Β

272 2045 516 2102 zarenus,
538 2043 688 2105 quem
724 2031 779 2088 tu
804 2034 1139 2104 persequeris.
1181 2031 1386 2086 Durum
1423 2045 1504 2086 esr
1544 2025 1638 2086 tibi
1673 2039 1853 2087 contra

272 2126 543 2181 stimulum
573 2125 848 2179 calcitrare
878 2121 1018 2196 (Act.
1046 2139 1124 2188 ιχ,
1153 2121 1230 2194 5).

344 2215 605 2272 Finxeras
631 2215 786 2271 initio
815 2215 975 2286 hujus
1015 2214 1382 2270 venenivomze'
1422 2222 1528 2270 tua:
1572 2214 1856 2286 perioches

276 2310 415 2379 (cap.
441 2309 492 2372 4,
521 2323 573 2362 n.
599 2307 688 2373 29,
721 2311 846 2362 sect.
879 2305 933 2378 i)
964 2308 1125 2362 trium
1160 2308 1436 2361 htereseon
1489 2307 1852 2372 diversitates,

273 2413 502 2469 quarum
535 2399 763 2468 primam
786 2397 1150 2467 Pelagianam,
1183 2399 1471 2453 secundum
1517 2398 1856 2454 Gotteschal-

275 2507 468 2548 canam
521 2507 945 2562 nuncupaveras,
1003 2493 1218 2547 tertiam
1277 2493 1481 2561 absque
1535 2503 1757 2550 auctore
1802 2502 1855 2549 et

277 2587 493 2640 nomine
515 2585 884 2655 interponens,
926 2601 1087 2656 quam
1113 2586 1197 2640 vel
1225 2587 1461 2641 maxime
1503 2588 1555 2641 in
1598 2601 1854 2658 processu

276 2676 446 2746 ipsius
460 2679 768 2747 oppugnare
786 2675 1143 2746 pervicaciter
1163 2689 1270 2730 non
1293 2675 1562 2740 destitisu,
1581 2691 1741 2744 quam
1758 2691 1856 2731 nos

276 2783 616 2839 nequaquam
655 2767 923 2832 haeresim,
958 2768 1052 2822 sed
1081 2767 1239 2822 ﬁdem
1283 2767 1601 2822 catholiCam
1633 2777 1685 2824 et
1711 2783 1856 2823 asse-

277 2860 450 2914 rimtts
499 2868 552 2914 et
596 2855 913 2930 probamus,
961 2857 1192 2914 fatentes
1237 2859 1592 2915 veracissime
1641 2867 1696 2915 et
1733 2877 1858 2916 con-

275 2952 606 3008 stantissime
626 2951 880 3006 divinitus
922 2951 1078 3006 nobis
1126 2950 1452 3006 voluntatem
1499 2951 1624 3006 boni
1663 2954 1855 3023 gratis,

275 3043 332 3099 id
366 3051 448 3100 est
496 3059 602 3102 non
648 3045 978 3099 merentibus
1037 3055 1136 3099 nec
1195 3043 1460 3099 ullatenus
1514 3044 1853 3112 habentibus,

275 3139 416 3204 dari,
440 3140 769 3210 perindeque
794 3138 1034 3208 adjuvari
1063 3148 1121 3194 ut
1150 3141 1292 3211 quod
1338 3139 1455 3209 ejus
1505 3141 1859 3212 inspiratione

273 3233 412 3288 bene
441 3233 704 3298 volumus,
730 3234 898 3303 ipsius
931 3235 1198 3304 adjutorio
1228 3235 1364 3290 bene
1405 3248 1714 3304 operemur,
1761 3235 1855 3290 be-

1967 673 2323 720 transeamus.

2596 756 2822 812 CAPUT
2848 757 2908 811 Va

1963 864 2039 924 De
2067 887 2126 924 eo
2155 871 2293 942 quod
2318 873 2647 943 prtescientia
2689 883 2736 926 et
2768 871 3224 943 prwdestinationc
3261 873 3355 930 Dei
3395 892 3544 934 nemo

2217 941 2542 1012 compellitur
2574 959 2664 997 seu
2691 941 2814 998 bene
2842 959 2931 998 seu
2960 948 3096 998 male
3116 945 3306 1014 facere.

2030 1051 2156 1108 Post
2193 1055 2306 1110 haec
2334 1056 2521 1126 quinto
2547 1051 2999 1127 blasphemiarum
3035 1067 3245 1115 tuarum
3278 1071 3423 1117 tomo
3447 1063 3546 1118 ite-

1962 1151 2077 1198 rata
2111 1146 2328 1214 repetis,
2359 1155 2412 1201 et
2443 1150 2664 1218 repetita
2705 1144 3038 1210 fastidiosius
3084 1152 3280 1208 iterare
3319 1171 3424 1208 non
3452 1155 3545 1210 de-

1960 1235 2110 1302 sinis,
2136 1253 2285 1292 more
2309 1237 2562 1295 nimirum
2596 1241 2737 1296 illius
2764 1240 2852 1313 qui
2887 1241 3024 1308 Elin,
3049 1245 3139 1315 qui
3161 1261 3266 1300 non
3293 1246 3404 1317 ipse
3427 1247 3546 1316 qni-

1959 1325 2079 1382 dem
2108 1339 2346 1383 meretur
2366 1346 2396 1384 a
2425 1331 2650 1387 Domino
2690 1333 2863 1404 argui,
2887 1336 2980 1390 sed
3013 1336 3078 1390 de
3127 1353 3192 1392 eo
3223 1339 3288 1392 ad
3326 1340 3542 1408 beatum

1957 1415 2055 1472 Job
2076 1417 2310 1474 dicitur:
2358 1419 2487 1488 Quis
2519 1434 2590 1477 est
2618 1422 2703 1478 ille
2741 1423 2998 1482 involvens
3036 1429 3319 1484 sententias
3357 1433 3548 1485 sermd-

1959 1511 2108 1566 nibus
2166 1515 2454 1584 imperitis?
2477 1515 2596 1588 (Job
2637 1534 2865 1583 xxxvm,
2893 1517 2973 1592 2.)
3001 1517 3151 1587 Quod
3199 1539 3319 1577 cum
3353 1525 3546 1579 cavere

1956 1607 2363 1672 pernecessario
2381 1605 2676 1675 debuisses,
2693 1607 2929 1666 maluisti
2947 1603 3278 1684 multiloquis
3294 1630 3547 1684 arrogan-

1957 1691 2062 1746 tius
2084 1693 2340 1750 incubare
2369 1713 2530 1766 quam
2579 1700 2792 1754 veritati
2833 1701 3135 1771 purissimae
3183 1703 3424 1758 tenacius
3467 1705 3546 1757 in-

1956 1780 2178 1837 haerere.
2209 1785 2353 1840 Dicis
2383 1788 2528 1840 enim
2559 1800 2881 1856 argumento
2897 1791 3252 1860 praescientiie
3291 1791 3384 1850 Dei
3411 1807 3546 1862 pra:-

1955 1871 2311 1930 destiuatione
2334 1878 2448 1948 ejus
2473 1891 2688 1949 peccata
2717 1898 2820 1935 non
2836 1873 2994 1949 efﬁci,
3014 1883 3333 1940 videliCet;ttt
3355 1901 3544 1955 quern-

1956 1964 2242 2020 admodum
2293 1971 2628 2039 praescientia
2653 1973 2746 2029 Dei
2780 1983 3001 2045 peccata
3020 1994 3138 2048 qua:
3166 1978 3541 2048 przcscit,ﬁeri

1957 2071 2063 2112 non
2089 2060 2253 2129 cogit,
2287 2061 2358 2115 ita
2401 2060 2516 2130 ejus
2556 2066 2953 2134 przedestinatio
2985 2077 3202 2138 peccata
3249 2085 3368 2139 quae
3408 2086 3544 2123 nun-

1959 2163 2120 2218 quam
2147 2152 2512 2220 prmdestinat,
2549 2157 2663 2210 ﬁeri
2697 2172 2799 2211 non
2823 2157 3037 2213 eiliciat.

2508 2281 2734 2321 JOANNES
2761 2284 2958 2324 scarus
3017 2265 3024 2268 ’

2029 2371 2179 2444 (Cap.
2211 2373 2266 2439 5,
2299 2391 2446 2432 num.
2489 2376 2531 2442 l,
2559 2387 2692 2432 sect.
2729 2379 2804 2444 i.)
2831 2388 2871 2434 Θ
2914 2379 2974 2434 Si
2995 2382 3155 2446 enim,
3183 2382 3381 2452 inquis,
3405 2399 3545 2453 prate-

1958 2464 2173 2518 scientia
2215 2481 2319 2520 non
2360 2467 2534 2522 omnia
2579 2484 2695 2538 qua:
2732 2471 3009 2539 praesciuit,
3043 2471 3196 2539 facit,
3234 2489 3336 2543 quo
3389 2483 3542 2542 pacto

1956 2557 2345 2624 prmdestinatio
2377 2561 2554 2612 omnia
2589 2575 2706 2629 qua:
2757 2579 2860 2616 non
2909 2564 3320 2632 praedestinavit,
3354 2565 3546 2635 «εῇοὶιῖ

1964 2645 2302 2701 Prtescientia
2356 2665 2454 2702 sua
2509 2649 2650 2704 Deus
2707 2652 2986 2722 malefacta
3035 2655 3306 2722 hominum
3355 2655 3542 2723 futura

1956 2737 2215 2807 prmuidit,
2249 2755 2352 2798 non
2387 2750 2558 2796 tamen
2606 2759 2784 2796 eorum
2823 2751 2898 2798 est
2947 2745 3136 2814 factor.
3184 2744 3541 2800 Prwdestina-

1958 2830 2096 2885 tione
2135 2848 2234 2886 sua
2283 2832 2563 2902 malefacta
2610 2836 2876 2890 hominum
2923 2837 3103 2905 futura
3155 2838 3388 2894 creditur
3437 2854 3542 2894 non

1957 2923 2355 2992 prcedestinasse
2376 2940 2393 2977 :
2418 2927 2676 2994 quomodo
2699 2944 2820 2998 ergo
2841 2939 3058 2998 putatur
3082 2931 3290 3000 facere?

2597 3057 2916 3099 οοιιῑιεοτιο.

2028 3149 2068 3219 -Ι-
2097 3149 2162 3203 Et
2211 3160 2572 3223 caetera,qua3
2628 3155 2788 3208 etiam
2849 3155 2906 3209 Β.
2955 3156 3232 3228 Augustini
3274 3159 3540 3214 sententia

1959 3240 2264 3296 conﬁrmat.
2303 3242 2466 3310 Quasi
2505 3260 2631 3299 vero
2673 3253 2766 3298 aut
2805 3247 3090 3317 quisquam
3119 3257 3224 3304 tam
3274 3249 3543 3305 dementis

276 3339 453 3394 neque
484 3325 847 3396 perﬁciamus,
881 3341 986 3380 non
1029 3341 1097 3380 ex
1127 3327 1328 3380 vitiatae
1367 3334 1572 3381 natura:
1613 3327 1756 3381 bono
1803 3327 1854 3381 id
1881 3313 1930 3375 ο
1961 3333 2126 3386 animi
2167 3334 2259 3397 sit,
2289 3336 2378 3404 qui
2410 3335 2463 3389 id
2485 3351 2682 3407 negare
2710 3313 3020 3406 praesumat,
3075 3350 3168 3394 aut
3215 3341 3380 3396 libros
3429 3356 3543 3396 me-

275 3418 630 3488 possidentes,
659 3418 751 3472 sed
772 3433 839 3472 ex
869 3417 1118 3474 indebita:
1139 3418 1324 3488 gratia:
1358 3418 1495 3472 dono
1518 3432 1855 3488 consequen-

276 3519 376 3567 tes.
411 3510 778 3566 Praevenimur
807 3511 951 3564 enim
982 3511 1076 3564 Dei
1107 3510 1301 3582 gratia,
1329 3519 1388 3566 ut
1416 3512 1552 3568 bene
1605 3512 1852 3578 velimus,

277 3605 657 3674 subsequimur
686 3619 754 3660 ne
785 3603 985 3658 frustra
1023 3603 1250 3658 velimus
1280 3623 1292 3657 :
1324 3611 1580 3659 canentes
1629 3603 1856 3658 Domino
1932 3638 1941 3646 ο

277 3712 399 3751 cum
425 3695 708 3752 Psaltnista
739 3714 751 3748 :
789 3695 928 3750 Deus
956 3711 1121 3759 meus,
1167 3695 1525 3750 misericordia
1571 3695 1682 3766 ejus
1723 3711 1856 3765 pra?-

270 3789 437 3842 veniet
468 3805 546 3841 me
571 3785 686 3858 (Ps.
704 3803 854 3851 LVIII,
887 3785 996 3858 11),
1021 3797 1066 3839 et
1090 3787 1447 3840 misericordia
1470 3796 1558 3840 tua
1581 3789 1854 3857 subseque-

271 3887 362 3931 tur
381 3894 460 3931 me
489 3878 725 3931 omnibus
748 3877 926 3930 diebus
959 3878 1075 3930 vitri:
1107 3893 1232 3930 mea;
1261 3873 1377 3946 (Ps.
1411 3892 1546 3940 χχιι,
1593 3877 1624 3929 6
1652 3877 1692 3948 ).
1743 3876 1856 3930 Nisi

270 3970 414 4023 forte
436 3978 488 4023 tu
504 3968 648 4024 solus
661 3967 1038 4024 auctoritatem
1057 3969 1363 4038 apostolicze
1385 3969 1531 4025 sedis
1562 3986 1850 4036 evacuans,

272 4073 331 4119 et
358 4064 704 4118 concordiam
734 4064 897 4119 totius
926 4063 1110 4118 mundi
1137 4063 1396 4134 pestiferi:
1422 4066 1707 4137 dissipans,
1742 4083 1852 4120 om-

270 4169 370 4210 nes
399 4163 859 4210 sacramentorum
891 4155 1104 4211 COdices
1133 4157 1386 4212 auteradi
1413 4165 1503 4212 aut
1525 4158 1849 4224 oblitterari,

267 4258 465 4300 censor
506 4245 944 4314 potentissimus,
974 4244 1278 4314 iudicabis,
1314 4256 1368 4302 et
1415 4263 1536 4303 cum
1574 4248 1850 4303 Antichri-

269 4343 357 4392 sto
381 4343 566 4392 contra
600 4337 768 4392 Deum
816 4337 1038 4392 deorum
1076 4338 1322 4408 loquens,
1351 4339 1404 4394 in
1425 4337 1622 4409 templo
1649 4339 1738 4392 Dei
1771 4353 1853 4394 se-

271 4429 405 4484 dere
429 4429 712 4484 conaberis
738 4438 990 4498 tanquam
1037 4430 1105 4484 sit
1149 4429 1290 4486 Deus
1343 4429 1428 4502 (11
1461 4429 1640 4484 Thess.
1679 4447 1736 4495 ιι,
1769 4431 1846 4503 4).

269 4519 412 4586 Quid
434 4520 577 4574 enim
608 4521 718 4576 Deo
747 4521 1024 4592 relinquis,
1046 4523 1138 4590 qui
1197 4522 1291 4577 tibi
1317 4537 1349 4576 a
1389 4531 1442 4578 te
1466 4523 1604 4577 velle
1650 4524 1851 4579 conﬁn-

268 4611 390 4683 gis?
421 4611 526 4667 Sed
568 4621 624 4668 tu
674 4613 934 4669 mirilicus
979 4613 1358 4669 hmretioorum
1405 4615 1728 4681 debellator,
1773 4619 1848 4671 ita

1961 3423 2240 3478 morabilis
2267 3425 2549 3497 Augustini
2583 3436 2780 3498 praeter
2808 3437 2857 3498 te
2887 3430 3182 3498 nullusgaut
3225 3432 3416 3503 legerit
3450 3441 3542 3488 aut

1961 3514 2319 3581 intellexerit;
2355 3517 2630 3574 concludis
2659 3533 2787 3588 ergo
2812 3531 2866 3574 et
2906 3521 3043 3578 dicis
3079 3536 3088 3550 '

2507 3644 2736 3684 JOANNBS
2767 3645 2986 3686 κοτυε.

2030 3737 2181 3806 (Cap.
2216 3738 2270 3803 5,
2322 3753 2467 3792 num.
2504 3742 2556 3804 ‘2,
2613 3750 2745 3796 sect.
2778 3737 2855 3812 3.)
2877 3751 2918 3796 Θ
2943 3743 3204 3807 Quocirca
3236 3744 3540 3812 ﬁrmissime

1957 3831 2226 3900 fa’cndttm
2266 3842 2338 3884 est
2369 3832 2526 3885 simul
2553 3833 2670 3900 ﬁeri
2701 3851 2800 3888 non
2847 3851 2996 3904 posse
3039 3845 3390 3906 peccatorum,
3421 3853 3539 3910 qua!

1957 3923 2098 3978 Deus
2141 3924 2194 3976 in
2234 3931 2474 3976 creatura
2523 3941 2618 3977 sua
2661 3927 2930 3992 permittit,
2967 3930 3348 3996 prtvscientiam
3399 3932 3536 4000 ejus,

1956 4033 2058 4086 qua
2087 4029 2147 4068 ea
2171 4017 2446 4096 pra’sciuit,
2477 4033 2692 4072 causam
2721 4034 2822 4071 non
2845 4035 2954 4072 esse
2984 4037 2996 4072 :
3029 4021 3536 4086 pra'destinationem

1957 4125 2074 4162 vero
2103 4110 2236 4179 ejus,
2265 4125 2366 4179 qua
2399 4127 2459 4162 ea
2489 4125 2590 4162 non
2621 4111 3023 4180 pra’destitmvit,
3058 4129 3272 4166 causam
3300 4129 3426 4168 esse.

2026 4203 2065 4272 -ί-
2102 4202 2211 4256 Hoc
2259 4209 2312 4255 et
2341 4217 2436 4257 nos
2466 4203 2711 4258 dicimus.
2741 4203 2940 4258 Deinde
2965 4205 3208 4278 adjungis
3238 4225 3256 4265 :

2027 4292 2205 4363 (Num.
2239 4294 2319 4364 5.)
2349 4303 2390 4350 Θ
2418 4295 2683 4364 Quidquid
2711 4306 2882 4349 autem
2905 4298 2970 4351 de
2988 4309 3194 4368 peccato
3214 4300 3289 4354 vel
3311 4300 3538 4371 generali

1957 4385 2032 4440 vel
2092 4387 2304 4455 speciali
2357 4388 2654 4456 conﬁcitur,
2703 4399 2905 4442 necesse
2929 4399 3002 4443 est
3047 4390 3111 4444 de
3159 4390 3271 4460 ejus
3337 4408 3538 4463 quoque

1955 4495 2102 4548 paena
2129 4481 2404 4533 sentiatur.

2599 4597 2914 4654 soannc'rto.

266 4675 588 4776 Pelagianos
612 4706 881 4773 confutas,
912 4714 971 4760 ut
997 4715 1181 4760 tamen
1210 4707 1326 4776 ipse
1365 4706 1685 4777 Pelagianos
1717 4675 1852 4764 resse
1877 4675 1930 4738 D
2035 4711 2073 4782 -ι-
2103 4711 2255 4777 Quod
2291 4713 2335 4766 si
2375 4712 2562 4768 eodem
2611 4712 2770 4768 modo
2812 4711 2946 4772 dicis
3003 4720 3061 4774 ut
3103 4711 3442 4782 praescientia
3481 4719 3536 4766 et

266 4801 627 4868 convincaris.
695 4799 796 4866 Qui
845 4799 922 4853 sic
979 4813 1137 4854 unam
1177 4807 1384 4868 partem
1435 4798 1848 4870 Pelagianorum

266 4895 575 4959 detestaris,
625 4901 686 4948 ut
739 4893 966 4948 alteram
1009 4893 1332 4947 conﬁrmare
1379 4893 1554 4948 modis
1599 4893 1850 4948 omnibus

265 4987 636 5058 comproberis
667 5005 680 5040 :
711 5001 835 5040 nam
861 4984 1089 5040 dicendo
1138 5001 1235 5040 nos
1275 4987 1480 5054 absque
1533 4986 1624 5040 Dei
1675 4986 1846 5057 gratia

264 5083 407 5137 bona
436 5080 713 5144 inchoare,
743 5078 828 5132 vel
867 5091 1050 5148 agere,
1097 5076 1180 5130 vel
1227 5078 1492 5146 perﬁcere
1538 5076 1848 5130 nullatenus

262 5188 442 5246 posse,
474 5173 753 5227 nobiscum
793 5171 1108 5251 Pelagianos
1146 5168 1346 5224 refellis
1371 5184 1436 5224 ac
1463 5169 1698 5238 proteris
1727 5186 1740 5222 :
1765 5169 1848 5222 di-
1894 5197 1900 5205 -

263 5265 438 5321 cendo
462 5279 592 5318 vero
611 5261 749 5317 velle
795 5261 947 5316 nobis
995 5261 1286 5316 essentiam
1334 5275 1473 5324 esse,
1513 5259 1700 5329 procul
1746 5259 1844 5312 du-

263 5362 358 5417 bio
375 5358 691 5430 Pelagianos
714 5353 882 5418 foves,
917 5355 1007 5424 qui
1035 5355 1087 5408 in
1116 5361 1321 5408 tantum
1355 5353 1421 5407 de
1449 5359 1655 5405 naturae
1703 5351 1846 5404 bono

263 5454 652 5514 intumuerunt,
681 5459 738 5503 ut
769 5457 825 5502 et
851 5446 986 5500 velle
1011 5454 1067 5500 et
1095 5457 1252 5514 posse
1294 5445 1398 5498 sibi
1425 5458 1642 5514 suaeque
1691 5452 1844 5513 pote-

261 5543 391 5600 stati
419 5542 774 5604 ascriberent,
822 5551 993 5606 neque
1014 5551 1081 5590 ex
1107 5536 1358 5606 gratuitae
1385 5541 1572 5605 gratiae
1597 5534 1848 5603 largitate

265 5637 402 5691 idse
430 5633 684 5703 consequi
729 5631 1134 5692 conﬁrmarent,
1167 5628 1363 5698 quibus
1407 5636 1459 5683 te
1497 5628 1844 5698 pertinaciter

189 5772 198 5788 .
263 5726 518 5783 assentiri
541 5725 720 5779 nullus
747 5723 836 5793 qui
873 5738 934 5776 ea
963 5733 1084 5791 qua:
1126 5720 1406 5792 prtemissa
1444 5730 1570 5773 sunt
1616 5719 1844 5774 ﬁdeliter

264 5817 730 5889 intelligenterque
753 5816 894 5884 legit,
939 5813 1422 5885 poteritignorare.
1473 5810 1670 5866 Verum
1719 5813 1844 5881 quia

265 5915 332 5970 de
363 5913 446 5966 his
469 5909 624 5966 satis:
649 5923 768 5964 esse
800 5916 1074 5980 putamus,
1118 5905 1184 5960 ad
1229 5913 1422 5960 caetera
1464 5919 1566 5960 non
1618 5905 1845 5959 minoris

1956 4804 2356 4874 prazdestinatio
2405 4805 2517 4872 Dei,
2563 4805 2703 4862 sicut
2744 4822 2848 4861 non
2900 4814 2982 4860 est
3016 4819 3176 4860 causa
3205 4805 3432 4873 peccati,
3459 4805 3534 4860 ita

1955 4910 2060 4948 non
2099 4896 2168 4948 sit
2211 4911 2373 4948 causa
2425 4911 2596 4964 pnsum
2645 4897 2873 4964 peccati,
2926 4912 3030 4950 non
3078 4909 3232 4950 erras
3276 4894 3362 4948 :si
3408 4909 3534 4948 vero

1954 4987 2026 5040 ita
2087 4999 2142 5041 ut
2189 4989 2282 5042 Dei
2323 4989 2714 5058 pnescientiam
2750 4999 2804 5043 et
2842 4986 3367 5058 prmdestinationem
3423 5001 3527 5040 non

1952 5080 2188 5148 peccatis
2235 5081 2563 5150 disposuisse
2625 5089 2677 5133 et
2748 5081 3014 5148 irregasse
3071 5076 3264 5130 merito
3319 5091 3530 5146 prunam

1953 5171 2172 5234 sentias,
2208 5171 2432 5224 multum
2462 5185 2646 5235 erras;
2677 5171 3039 5238 continuoque
3071 5168 3346 5222 subnectis
3371 5181 3386 5219 :

2488 5299 2710 5340 IOANNES
2758 5299 2974 5339 SCOTUS.

2024 5395 2200 5465 (Num.
2236 5399 2311 5470 4.)
2337 5409 2376 5454 Θ
2396 5398 2554 5454 Perna
2586 5401 2780 5470 peccati
2811 5416 2948 5454 mors
2969 5411 3042 5452 est
3071 5415 3087 5450 :
3121 5399 3374 5472 quidquid
3409 5415 3529 5470 ergo

1953 5489 2016 5542 de
2053 5502 2260 5558 peccato
2289 5492 2500 5556 dicitur,
2547 5508 2750 5546 necesse
2778 5501 2851 5546 cst
2890 5491 2953 5546 de
2984 5501 3146 5548 morte
3177 5493 3385 5552 dicatur

2581 5619 2880 5658 CORRECTIO

2025 5720 2062 5787 -ί-
2091 5719 2152 5771 Et
2180 5718 2232 5770 in
2265 5717 2364 5770 hoc
2394 5716 2439 5768 si
2480 5717 2570 5771 Dei
2605 5715 2996 5786 przescientlam
3023 5724 3078 5772 et
3104 5715 3530 5786 pmdestinatio-

1953 5823 2076 5863 nem
2107 5821 2324 5860 causam
2363 5821 2470 5861 non
2510 5821 2629 5863 esse
2675 5808 2870 5863 mortis
2916 5808 3085 5872 dicas,
3118 5813 3173 5860 et
3202 5820 3300 5860 nos
3347 5803 3526 5873 sequi-

1954 5915 2098 5954 mur.
2127 5896 2182 5950 Si
2211 5911 2341 5952 vero
2388 5899 2906 5969 praedestinatorem,
2962 5898 3364 5970 dispositorem,
3396 5895 3532 5950 irro-
