4064 6346
637 362 778 466 me.

623 525 866 588 gatorem
917 513 1409 586 retributoremque
1463 514 1774 570 earumdem
1823 529 2006 587 negas,
2049 514 2211 569 velte-

623 617 838 664 tnenter
870 623 1043 664 erras.
1098 606 1241 662 Dicit
1291 606 1436 662 enim
1474 604 1756 678 Scriptura
1819 608 1870 662 in
1917 607 2056 662 libro
2105 606 2209 662 Ec-

621 699 927 755 clesiastico
955 717 969 754 :
1001 697 1130 754 Non
1177 706 1253 752 est
1299 698 1470 753 dicere
1501 715 1520 753 :
1549 697 1691 764 Quid
1733 710 1807 753 est
1854 700 1952 753 hoc
1991 707 2039 754 et
2081 701 2208 768 quid

622 801 698 845 est
731 790 912 846 illud?
942 793 1118 846 omnia
1169 791 1306 845 enim
1356 791 1414 845 in
1464 799 1690 862 tempore
1747 807 1842 846 suo
1887 801 2208 862 quaerentur.

619 884 925 940 Benedictio
966 884 1112 939 illius
1153 883 1307 955 quasi
1346 885 1538 956 ﬂuuius
1584 885 1880 938 inundabit.
1936 884 2206 951 Quomodo

619 976 969 1048 cataclysmus
1009 975 1217 1030 aridam
1245 976 1540 1042 inebriavit,
1592 979 1668 1032 sic
1701 979 1783 1032 ira
1825 978 1989 1048 ipsius
2037 987 2210 1049 gentes

619 1086 738 1142 qua:
787 1086 896 1123 non
943 1070 1298 1140 exquisierunt
1359 1086 1500 1136 eum,
1548 1070 1896 1126 hareditabit.
1935 1070 2210 1136 Quomodo

616 1161 864 1216 conuertit
897 1177 1064 1232 aquas
1111 1162 1167 1215 in
1206 1161 1515 1228 siccitatem,
1545 1171 1594 1216 et
1635 1162 1832 1216 siccata
1868 1172 1942 1217 est
1973 1171 2133 1227 terra,
2161 1171 2210 1216 et

613 1253 712 1308 vite
745 1252 893 1307 illius
922 1253 1018 1308 uiis
1044 1253 1259 1308 illorum
1308 1254 1522 1309 directa
1557 1264 1703 1322 sunt,
1730 1255 1806 1309 sic
1855 1253 2208 1326 peccatoribus

612 1345 930 1414 offensiones
969 1345 1027 1398 in
1074 1346 1159 1399 ira
1202 1345 1338 1416 ejus.
1377 1344 1529 1400 Bona
1566 1346 1715 1401 bonis
1756 1355 1932 1400 creata
1979 1353 2100 1400 sunt
2141 1345 2206 1398 ab

606 1437 782 1503 initio,
827 1436 902 1492 sic
933 1437 1262 1508 nequissimis
1291 1438 1426 1492 bona
1465 1447 1513 1491 et
1561 1436 1722 1491 mala.
1775 1437 1996 1492 Initium
2027 1453 2204 1490 neces-

515 1525 519 1534 ’
607 1527 769 1581 sarias
836 1529 913 1581 rei
971 1527 1090 1582 vita:
1145 1527 1432 1593 hominum,
1474 1543 1633 1597 aqua,
1684 1527 1818 1597 ignis
1862 1534 1910 1581 et
1959 1525 2159 1595 ferrum
2185 1567 2200 1591 ,

605 1621 691 1674 lac
730 1629 778 1675 et
821 1621 980 1691 panis
1025 1619 1408 1692 similagineus,
1437 1631 1485 1674 et
1516 1619 1638 1686 mel,
1668 1629 1718 1674 et
1757 1620 1935 1674 botrus
1963 1634 2112 1685 uvae,
2155 1627 2204 1671 et

605 1712 804 1779 oleum,
833 1722 884 1768 et
916 1715 1303 1768 vestimentum.
1354 1712 1484 1768 Haec
1526 1712 1702 1766 omnia
1741 1713 1818 1766 sic
1855 1711 2053 1766 sanctis
2080 1721 2202 1765 sunt

605 1805 664 1858 in
687 1804 837 1859 bonis
869 1803 964 1878 [al.
985 1847 999 1870 ,
1048 1806 1245 1860 sanctis
1283 1805 1360 1860 sic
1397 1814 1516 1860 sunt
1551 1805 1605 1860 in
1642 1803 1822 1877 bona],
1852 1806 1930 1860 sic
1952 1813 2003 1860 et
2027 1805 2202 1875 impiis

603 1909 657 1953 et
683 1898 1044 1970 peccatoribus
1069 1899 1125 1953 in
1146 1897 1286 1952 mala
1311 1907 1692 1953 convertentur.
1718 1897 1856 1952 Sunt
1875 1898 2089 1967 spiritus
2108 1899 2198 1970 qui

609 1989 679 2044 ad
709 1991 996 2044 vindictam
1026 1991 1190 2044 creati
1219 1998 1361 2056 sunt,
1403 1999 1452 2044 et
1492 1990 1548 2042 in
1578 1989 1759 2058 furore
1784 2005 1879 2043 suo
1915 1990 2200 2058 conﬁrma-

604 2093 792 2138 verunt
820 2093 1079 2137 tormenta
1109 2097 1240 2138 sua:
1267 2084 1323 2137 in
1352 2092 1580 2154 tempore
1617 2083 2080 2138 consummationis
2117 2083 2195 2153 ef-

604 2175 829 2244 fundent
855 2174 1099 2230 virtutem
1121 2185 1170 2230 et
1200 2175 1435 2245 furorem
1457 2176 1574 2248 ejus
1593 2216 1606 2241 ,
1635 2176 1724 2244 qui
1749 2175 1872 2245 fecit
1899 2175 2051 2241 illos,
2078 2193 2202 2230 con-

604 2266 789 2336 fundet
813 2265 935 2338 [al.,
964 2265 1295 2338 placabunt].
1331 2267 1502 2337 Ignis,
1532 2267 1754 2337 grando,
1779 2265 1935 2333 famis
1961 2276 2008 2321 et
2034 2283 2196 2333 mors,

603 2357 784 2411 omnia
808 2357 921 2411 htec
944 2357 1014 2411 ad
1041 2356 1329 2412 uindictam
1359 2367 1537 2412 creata
1565 2367 1729 2423 sunt;
1769 2358 2052 2413 bestiarum
2073 2360 2202 2414 den-

603 2459 706 2515 tes,
732 2457 780 2504 et
807 2451 1023 2521 scorpii,
1053 2457 1102 2504 et
1129 2459 1411 2520 serpentes,
1448 2459 1498 2504 et
1527 2451 1830 2522 rhompltwa
1855 2452 2122 2508 vindicant
2143 2454 2201 2508 in

602 2542 972 2597 exterminium
1017 2542 1226 2613 impios.
1261 2541 1330 2598 In
1366 2543 1629 2598 mandatis
1658 2543 1775 2614 ejus
1813 2543 2196 2615 epulabantur,

599 2644 651 2688 et
685 2649 842 2703 super
884 2641 1080 2688 terram
1125 2635 1182 2688 in
1219 2635 1522 2690 necessitate
1559 2635 2037 2705 prwparabuntur,
2065 2645 2114 2689 et
2144 2636 2199 2689 in

602 2725 924 2796 temporibus
945 2725 1055 2779 suis
1088 2742 1192 2780 non
1210 2726 1508 2797 prtcterient
1535 2725 1746 2780 uerbum
1775 2725 1966 2797 (Eccli.
1995 2741 2163 2780 χχχιχ
2182 2766 2197 2793 ,

596 2812 812 2884 26-57).
841 2814 911 2869 Et
931 2817 1059 2871 item
1085 2834 1098 2870 :
1141 2815 1224 2870 Ad
1252 2817 1364 2871 lucc
1392 2833 1557 2883 mors,
1581 2818 1798 2888 sanguis
1841 2827 1889 2872 et
1912 2818 2195 2884 contentio,

601 2915 652 2960 et
682 2906 1010 2976 rhompluea,
1043 2909 1402 2978 oppressiones
1437 2909 1616 2980 famis,
1647 2919 1697 2963 et
1724 2911 1990 2977 contritio,
2024 2922 2072 2965 et
2097 2912 2200 2980 ﬂa-

599 2997 738 3068 gella
763 3016 780 3052 :
806 3016 965 3070 super
981 3001 1189 3072 iniquos
1212 3010 1390 3055 creata
1413 3011 1533 3056 sunt
1559 3002 1671 3056 haec
1695 3003 1894 3068 omnia,
1917 3012 1966 3058 et
1986 3012 2199 3074 propter

600 3084 722 3140 illas
771 3088 948 3157 factus
993 3099 1071 3145 est
1112 3090 1461 3162 cataclysmus
1506 3091 1705 3165 (Eccli.
1743 3109 1842 3160 xu,
1873 3093 1957 3166 9).
1992 3094 2198 3151 Deinde

604 3179 834 3247 exponis
861 3179 928 3236 de
957 3196 1064 3251 qua
1093 3192 1271 3238 morte
1293 3183 1515 3239 dixeris.

1158 3310 1387 3352 JOANNES
1412 3313 1634 3354 SCOTUS.

676 3404 832 3478 (Cap.
865 3406 919 3474 5,
944 3424 1092 3463 num.
1124 3409 1188 3473 5,
1221 3419 1354 3466 sect.
1379 3410 1459 3482 5.)
1486 3421 1528 3468 8
1559 3411 1717 3477 Non,
1749 3410 2030 3482 inquiens,
2073 3411 2192 3466 dico

603 3498 670 3553 de
698 3500 840 3555 omni
865 3510 1050 3565 morte,
1074 3502 1166 3556 sed
1199 3511 1404 3557 tantum
1445 3504 1508 3558 de
1541 3503 1634 3558 illa
1670 3519 1787 3574 qua:
1816 3503 2052 3574 sequitur
2075 3518 2193 3574 pec-

603 3602 799 3648 catum.
833 3593 1068 3650 Dicimus
1090 3597 1249 3663 enim,
1282 3596 1544 3652 Morimur
1560 3605 1792 3670 peccato,
1825 3596 1880 3649 id
1901 3606 1978 3650 est
2005 3598 2191 3652 merito

598 3685 802 3756 peccati
829 3687 1105 3742 morimur.
1128 3686 1286 3754 Item,
1315 3686 1579 3743 Morimur
1594 3695 1805 3758 peccato
1824 3686 2045 3742 dicimus
2065 3687 2192 3742 dum

600 3776 807 3833 liberati
832 3797 866 3834 a
887 3789 1099 3850 peccato
1115 3779 1342 3850 justitia:
1365 3779 1603 3834 vivimus.
1636 3779 1699 3836 Si
1733 3796 1856 3852 ergo
1878 3780 2046 3835 omnis
2069 3796 2191 3850 pec-

599 3871 704 3923 cati
730 3887 893 3926 causa
915 3888 1006 3926 nec
1029 3872 1086 3925 in
1111 3871 1443 3941 prtescientia
1477 3871 1595 3938 Dei,
1629 3887 1723 3926 nec
1763 3872 1820 3926 in
1854 3872 1969 3943 ejus
1990 3872 2192 3944 prcede-

598 3963 884 4020 stinatione
927 3965 995 4019 sit
1041 3965 1360 4031 constituta,
1401 3965 1782 4020 euidentissime
1809 3966 1979 4020 omnis
2009 3967 2192 4021 mortis

598 4072 717 4125 qua:
751 4057 988 4129 sequitur
1005 4067 1296 4129 peccatum,
1326 4057 1460 4112 sicut
1485 4059 1539 4112 in
1561 4057 1659 4112 Dei
1676 4058 2006 4129 prwscientia
2029 4075 2192 4114 causa

601 4163 706 4202 non
730 4158 829 4214 est,
859 4151 912 4203 in
937 4150 1052 4221 ejus
1074 4150 1318 4206 similiter
1345 4152 1804 4221 prtedestinatione
1831 4170 1936 4208 non
1959 4169 2068 4208 esse
2087 4170 2192 4208 cer-

603 4238 864 4292 tissimum
885 4249 984 4296 est.

1235 4329 1552 4372 οοιιιιεςτιο.

674 4422 716 4492 1-
740 4422 950 4490 Quibus
967 4425 1149 4483 verbis
1169 4429 1386 4485 conaris
1406 4445 1653 4487 asserere
1675 4439 1903 4488 mortem
1925 4434 2187 4504 corporis,

599 4531 722 4586 qua:
745 4517 933 4587 utique
960 4519 1206 4589 sequitur
1230 4529 1512 4592 peccatum
1532 4564 1547 4589 ,
1591 4532 1813 4580 auctore
1845 4524 1957 4581 Deo
1975 4567 1990 4594 ,
2019 4526 2074 4582 id
2107 4535 2192 4581 est

594 4609 814 4681 judice,
853 4626 962 4667 non
989 4627 1128 4679 esse,
1171 4614 1428 4671 videlicet
1465 4631 1532 4672 eo
1578 4627 1680 4674 tua:
1709 4619 1906 4674 mentis
1934 4620 2188 4676 intentio-

599 4704 1072 4776 nemporrigens,
1121 4716 1181 4762 ut
1223 4707 1756 4779 praedestinationem
1784 4727 1815 4766 a
1843 4713 2187 4782 praescientia

600 4791 655 4845 in
694 4792 842 4849 nullo
868 4794 1087 4852 diﬁ'erre
1114 4797 1430 4867 conﬁrmes,
1458 4799 1624 4856 veluti
1662 4803 1940 4871 sequentia
1972 4804 2189 4860 demon-

600 4885 870 4942 strabunt.
895 4886 963 4942 Et
994 4889 1138 4959 quod
1161 4890 1243 4946 ais
1269 4907 1283 4944 :

1148 5021 1377 5062 JOANNES
1415 5021 1634 5064 SCOTUS.

671 5118 826 5193 (Cap.
859 5120 916 5185 5,
947 5135 1098 5178 num.
1123 5119 1180 5186 6,
1203 5127 1338 5174 sect.
1365 5118 1446 5190 ⁸5.)
1474 5129 1517 5176 Θ
1538 5117 1596 5174 Si
1630 5137 1752 5191 ergo
1787 5122 1955 5176 omnis
1987 5124 2185 5193 peccati

603 5227 764 5265 causa
790 5228 883 5266 nec
917 5213 974 5266 in
991 5213 1321 5283 prtcscientia
1347 5212 1464 5278 Dei,
1494 5228 1586 5266 nec
1620 5215 1673 5266 in
1710 5214 1825 5282 ejus
1845 5214 2187 5283 prardestina-

604 5304 742 5360 tione
785 5305 854 5359 sit
893 5305 1197 5371 constituta,
1233 5304 1612 5360 euidentissime
1648 5307 1815 5360 omnis
1853 5307 2035 5360 mortis
2070 5323 2187 5378 quae

604 5397 837 5463 sequitur
857 5404 1145 5467 peccatum,
1171 5396 1305 5450 sicut
1330 5397 1386 5450 in
1409 5395 1507 5451 Dei
1539 5399 1867 5468 prtescientia
1903 5415 2062 5454 causa
2086 5417 2188 5455 non

604 5497 701 5552 est,
735 5487 793 5541 in
818 5486 934 5557 ejus
965 5485 1206 5542 similiter
1223 5486 1683 5558 prcedestinatione
1715 5504 1819 5544 non
1853 5505 1966 5544 esse
2004 5491 2184 5545 certis-

605 5577 794 5632 simum
827 5589 924 5633 est.

1241 5665 1559 5710 COBRECTIO.

680 5760 719 5828 -ι-
743 5760 887 5816 Satis
917 5764 1103 5818 mirari
1139 5780 1348 5836 nequeo
1385 5767 1736 5836 quamobrem
1765 5771 1945 5827 subito
1973 5781 2186 5828 mutare

615 5853 850 5907 volueris
875 5855 1251 5922 disputationis
1271 5858 1536 5926 ordinem,
1563 5870 1623 5916 ut
1649 5866 1740 5932 qui
1771 5865 1922 5934 prius
1949 5866 2182 5922 dixeris:

1630 399 1688 452 S.
1728 397 2100 454 PBUDENTII
2141 395 2527 454 'l‘RECENSlS
2573 394 2878 454 EPISCOPI

3691 409 3788 466 l080

2239 516 2290 575 Α
2315 511 2410 568 Dei
2444 511 2840 583 prmscientiam
2875 520 2934 568 et
2964 512 3480 584 praedestinationem
3513 532 3691 577 causam
3717 540 3792 582 non

2287 597 2432 661 esse
2461 605 2686 675 peccati,
2716 604 2801 660 vel
2825 603 2942 674 ejus
2965 617 3162 674 poenae,
3185 604 3268 660 vel
3292 607 3492 674 mortis,
3517 619 3670 679 postea
3690 613 3795 673 dice.

2312 713 2402 754 res
2443 698 2496 752 in
2523 697 2627 772 Dei
2663 695 3008 768 prmscientia
3055 704 3112 751 et
3147 696 3592 768 praedestinatione
3631 719 3791 764 causam

2312 803 2422 844 non
2450 802 2572 844 esse
2597 787 2794 844 mortis
2816 801 2937 858 quae
2963 797 3220 858 sequatur
3243 797 3507 858 peccatum
3529 808 3541 845 :
3563 807 3665 849 cum
3695 797 3794 855 aliud

2311 878 2558 940 videatur
2591 877 2699 932 dici
2730 875 2827 932 Dei
2861 877 3255 948 praescientiam
3284 886 3339 934 et
3361 880 3795 949 przedestinationem

2314 983 2421 1026 non
2469 983 2590 1025 esse
2633 981 2855 1024 causam
2901 967 3130 1038 peccati.
3176 967 3258 1022 vel
3303 983 3484 1038 ρωηεε,
3528 971 3600 1026 vel
3633 976 3793 1041 mortis;

2312 1063 2457 1118 aliud
2498 1062 2554 1116 in
2585 1061 2682 1117 Dei
2708 1059 3051 1132 pmscientia
3081 1068 3137 1115 et
3160 1059 3606 1130 praedestinatione
3637 1079 3794 1121 causam

2310 1169 2419 1210 non
2449 1167 2569 1209 esse
2592 1152 2824 1224 peccati,
2867 1165 3062 1222 pinnae,
3093 1150 3178 1206 vel
3208 1151 3415 1205 mortis.
3444 1150 3532 1206 Dei
3562 1153 3679 1209 enim
3699 1171 3796 1227 pra-

2310 1247 2538 1303 scientia
2587 1254 2644 1302 et
2691 1243 3099 1316 praedestinatio
3159 1258 3267 1298 non
3310 1251 3394 1299 est
3435 1259 3583 1300 causa
3621 1250 3797 1316 peccati,

2308 1351 2504 1409 poenae,
2540 1335 2628 1392 vel
2655 1335 2867 1400 mortis,
2895 1333 3021 1405 quia
3050 1348 3158 1388 non
3197 1333 3311 1405 ipsa
3340 1333 3592 1406 compellit
3611 1336 3678 1392 vel
3695 1336 3800 1406 jubet

2307 1429 2617 1500 quempiam
2653 1441 2902 1498 peccare,
2942 1434 3004 1480 ut
3029 1439 3266 1496 peccans
3300 1419 3483 1496 poenas
3520 1427 3617 1482 luat
3637 1437 3681 1484 et
3699 1445 3796 1483 tuor-

2307 1527 2415 1574 tem
2450 1519 2662 1584 subeat,
2693 1517 2819 1586 quia
2854 1531 2962 1572 non
2987 1525 3071 1573 est
3106 1525 3297 1572 auctor
3323 1517 3544 1588 peccati,
3566 1519 3644 1574 sed
3665 1520 3796 1590 judex,

2303 1607 2451 1663 ultor
2481 1615 2644 1678 atque
2678 1607 2927 1679 punitor.
2969 1606 3027 1662 In
3053 1607 3147 1662 Dei
3178 1615 3365 1663 autem
3405 1611 3699 1680 praescientia
3727 1628 3796 1667 nou

2303 1715 2422 1757 esse
2451 1701 2650 1757 dicitur
2677 1715 2842 1757 causa
2874 1701 3111 1772 peccati,
3140 1703 3269 1771 quia
3313 1701 3368 1757 in
3396 1715 3457 1758 ea
3484 1704 3711 1774 pmscivit
3734 1720 3796 1759 vo-

2302 1793 2566 1850 luntatem
2591 1796 2786 1851 anima:
2815 1795 3094 1850 rationalis
3121 1795 3319 1850 malam
3343 1796 3796 1868 essefuturam,qua,

2227 1881 2275 1941 B
2302 1902 2492 1944 aversa
2537 1905 2568 1944 a
2598 1903 2729 1945 vero
2767 1899 2824 1946 et
2862 1906 3074 1947 summo
3114 1892 3282 1960 bono,
3321 1891 3665 1950 deﬂecteretur
3696 1893 3797 1948 volu-

2303 1981 2584 2051 ptuose'ad
2609 1982 2794 2038 inﬁma
2822 1983 2984 2050 bona,
3016 1985 3070 2039 id
3094 1995 3178 2041 est
3201 1996 3471 2056 peccaret.
3501 1985 3667 2054 Quam,
3687 1984 3797 2040 idest

2302 2071 2598 2129 voluntatis
2639 2074 3000 2140 aversionem,
3042 2089 3162 2130 esse
3195 2091 3420 2132 causam
3458 2076 3640 2147 peccati
3674 2075 3797 2130 nullus

2303 2164 2561 2237 ambigit;
2595 2180 2701 2236 qua
2721 2165 2835 2222 sola
2865 2165 2927 2221 ﬁt
2956 2175 3015 2222 ut
3035 2167 3380 2238 culpabiliter
3405 2167 3797 2236 damnabiliterqne

2302 2269 2578 2330 peccetur,
2609 2276 2711 2316 nec
2739 2268 2920 2316 tamen
2949 2261 3140 2316 eadem
3173 2261 3513 2330 pmscientia
3538 2260 3641 2330 quis
3668 2259 3798 2329 impel-

2302 2350 2430 2406 litur
2459 2353 2526 2407 ad
2571 2361 2874 2424 peccatum.
2924 2353 2983 2409 In
3029 2354 3504 2424 praedestinatione
3542 2368 3713 2424 quoque
3734 2352 3796 2406 Dei

2302 2444 2608 2501 nullatenus
2653 2446 2856 2502 dicitur
2898 2461 3062 2502 causa
3094 2461 3215 2502 esse
3243 2447 3474 2518 peccati,
3514 2446 3625 2516 quia
3655 2443 3796 2498 nullum

2301 2543 2362 2590 ut
2391 2545 2645 2606 peccaret
2680 2537 3107 2608 praedestinavit,
3138 2546 3232 2593 aut
3261 2536 3447 2608 jussit,
3475 2546 3562 2593 aut
3583 2537 3796 2608 compulit;

2302 2629 2394 2684 sed
2430 2629 2484 2684 in
2513 2629 2630 2700 ejus
2669 2629 3147 2700 praedestinatione
3183 2630 3330 2686 sicut
3364 2639 3420 2686 et
3441 2629 3722 2702 przscientia
3744 2642 3797 2679 re-

2302 2719 2526 2775 tributio
2559 2718 2758 2776 dicitur
2790 2733 2968 2790 pinnae
2997 2727 3053 2776 et
3096 2721 3316 2790 mortis,
3347 2721 3471 2792 quia
3503 2719 3720 2791 disposuit
3745 2727 3798 2772 at-

2301 2825 2409 2880 que
2429 2811 2694 2883 judicavit
2718 2821 2780 2868 ut
2799 2827 2935 2883 quos
2963 2813 3271 2870 certissime
3292 2822 3597 2887 peccaturos
3617 2811 3795 2881 atquein

2300 2902 2540 2974 peccatis
2565 2911 3007 2974 perseveratums
3033 2906 3406 2975 praesciverat,
3439 2905 3570 2976 juste
3590 2903 3728 2976 pinnis
3745 2901 3796 2956 di-

2302 2997 2577 3069 gnissimis
2615 2998 3001 3068 plecterentur.
3044 2997 3198 3066 Quod
3227 3008 3290 3055 tu
3318 2999 3441 3070 quia
3471 3012 3644 3068 negare
3665 3008 3794 3050 susce-

2301 3106 2482 3164 peras,
2523 3100 2578 3147 et
2620 3100 2802 3149 tamen
2843 3107 3238 3164 usquequaque
3275 3107 3474 3166 negare
3511 3105 3605 3148 non
3629 3097 3796 3162 poteras,

2303 3184 2586 3257 subjungis
2611 3185 2798 3242 dicens
2823 3200 2840 3239 :

2223 3239 2269 3302 C

2845 3315 2935 3356 1οΔ
2942 3315 3076 3356 NNES
3113 3315 3337 3357 8001⁸118.

2369 3413 2522 3487 (Cap.
2551 3415 2605 3482 5,
2637 3432 2786 3473 num.
2813 3418 2863 3483 7,
2897 3426 3030 3473 sect.
3054 3417 3134 3490 3.)
3158 3426 3200 3474 8
3232 3418 3485 3486 Quamvis
3507 3415 3652 3472 sancti
3673 3419 3798 3466 aucto-

2297 3521 2379 3560 res
2422 3505 2578 3560 modo
2615 3507 2846 3577 quodam
2889 3507 3119 3562 abusiuw
3162 3507 3446 3563 locutionis
3485 3506 3659 3562 soleant
3683 3502 3799 3556 dicere

2295 3598 2692 3669 pra’destinatos
2727 3601 2797 3654 ad
2831 3613 3080 3668 mortem,
3113 3601 3191 3656 vel
3223 3603 3508 3666 interitum,
3543 3599 3612 3654 vel
3639 3611 3796 3668 penam

2295 3694 2360 3747 de
2386 3709 2488 3765 quo
2511 3701 2713 3759 postea,
2737 3704 2893 3763 prout
2915 3693 3174 3750 Dominus
3208 3695 3494 3766 aperuerit,
3521 3693 3726 3747 dicemus.

2922 3825 3244 3869 οοιιιιεετιο.

2366 3919 2406 3988 -ξ-
2432 3916 2536 3974 Ubi
2564 3919 2692 3990 quia
2717 3919 2962 3992 ﬁgmenti
3007 3922 3085 3978 tui
3114 3923 3618 3980 demonstrationem
3651 3917 3795 3974 dilicti.

2294 4017 2350 4066 et
2396 4025 2496 4065 nos
2533 4012 2940 4082 responsionem
2983 4015 3236 4072 veritatis
3284 4017 3498 4073 interim
3537 4013 3794 4070 differamus:

2293 4103 2491 4174 quibus
2514 4105 2694 4161 dilatis
2719 4108 3012 4164 reverteris
3038 4109 3106 4164 ad
3133 4109 3190 4164 id
3216 4110 3364 4181 quod
3384 4110 3502 4182 plus
3520 4108 3650 4179 justo
3672 4114 3796 4160 astru-

2295 4209 2476 4261 xeras,
2529 4195 2860 4254 voluntatem
2901 4207 3152 4254 naturam
3199 4199 3300 4256 tibi
3331 4215 3473 4268 esse,
3506 4214 3600 4255 non
3638 4197 3794 4251 donum.

2295 4285 2440 4343 Dicis
2465 4288 2644 4342 enim:

2842 4397 3070 4440 JOANNES
3109 4399 3332 4442 SCO'I'US.

2363 4491 2516 4564 (CaP-
2539 4493 2595 4561 5s
2618 4508 2767 4548 llum.
2791 4494 2848 4559 8,
2874 4504 3008 4553 sect.
3030 4496 3112 4568 4.)
3159 4507 3202 4556 Θ
3218 4537 3230 4553 ι
3247 4498 3408 4553 Nunc
3455 4497 3641 4553 interim
3675 4490 3796 4545 cossi-

2218 4606 2268 4667 D
2293 4583 2479 4638 derare
2515 4584 2760 4640 debemus
2793 4595 2972 4640 utrum
2993 4587 3128 4642 sicut
3149 4587 3295 4644 Deus
3319 4607 3412 4645 nec
3433 4584 3713 4661 prtescientia
3737 4594 3796 4632 tm

2290 4677 2750 4750 prwdestinatione
2792 4696 2889 4734 sua
2928 4681 3183 4737 neminem
3225 4684 3485 4754 compellit
3521 4695 3714 4753 peccare,
3744 4675 3794 4727 ita

2293 4771 2548 4826 neminem
2585 4771 2862 4844 compellat
2885 4775 2966 4844 pie
2987 4775 3171 4832 vivere.
3200 4775 3302 4831 Ubi
3332 4777 3621 4832 intuendum
3637 4780 3698 4827 est
3715 4766 3794 4822 nll-

2287 4859 2394 4914 lius
2429 4861 2711 4916 voluntatis
2747 4879 2858 4917 esse
2897 4881 3068 4919 veram
3103 4865 3416 4933 libertatem,
3437 4869 3483 4922 si
3510 4866 3794 4936 aliquam"J

2287 4967 2404 5005 eam
2437 4951 2678 5022 coegerit.
2730 4953 2904 5024 Igitur
2939 4955 2985 5010 si
3021 4957 3305 5012 humanam
3347 4958 3642 5013 uoluntatem
3668 4950 3792 5017 aliqu

2291 5058 2452 5096 causa
2473 5043 2741 5113 prccedit,
2766 5061 2884 5114 quae
2909 5062 3024 5102 eam
3063 5049 3280 5103 inuitam
3317 5056 3604 5120 extorqueat
3629 5043 3685 5097 ad
3702 5039 3793 5093 bm

2291 5133 2494 5188 malaue
2529 5133 2607 5188 vel
2640 5136 2919 5206 cogitanda
2955 5138 3033 5192 uel
3065 5142 3288 5210 agenda,
3322 5141 3548 5212 sequitur
3564 5153 3652 5190 non
3673 5131 3792 5187 solt!

2294 5241 2399 5279 non
2420 5241 2531 5280 esse
2564 5241 2679 5280 eam
2711 5241 2826 5281 uere
2858 5225 3100 5295 liberam,
3124 5231 3216 5284 sed
3235 5233 3441 5301 penitus
3461 5245 3566 5285 eam
3595 5242 3680 5279 non
3700 5233 3790 5275 esse.

2296 5313 2398 5370 Ubi
2429 5317 2568 5371 enim
2593 5327 2666 5370 est
2699 5334 2864 5373 causa
2889 5335 3007 5389 qua?
3037 5321 3317 5392 compellit,
3347 5322 3419 5375 ibi
3447 5338 3542 5376 non
3565 5328 3631 5372 est
3655 5323 3791 5369 natura

2296 5424 2413 5479 qua:
2445 5407 2588 5463 uelit.
2631 5409 2792 5479 Atqui
2817 5409 3051 5465 humana
3083 5422 3274 5468 natura
3308 5430 3411 5468 non
3437 5412 3591 5470 solum
3615 5405 3792 5462 soluunt

2294 5507 2392 5565 est,
2415 5499 2507 5555 sed
2545 5509 2596 5554 et
2636 5499 2821 5567 libera,
2862 5517 2956 5556 nec
2998 5503 3117 5572 ejus
3158 5502 3369 5560 libertas
3412 5503 3568 5573 falsa,
3605 5497 3679 5552 sed
3710 5504 3787 5545 ut"

2297 5601 2390 5646 εει.

2916 5682 3232 5725 οοκκεοτιο.

2364 5776 2404 5846 ἰ·
2430 5776 2503 5832 De
2540 5777 2626 5832 his
2667 5777 2794 5833 licet
2841 5780 3212 5850 superioribus
3245 5789 3300 5836 et
3323 5777 3622 5835 auctoritate
3645 5777 3688 5824 ct
3715 5764 3784 5819 Pa-

2298 5882 2435 5925 trutn
2464 5871 2752 5927 concordia
2795 5872 2925 5926 satis
2967 5883 3148 5928 actum
3200 5876 3286 5940 sit,
3329 5889 3432 5928 non
3471 5872 3558 5925 abs
3587 5868 3781 5921 rem”
