4064 6346
261 439 396 496 1081

1075 437 1194 492 ,υε
1231 431 1908 492 PREDESTINATIONE
1945 430 2312 499 CONTRA].
2357 432 2656 489 SCOTUM.
2691 441 2699 448 '

3377 437 3514 494 1082

259 557 477 611 videtur
507 555 552 608 si
583 561 757 608 tecum
791 551 1064 622 paululum
1096 551 1444 622 desipiamus,
1467 559 1522 606 et
1556 565 1623 604 ex
1642 565 1832 621 super-
1859 556 1913 614 Α
1937 562 1997 604 se
2025 547 2225 617 corripi
2273 547 2529 618 postulat,
2566 547 2822 603 nimirum
2861 563 2969 603 non
3010 547 3064 603 in
3086 547 3361 606 voluntate
3388 564 3512 622 pro-

261 647 372 703 ιιυυ
397 645 587 701 eadem
637 652 962 714 repetamus.
1015 643 1168 711 Quod
1192 658 1320 714 ergo
1343 643 1423 697 ais
1457 661 1469 696 :
1510 639 1722 695 Nullius
1748 658 1834 696 vo-

261 739 481 793 luntatis
516 753 627 792 esse
669 751 846 791 veram
889 735 1175 790 libertatem
1215 735 1261 789 si
1305 733 1484 804 aliqua
1531 749 1694 787 causa
1719 747 1832 786 eam

261 827 507 900 coegerit,
528 825 744 882 conaris
760 833 1003 882 astruere
1021 824 1351 881 voluntatem
1374 825 1666 880 humanam
1687 823 1836 878 nullo

262 917 459 974 divinae
506 915 879 987 inspirationis
921 930 1144 972 munere
1186 915 1491 988 prteveniri,
1529 915 1656 986 quia
1699 913 1836 969 invi-

263 1021 376 1067 tam
405 1011 473 1066 ad
518 1012 720 1067 bonum
767 1009 982 1081 aliquod
1023 1025 1132 1065 non
1168 1010 1252 1064 vis
1277 1007 1494 1079 impelli.
1533 1007 1647 1076 Qua
1677 1009 1742 1064 de
1777 1023 1836 1062 re

260 1119 387 1160 cum
441 1101 994 1175 argumentationibus
1032 1101 1188 1157 vanis
1217 1110 1427 1171 tempus
1459 1100 1833 1171 insumpseris,

259 1211 441 1269 operae
486 1196 723 1268 pretium
771 1194 952 1251 fuerat
1001 1202 1054 1251 te
1099 1193 1380 1251 consulere
1422 1194 1730 1260 veritatem,
1783 1202 1837 1250 et

259 1287 523 1359 quidquid
542 1287 837 1343 auctoritas
851 1288 1099 1344 suaderet
1116 1287 1352 1343 edicere.
1376 1285 1515 1354 Quid
1535 1295 1639 1352 est,
1653 1300 1836 1358 quaeso

260 1389 338 1445 te,
367 1378 512 1450 quod
531 1379 808 1450 postulans
819 1378 1088 1450 Propheta
1112 1385 1369 1451 precatur
1397 1398 1411 1434 :
1445 1377 1692 1435 Converte
1716 1395 1831 1446 nos,

258 1470 509 1538 Domine,
537 1481 585 1526 et
623 1481 980 1526 convertemur
1007 1471 1078 1526 ad
1121 1481 1171 1527 te
1194 1470 1412 1544 (Thren.
1444 1488 1497 1539 v,
1536 1472 1670 1543 ﬁl)?
1697 1471 1837 1540 Quo-

261 1563 422 1620 modo
441 1563 584 1620 enim
609 1565 878 1621 convertit
917 1581 1037 1633 nos,
1064 1565 1194 1632 nisi,
1211 1597 1215 1602 ε
1223 1567 1598 1638 praeveniente
1634 1567 1833 1638 gratia,

258 1655 590 1711 voluntatem
627 1655 980 1713 convertendi
1010 1655 1436 1712 misericorditer
1469 1656 1836 1714 infundendo?

257 1747 378 1817 Ipse
406 1747 551 1804 enim
597 1747 748 1819 prior
799 1748 1090 1815 convertit,
1130 1749 1258 1818 quia
1299 1748 1630 1804 voluntatem
1669 1748 1734 1803 ad
1775 1763 1836 1803 se

257 1840 611 1896 convertendi
661 1841 918 1913 inspirat;
961 1849 1017 1897 et
1047 1856 1148 1898 nos
1183 1841 1552 1898 convertimur
1593 1842 1662 1898 ad
1685 1856 1833 1910 eum,

1934 641 2052 710 pria
2091 641 2487 697 correCtionem
2515 656 2693 706 suam,
2724 642 2819 696 sed
2847 641 2903 696 in
2943 640 3038 696 Dei
3064 641 3373 698 miserentis
3392 659 3513 700 cor-

1935 732 2179 802 reptione
2205 732 2562 789 saluberrima
2599 732 2899 788 consistere
2925 730 3258 789 manifestat.
3288 733 3440 790 Unde
3460 743 3517 791 et

1935 823 2070 879 alias
2115 824 2411 880 admonens
2448 833 2674 901 paterno
2709 823 2904 882 affectu
2949 824 3118 881 ﬁlium
3146 826 3390 893 instruit,
3429 827 3516 883 di-

1935 932 2064 973 cens
2097 935 2111 973 :
2141 915 2250 972 Fili
2268 919 2361 984 mi,
2391 935 2455 973 ne
2486 919 2701 988 deﬁcias
2728 936 2762 973 a
2797 918 3077 989 disciplina
3099 918 3517 992 Domini,neque

1935 1009 2171 1081 fatigeris
2193 1010 2318 1065 dum
2346 1011 2409 1065 ab
2431 1027 2492 1065 eo
2521 1011 2760 1082 argueris
2791 1027 2809 1065 :
2835 1027 2990 1082 quem
3009 1010 3146 1064 enim
3178 1009 3348 1082 diligit
3374 1011 3517 1067 Deus

1935 1105 2172 1176 corripit,
2211 1105 2444 1178 ﬂagellat
2483 1115 2657 1160 autem
2704 1123 2907 1161 omnem
2946 1105 3118 1174 ﬁlium
3149 1123 3301 1178 quem
3335 1108 3517 1179 recipit

1935 1191 2119 1264 (Prov.
2162 1211 2243 1262 ιιι,
2275 1195 2337 1250 11
2365 1212 2380 1261 ;
2413 1193 2578 1249 Hebr.
2635 1194 2821 1260 xu,-5,
2849 1193 2924 1266 6).
2969 1194 3037 1250 Et
3080 1195 3277 1252 iterum
3307 1203 3516 1266 patrem

1936 1294 2291 1342 commonet:
2349 1284 2532 1341 Tunde
2569 1285 2736 1340 latera
2774 1285 2872 1355 filii
2911 1286 2988 1340 tui
3033 1286 3160 1341 dum
3211 1287 3388 1355 infans
3443 1297 3518 1343 est

1937 1374 2127 1447 (Eccli.
2151 1391 2280 1442 xxx,
2300 1375 2411 1448 l2).
2438 1375 2566 1431 Noli
2594 1377 2896 1432 subtrahere
2917 1394 2949 1431 a
2975 1394 3138 1448 puero
3153 1378 3518 1450 disciplinam:

1934 1468 1980 1521 si
1999 1469 2138 1522 enim
2162 1470 2476 1538 percusseris
2497 1484 2616 1524 eum
2648 1469 2819 1540 virga,
2844 1485 2948 1524 non
2976 1472 3250 1526 morietur.
3276 1470 3355 1526 Tu
3381 1473 3520 1526 enim

1935 1559 2080 1630 virga
2103 1561 2331 1630 percutis
2351 1577 2492 1628 eum,
2520 1570 2568 1616 et
2607 1561 2838 1637 animum
2866 1561 2984 1632 ejus
3008 1562 3072 1617 de
3088 1562 3298 1633 inferno
3321 1563 3514 1620 liberas

1935 1648 2121 1723 (Prov.
2167 1668 2337 1721 mn,
2391 1653 2478 1720 15,
2520 1653 2631 1724 14).
2673 1653 2742 1709 Ει
2777 1653 3066 1725 Apostolus
3098 1673 3111 1710 :
3147 1653 3334 1711 Omnis
3359 1657 3518 1713 disci-

1936 1742 2082 1814 plina
2104 1744 2160 1798 in
2185 1746 2432 1815 praesenti
2466 1746 2670 1800 videtur
2697 1763 2801 1801 non
2841 1762 2951 1801 esse
2975 1746 3181 1818 gaudii,
3203 1747 3296 1802 sed
3323 1750 3515 1804 matro-

1940 1838 2048 1903 ris;
2074 1846 2254 1907 postea
2283 1847 2457 1892 autem
2490 1839 2719 1908 fructum
2749 1840 3143 1910 pacatissimam
3169 1840 3347 1895 reddet
3361 1841 3524 1911 justi-

256 1934 384 2002 quia
408 1933 652 1990 vocantis
673 1935 907 2007 gratiam
938 1936 1057 2006 ipso
1078 1934 1327 2004 adiutore
1349 1936 1630 1993 humiliter
1659 1938 1834 2008 sequi-
1863 1924 1908 1984 Β
1935 1928 2024 1983 tite
2043 1929 2347 1984 exercitatis
2370 1928 2557 2000 (Hebr.
2579 1945 2679 1997 xu,
2712 1929 2822 2001 11).
2853 1929 2920 1984 Et
2944 1931 3074 1987 item
3103 1948 3118 1986 :
3151 1930 3218 1985 In
3239 1931 3521 2003 disciplina

255 2041 400 2082 mur.
423 2025 674 2096 Nunquid
697 2027 912 2083 dicendi
939 2036 1067 2084 sunt
1088 2031 1252 2084 corda
1285 2043 1392 2084 non
1421 2028 1697 2096 habuisse,
1719 2030 1838 2100 qui-

253 2119 360 2176 bus
405 2117 673 2176 secundus
715 2118 1147 2178 Machabaeorum
1203 2121 1341 2178 liber
1387 2122 1530 2178 inter
1573 2124 1836 2178 orandum

254 2208 518 2264 fratribus
545 2208 832 2279 imprecari
873 2211 1003 2267 dicit
1030 2230 1043 2266 :
1085 2211 1186 2268 Det
1208 2207 1352 2267 vobis
1384 2229 1474 2267 cor
1495 2214 1751 2278 omnibus,
1779 2225 1838 2270 ut

255 2300 443 2355 colatis
463 2317 582 2356 eum
598 2310 646 2356 et
670 2302 882 2372 faciatis
903 2304 1018 2374 ejus
1039 2303 1356 2360 voluntatem
1373 2304 1458 2379 (II
1483 2305 1661 2362 Mach.
1687 2325 1726 2374 ι,
1743 2308 1838 2380 5)?

257 2393 316 2448 Si
343 2393 486 2450 enim
515 2409 613 2450 cor
651 2409 745 2451 eos
770 2395 1026 2465 habuisse
1052 2398 1273 2454 dubium
1305 2413 1411 2456 non
1448 2409 1552 2456 est.
1584 2402 1712 2472 quid
1740 2417 1838 2458 ne-

253 2501 412 2543 cesse
433 2485 606 2544 fuerat
633 2497 818 2560 petere
840 2493 921 2546 eis
947 2491 1064 2546 dari
1088 2492 1232 2562 quod
1259 2491 1555 2558 habebant,
1581 2493 1685 2549 nisi
1709 2495 1844 2565 quia

253 2577 437 2633 cordis
463 2579 680 2634 nomine
709 2580 1040 2637 voluntatem
1073 2582 1296 2648 bonam,
1339 2582 1592 2638 videlicet
1622 2583 1835 2640 colendi

251 2665 426 2721 Deum
448 2673 504 2732 et
528 2666 760 2724 faciendi
781 2669 900 2739 ejus
916 2670 1274 2738 voluntatem,
1297 2671 1553 2728 volebant
1581 2673 1831 2746 intelligi.

253 2759 496 2814 Dicendo
524 2775 678 2832 ergo,
701 2760 801 2816 Det
845 2762 991 2818 vobis
1018 2779 1109 2817 cor
1132 2764 1392 2830 omnibus,
1421 2775 1478 2820 ut
1507 2765 1694 2821 colatis
1717 2783 1836 2822 eum

250 2859 303 2908 et
346 2850 556 2920 faciatis
599 2852 714 2922 ejus
747 2852 1065 2909 voluntatem
1090 2893 1106 2920 ,
1142 2853 1281 2910 nihil
1323 2853 1470 2911 aliud
1509 2850 1697 2927 quam,
1746 2858 1837 2914 det

250 2943 410 3000 vobis
445 2943 804 3012 voluntatem,
850 2953 911 3000 ut
945 2945 1140 3002 colatis
1191 2961 1317 3002 eum
1362 2955 1419 3002 et
1470 2946 1684 3004 faciatis
1718 2949 1836 3018 ejus

249 3035 608 3104 voluntatem,
635 3037 795 3093 debet
818 3038 1030 3094 sentiri.

325 3126 384 3183 Si
409 3136 590 3184 autem
627 3129 695 3186 ad
724 3131 1018 3186 amandum
1065 3131 1472 3203 timendumque
1517 3132 1689 3189 Deum
1713 3134 1836 3190 nul-

250 3221 338 3277 lus
372 3221 730 3293 compellitur,
755 3224 884 3294 quid
911 3232 996 3280 est
1019 3225 1161 3295 quod
1190 3223 1452 3281 Dominus
1479 3240 1578 3297 per
1596 3227 1835 3298 Prophe-

251 3323 366 3367 tam
391 3312 523 3368 dicit
549 3331 562 3367 :
587 3311 815 3369 Faciam
850 3324 907 3368 ut
932 3315 988 3370 in
1010 3317 1283 3387 praeceptis
1313 3317 1444 3371 meis
1483 3317 1758 3374 ambuletis
1787 3329 1834 3374 et
1860 3299 1908 3364 (ἶ

243 3402 454 3472 judicia
503 3420 620 3460 mea
666 3405 974 3462 custodiatis
1009 3405 1226 3477 (Ezech.
1269 3423 1347 3474 ιιι,
1389 3407 1522 3480 20)?
1571 3408 1710 3476 Quid
1755 3419 1839 3466 est

250 3495 397 3564 quod
439 3503 522 3550 tot
579 3495 1091 3554 comminationibus
1134 3500 1189 3554 in
1241 3500 1575 3570 propheticis
1621 3501 1838 3572 scriptis

251 3601 490 3658 superna
522 3587 802 3645 miseratio
820 3605 950 3661 erga
973 3599 1290 3662 peccatores
1309 3591 1617 3664 utilegitur,
1645 3593 1840 3665 quibus

252 3694 352 3735 eos
377 3679 447 3734 ab
469 3693 658 3736 errore
685 3683 1064 3738 converteret?
1097 3683 1239 3756 Lege
1258 3684 1549 3756 praphetas
1568 3696 1623 3742 et
1649 3701 1836 3742 eorum

253 3771 667 3828 veracissimum
700 3773 1104 3846 explanatorem
1139 3774 1548 3850 Hieronymum,
1571 3787 1627 3835 et
1643 3779 1719 3836 ibi
1743 3795 1837 3851 pa-

254 3872 434 3921 tenter
483 3865 728 3922 invenies
757 3867 886 3938 quia
937 3867 1080 3924 Deus
1113 3869 1299 3925 multis
1330 3879 1598 3926 terrorum
1626 3872 1839 3942 generi-

251 3958 380 4024 bus,
401 3965 458 4013 et
487 3966 621 4014 tunc
648 3975 778 4016 usus
801 3960 988 4028 fuerit,
1004 3969 1059 4017 et
1084 3976 1230 4016 nunc
1251 3963 1330 4018 uti
1343 3978 1451 4019 non
1465 3963 1696 4030 desinat,
1722 3966 1838 4034 qui-

250 4049 358 4104 bus
385 4057 677 4118 peccantes
705 4049 772 4106 ad
803 4051 1202 4122 ptenitentiam,
1231 4053 1284 4108 id
1305 4061 1391 4109 est
1430 4055 1624 4109 bonam
1653 4055 1842 4110 volun-

252 4148 442 4207 tatem,
473 4149 792 4208 convertat,
825 4143 893 4197 ad
917 4157 1078 4213 quam
1119 4144 1341 4200 minime
1365 4153 1708 4202 verterentur
1735 4147 1836 4202 nisi

251 4233 434 4288 aversi
457 4233 706 4291 fuissent.
738 4234 876 4291 Cum
903 4244 1085 4291 autem
1125 4237 1385 4292 divinitus
1419 4246 1830 4306 convertuntur,

253 4325 534 4382 humiliter
573 4329 830 4398 prostrati
872 4330 1148 4400 postulare
1191 4345 1298 4386 non
1363 4331 1664 4388 desistunt:
1695 4335 1838 4406 quod

249 4421 566 4492 poposcisse
611 4422 800 4494 legunt
839 4438 964 4479 eum
993 4425 1085 4494 qui
1108 4423 1376 4482 adulterio
1410 4424 1648 4483 fmdatus
1669 4428 1841 4484 homi-

250 4512 504 4582 cidioque
529 4521 798 4584 turpatus,
845 4515 1170 4587 tandemque
1217 4531 1247 4572 a
1284 4517 1574 4589 propheta,
1612 4519 1840 4575 Domino

243 4602 497 4674 iubente,
529 4614 831 4677 correptus,
858 4616 984 4678 post
1004 4607 1274 4678 prolatam
1305 4609 1359 4663 in
1406 4609 1779 4680 hujuscemodi
1806 4628 1836 4666 a

1939 2032 2278 2092 perseverate.
2315 2021 2587 2094 Tanquam
2625 2021 2750 2092 filiis
2774 2023 2914 2078 vobis
2937 2023 3089 2092 offert
3113 2040 3169 2078 se
3196 2023 3380 2078 Deust:
3406 2025 3522 2096 quis

1937 2113 2075 2168 enim
2095 2112 2261 2182 ﬁlius,
2283 2129 2434 2184 quem
2478 2130 2582 2168 non
2614 2114 2831 2186 corripit
2855 2116 3044 2184 pater?
3090 2113 3150 2169 Si
3175 2123 3348 2170 autem
3375 2125 3525 2170 extra

1937 2202 2270 2274 disciplinam
2327 2204 2490 2271 estis,
2549 2204 2714 2259 videte
2781 2205 2934 2275 cujus
2986 2205 3088 2274 ﬁlii
3130 2207 3254 2261 estis
3311 2205 3519 2277 (Ibid.,

1938 2296 1992 2363 7,
2021 2296 2098 2368 8).
2129 2297 2198 2352 Et
2227 2297 2425 2353 iterum
2449 2312 2462 2352 :
2493 2297 3018 2370 Corripiteinquietos
3047 2298 3100 2371 (Ι
3121 2298 3298 2354 Thess.
3322 2315 3376 2367 v,
3407 2299 3519 2373 14).

1938 2389 2006 2443 Et
2053 2404 2270 2445 rursum
2306 2408 2319 2444 :
2369 2387 2654 2444 Peccantes
2689 2407 2870 2446 coram
2912 2392 3150 2447 omnibus
3187 2408 3368 2462 argue,
3399 2401 3524 2448 utet

1937 2479 2110 2533 ueteri
2143 2479 2382 2532 timorem
2407 2479 2630 2534 habeant
2657 2478 2711 2549 (1
2735 2478 2872 2534 Tim.
2902 2499 2957 2545 v,
2979 2480 3091 2552 20).
3118 2481 3188 2535 Et
3223 2481 3352 2536 item
3379 2497 3392 2536 :
3425 2481 3524 2536 Ar-

1936 2587 2054 2640 gue,
2109 2571 2342 2638 obsecra,
2399 2572 2630 2639 increpa,
2682 2590 2802 2627 cum
2841 2575 2983 2628 omni
3023 2575 3243 2645 impcrto
3269 2571 3357 2646 (II
3384 2573 3522 2630 Tim.

1940 2679 2012 2730 IV,
2042 2663 2120 2734 2).
2179 2665 2321 2720 Deus
2362 2679 2619 2735 quoque,
2683 2667 2826 2722 sicut
2879 2667 2936 2721 in
2983 2667 3277 2738 Evangelio
3329 2667 3526 2722 dicitur

1940 2755 2120 2826 (Joan.
2154 2771 2214 2822 ιι,
2242 2756 2356 2828 15),
2393 2773 2519 2813 cum
2555 2757 2778 2815 fecisset
2811 2759 2968 2830 quasi
3017 2759 3286 2832 flagellum
3317 2759 3386 2815 de
3432 2759 3523 2815 fu-

1938 2846 2152 2914 niculis,
2187 2864 2366 2903 omnes
2395 2848 2545 2919 ejecit
2565 2849 2630 2904 de
2650 2852 2861 2922 templo.
2891 2850 2992 2918 Qui
3019 2852 3183 2907 etiam
3224 2851 3280 2907 in
3306 2852 3520 2925 Apoca-

1937 2939 2074 3012 lypsi
2123 2939 2363 3010 loquitur
2416 2961 2426 2996 :
2487 2941 2600 3014 Ego
2646 2960 2777 3015 quos
2811 2961 2952 3012 amo,
3011 2962 3178 3015 arguo
3230 2955 3279 3000 et
3327 2947 3526 3019 castigo

1938 3035 2121 3106 (Apoc.
2151 3053 2234 3104 ιιι,
2265 3037 2374 3110 19).
2407 3036 2518 3092 Cur
2555 3046 2610 3093 et
2645 3037 2916 3110 Propheta
2951 3038 3381 3108 gratulabundus
3407 3039 3523 3095 aie-

1937 3127 2032 3182 bat
2060 3145 2075 3182 :
2112 3126 2394 3201 Castigain
2436 3147 2535 3197 me,
2589 3120 2832 3196 Domine,
2864 3141 2912 3186 et
2961 3131 3201 3187 eruditus
3231 3149 3349 3188 sum
3375 3133 3528 3205 quasi

1930 3221 2244 3292 juvenculus
2289 3225 2596 3279 indomitus.
2649 3223 2898 3279 Converte
2929 3241 3013 3279 me
3045 3233 3093 3279 et
3122 3234 3375 3292 revertar,
3400 3227 3526 3294 quia

1937 3323 1996 3369 tu
2021 3313 2280 3370 Dominus
2301 3314 2442 3370 Deus
2461 3315 2628 3370 meus.
2643 3314 2932 3387 Postquam
2952 3316 3089 3370 enim
3107 3316 3402 3370 convertiin
3422 3333 3526 3382 me,

1938 3407 2019 3478 egi
2045 3407 2423 3478 paenitentiam,
2449 3417 2499 3462 et
2526 3415 2803 3479 postquam
2825 3408 3097 3463 ostendisti
3113 3409 3263 3474 mihi,
3293 3409 3528 3479 percussi

1939 3499 2114 3570 femur
2141 3517 2336 3556 meum.
2363 3500 2628 3571 Confusus
2651 3517 2770 3556 sum
2799 3510 2846 3556 et
2870 3502 3077 3568 erubui,
3106 3500 3356 3572 quoniam
3371 3501 3528 3555 susti-

1939 3591 2032 3644 nui
2049 3591 2385 3662 opprobrium
2410 3590 2778 3646 adolescentite
2801 3607 2932 3645 mea:
2948 3589 3084 3659 (Jer.
3109 3606 3263 3656 χχιιι,
3295 3590 3382 3658 18,
3415 3590 3526 3661 19).

1912 3679 2009 3736 Ἐι
2036 3681 2175 3738 alius
2229 3682 2492 3753 gloriatur
2531 3681 2718 3737 dicens
2758 3697 2776 3735 °.
2815 3679 3093 3752 Castigans
3134 3680 3406 3750 castigavit
3448 3695 3530 3735 me

1940 3774 2222 3840 Dominus,
2248 3782 2298 3827 et
2321 3773 2477 3827 morti
2499 3789 2603 3827 non
2629 3772 2848 3825 tradidit
2865 3788 2948 3826 me
2970 3769 3090 3842 (Ps.
3122 3787 3291 3837 cxvn,
3320 3771 3407 3843 l8)
3432 3788 3447 3837 ;
3474 3781 3530 3826 et

1940 3869 2110 3924 multa
2137 3867 2239 3922 alia
2263 3907 2279 3933 ,
2309 3881 2429 3936 quae
2456 3865 2672 3937 longum
2699 3874 2756 3922 et
2777 3880 2884 3921 non
2909 3866 3275 3922 necessarium
3296 3874 3382 3921 est
3401 3879 3526 3936 per-

1942 3959 2116 4028 sequi,
2158 3957 2414 4026 quoniam
2445 3955 2749 4028 legentibus
2780 3955 2835 4010 in
2860 3957 3150 4027 propatulo
3183 3966 3332 4013 sunt.

2013 4050 2214 4106 Verum
2251 4051 2379 4121 quia
2423 4051 2478 4106 in
2512 4051 2616 4106 hac
2658 4058 2764 4106 tua:
2805 4051 3181 4122 perversitatis
3225 4051 3528 4108 assertione

1943 4144 2081 4214 (cap.
2119 4141 2188 4208 5,
2247 4157 2393 4195 nunt.
2443 4140 2530 4207 10,
2571 4150 2695 4196 sect.
2738 4140 2826 4214 5),
2886 4141 3330 4212 compulsativam
3381 4151 3526 4198 tuam

1943 4250 2166 4292 causam
2197 4233 2514 4305 frequenter
2534 4235 2806 4303 nominas,
2836 4237 3066 4307 petenda
3092 4237 3398 4293 necessaria
3431 4252 3521 4292 no-

1942 4329 2028 4384 bis
2057 4335 2142 4384 est
2160 4327 2507 4398 sempiterna:
2533 4327 2812 4399 sapientiae
2828 4328 3025 4398 gratia,
3051 4336 3112 4383 ut
3134 4329 3290 4385 nobis
3313 4328 3525 4400 aperire

1943 4421 2198 4493 dignetur
2225 4421 2366 4477 idem
2388 4420 2712 4478 vocabulum
2737 4421 2812 4476 ita
2844 4421 2901 4476 in
2931 4421 3103 4478 sacris
3129 4422 3360 4493 eloquiis
3385 4423 3530 4493 posi-

1945 4521 2074 4577 tum,
2101 4529 2208 4585 quo
2238 4523 2326 4569 tua
2358 4521 2571 4570 mortua
2595 4513 2861 4584 jactantia
2888 4514 3298 4586 comprimatur.
3337 4514 3528 4572 Refert

1944 4613 2167 4661 sanctus
2199 4605 2534 4675 evangelista
2559 4605 2754 4671 Lucas,
2785 4620 2908 4661 cum
2940 4605 3253 4675 parabolam
3293 4605 3528 4662 hominis

249 4670 434 4768 seipso
462 4670 655 4755 mortis
680 4670 1023 4766 sententiam;
1053 4716 1176 4756 cum
1198 4700 1412 4756 audiret
1435 4670 1495 4757 se
1522 4703 1698 4772 ipsum
1718 4719 1838 4759 esse
1867 4670 1919 4731 θ
1941 4713 2153 4754 caenam
2202 4713 2455 4768 magnam
2519 4696 2770 4753 facientis
2811 4697 3118 4768 multoSque
3155 4697 3404 4753 vocantis
3429 4697 3522 4751 de-

249 4791 347 4860 qui
389 4791 562 4848 eidem
602 4793 890 4849 sententiae
934 4792 1262 4864 subiaceret,
1313 4793 1545 4852 dicendo
1582 4795 1835 4867 (mortem

250 4886 513 4942 continuo
563 4885 980 4958 subsequentem
1013 4887 1306 4960 metuens),
1334 4887 1555 4944 Peccavi
1588 4888 1640 4962 (1
1649 4889 1675 4943 I
1707 4889 1830 4962 Reg.

250 4994 356 5044 xu,
400 4980 457 5045 7,
504 4977 652 5052 etc.),
703 4979 1044 5048 postmodum
1089 4978 1231 5034 inter
1265 4977 1424 5036 ﬂetus
1472 4989 1528 5035 et
1569 4980 1838 5053 lacrymas

251 5071 578 5142 suppliciter
607 5073 935 5143 precabatur
953 5071 1141 5126 dicens
1169 5089 1181 5125 :
1215 5068 1320 5126 Cor
1347 5071 1603 5126 mundum
1630 5090 1749 5128 crea
1779 5075 1836 5129 in

249 5179 360 5229 me,
415 5161 581 5230 Deus,
621 5171 729 5218 etc.
767 5160 942 5233 (Psal.
985 5177 1038 5226 ι.,
1069 5159 1177 5230 12).
1211 5159 1314 5228 Qui
1345 5160 1532 5230 utique
1555 5176 1650 5218 cor
1673 5163 1840 5218 habe-

255 5261 373 5324 bat,
404 5255 499 5314 sed
527 5255 890 5322 immundum,
918 5255 1120 5324 quique
1162 5253 1306 5324 quod
1348 5268 1380 5308 a
1415 5267 1475 5309 se
1526 5254 1628 5309 sibi
1665 5269 1840 5326 neque

253 5365 405 5417 esse,
432 5363 609 5420 neque
631 5347 752 5404 ﬁeri
778 5361 938 5419 posse
959 5347 1264 5404 certissime
1293 5347 1518 5413 sciebat,
1550 5363 1581 5402 a
1611 5347 1840 5404 Domino

255 5443 439 5500 creari
459 5440 738 5497 humiliter
761 5437 1105 5510 deposcebat.
1131 5437 1596 5507 Quemadmodum
1619 5447 1675 5493 et
1699 5438 1838 5495 alius

255 5535 529 5609 propheta
575 5533 807 5590 Domino
836 5531 1122 5598 conﬁtens,
1157 5531 1336 5587 aiebat
1364 5550 1377 5586 :
1428 5530 1566 5596 Scio,
1597 5530 1843 5600 Domine,

255 5628 386 5700 quia
411 5642 518 5681 non
544 5633 620 5680 est
642 5624 872 5680 hominis
900 5624 985 5678 via
1015 5623 1152 5693 ejus,
1194 5639 1286 5676 nec
1312 5621 1410 5677 viri
1431 5632 1504 5677 est
1537 5631 1595 5676 ut
1619 5623 1846 5679 ambulet

255 5729 310 5775 et
355 5719 552 5790 dirigat
590 5725 637 5771 et
679 5715 910 5786 corrigat
939 5725 1146 5785 gressus
1189 5729 1333 5768 suos.
1371 5712 1584 5785 Corripe
1613 5731 1716 5782 me,
1739 5715 1848 5770 Do-

259 5811 441 5866 mine:
467 5819 820 5867 verumtamen
850 5806 1144 5878 injudicio,
1159 5815 1208 5860 et
1230 5821 1334 5860 non
1356 5807 1411 5860 in
1437 5806 1613 5876 furore
1640 5818 1752 5872 tuo,
1783 5825 1848 5864 ne

263 5902 398 5955 forte
422 5899 491 5955 ad
512 5897 734 5955 nihilunt
761 5897 967 5967 redigas
989 5913 1068 5951 me
1094 5895 1228 5970 (Jer.
1253 5913 1307 5961 ιι,
1341 5895 1436 5959 25,
1454 5895 1570 5965 21).
1588 5896 1690 5963 Qui
1719 5898 1847 5953 dum

1941 4794 2229 4859 scriberet,
2265 4792 2469 4847 dixisse
2515 4791 2792 4848 dominum
2838 4807 3040 4847 servo:
3089 4788 3193 4844 Exi
3233 4789 3290 4844 in
3331 4790 3439 4844 vias
3477 4800 3526 4844 et

1938 4898 2172 4961 sepes,et
2213 4889 2460 4961 compelle
2499 4890 2720 4957 intrare,
2775 4901 2830 4945 ut
2871 4891 3154 4962 impleatur
3189 4889 3376 4943 domus
3410 4905 3525 4944 mea

1941 4981 2093 5055 (Luc.
2132 4998 2247 5048 xw,
2275 4981 2405 5055 2'5);
2441 4981 2582 5038 unde
2602 4991 2656 5039 et
2680 4983 2872 5039 beatus
2899 4983 3193 5054 Gregorius
3223 4981 3277 5036 in
3303 4981 3526 5038 homilia

1941 5073 2186 5144 ejusdem
2217 5073 2466 5130 lectionis
2495 5075 2659 5146 (hom.
2689 5076 2781 5142 56,
2813 5077 2870 5130 in
2891 5074 3120 5147 Evang.)
3143 5075 3220 5130 ait
3250 5093 3263 5129 :

2016 5164 2342 5238 [Notandum
2357 5180 2492 5221 vero
2512 5167 2657 5238 quod
2685 5169 2737 5222 in
2768 5168 2869 5222 hac
2895 5166 3215 5222 invitatione
3229 5167 3392 5222 tertia
3417 5183 3523 5223 non

1946 5259 2143 5314 dicitur
2189 5258 2362 5314 Invita
2387 5299 2402 5323 ,
2447 5261 2543 5315 sed
2573 5259 2835 5330 Compelle
2867 5259 3085 5312 intrare.
3119 5257 3225 5312 Alii
3263 5258 3408 5312 enim
3433 5274 3526 5313 voc

1947 5358 2160 5418 cantur,
2200 5360 2256 5407 et
2287 5351 2475 5406 venire
2522 5357 2907 5415 contemnunt;
2939 5348 3029 5404 alii
3059 5359 3322 5406 vocantur
3353 5359 3408 5406 et
3439 5366 3528 5406 ve-

1946 5444 2130 5508 niunt;
2163 5443 2254 5499 alii
2279 5442 2466 5499 autem
2485 5456 2830 5514 nequaquam
2861 5441 3062 5497 dicitur
3081 5443 3210 5513 quia
3237 5451 3520 5506 vocantur,

1949 5535 2044 5590 sed
2076 5534 2474 5606 compelluntur
2530 5543 2591 5588 ut
2639 5532 2863 5587 intrent.
2914 5531 3187 5589 Vocantur
3237 5543 3294 5591 et
3340 5534 3528 5590 venire

1945 5632 2336 5690 contemnunt,
2371 5624 2462 5693 qui
2495 5623 2696 5678 donum
2739 5622 2962 5692 quidem
3017 5623 3327 5680 intellectus
3375 5625 3519 5690 aecie

1949 5716 2126 5787 piunt,
2165 5717 2258 5771 sed
2311 5715 2558 5770 eumdem
2613 5713 2950 5770 intellectum
2989 5717 3243 5788 operibus
3286 5732 3393 5772 non
3443 5731 3528 5772 se-

1949 5802 2205 5879 quuntur.
2235 5806 2510 5862 Vocantur
2549 5815 2604 5863 et
2643 5805 2888 5874 veniunt,
2929 5807 3020 5879 qui
3051 5817 3326 5877 acceptam
3369 5805 3528 5862 intel-

1950 5899 2122 5954 lectus
2173 5898 2400 5968 gratiam
2449 5900 2726 5972 operando
2775 5899 3098 5971 perﬁciunt;
3139 5900 3358 5971 quidam
3397 5911 3530 5952 vero

4046 5015 4047 5034 1

4046 5067 4047 5084 1

4046 5263 4047 5278 1

4046 5329 4047 5360 1

4046 5361 4047 5392 1

4046 5451 4047 5478 1

4045 5479 4047 5498 1

4045 5523 4047 5548 1

4046 5709 4047 5722 1

4046 5731 4047 5762 1

4046 5765 4047 5784 1

4045 5791 4047 5826 1
