4064 6346
235 435 367 494 Η,›85

1070 432 1156 486 DE
1191 407 1865 484 PRAEDESTINATIONE
1904 409 2181 476 caurus
2217 419 2265 476 ι.
2310 417 2608 477 scorun.

3348 409 3486 477 {0'86

228 549 328 606 bus
375 547 574 604 amisi.
626 535 809 602 Refert
861 562 1072 620 quoque
1120 543 1256 598 liber
1282 539 1618 609 Dabrejamin
1661 536 1802 607 quod
1833 527 1880 594 Δ
1908 535 2016 589 tum
2056 549 2294 591 errorem
2323 537 2479 605 plene
2524 537 2867 602 inducantur,
2901 531 3060 590 datur
3107 535 3326 607 intelligi
3357 539 3484 607 quia

229 643 503 697 Manasses
553 640 734 696 multis
788 637 1149 708 impietatibns
1193 649 1310 690 sese
1357 635 1612 688 adversus
1637 629 1804 683 Deum

226 733 485 797 erexerit,
536 748 566 786 a
606 747 712 802 quo
748 728 1059 784 humiliatus
1103 735 1157 781 et
1203 723 1514 796 Babyloniis
1555 721 1802 785 traditus,

226 833 390 894 atque
431 825 483 877 in
523 829 744 880 Carcere
786 827 1088 884 catenatus,
1133 815 1446 872 recordatus
1475 814 1682 869 Domini
1711 811 1803 867 Dei

225 916 400 987 egerit
427 907 796 986 paenitentiam
823 912 996 965 adhuc.
1047 909 1099 963 in
1126 925 1343 965 carcere
1368 909 1597 970 vinctus,
1622 906 1805 973 sicque

224 1023 280 1068 et
322 1031 349 1066 a
392 1007 619 1063 vinculis
666 1005 1054 1060 absolutionem
1085 1013 1138 1058 et
1171 1003 1316 1074 regni
1349 1001 1561 1072 pristini
1596 1015 1804 1053 merue-

229 1105 299 1157 rit
331 1097 720 1156 restitutionem
745 1089 828 1168 (Il
845 1091 972 1154 Par.
1003 1091 1320 1163 Kxmel).
1353 1091 1491 1158 Quid
1519 1091 1584 1144 de
1610 1087 1802 1144 Antio-

227 1195 334 1251 cbo
384 1210 508 1266 rege
559 1189 764 1245 nefario
811 1187 1100 1260 repliccm?
1151 1185 1241 1255 qui
1289 1201 1430 1248 cum,
1465 1193 1521 1238 ut
1554 1183 1654 1238 alia
1686 1197 1805 1253 qum

226 1301 391 1356 super
438 1299 501 1338 co
547 1281 856 1336 referuntur
903 1287 1128 1339 taceam,
1177 1281 1361 1329 contra
1397 1267 1488 1328 Dei
1529 1273 1802 1343 populum,

227 1377 432 1431 cultum
467 1371 830 1440 templumque
878 1369 992 1438 ejus
1022 1367 1154 1420 adeo
1187 1364 1408 1426 fureret,
1442 1372 1494 1418 et
1524 1363 1806 1418 circumci-

226 1466 435 1519 sionem
483 1461 814 1531 prohiberet,
865 1458 1008 1527 leges
1056 1457 1196 1510 illius
1242 1455 1497 1520 abolet-et,
1543 1465 1704 1524 atque
1751 1453 1804 1507 in‘

229 1549 429 1624 templo
452 1550 839 1621 Hierosolymis
862 1564 1012 1603 suam
1038 1547 1287 1618 Jovisque
1309 1546 1536 1617 Olympii
1573 1549 1804 1600 statuam

226 1648 600 1711 constitueret,
637 1643 700 1698 ad
728 1651 1029 1698 extremum
1055 1657 1342 1714 percussus
1371 1641 1585 1695 coalitus
1615 1639 1804 1694 morbo

229 1739 541 1802 insanabili,
574 1739 643 1791 ita
684 1746 741 1791 ut
771 1735 996 1790 fetorem
1037 1735 1177 1788 illius
1216 1733 1485 1788 exercitus
1517 1731 1657 1786 ferre
1684 1733 1802 1786 nul-

227 1832 440 1886 latenus
469 1837 672 1900 posset,
706 1829 1036 1883 infructuosa
1065 1826 1380 1897 paenitentia
1413 1824 1690 1880 confessus
1721 1825 1806 1878 est

227 1921 398 1976 Deum
427 1935 544 1976 esse
570 1935 779 1983 verum,
811 1935 970 1989 quem
1003 1928 1225 1972 eatenus
1251 1915 1684 1988 impugnaverat;
1721 1932 1804 1971 se-
1834 1895 1882 1956 Β

228 2023 395 2080 seque
443 2009 684 2066 Judaeum
729 2009 984 2072 futurum,
1036 2007 1146 2062 Deo
1191 2009 1548 2071 serViturum,
1596 2007 1805 2077 aliaque

227 2105 380 2174 plura
429 2103 694 2156 facturum
737 2101 1094 2172 compellentc
1136 2099 1388 2154 nimirum
1422 2099 1603 2154 dolore
1641 2100 1806 2154 nimio

227 2199 402 2252 cassis
433 2197 908 2266 pollicitationibus
936 2191 1204 2249 fatebatur
1227 2192 1310 2264 (Il
1329 2193 1504 2246 Much.
1527 2210 1602 2258 rx,
1629 2193 1802 2261 7-17).

301 2287 452 2354 Quod
482 2297 659 2341 autem
681 2287 746 2340 ad
771 2286 907 2339 mala
926 2286 1088 2339 etiam
1117 2284 1268 2339 multi
1292 2283 1698 2353 compellantur,
1729 2289 1807 2338 c't-

228 2379 274 2432 si
339 2377 578 2447 exempla
629 2377 940 2441 deficerent,
991 2377 1336 2445 quotidianus
1393 2392 1572 2430 rerum
1629 2377 1806 2464 exitus

227 2483 443 2544 poterat
474 2475 722 2534 educere,
760 2489 880 2527 cum
921 2473 1197 2526 videamus
1220 2473 1514 2543 ειιερῖεςῑηιρ
1547 2475 1806 2543 quosdam

227 2565 397 2629 fame,
445 2563 580 2617 alios
635 2563 868 2629 morbis,
909 2561 1196 2634 plerosque
1225 2565 1386 2618 minis
1416 2572 1468 2618 et
1509 2565 1807 2620 terroribus

225 2657 368 2729 cogi,
399 2667 452 2711 et
492 2658 555 2711 ad
587 2665 789 2711 tantam
836 2643 1097 2711 scelerum
1127 2656 1522 2710 immanitatem
1555 2671 1805 2726 prorum-

225 2767 376 2822 pere,
403 2759 461 2804 ut
490 2749 624 2804 fides
651 2748 901 2803 fortassis
941 2749 1243 2803 dicentibus
1269 2747 1595 2812 demeretur,
1629 2747 1673 2801 si
1701 2763 1806 2802 non

228 2842 487 2897 instantia
522 2841 824 2896 manifestat
853 2840 1078 2895 visionis
1109 2840 1376 2895 factorum
1427 2839 1806 2894 certitudincm

227 2934 528 2988 intimaret.
563 2932 759 3000 Quanti
791 2931 925 3001 proh
968 2930 1152 2985 dolor!
1189 2931 1238 2984 in
1266 2931 1527 3002 martyrio
1550 2929 1708 3000 positi
1739 2930 1807 2983 ab

228 3009 447 3083 ineunte
495 3036 650 3081 :etate
705 3025 1063 3095 integritatem
1111 3023 1229 3079 ﬁdei
1279 3039 1488 3078 morum
1542 3022 1808 3094 probitate

227 3119 694 3182 commendantes,
744 3119 808 3171 ad
855 3126 1156 3170 extremum
1189 3116 1472 3170 tormentis
1500 3115 1809 3184 exquisitis-

227 3228 338 3283 que
373 3227 650 3281 pinnarum
697 3209 984 3280 generibus
1024 3210 1198 3264 coacti
1255 3218 1380 3263 sunt
1424 3225 1620 3279 negare
1666 3209 1808 3278 quod

227 3305 492 3359 hactenus
523 3314 834 3358 constanter
864 3302 962 3357 visi
1008 3301 1224 3356 fuerant
1265 3302 1608 3372 praedicasse.
1657 3301 1810 3358 Unde

227 3395 370 3450 etin
418 3396 553 3450 libro
601 3395 1028 3450 MacbabzeOrum
1085 3394 1282 3464 legitur
1313 3391 1436 3464 quia
1475 3393 1627 3462 jussu
1672 3396 1812 3467 regis

227 3487 482 3542 Antiochi
532 3487 996 3558 compcllebantur
1044 3477 1210 3542 Judaai
1261 3487 1540 3556 porcinam
1592 3503 1812 3544 carnem

229 3581 577 3646 manducare,
613 3587 667 3635 et
698 3581 801 3634 alia
855 3581 1019 3634 multa
1069 3596 1226 3652 agere
1273 3589 1459 3634 contra
1506 3577 1650 3649 leges
1679 3582 1812 3636 divi-

229 3675 377 3728 nitus
398 3673 762 3744 promulgatas
789 3667 872 3744 (Il
909 3671 1082 3726 Maeli.
1115 3688 1186 3738 vi,
1221 3672 1313 3737 i8;
1345 3671 1524 3744 vn,l).
1557 3671 1813 3740 Quamvis

227 3773 284 3818 et
308 3763 596 3833 Apostolus
633 3763 923 3818 identidem
957 3765 1020 3817 de
1049 3763 1226 3833 seipso
1249 3764 1474 3832 parique
1501 3764 1812 3819 conditione

225 3853 710 3924 ingemiscentibus
746 3844 851 3906 non
902 3859 1079 3907 taceat
1131 3869 1253 3907 cum
1299 3845 1473 3907 dicit:
1512 3853 1630 3907 Non
1677 3856 1814 3909 enim

225 3947 372 4019 quod
409 3949 518 4002 volo
551 3949 736 4002 bonum
760 3948 855 4001 hoc
881 3965 1000 4019 ago,
1030 3949 1118 4001 sed
1142 3947 1422 4018 quodue/0
1446 3945 1813 4011 malum,illud

229 4035 372 4111 facio
402 4040 571 4110 (Rom.
611 4056 704 4102 vn,
875 4039 939 4092 Et
970 4053 1182 4092 rursum
1219 4058 1229 4092 :
1273 4037 1430 4091 Video
1456 4049 1626 4091 autent
1655 4039 1814 4092 aliaat

228 4130 394 4202 legem
432 4131 482 4184 in
510 4130 750 4183 membris
781 4131 905 4183 meis
932 4129 1297 4200 repugnantem
1330 4129 1428 4198 legi
1452 4129 1634 4182 mentis
1665 4146 1813 4196 mete,

228 4231 279 4275 et
303 4221 561 4289 captivum
604 4235 684 4274 me
712 4221 985 4273 ducentem
1018 4221 1069 4274 in
1098 4220 1204 4290 lege
1251 4223 1468 4289 peccati,
1503 4239 1620 4292 qua:
1661 4232 1733 4275 est
1761 4223 1814 4275 in

227 4315 479 4368 membris
506 4313 652 4365 meis.
679 4311 879 4381 Infelix
905 4327 996 4381 ego
1030 4312 1204 4376 homo,
1238 4313 1353 4382 quis
1382 4327 1460 4365 me
1487 4309 1722 4365 liberabit
1753 4317 1816 4367 de

229 4419 450 4475 corpore
479 4407 659 4458 mortis
690 4405 888 4474 hujus?
936 4403 1119 4458 Gratia
1157 4403 1264 4474 pei
1311 4421 1401 4474 per
1431 4405 1612 4459 Jesum
1661 4403 1815 4459 Chri-

229 4511 374 4553 stum
418 4495 699 4550 Dominum
736 4505 969 4548 nostrum
1016 4493 1213 4566 (lbid.,
1255 4495 1486 4565 23-25),
1525 4503 1578 4548 ct
1621 4505 1815 4550 czetera

1911 627 2064 696 plene
2095 627 2416 682 inducentur
2445 629 2534 698 qui
2582 645 2688 682 non
2733 637 2856 683 sunt
2883 627 3058 684 electi.
3115 627 3281 684 Audis
3313 629 3486 685 tribu;

1907 719 2161 773 lationem
2213 719 2370 774 talem
2424 720 2660 775 futuram
2698 722 2872 791 qualis
2920 737 3023 776 non
3062 721 3223 776 fuerit
3262 723 3328 778 ab
3380 722 3486 778 inie

1909 813 1984 867 tio
2034 813 2238 879 Stcculi,
2273 829 2376 884 qua
2423 814 2747 868 inducantur
2792 813 2842 868 in
2897 828 3172 880 errorem,
3221 823 3275 868 et
3321 813 3487 870 audes

1909 907 2114 976 garrire
2148 908 2349 962 nullam
2399 908 2840 978 compulsativam
2892 923 3107 964 causam
3159 909 3486 978 praecederet

1980 1001 2110 1068 Quze
2158 1017 2280 1056 cum
2318 1002 2389 1055 ita
2423 1001 2553 1067 sint,
2593 1001 2896 1056 nullatenus
2929 1011 3105 1055 tamen
3138 999 3380 1054 aufertur
3422 995 3487 1055 li:-

1907 1094 2088 1148 bertas
2141 1093 2372 1159 arbitrii,
2423 1091 2518 1148 sed
2574 1093 2772 1148 talibus
2825 1092 3166 1162 sempiternae
3213 1091 3490 1160 Sapientia:

1910 1185 2103 1250 modis,
2133 1183 2500 1239 voluntatibus
2529 1193 2690 1254 atque
2719 1185 2957 1239 consiliis
2989 1183 3067 1237 vel
3093 1184 3160 1236 ad
3188 1183 3288 1236 hoc
3335 1193 3482 1236 comi

1909 1269 2144 1352 pellitur,
2179 1287 2239 1331 ut
2268 1293 2332 1332 ex
2371 1277 2551 1332 servili
2601 1276 2691 1331 fiat
2743 1276 2982 1331 liberalis
3009 1317 3022 1341 ,
3075 1282 3129 1330 et
3172 1275 3236 1329 de
3291 1283 3489 1328 caetero

1910 1367 2076 1423 libera
2123 1371 2383 1424 servitute
2434 1367 2712 1424 liberatori
2750 1383 2848 1423 suo
2900 1369 3125 1422 liberata
3180 1365 3484 1431 deserviat;

1911 1465 2000 1513 aut
2043 1461 2254 1516 deserta
2303 1476 2401 1530 pro
2456 1461 2664 1516 meritis
2714 1459 2956 1515 tenacius
3011 1459 3488 1528 delcctabiliusque

1911 1553 2088 1607 servili
2143 1555 2374 1610 libertati
2430 1554 2720 1620 inhaereat,
2763 1562 2822 1608 ut
2864 1534 3150 1624 impleatur
3198 1561 3490 1622 utrumque

1910 1648 2048 1716 quod
2101 1648 2152 1702 in
2203 1649 2524 1720 Apocalypsi
2584 1649 2900 1706 terribiliter
2945 1649 3142 1705 dicitur
3195 1667 3206 1702 :
3257 1645 3489 1704 Sanctus

1909 1735 2261 1808 sanctificetur
2280 1741 2471 1804 adhuc,
2496 1751 2542 1796 et
2568 1741 3085 1812 justusjustiﬁcetur
3107 1741 3297 1806 adhuc,
3330 1750 3377 1794 et
3402 1737 3489 1809 qui

1910 1831 1962 1882 in
1993 1829 2230 1884 sordibus
2280 1839 2374 1896 est,
2425 1833 2688 1886 sordescat
2741 1832 2910 1886 adhuc
2961 1836 3144 1903 (Apoc.
3173 1847 3314 1898 xxrt,
3359 1831 3485 1901 ll);

1910 1929 2175 1990 quatenus
2206 1923 2494 1994 utrobique
2519 1924 2737 1994 propria
2769 1923 3044 1978 voluntate
3082 1923 3489 1988 delectabiliter,

1912 2015 2005 2069 sed
2046 2015 2256 2068 diverso
2303 2013 2486 2068 fomite
2544 2003 2876 2080 nitentibus,
2922 2013 3101 2083 justus
3141 2013 3308 2082 judex
3343 2015 3490 2085 juste

1912 2109 2169 2177 rependat
2222 2107 2511 2176 unicuique
2543 2108 2684 2175 quod
2733 2114 3028 2160 merentur.
3079 2105 3315 2160 Proinde
3361 2103 3492 2159 nulli

1911 2195 2205 2270 “quamlibet
2255 2197 2488 2250 tenuiter
2537 2197 2903 2251 consideranti
2955 2199 3125 2250 restat
3181 2195 3491 2266 ambiguum

1911 2287 2036 2360 quia
2069 2287 2258 2342 falsum
2292 2288 2361 2342 sit
2384 2289 2526 2357 quod
2567 2287 2745 2342 dixisti
2775 2306 2786 2340 :
2819 2287 2919 2342 Ubi
2945 2289 3079 2342 enim
3103 2297 3175 2341 est
3201 2303 3358 2342 causa
3379 2297 3495 2358 quic

1911 2381 2191 2454 coritpeilit,
2231 2379 2302 2435 ibi
2353 2398 2457 2436 non
2488 2391 2560 2435 est
2609 2390 2798 2435 natura
2829 2399 2945 2452 gnte
2990 2381 3124 2435 velit.
3155 2381 3292 2450 Quid
3317 2377 3494 2434 enim?

1912 2473 2152 2544 imnquid
2179 2488 2286 2526 non
2316 2480 2397 2526 est
2425 2475 2618 2526 natura
2647 2473 2830 2538 homo,
2885 2473 2974 2542 qui
3031 2471 3324 2526 secundum
3354 2488 3490 2543 pra:-

1913 2561 2192 2620 cedentem
2223 2563 2623 2629 auctoritatem,
2641 2579 2782 2618 nunc
2809 2563 2874 2617 ad
2895 2563 3056 2627 bona,
3077 2579 3220 2616 nunc
3238 2563 3304 2617 ad
3330 2561 3490 2628 illiilli,

1911 2659 2071 2726 prout
2099 2653 2212 2710 vult
2238 2656 2324 2711 ille
2352 2642 2444 2726 qui
2474 2657 2652 2711 omnia
2676 2655 2900 2727 judicat,
2932 2657 3273 2727 compellitur
3303 2676 3314 2710 :
3358 2657 3494 2712 alius

1913 2754 2010 2818 sic,
2027 2754 2162 2807 alius
2178 2762 2354 2808 autem
2387 2753 2498 2807 sic?
2514 2753 2734 2808 Certum
2753 2762 2832 2807 est
2848 2762 3024 2806 autem
3055 2753 3496 2818 praevaricatores

1913 2845 2130 2916 angelos
2148 2845 2432 2899 Dominum
2451 2854 2694 2900 nostrum
2717 2841 2901 2899 Iesum
2925 2841 3197 2900 Christum
3219 2863 3494 2916 nunquam

1913 2935 2147 2990 voluisse
2169 2946 2260 2990 aut
2283 2935 2422 2991 velle
2444 2951 2472 2991 a
2500 2936 2754 3006 quopiam
2790 2935 3074 3008 przedlcari
3102 2957 3113 2990 :
3147 2949 3280 3007 (pios
3317 2945 3493 2992 tamen

1915 3023 2106 3079 Filium
2137 3024 2230 3080 Dei
2259 3024 2536 3081 confessos
2559 3027 2868 3096 evangelica
2901 3033 3088 3081 narrat
3117 3027 3376 3094 historia;
3411 3028 3496 3082 (ii-

1914 3125 2044 3171 ctmt
2063 3117 2243 3170 enim:
2282 3115 2422 3182 Quid
2445 3117 2613 3183 nobis,
2645 3128 2692 3172 et
2716 3117 2830 3181 tibi,
2866 3116 2975 3170 Fili
3005 3117 3122 3184 Dei,
3158 3119 3338 3172 venisti
3379 3128 3498 3172 ante

1913 3217 2113 3278 tempus
2138 3215 2375 3278 torquere
2405 3207 2537 3261 nos?
2560 3206 2772 3277 (Matth.
2804 3223 2919 3273 vm,
2941 3207 3055 3276 29.)
3083 3206 3288 3274 Quibus
3316 3208 3497 3263 verbis

1837 3280 1882 3344 (ἶ
1913 3297 2158 3369 profecto
2210 3298 2452 3352 indicant
2505 3311 2690 3353 eorum
2737 3300 3102 3354 testimonium
3159 3314 3495 3370 nequaquam

1916 3394 2080 3450 fuisse
2102 3393 2301 3448 amoris
2317 3403 2368 3448 et
2384 3393 2580 3459 laudis,
2597 3393 2691 3448 sed
2723 3393 2954 3457 timoris,
2972 3409 3069 3447 nec
3084 3393 3390 3459 voluntarii,
3407 3393 3498 3449 sed

1916 3487 2089 3552 inviti,
2121 3501 2296 3556 neque
2321 3486 2541 3541 honoris
2572 3485 2755 3540 munia
2786 3495 2976 3555 sponte
3004 3486 3282 3549 solventis,
3303 3486 3394 3539 sed
3425 3487 3501 3539 in-

1919 3591 2002 3635 ter
2031 3585 2302 3634 tormenta
2349 3587 2403 3634 et
2431 3581 2658 3634 verbera
2689 3579 2834 3646 quod
2867 3579 3296 3648 extorquebatur
3333 3578 3500 3632 invite

1917 3676 2249 3734 confitentis.
2281 3675 2433 3742 Quod
2467 3689 2590 3728 cum
2623 3673 2806 3744 negari
2843 3681 3107 3743 nequeat,
3139 3673 3260 3742 quis
3293 3685 3387 3726 eos
3417 3687 3503 3726 as-

1917 3780 2064 3828 serat
2093 3770 2392 3840 perdidisse
2421 3778 2670 3824 naturam
2711 3785 2832 3823 cum
2871 3769 2982 3838 jam
3012 3767 3139 3822 olim
3169 3769 3504 3837 irrecupera-

1917 3866 2098 3922 biliter
2147 3865 2341 3919 bonam
2398 3862 2734 3933 perdiderint
2787 3861 3163 3915 voluntatem?
3213 3878 3332 3932 quae
3381 3875 3500 3914 cum

1918 3972 2023 4010 non
2086 3954 2158 4010 sit
2211 3969 2447 4022 unquam
2505 3968 2603 4021 per
2666 3951 2953 4006 Dominum
3013 3962 3258 4006 nostrum
3318 3949 3500 4006 Jesum

1916 4046 2192 4102 Christum
2236 4043 2518 4098 liberanda
2564 4051 2724 4114 atque
2752 4041 3010 4107 sananda,
3045 4043 3127 4096 cui
3174 4059 3279 4096 non
3326 4049 3504 4112 pateat

1920 4135 2109 4190 falsam
2137 4151 2256 4190 esse.
2278 4135 2644 4188 deliuitioncm
2679 4141 2824 4186 tuam
2860 4149 2964 4203 qua
2996 4132 3174 4186 dixisti
3204 4147 3217 4184 :
3247 4129 3348 4184 Ubi
3368 4131 3503 4184 enim

1918 4239 1991 4283 est
2022 4246 2181 4282 causa
2203 4245 2318 4299 qua:
2351 4225 2642 4298 compellit,
2667 4227 2735 4279 ibi
2759 4244 2862 4278 non
2891 4236 2961 4279 est
2985 4236 3175 4280 natura
3202 4242 3318 4296 (pne
3345 4224 3458 4277 relit
3485 4223 3508 4276 Ρ

1990 4317 2308 4389 Οοιὶιυιιιεοε
2337 4333 2454 4372 esse
2492 4315 2558 4370 ad
2588 4313 2953 4370 conﬁtendum
2996 4315 3163 4368 Deum
3213 4314 3500 4376 daemones,

1921 4411 2033 4480 ipsa
2067 4426 2253 4464 eorum
2304 4407 2466 4462 verba
2502 4415 2768 4462 testantur
2814 4407 3009 4474 quibus
3040 4403 3268 4459 dicunt:
3310 4401 3506 4458 Venisti

1920 4512 2040 4556 aute
2063 4512 2261 4571 tempus
2282 4511 2519 4570 torquere
2546 4513 2638 4551 nos
2663 4514 2681 4563 ;
2712 4495 2951 4567 profecto
2972 4495 3060 4568 qui
3095 4495 3504 4565 torquebantur,

228 4603 357 4660 qute
373 4585 437 4640 ad
459 4587 704 4640 currulem
721 4599 936 4639 seusmn
957 4581 1275 4655 pertinentia
1305 4583 1465 4639 latius
1481 4585 1811 4657 exsequitur.

1922 4601 2132 4650 constat
2163 4592 2289 4662 quia
2318 4593 2468 4646 inviti
2497 4591 2912 4646 conﬁtebantur.
2965 4591 3101 4644 Ecce
3141 4606 3260 4644 cum
3294 4596 3507 4657 aposta-

229 4681 601 4738 Antiehristus
623 4694 836 4749 quoque
857 4687 1052 4748 quanta
1081 4677 1326 4732 fidelibus
1349 4679 1598 4748 aliisque,
1615 4681 1812 4749 partim

231 4771 596 4834 suasionibus,
614 4772 810 4842 partim
827 4769 1156 4832 muneribus.
1173 4785 1311 4824 nunc
1327 4771 1512 4841 signis,
1533 4789 1672 4828 nttuc
1703 4783 1807 4827 ter—

235 4866 455 4921 roribus
479 4863 545 4916 sit
570 4863 833 4926 illaturus,
861 4870 919 4914 ut
949 4863 1082 4916 deus
1112 4863 1378 4922 credatur,
1409 4872 1462 4915 et
1487 4863 1813 4933 prophetica:

232 4969 291 5014 et
317 4955 624 5028 apostolicae
656 4954 949 5024 Scriptura:
982 4961 1228 5023 patenter
1255 4955 1498 5018 innmmt,
1528 4963 1579 5008 et
1619 4957 1812 5026 przeci-

231 5071 342 5124 pue
381 5051 491 5119 ipse
523 5047 798 5111 Dominus,
831 5048 920 5116 qui
945 5063 1066 5102 cum
1093 5047 1353 5100 adventus
1379 5049 1491 5116 ejus
1515 5050 1813 5118 prtestigias

231 5141 661 5208 etlicicntiasque
694 5135 1037 5192 detestabiles
1074 5137 1404 5205 perindeque
1447 5137 1812 5206 importabiles

233 5235 554 5309 pnediceret
591 5232 748 5284 (Erit
793 5232 950 5294 enim,
993 5229 1186 5298 inquit,
1232 5239 1353 5282 tunc
1396 5228 1662 5282 tribulatio
1694 5231 1812 5283 talis

231 5326 412 5399 qrtulis
444 5324 665 5394 nonfuit
692 5321 754 5376 ab
792 5322 941 5374 initio
983 5319 1163 5374 δηναιιὲ
1204 5337 1363 5390 neque
1395 5321 1512 5388 ﬁet,
1555 5321 1627 5373 ita
1674 5330 1728 5372 ut
1759 5321 1812 5374 iu

232 5433 466 5475 errorem
494 5416 828 5476 inducuntur,
847 5413 892 5465 si
918 5410 1032 5478 ﬁeri
1053 5412 1405 5480 potest,etiam
1429 5411 1573 5464 electi
1599 5407 1813 5480 (Matth.

235 5527 356 5576 xiv,
383 5509 494 5580 23).
533 5507 667 5562 Ecce
704 5506 870 5575 jndcx
899 5505 1138 5558 omnium
1170 5503 1346 5556 induci
1405 5511 1668 5556 terrorum
1718 5505 1815 5558 im-

237 5599 612 5664 manitatibns,
662 5599 706 5652 si
760 5596 870 5650 ﬁeri
910 5595 1103 5665 possit,
1135 5593 1296 5647 etiam
1329 5593 1526 5648 electos
1565 5603 1814 5660 testatur,

236 5707 296 5752 et
328 5703 385 5749 tu
422 5694 588 5748 audes
634 5691 972 5760 obstrepere,
1025 5687 1165 5740 nulla
1216 5687 1602 5756 compulsativa
1653 5704 1815 5744 causa

239 5789 602 5860 pra-cedente,
637 5785 941 5855 quempiam
983 5781 1067 5836 vel
1117 5779 1182 5834 ad
1225 5781 1420 5834 bomnn
1458 5782 1537 5834 vel
1595 5783 1660 5836 ad
1713 5799 1821 5836 ma-

239 5884 357 5941 lum
387 5879 544 5950 cogi?
571 5877 674 5935 Sed
715 5877 840 5950 quia
865 5875 976 5931 ﬁeri
1025 5887 1128 5928 non
1169 5879 1344 5944 potest
1371 5882 1428 5927 ut
1468 5871 1621 5928 electi
1671 5873 1722 5926 in
1761 5873 1835 5932 il-'

1925 4694 2098 4738 tarum
2129 4692 2376 4736 naturam
2403 4682 2714 4751 angelorum
2742 4696 2978 4750 nequeas
2999 4681 3290 4750 abnegare,
3314 4678 3501 4732 volun-

1925 4785 2085 4830 tatem
2111 4791 2296 4829 eorum
2339 4774 2532 4828 bonam
2557 4779 2675 4844 post
2713 4772 2902 4844 primze
2949 4771 3248 4825 aversionis
3295 4771 3504 4823 ruinam

1922 4863 2394 4935 irrccuperabilem
2431 4879 2702 4933 nunquam
2730 4861 2931 4931 poteris
2968 4861 3230 4924 invenire,
3278 4875 3505 4930 quorum

1921 4974 2014 5012 cor
2038 4965 2180 5010 tanta
2199 4951 2558 5010 obstinatione
2577 4951 2834 5020 induruit,
2861 4951 3202 5021 utnunquam
3228 4951 3292 5003 ad
3312 4950 3505 5002 bonmn

1919 5065 2105 5104 eormn
2130 5046 2428 5118 pertinacia
2463 5045 2753 5100 nmlliatur.
2791 5045 2866 5099 De
2888 5057 3116 5113 quorum
3140 5043 3300 5097 etiam
3331 5042 3510 5110 capite

1924 5141 2179 5196 Dominus
2211 5142 2273 5196 ad
2299 5139 2517 5195 beatum
2545 5137 2645 5194 Job
2673 5137 2944 5208 loquitur:
2973 5135 3136 5205 Cujus
3160 5153 3251 5189 cor
3296 5135 3508 5189 induru-

1923 5235 2076 5298 bitur,
2119 5243 2169 5286 ut
2212 5231 2751 5294 malleatorisiucus;
2793 5229 2856 5282 Et
2898 5241 3110 5280 rursum
3147 5246 3158 5284 :
3194 5227 3295 5292 Qui
3335 5227 3507 5298 factus

1922 5337 2015 5391 est,
2058 5335 2108 5378 ut
2149 5322 2346 5377 nullum
2381 5325 2578 5376 timeret
2636 5319 2757 5390 (Job
2813 5337 2887 5386 x1,
2939 5319 3024 5384 15,
3059 5319 3170 5384 24).
3223 5321 3321 5388 Qui
3365 5321 3505 5374 enim

1926 5415 2125 5471 nullmn
2155 5415 2324 5478 timet,
2363 5413 2609 5466 videlicet
2630 5427 2729 5464 nec
2751 5412 2925 5481 ipsum
2954 5409 3148 5477 Deum,
3181 5409 3347 5466 claret
3381 5429 3506 5483 pro-

1921 5511 2008 5569 cul
2032 5509 2192 5564 dubio
2220 5509 2342 5579 quia
2369 5501 2562 5560 bonam
2585 5504 2910 5558 voluntatem
2939 5503 3254 5575 perdiderit,
3284 5521 3386 5560 non
3418 5517 3510 5558 na-

1927 5611 2121 5656 turam.
2171 5599 2370 5653 Natura
2403 5605 2579 5650 autem
2605 5593 2719 5662 ejus
2753 5596 2878 5666 quia
2901 5595 3042 5651 bona
3077 5595 3166 5665 sit,
3203 5597 3321 5666 qttis
3355 5597 3507 5670 igno-

1929 5692 2052 5747 ret?
2087 5689 2228 5744 Vidit
2259 5691 2395 5743 enim
2423 5687 2559 5740 Deus
2595 5696 2778 5740 cuncta
2801 5705 2918 5758 qum
2950 5687 3092 5758 fecit,
3123 5689 3169 5741 et
3196 5705 3341 5742 eram
3365 5687 3512 5741 ralde

1931 5783 2063 5838 bona
2089 5781 2240 5854 (Gen.
2276 5799 2314 5845 I,
2356 5781 2465 5850 51).
2525 5779 2676 5834 Unde
2708 5787 2763 5835 et
2786 5797 2927 5852 saepe
2958 5783 3010 5835 in
3045 5780 3340 5852 Scripturis
3379 5797 3510 5836 S‘lll-

1932 5875 2034 5931 etis
2062 5875 2270 5929 Domini
2299 5873 2531 5944 Spiritus
2548 5873 2867 5943 appellatur,
2890 5877 2981 5932 sed
3002 5891 3124 5931 cum
3149 5875 3512 5934 additamcn'to
