4064 6346
573 434 600 488 1
609 432 710 487 087

1573 418 1628 470 S.
1654 409 2042 470 PRUDENTII
2085 405 2467 465 TRECENSIS
2505 401 2808 460 EPISCOPI

3721 393 3848 449 1088

575 547 658 603 vel
679 545 883 609 malus,
912 541 998 596 vel
1040 553 1293 609 nequam,
1322 535 1408 590 vel
1443 533 1587 589 aliud
1621 529 1788 603 quid;
1839 541 1910 584 ne
1945 527 2160 584 bonitas
2185 525 2240 588 Α
2263 523 2472 592 licaque
2500 519 2767 590 doctrina)
2794 518 2974 574 nullus
3016 516 3227 572 initium
3255 513 3450 569 saltem
3479 512 3640 567 bona
3665 510 3852 565 volun-

574 635 865 694 voluntatis
886 633 1002 704 ejus
1022 629 1128 685 ulla
1147 615 1447 700 putaretur,
1478 639 1640 696 quam
1669 637 1791 677 cum
1827 619 1995 676 semel
2026 618 2162 674 ami-

576 727 731 793 serit,
761 738 1036 795 nunquam
1063 729 1394 792 recepturus,
1427 731 1703 786 nunquam
1745 712 1986 768 creditur
2009 710 2160 766 habi-

2260 616 2386 670 tatis
2409 614 2695 684 concipere
2725 611 2868 666 valet
2894 617 2988 664 aut
3012 607 3229 662 valebit.

2331 709 2464 764 Cum
2488 721 2616 762 vero
2642 705 2779 760 dicis
2808 719 2822 758 :
2852 703 2927 758 De
2955 717 3062 772 qua
3090 698 3310 756 miseria
3355 697 3617 751 liberatur
3673 695 3760 755 (ut
3784 695 3855 750 ait

576 789 754 878 turus.
798 789 911 874 Nisi
967 815 1104 871 forte
1143 789 1204 869 ei
1227 827 1352 868 cum
1379 809 1610 881 Origene
1655 803 2032 878 ptenitentiam
2076 817 2162 858 re-
2258 798 2568 874 Apostolus)
2607 797 2778 869 gratia
2801 795 2898 850 Dei
2922 810 3015 865 per
3051 791 3234 847 Iesum
3255 789 3545 854 Christum,
3601 795 3856 840 manente

577 909 872 986 promittis,
907 915 962 961 et
994 913 1113 977 post
1139 903 1310 958 multa
1339 899 1657 957 saeculorum
1692 895 1960 952 curricula
1989 901 2162 950 status

577 985 774 1078 perditi
803 1001 964 1056 decus
998 999 1268 1066 integrum
1309 1002 1472 1062 atque
1496 989 1830 1060 dignitatem,
1862 994 1918 1042 et
1943 985 2163 1041 honori-

579 1077 851 1154 licentiam
879 1106 1041 1163 quam
1071 1091 1127 1146 in
1148 1087 1454 1145 conditione
1473 1089 1812 1156 perceperat,
1845 1077 2117 1150 polliceris
2141 1094 2156 1144 ;

579 1204 703 1246 cum
729 1185 989 1242 Dominus
1013 1197 1072 1240 se
1099 1182 1153 1237 in
1169 1180 1373 1250 judicio
1393 1177 1574 1248 impiis
1598 1177 1866 1231 dicturum
1894 1179 2156 1229 testetur:

581 1280 683 1344 Ite,
711 1277 978 1349 inquiens,
1003 1275 1059 1329 in
1080 1275 1250 1344 ignem
1272 1282 1543 1333 retentum,
1585 1269 1674 1340 qui
1710 1275 1926 1336 paratus
1949 1274 2023 1319 est
2045 1264 2162 1318 dia-

582 1369 697 1425 bolo
718 1378 766 1423 et
787 1367 984 1439 angelis
1006 1365 1120 1435 ejus
1143 1361 1362 1434 (Matth.
1390 1375 1518 1424 xxv,
1544 1357 1658 1429 41).
1713 1355 1786 1411 xE
1793 1366 1995 1409 ternum
2027 1353 2165 1430 dixit

582 1476 688 1516 non
719 1459 1001 1523 finitivum,
1029 1470 1129 1510 nec
1160 1449 1530 1523 temporalem,
1567 1462 1728 1518 quem
1749 1455 1806 1500 et
1838 1443 1966 1499 alibi
2017 1443 2167 1497 inea:-

581 1549 932 1622 stinguibilem
976 1553 1268 1617 nuncupat,
1306 1551 1366 1598 ut
1412 1541 1529 1610 ejus
1555 1538 1815 1607 terminus
1845 1535 2022 1591 nullus
2065 1550 2167 1590 un-

583 1659 744 1714 quam
775 1641 892 1696 fieri
921 1639 1195 1696 credatur.
1225 1635 1379 1704 Quod
1407 1635 1453 1690 si
1480 1645 1678 1704 negare
1702 1628 1956 1694 volueris,
1987 1626 2166 1697 parati

585 1753 791 1805 sumus,
824 1736 1086 1808 largiente
1118 1730 1369 1794 Domino,
1424 1742 1525 1798 pro
1571 1724 1779 1780 viribus
1816 1720 2163 1791 respondere.

584 1830 645 1886 Si
693 1844 822 1884 vero
858 1842 964 1882 non
993 1825 1050 1880 id
1093 1823 1160 1879 de
1185 1819 1445 1890 angelica,
1489 1815 1584 1872 sed
1611 1815 1678 1871 de
1699 1816 1935 1870 humana
1973 1818 2166 1866 natura

2260 900 2441 947 tamen
2467 889 2643 944 adhuc
2670 885 2900 942 naturali
2928 883 3208 948 libertate;
3231 881 3429 936 mirum
3463 878 3511 933 si
3543 893 3657 934 non
3691 877 3854 931 etiam

2261 969 2591 1045 libertatem,
2640 979 2780 1051 sicut
2807 986 2863 1032 et
2890 975 3221 1031 voluntatem
3249 979 3500 1027 naturam
3528 982 3856 1025 asseveras:

2263 1089 2385 1128 cum
2413 1071 2616 1126 veritas
2641 1085 2706 1124 ea
2751 1075 2958 1122 naturae
3000 1063 3258 1118 divinitus
3282 1075 3544 1116 concessa
3586 1067 3760 1128 atque
3785 1066 3859 1110 at-

2264 1166 2466 1222 tributa
2495 1163 2753 1235 przedicet
2776 1169 2832 1216 et
2855 1158 3124 1216 defendat.
3156 1155 3308 1213 Unde
3329 1164 3476 1226 post,
3516 1154 3570 1209 si
3595 1152 3861 1208 Dominus

2266 1260 2519 1325 voluerit,
2547 1256 2868 1313 videbimus.
2910 1251 3064 1320 Quod
3102 1265 3234 1306 vero
3280 1247 3428 1304 nullo
3463 1247 3635 1302 modo
3668 1260 3860 1301 conce-

2267 1356 2521 1420 dendum,
2575 1367 2765 1410 censes
2815 1350 3051 1419 aliquam
3108 1360 3328 1404 causam
3379 1342 3861 1415 compulsativam,

2265 1449 2378 1505 sive
2411 1449 2606 1503 bonam
2626 1444 2741 1499 sive
2786 1441 3006 1510 malam,
3037 1437 3344 1509 praecedere
3389 1435 3742 1490 voluntatem
3775 1435 3864 1488 ho-

2266 1543 2447 1606 minis,
2499 1555 2592 1596 seu
2617 1528 2841 1593 alterius
2870 1534 3150 1590 rationalis
3175 1542 3404 1597 naturae,
3453 1547 3518 1586 ne
3553 1531 3630 1585 ab
3657 1545 3730 1585 ea
3761 1545 3864 1583 me—

2267 1635 2431 1690 ritum
2455 1647 2564 1687 suae
2590 1629 2854 1686 libertatis
2892 1627 3191 1691 auferatur,
3246 1625 3361 1680 sive
3381 1625 3592 1679 bonum
3635 1623 3684 1677 si
3734 1622 3865 1676 bene

2271 1724 2484 1789 vixerit,
2537 1728 2862 1792 cooperante
2909 1719 3092 1774 divina
3134 1717 3330 1789 gratia,
3393 1715 3509 1771 sive
3551 1713 3788 1777 malum,
3825 1714 3868 1767 si

2271 1816 2410 1870 male
2430 1814 2642 1879 vixerit,
2667 1829 2764 1868 suo
2796 1819 2947 1867 motu
2978 1807 3335 1864 irrationabili
3354 1821 3758 1877 penemque,
3783 1819 3865 1858 sa-

587 1933 639 1978 te
671 1921 873 1977 dixisse
904 1915 1268 1988 responderis,
1299 1910 1630 1968 cohibebunt
1668 1909 1812 1962 hunc
1837 1921 2056 1961 sensum
2104 1919 2168 1959 ea
2196 1885 2245 1946 Β
2273 1911 2342 1964 tis
2371 1915 2596 1979 apparet
2621 1904 3033 1976 Pelagianorum
3065 1911 3117 1957 te
3161 1901 3354 1971 dogma
3385 1898 3868 1970 perversissimam

586 2028 705 2083 quae
747 2012 858 2082 jam
903 2006 1149 2077 superius
1203 2002 1479 2059 multoties
1520 1994 1804 2055 inculcaSti
1840 2016 1851 2051 :
1891 1995 2171 2051 rationalis

585 2110 873 2166 creaturae,
904 2097 1213 2171 angelorum
1249 2094 1456 2150 scilicet
1494 2100 1656 2161 atque
1683 2089 1980 2152 hominum,
2031 2087 2172 2143 hanc

585 2191 754 2248 fuisse
787 2189 995 2246 arbitrii
1033 2188 1355 2244 libertatem.
1401 2183 1497 2238 Est
1528 2181 1692 2252 igitur
1741 2187 1953 2243 natura,
1998 2187 2058 2233 ut
2105 2177 2174 2234 ad

589 2285 860 2340 hominem
881 2280 1188 2346 redeamus,
1211 2294 1332 2349 quae
1352 2273 1697 2344 compellitur
1733 2279 1793 2324 ut
1815 2270 1945 2325 velit
1969 2270 2172 2324 bonum

587 2374 732 2445 quod
762 2373 997 2437 nolebat,
1037 2369 1148 2425 imo
1181 2365 1424 2438 fugiebat
1446 2372 1606 2434 atque
1630 2363 1994 2432 oppugnabat.
2017 2359 2176 2414 Com-

587 2464 803 2536 pellitur
850 2462 1038 2533 utique
1069 2469 1129 2514 ut
1153 2457 1284 2513 velit
1319 2455 1510 2521 libere,
1564 2453 1748 2522 utique
1779 2451 1995 2508 coalitus
2044 2449 2173 2505 boni

589 2557 862 2612 voluntate
883 2560 1157 2626 percepta,
1181 2549 1432 2618 deinceps
1451 2547 1618 2602 libera
1643 2553 1892 2600 teneatur
1917 2541 2176 2597 divinitus

590 2658 750 2720 atque
787 2645 1040 2702 fulciatur
1066 2658 1134 2699 ne
1164 2640 1366 2697 frustra
1416 2637 1562 2694 velit.
1617 2635 1872 2708 Sequeris
1898 2633 2092 2692 deinde
2121 2640 2176 2685 et

591 2743 728 2800 dicis
759 2761 771 2797 :

1142 2841 1371 2884 JOANNES
1407 2839 1626 2880 SCOTUS-

666 2948 816 3021 (Cap.
841 2947 897 3013 5,
926 2958 1075 3000 num.
1095 2941 1183 3008 l5,
1210 2949 1342 3006 sect,
1358 2938 1439 3010 4.)
1461 2948 1503 2995 Θ
1520 2937 1687 3007 Atque
1707 2936 1940 2989 humana
1963 2948 2068 2986 non
2087 2947 2176 2986 so-

592 3044 700 3097 lum
721 3039 958 3095 voluntas
987 3044 1084 3102 est,
1111 3034 1200 3089 sed
1223 3043 1269 3088 et
1293 3032 1497 3096 libera;
1530 3044 1622 3082 nec
1642 3027 1757 3096 ejus
1779 3021 2176 3092 libertasafalsa,

593 3135 682 3188 sed
719 3147 839 3186 vera
858 3141 971 3184 est:
993 3127 1228 3198 quamvis
1267 3125 1380 3195 ipsa
1419 3113 1629 3175 libertas
1665 3127 1780 3190 post
1814 3124 2082 3187 peccatum
2121 3115 2177 3167 in

596 3235 795 3282 tantum
838 3224 1020 3278 vitiata
1058 3223 1146 3288 sit,
1188 3230 1244 3276 ut
1276 3234 1425 3290 pana
1473 3215 1586 3285 ejus
1631 3211 1948 3284 impediatur
1980 3225 2043 3263 ne
2081 3216 2174 3262 aut
2201 3258 2246 3322 C

596 3328 730 3374 recte
757 3318 918 3373 vivere
937 3314 1079 3383 velit,
1127 3322 1219 3367 aut
1239 3312 1284 3368 si
1307 3310 1425 3366 velit
1447 3325 1551 3363 non
1569 3307 1729 3378 possit
1755 3321 1773 3360 :
1796 3305 1861 3358 de
1897 3321 2002 3375 qua
2021 3303 2176 3356 mise-

597 3411 678 3465 ria
713 3409 993 3472 liberatur,
1042 3415 1098 3459 ut
1120 3405 1192 3458 ait
1216 3400 1516 3472 Apostolus,
1549 3396 1725 3468 gratia
1752 3395 1844 3450 Dei
1873 3408 1971 3465 per
1995 3391 2179 3448 Jesum

595 3504 868 3560 Christum
903 3499 1074 3574 (Rom.
1106 3513 1204 3561 vn,
1229 3493 1322 3566 25)
1355 3510 1370 3560 ;
1407 3499 1644 3546 manente
1666 3499 1841 3544 tamen
1878 3485 2050 3540 adhuc
2087 3501 2183 3539 na-

596 3595 755 3650 turali
781 3595 1038 3658 libertate,
1075 3607 1190 3660 quaa
1217 3587 1526 3659 intelligitur
1559 3580 1900 3638 beatitudinis
1926 3578 2176 3650 appetitu,

501 3761 506 3768 .
597 3690 688 3762 qui
708 3690 756 3745 ei
776 3685 1088 3743 naturaliter
1111 3683 1297 3738 insitus
1322 3689 1416 3736 est.

1237 3831 1553 3874 CORRECTIO.

680 3941 733 4009 ξπ
747 3938 862 4006 Quo
891 3936 1051 4008 igitur
1091 3940 1251 4004 pacto
1300 3927 1536 3984 aliirmas
1569 3911 1818 3991 liberam,
1848 3939 2010 3996 quam
2059 3931 2183 3993 post

598 4038 875 4102 peccatum
921 4029 973 4080 in
1005 4033 1209 4080 tantum
1249 4021 1444 4076 asseris
1484 4018 1749 4084 vitiatam,
1781 4025 2024 4086 utpmna
2067 4013 2182 4084 ejus

601 4121 950 4191 impediatur.
1005 4134 1075 4173 ne
1099 4125 1193 4170 aut
1221 4123 1364 4170 recte
1401 4113 1582 4168 vivere
1635 4111 1783 4178 velit,
1839 4118 1933 4164 aut
1969 4109 2014 4164 si
2055 4108 2184 4163 velit

603 4225 708 4266 non
733 4209 939 4280 possit?
967 4206 1244 4274 Quomodo
1287 4204 1454 4259 libera
1485 4202 1702 4267 dicitur,
1748 4216 1868 4270 quae
1911 4207 2057 4254 recte
2104 4199 2182 4253 vi-

607 4314 732 4356 vere
781 4314 887 4355 non
927 4298 1074 4354 vult?
1098 4296 1366 4368 quomodo
1404 4295 1570 4352 libera
1597 4293 1941 4364 praedicatur,
1971 4305 2092 4361 quae
2135 4289 2181 4344 si

606 4404 753 4450 recte
790 4393 972 4447 vivere
999 4390 1151 4458 velit,
1204 4405 1311 4446 non
1338 4388 1551 4460 possit?
1579 4385 1713 4453 Quis
1748 4384 1895 4440 enim
1928 4382 2068 4438 liber
2095 4381 2179 4437 di-

605 4489 765 4552 citur,
794 4485 841 4539 si
871 4501 977 4541 non
1004 4484 1252 4540 libertate
1279 4480 1495 4552 propria
1523 4492 1622 4548 pro
1653 4477 1734 4532 sui
1769 4475 2046 4531 voluntate
2066 4481 2183 4528 uta-

607 4581 732 4635 tur?
779 4577 909 4645 Quis
943 4591 1116 4633 caecus
1144 4575 1324 4630 lumen
1354 4573 1535 4627 videre
1571 4569 1759 4640 possit,
1799 4568 1846 4623 si
1867 4566 2032 4621 velit?
2059 4565 2182 4636 quis

604 4673 825 4727 claudus
855 4678 945 4725 aut
973 4667 1186 4735 debilis,
1240 4667 1328 4722 vel
1356 4680 1514 4736 agerc
1559 4663 1642 4718 vel
1673 4660 1948 4716 ambulare
1989 4659 2179 4730 possit,

604 4765 646 4817 si
673 4762 835 4816 velit?
860 4761 1043 4816 Potest
1064 4759 1114 4816 ei
1146 4759 1326 4814 inesse
1342 4755 1628 4819 voluntas;
1665 4750 1906 4820 nunquid
1929 4747 2186 4804 libertas?

604 4855 721 4909 Non
752 4854 899 4910 enim
935 4859 1021 4908 est
1051 4850 1282 4905 liberum
1322 4847 1409 4902 vel
1436 4860 1579 4901 caeco
1607 4843 1814 4910 videre,
1861 4841 1947 4898 vel
1993 4841 2186 4898 claudo

605 4943 902 5009 ambulare,
961 4940 1045 4996 vel
1089 4947 1238 4994 muto
1281 4937 1451 5008 loqui,
1504 4935 1589 4991 vel
1635 4934 1800 4990 surdo
1845 4933 2054 4998 audire,
2101 4931 2187 4988 vel

607 5045 785 5092 mente
809 5042 966 5105 capto
996 5029 1314 5102 intelligere.
1354 5026 1480 5083 Haec
1510 5035 1689 5081 tamen
1710 5023 1958 5094 exempla
1989 5021 2058 5076 ad
2084 5021 2187 5076 hoc

607 5137 734 5182 sunt
757 5125 1019 5190 adhibita,
1047 5131 1108 5178 ut
1139 5121 1361 5177 libertas
1390 5118 1455 5190 [Γ.
1489 5115 1757 5188 voluntas]
1787 5115 1976 5170 deesse
2010 5113 2180 5169 libera

607 5219 1008 5292 comprobetur,
1059 5231 1168 5274 non
1192 5222 1253 5269 ut
1277 5210 1570 5270 voluntatis
1600 5210 1754 5264 bona:
1793 5206 1877 5263 vel
1918 5206 2072 5262 malae
2104 5206 2184 5260 in-

609 5313 791 5368 ductio
817 5310 904 5367 vel
925 5308 1167 5380 depulsio
1191 5305 1563 5364 conlirmetur.
1593 5300 1785 5356 Mirum
1805 5299 2002 5370 quippe
2031 5297 2184 5353 valde

610 5413 696 5462 est
735 5403 958 5459 liberam
1015 5401 1194 5457 dicere
1225 5397 1580 5460 voluntatem,
1633 5408 1752 5463 quae
1787 5400 1882 5446 aut
1909 5405 2016 5447 non
2058 5389 2186 5445 velit

609 5497 752 5570 quod
785 5492 1067 5552 volendum
1095 5492 1185 5558 sit,
1220 5499 1312 5546 aut
1343 5491 1387 5545 si
1417 5489 1568 5556 velit,
1603 5487 1822 5542 omnino
1864 5499 1970 5540 non
1994 5483 2184 5555 possit.

612 5588 727 5644 Hoc
753 5587 879 5643 licet
916 5583 1005 5654 jus
1032 5582 1502 5654 disputatiunculis
1525 5590 1763 5646 astruas,
1791 5593 2065 5648 nunquam
2094 5592 2188 5631 au-

615 5681 864 5736 ctoritate
908 5678 1111 5749 poteris
1140 5677 1458 5748 approbare.
1515 5675 1724 5746 Quippe
1757 5673 1808 5728 in
1852 5673 1905 5727 id
1947 5671 2073 5726 totis
2111 5671 2190 5724 vi-

617 5770 768 5824 ribus
789 5770 1072 5825 elaborans
1109 5779 1167 5825 ut
1189 5784 1413 5839 prorsus
1442 5769 1674 5840 gratiam
1703 5768 1930 5836 abroges
1951 5765 2189 5819 liberau—

619 5861 707 5924 tis,
762 5859 878 5913 sine
918 5875 1022 5930 qua
1078 5862 1160 5928 (ut
1193 5875 1254 5914 se
1277 5860 1439 5916 habet
1463 5875 1619 5926 sana,
1673 5856 1970 5913 orthodoxa
2000 5857 2189 5912 catho-

2206 4624 2261 4684 D

2273 2001 2614 2057 conﬁrmare.
2652 1997 2799 2064 Quos
2833 2011 2956 2052 cum
2991 1993 3048 2049 in
3073 2008 3180 2048 una
3198 2001 3357 2062 parte
3379 1988 3788 2051 confutaveris,
3819 1988 3867 2041 in

2274 2093 2441 2147 altera
2461 2091 2726 2147 defendis.
2750 2089 2884 2145 Cum
2906 2103 3036 2142 vero
3062 2102 3120 2142 1n
3141 2085 3466 2156 quibusdam
3492 2081 3870 2152 compellentis

2275 2187 2461 2258 gratiae
2488 2186 2687 2240 donum
2716 2182 3016 2238 orthodoxe
3045 2181 3102 2236 in
3123 2179 3280 2236 bonis
3299 2177 3661 2249 praedicetur,
3702 2173 3874 2227 nulla-

2277 2287 2432 2334 tenus
2451 2275 2716 2331 libertatis
2740 2274 2990 2330 meritum
3021 2272 3284 2335 aufertur,
3317 2270 3411 2325 sed
3440 2276 3500 2321 ut
3523 2280 3652 2321 esse
3679 2265 3874 2336 possit,

2277 2368 2528 2422 tribuitur
2577 2374 2738 2435 atque
2765 2365 3070 2436 adjuvatur.
3122 2362 3256 2417 Cum
3289 2375 3418 2416 vero
3439 2360 3494 2413 in
3523 2358 3696 2413 malis
3725 2373 3870 2410 com-

2275 2459 2542 2530 pulsativa
2590 2457 2889 2513 necessitas
2918 2456 3140 2520 dicitur,
3197 2467 3372 2522 neque
3400 2451 3473 2508 ibi
3509 2450 3782 2505 meritum
3819 2448 3874 2502 li—

2275 2552 2499 2608 bertatis
2538 2551 2802 2616 aufertur,
2841 2548 2935 2604 sed
2985 2544 3424 2602 accrescentibus
3468 2541 3655 2606 malis,
3710 2549 3874 2610 atque

2277 2648 2342 2700 de
2385 2643 2526 2698 bono
2577 2641 2720 2711 quod
2751 2639 2901 2710 prius
2933 2638 3196 2694 habuerat
3241 2635 3296 2689 in
3323 2633 3524 2690 malum
3559 2633 3852 2688 conversis

2276 2735 2518 2792 severius
2542 2732 2815 2802 iudicatur
2844 2740 3005 2802 atque
3033 2729 3338 2785 damnatur.

2834 2885 3057 2925 JOANNES
3085 2884 3302 2926 SCOTUS.

2350 2986 2499 3058 (Cap.
2551 2985 2605 3051 5,
2638 3000 2787 3039 num.
2819 2985 2908 3050 l5,
2955 2993 3088 3040 sect.
3125 2983 3203 3052 5.)
3252 2993 3295 3040 Θ
3323 2982 3558 3038 Proinde
3599 2986 3656 3036 iu
3692 2985 3885 3054 quibus

2279 3076 2424 3132 nulla
2462 3092 2620 3130 causa
2642 3075 2945 3145 constringit
2971 3075 3231 3132 hominem
3281 3092 3370 3128 seu
3416 3077 3542 3129 bene
3586 3093 3683 3129 seu
3734 3076 3871 3129 male

2279 3169 2462 3224 vivere.

2913 3276 3228 3316 (IORRECTIO.

2351 3371 2389 3442 '1-
2416 3370 2484 3426 Et
2519 3369 2735 3440 quidem
2763 3369 2902 3440 quod
2927 3369 3216 3438 Apostolus
3236 3368 3377 3438 apud
3402 3367 3734 3423 Corinthios
3763 3385 3882 3424 eu

2283 3465 2376 3535 qui
2407 3479 2630 3520 uxorem
2660 3465 2832 3536 patris
2857 3463 2957 3518 sibi
2987 3471 3180 3520 contra
3207 3461 3292 3517 fas
3327 3461 3711 3532 copulaverat,
3748 3464 3884 3516 tradi

2275 3555 2428 3626 jubet
2456 3555 2674 3611 Satame
2695 3555 2749 3610 in
2781 3557 3048 3610 interitum
3093 3554 3291 3621 carnis,
3335 3563 3391 3608 ut
3431 3555 3654 3625 spiritus
3708 3557 3880 3610 salt-Is

2281 3652 2346 3706 sit
2387 3651 2442 3704 in
2463 3650 2548 3704 die
2566 3649 2779 3704 Domini
2817 3647 2870 3720 (Ι
2895 3646 3017 3702 Cor.
3041 3663 3098 3714 v,
3128 3648 3218 3720 5):
3253 3646 3384 3718 quid
3403 3655 3490 3702 est
3519 3647 3674 3717 quod
3703 3658 3764 3702 et
3787 3664 3877 3701 au-

2282 3744 2510 3800 ctoritas
2559 3740 2823 3796 canonica
2859 3740 3126 3811 praecipit,
3172 3748 3227 3795 et
3252 3739 3591 3794 consuetudo
3621 3738 3881 3794 Ecclesia!

2285 3842 2433 3889 tenet
2461 3833 2529 3887 ad
2553 3820 2853 3888 coercenda
2873 3831 3027 3897 vitia,
3071 3831 3150 3885 uti
3173 3829 3507 3896 verberibus,
3539 3830 3884 3895 carceribus,

2289 3927 2495 3992 nervis,
2545 3925 3195 4002 excommunicationibus
3236 3925 3464 3994 aliisque
3507 3926 3884 3997 compluribus

2283 4014 2583 4087 disciplina:
2610 4017 2874 4073 medentis
2911 4016 3218 4088 generibus.
3271 4015 3423 4072 Unde
3451 4017 3647 4071 beatus
3697 4018 3882 4088 Augu—

2283 4108 2457 4164 stinus
2483 4109 2536 4163 in
2564 4108 2702 4164 libro
2728 4107 3102 4174 Enchiridion,
3147 4124 3270 4165 cum
3294 4109 3361 4163 de
3379 4107 3729 4164 dimittendis
3757 4125 3883 4179 pec-

2283 4201 2420 4257 catis
2467 4209 2652 4272 ageret
2685 4201 2821 4272 (cap.
2857 4201 2966 4271 72),
3018 4202 3159 4256 inter
3209 4209 3407 4258 caetera
3454 4201 3633 4256 dixit:
3663 4201 3767 4273 [Et
3794 4205 3882 4272 qui

2283 4292 2540 4348 emendat
2561 4293 2788 4348 verbere
2817 4293 2869 4347 in
2893 4308 3054 4362 quem
3078 4301 3315 4364 potestas
3341 4293 3519 4358 datur,
3553 4293 3644 4347 vel
3663 4305 3886 4349 coercet

2284 4385 2464 4461 aliqua
2491 4383 2794 4454 disciplina,
2819 4391 2874 4438 et
2899 4391 3081 4440 tamen
3109 4393 3388 4454 peccatum
3408 4383 3525 4454 ejus
3543 4399 3658 4454 quo
3696 4386 3771 4440 ab
3799 4385 3885 4440 illo

2284 4479 2444 4534 laesus
2478 4484 2571 4532 aut
2603 4476 2838 4532 oﬂ‘ensus
2865 4485 2970 4544 est,
3001 4477 3225 4533 dimittit
3247 4490 3310 4532 ex
3339 4477 3521 4540 corde,
3553 4476 3643 4532 vel
3671 4489 3804 4532 orat
3831 4487 3885 4531 ut

2285 4571 2332 4625 ei
2356 4569 2660 4625 dimittatur
2687 4583 2702 4622 :
2727 4583 2835 4622 non
2861 4568 3034 4624 solum
3061 4569 3116 4624 in
3149 4585 3216 4625 eo
3240 4569 3387 4638 quod
3415 4567 3647 4623 dimittit
3671 4569 3768 4623 vel
3791 4569 3882 4640 [aL

2287 4657 2471 4731 atque]
2505 4668 2642 4724 orat,
2697 4673 2881 4713 verum
2908 4660 3072 4713 etiam
3098 4660 3152 4713 in
3185 4675 3250 4715 eo
3270 4659 3411 4730 quod
3439 4659 3675 4729 corripit
3712 4670 3774 4714 et
3797 4660 3888 4714 ali-

2289 4769 2391 4822 qua
2428 4752 2796 4806 cmendatoria
2838 4765 3000 4821 poena
3047 4751 3254 4821 plectit,
3302 4751 3720 4822 eleemosynam
3770 4735 3888 4816 dat,

2289 4846 2415 4917 quia
2440 4843 2865 4919 misericordiam
2895 4851 3132 4915 praestat.
3197 4842 3358 4898 Multa
3381 4843 3526 4898 enim
3561 4845 3716 4900 bona
3745 4862 3884 4916 pne-

2289 4933 2757 5003 stanturinjustis,
2801 4935 3015 5004 quando
3061 4949 3248 4990 eorum
3294 4933 3599 4990 consulitur
3631 4936 3890 4996 utilitati,

2290 5043 2396 5084 non
2427 5027 2712 5093 voluntati,
2734 5042 2841 5097 qua
2864 5027 2966 5097 ipsi
2991 5027 3094 5082 sibi
3115 5027 3462 5082 inveniuntur
3487 5042 3614 5082 esse
3642 5028 3888 5090 inimici;

2288 5122 2448 5177 amici
2487 5135 2614 5176 vero
2641 5135 2827 5176 eorum
2876 5121 3054 5192 potius
3093 5119 3166 5174 illi
3193 5134 3330 5188 quos
3370 5120 3625 5174 inimicos
3658 5133 3888 5190 putant.

2287 5224 2342 5268 et
2398 5213 2631 5270 reddunt
2679 5213 2912 5267 errando
2943 5212 3083 5267 mala
3132 5227 3232 5282 pro
3252 5213 3427 5278 bonis,
3483 5229 3608 5268 cum
3653 5216 3892 5269 reddere

2289 5305 2428 5360 mala
2442 5304 2781 5360 Christianus
2807 5319 2914 5359 non
2940 5304 3154 5370 debeat,
3186 5319 3287 5359 nec
3312 5320 3409 5376 pro
3435 5303 3646 5377 malis.)
3675 5306 3722 5374 -ζ-
3757 5306 3892 5360 Hinc

2287 5398 2476 5453 beatus
2497 5396 2785 5468 Gregorius
2814 5395 2866 5450 in
2883 5396 3222 5468 expositione
3241 5397 3381 5452 beati
3396 5396 3517 5462 Job,
3533 5396 3633 5452 lib.
3654 5414 3742 5462 vt,
3769 5414 3888 5469 cap.

2290 5490 2358 5545 15
2393 5507 2406 5543 :
2442 5487 2636 5561 [Porro
2677 5487 2878 5543 salvum
2914 5488 3068 5559 faciet
3097 5506 3314 5560 egenum
3356 5489 3421 5542 de
3448 5488 3629 5558 gladio
3661 5491 3782 5544 oris
3807 5507 3890 5543 εο-

2293 5598 2407 5635 rum
2439 5589 2489 5634 et
2509 5580 2572 5633 de
2594 5597 2752 5634 manu
2781 5580 2992 5635 violenti
3017 5596 3296 5651 pauperem
3309 5576 3430 5648 (Job
3451 5594 3503 5641 v,
3522 5578 3638 5649 l5).
3665 5577 3886 5648 Pauper

2291 5673 2488 5744 quippe
2508 5680 2592 5728 est
2613 5672 2856 5741 quisquis
2881 5671 3020 5742 apud
3053 5671 3398 5740 semetipsum
3429 5669 3605 5722 elatus
3631 5686 3745 5724 non
3779 5679 3880 5724 est.

2294 5763 2446 5820 Unde
2487 5779 2584 5834 per
2620 5763 2965 5834 Evangelium
2991 5762 3204 5818 Veritas
3237 5762 3402 5816 dicit:
3437 5759 3588 5814 Beati
3623 5777 3881 5829 pauperes

2292 5857 2499 5924 spiritu,
2522 5857 2768 5926 quoniam
2794 5855 3022 5910 ipsorum
3043 5863 3115 5909 est
3140 5869 3351 5924 regnum
3380 5851 3628 5905 caelorum
3658 5850 3877 5920 (Matth.
