4064 6346
219 453 239 506 ἱ
251 445 355 505 089

1061 443 1147 498 DE
1185 442 1859 500 PRIEDESTINATIONE
1893 442 2172 500 CONTRA
2208 446 2256 502 J.
2301 442 2605 504 SCOT-UM.

3331 444 3471 501 1090

213 578 270 628 v,
305 561 382 632 5).
421 559 640 614 Duobus
668 568 848 614 autem
876 557 1050 613 modis
1071 559 1138 612 ad
1167 559 1382 629 culpam
1421 559 1792 628 unusquisque
1818 557 1869 617 A
1895 559 2142 615 docibiles
2172 561 2269 616 Dei
2313 560 2498 633 (Ibid.,
2521 575 2653 614 vers.
2677 555 2792 629 45).
2823 556 2881 613 Si
2927 571 3056 629 ergo
3083 572 3272 614 omnes
3318 559 3411 629 qui
3439 575 3472 615 a

213 649 580 722 pertrahitur;
612 655 706 702 aut
739 647 1094 704 delectatione
1121 648 1266 703 enim
1307 648 1538 714 ducitur,
1566 654 1659 703 aut
1686 654 1798 702 ter-

215 759 342 800 rore
369 749 674 813 superatur.
734 740 954 798 Gladius
995 756 1231 812 namque
1270 740 1384 796 oris
1421 748 1506 796 est
1541 739 1798 810 iniquitas

211 835 585 908 persuasionis
620 851 635 900 ;
669 849 863 889 manus
898 842 1080 890 autem
1125 833 1343 890 violenti
1370 843 1454 890 est
1502 833 1798 888 adversitas

213 927 521 998 potestatis.
555 925 662 982 Sed
690 925 815 996 quia
835 926 1106 981 veraciter
1132 924 1375 992 humilis,
1409 925 1502 995 qui
1539 925 1643 980 hoc
1679 923 1798 979 loco

211 1034 426 1090 pauper
474 1025 720 1083 vocatur,
778 1032 886 1087 quo
933 1016 1078 1071 nulla
1114 1016 1276 1087 hujus
1313 1014 1498 1070 mundi
1541 1029 1797 1086 prospera

213 1111 446 1184 appetit,
487 1127 554 1168 eo
582 1111 842 1166 audenter
863 1110 1029 1164 etiam
1051 1109 1274 1164 adversa
1303 1107 1622 1172 contemnit,
1655 1114 1800 1162 recte

216 1203 418 1258 dicitur
446 1218 461 1255 :
485 1199 698 1256 Saluum
724 1200 883 1270 faciet
910 1215 1126 1269 egenum
1155 1198 1220 1252 de
1239 1197 1414 1268 gladio
1440 1213 1639 1263 eorum,
1666 1197 1802 1251 etde

217 1311 383 1348 manu
404 1291 613 1348 uiolenti
640 1307 936 1362 pauperem.
982 1289 1059 1345 Ac
1080 1290 1125 1346 si
1145 1299 1332 1360 aperte
1360 1289 1632 1345 diceretur
1661 1305 1674 1342 ε
1711 1287 1802 1343 Sic

220 1387 277 1441 in
318 1400 378 1442 se
395 1385 538 1440 Deus
557 1390 766 1438 mentes
787 1380 1073 1444 humilium
1112 1379 1326 1445 solidat,
1366 1387 1427 1434 ut
1455 1395 1548 1435 eas
1577 1377 1642 1432 ad
1675 1393 1801 1446 per-

217 1478 539 1549 petrandam
583 1473 878 1545 nequitiam
925 1487 1027 1529 nec
1067 1472 1437 1528 blandimenta
1493 1470 1803 1527 suasionum

219 1568 558 1638 pertrahant,
590 1581 691 1621 nec
711 1565 924 1621 dolores
943 1563 1332 1636 suppliciorum
1363 1561 1660 1634 frangam]

292 1663 334 1732 -ι-
361 1661 480 1718 Jam
509 1674 640 1716 vero
681 1659 825 1730 quod
869 1658 1042 1724 addis,
1072 1657 1242 1711 Deum
1288 1657 1521 1710 omnium
1550 1655 1803 1708 bonorum

221 1769 327 1808 non
357 1767 466 1806 esse
506 1765 721 1804 causam
768 1747 1134 1813 necessariam,
1163 1746 1254 1800 sed
1298 1743 1649 1801 voluntariam
1671 1784 1686 1810 ,
1711 1758 1806 1798 vo-

221 1840 343 1896 lens
365 1853 430 1896 eo
455 1846 774 1911 argumento
804 1828 1116 1906 perversum
1144 1842 1349 1890 motum
1379 1831 1635 1888 rationali
1683 1830 1806 1886 sub-

1897 649 2060 707 Patre
2083 652 2373 706 trahuntur
2401 651 2467 716 ad
2491 649 2688 705 Filium
2711 657 2862 704 erunt
2891 647 3137 704 docibiles
3163 647 3281 714 Dei,
3305 649 3474 720 liquet

1895 742 2140 812 profecto
2159 743 2284 813 quia
2314 758 2419 798 non
2449 757 2516 798 ex
2541 757 2600 798 se
2626 739 3201 797 habeantvoluntatem
3221 739 3474 796 veniendi

1897 834 1966 888 ad
1988 833 2204 900 Filium,
2222 834 2361 890 seda
2387 834 2547 889 Patre
2576 833 2828 888 trahente
2847 831 3118 901 accipiant
3142 830 3474 886 voluntatem

1899 932 2059 994 atque
2093 924 2401 992 scientiam,
2437 931 2499 980 ut
2525 931 2582 980 et
2633 922 2803 980 velint
2854 931 2910 978 et
2961 922 3141 979 sciant
3183 923 3367 978 venire
3405 921 3474 976 ad

1898 1027 2061 1082 quem
2098 1014 2406 1070 trahuntur.

1970 1104 2170 1160 Dehac
2203 1105 2375 1175 gratia
2423 1107 2684 1178 gratuita,
2715 1121 2878 1177 quam
2911 1115 3193 1176 tantopere
3230 1109 3477 1179 negando

1901 1196 2200 1266 impugnas,
2235 1197 2426 1252 beatus
2467 1197 2799 1267 Augustinus
2845 1197 2901 1252 in
2932 1197 3071 1253 libro
3101 1198 3476 1265 Enchiridion,

1901 1305 2026 1345 cum
2061 1291 2128 1346 de
2152 1299 2382 1360 utraque
2402 1291 2704 1348 substantia
2746 1291 2867 1356 Filii
2899 1291 2994 1348 Dei
3019 1291 3352 1362 loqueretur,
3400 1291 3480 1346 ait

1887 1383 2038 1454 ‘(cap.
2067 1383 2156 1455 56)
2193 1401 2207 1438 :
2237 1382 2360 1457 [Hic
2386 1385 2606 1441 omnino
2627 1385 2902 1457 granditer
2927 1393 2982 1441 et
3009 1385 3289 1442 evidenter
3308 1385 3477 1456 gratia

1900 1475 1997 1530 Dei
2042 1476 2472 1532 commendatur.
2524 1475 2664 1543 Quid
2721 1476 2865 1532 enim
2913 1485 3106 1532 natura
3152 1478 3388 1532 humana
3426 1475 3479 1529 in

1901 1567 2118 1622 homine
2175 1567 2394 1623 Christo
2422 1567 2650 1632 meruit,
2701 1576 2764 1623 ut
2815 1568 2870 1622 in
2923 1569 3187 1623 unitatem
3235 1582 3482 1639 persona:

1901 1660 2047 1716 unici
2082 1659 2202 1714 Filii
2261 1659 2356 1714 Dei
2411 1658 2761 1730 singulariter
2803 1667 2947 1715 esset
2990 1660 3297 1732 assumpta?
3351 1658 3482 1726 Quae

1901 1754 2044 1809 bona
2083 1753 2353 1820 voluntas,
2395 1754 2549 1824 cujus
2593 1755 2720 1810 boni
2776 1753 3039 1824 propositi
3084 1753 3340 1820 studium,
3363 1767 3485 1824 quae

1904 1845 2046 1901 bona
2089 1858 2252 1914 opera
2299 1853 2734 1914 praecesserunt,
2789 1843 2985 1916 quibus
3032 1851 3330 1900 mereretur
3381 1841 3485 1897 iste

223 1931 437 1986 stantia:
465 1929 752 1986 ostendere
775 1943 885 1984 non
904 1942 1024 1984 esse
1047 1941 1267 1983 causam
1291 1924 1674 1989 necessariam,
1709 1923 1804 1978 sed
1833 1923 1882 1983 B
1909 1935 2074 1990 homo
2096 1933 2212 1989 ﬁeri
2237 1932 2360 2007 [αιη
2378 1942 2436 1988 ιιι
2465 1931 2640 2005 πει-ει]
2657 1949 2762 1988 una
2784 1948 3011 2005 persona
3034 1949 3157 1989 cum
3178 1934 3323 1989 Deo?
3340 1930 3486 1986 Nu"-

223 2023 584 2080 voluntariam
613 2062 628 2088 ,
679 2021 942 2077 debueras
991 2019 1272 2075 advertere
1331 2015 1475 2072 beati
1518 2015 1802 2086 Augustini

221 2115 570 2179 sententiam,
597 2129 759 2184 quam
807 2121 865 2167 tu
894 2126 1108 2183 quoque
1153 2119 1278 2166 ante
1318 2109 1560 2164 inserere
1587 2105 1802 2162 voluisti

221 2221 294 2262 ex
322 2206 462 2262 libro
512 2206 630 2276 ejus
654 2219 816 2276 quem
863 2203 929 2258 de
969 2203 1110 2258 dono
1134 2199 1560 2256 Perseverantize
1593 2197 1805 2267 sapien-

222 2307 310 2354 ter
339 2296 680 2366 ﬁdeliterque
700 2293 1043 2364 conscripsit,
1079 2293 1134 2347 in
1163 2306 1272 2362 quo
1296 2291 1370 2346 ita
1391 2290 1632 2361 loquitur
1660 2291 1795 2361 (cap.

225 2388 292 2461 7)
335 2408 348 2443 :
393 2387 497 2462 [Si
537 2403 668 2459 ergo
715 2387 822 2441 alia
886 2386 1208 2442 documenta
1256 2399 1365 2440 non
1421 2391 1636 2448 essent,
1687 2383 1803 2438 haec

221 2482 504 2539 Dominica
527 2481 701 2538 oratio
727 2481 886 2537 nobis
921 2481 989 2536 ad
1017 2495 1238 2536 causam
1287 2479 1496 2551 gratiae,
1521 2494 1686 2550 quam
1712 2479 1802 2534 de-

220 2573 516 2640 tendimus,
561 2571 673 2629 sola
711 2571 1000 2638 sufficeret,
1048 2572 1174 2642 quia
1212 2569 1348 2626 nihil
1385 2571 1541 2626 nobis
1587 2569 1804 2640 reliq'uit

219 2667 278 2721 in
307 2681 415 2736 quo
454 2673 712 2736 tanquam
735 2665 792 2720 in
826 2673 1012 2721 nostro
1051 2664 1364 2736 gloriemur.
1417 2663 1694 2734 Siquidem
1744 2670 1804 2717 ut

223 2771 336 2810 non
365 2755 702 2810 discedamus
743 2770 773 2809 a
800 2754 912 2810 Deo
955 2769 1063 2810 non
1111 2753 1346 2809 ostendit
1393 2751 1627 2807 dandum
1684 2766 1804 2806 esse

221 2847 330 2903 nisi
352 2862 383 2901 a
403 2846 531 2912 Deo,
561 2861 682 2902 cum
703 2845 1032 2917 poscendum
1053 2845 1288 2901 ostendit
1311 2861 1340 2900 a
1366 2844 1479 2900 Deo
1505 2862 1517 2897 :
1542 2844 1634 2915 qui
1660 2844 1805 2898 enim

221 2959 334 2998 non
382 2940 612 2997 infertur
661 2941 714 2994 in
757 2942 1132 3006 tentationem,
1177 2957 1284 2996 non
1333 2940 1560 2996 discedit
1603 2955 1632 2992 a
1672 2939 1800 2994 Deo.

220 3029 344 3086 Non
371 3038 456 3086 est
482 3031 585 3084 hoc
610 3029 831 3086 omnino
854 3029 907 3084 in
933 3029 1142 3086 viribus
1177 3029 1333 3086 liberi
1355 3029 1589 3094 arbitrii,
1616 3025 1805 3098 quales

221 3139 368 3179 nunc
389 3131 544 3189 sunt;
577 3121 754 3178 fuerat
791 3123 843 3176 in
873 3123 1090 3178 homine
1111 3134 1400 3192 antequam
1417 3121 1657 3177 caderet.
1675 3120 1804 3188 Quae

223 3223 409 3269 tamen
435 3213 662 3270 libertas
685 3213 978 3269 voluntatis
1005 3213 1060 3268 in
1088 3213 1230 3269 illius
1257 3214 1448 3283 prima:
1476 3211 1804 3268 conditionis

219 3307 535 3378 praestantia
593 3316 850 3377 quantum
897 3305 1126 3360 valuerit
1172 3304 1422 3376 apparuit
1473 3304 1528 3359 in
1568 3301 1804 3374 angelis,
1833 3285 1884 3352 Ο

218 3398 339 3468 qui,
371 3396 582 3452 diabolo
633 3410 756 3452 cum
800 3395 914 3450 suis
968 3395 1218 3460 cadente,
1269 3397 1326 3450 in
1383 3395 1613 3451 veritate
1643 3402 1807 3449 stete-

219 3497 372 3555 runt,
405 3497 460 3545 et
503 3489 572 3546 ad
597 3489 940 3546 securitatem
972 3497 1289 3560 perpetuam
1319 3503 1428 3544 non
1473 3488 1719 3554 cadendi,
1749 3488 1806 3542 in

220 3595 335 3651 qua
359 3595 504 3635 nunc
527 3594 622 3635 eos
648 3593 767 3636 esse
802 3579 1091 3634 certissimi
1137 3594 1343 3645 sumus,
1374 3578 1666 3649 pervenire
1695 3593 1806 3634 me-

222 3677 468 3725 ruerunt.
519 3669 651 3724 Post
695 3679 884 3724 casum
934 3678 1114 3724 autem
1166 3668 1401 3725 hominis
1467 3671 1684 3725 nonnisi
1735 3670 1804 3725 ad

219 3759 453 3831 gratiam
485 3775 639 3816 suam
669 3760 812 3815 Deus
835 3759 1004 3814 voluit
1020 3761 1291 3830 pertinere
1312 3769 1369 3816 ut
1399 3761 1562 3816 homo
1584 3761 1807 3817 accedat

221 3851 294 3906 ad
318 3866 461 3917 eum,
479 3866 654 3920 neque
680 3851 784 3905 nisi
812 3851 879 3904 ad
905 3851 1135 3921 gratiam
1161 3867 1316 3906 suam
1346 3852 1514 3906 voluit
1535 3853 1808 3922 pertinere

221 3951 286 3998 ut
315 3944 476 3998 homo
498 3958 604 3998 non
639 3943 859 3998 recedat
887 3943 956 3998 ab
987 3959 1074 3998 eo.
1107 3942 1258 3999 Hauc
1282 3945 1513 4014 gratiam
1539 3945 1724 4014 posuit
1754 3944 1806 3998 in

219 4035 319 4090 illo
354 4035 410 4089 in
457 4049 565 4104 quo
610 4043 813 4090 sortem
865 4035 1140 4091 consecuti
1196 4050 1405 4101 sumus,
1441 4034 1809 4106 praedestinati

221 4129 520 4186 secundum
572 4127 904 4198 propositum
954 4125 1071 4195 ejus
1117 4127 1210 4196 qui
1251 4127 1502 4182 universa
1552 4135 1808 4197 operatur

221 4222 440 4295 (Ephes.
474 4239 512 4289 ι,
544 4221 754 4294 11).]-ι-
788 4221 958 4276 Audis
1005 4220 1132 4291 quia
1183 4220 1318 4274 nihil
1366 4220 1524 4276 nobis
1569 4219 1805 4289 reliquit,

224 4315 384 4370 audis
403 4329 508 4370 non
535 4327 658 4369 esse
684 4315 789 4370 hoc
813 4312 1035 4367 omnino
1058 4311 1112 4365 in
1138 4311 1346 4366 viribus
1379 4310 1535 4366 liberi
1574 4310 1806 4376 arbitrii,

219 4410 414 4482 quales
451 4425 594 4465 nunc
622 4417 748 4464 sunt
781 4427 793 4461 :
839 4409 1014 4462 fuerat
1054 4407 1109 4461 in
1141 4407 1361 4463 homine
1389 4415 1674 4477 antequam
1719 4423 1810 4462 ca-

165 4484 194 4498 ’
223 4502 416 4558 deret?
443 4500 632 4568 Audis,
665 4508 788 4571 post
807 4514 994 4554 casum
1021 4507 1202 4554 autem
1231 4498 1469 4552 hominis
1499 4499 1715 4554 nonnisi
1739 4501 1806 4554 ad

223 4592 459 4663 gratiam
486 4607 640 4647 suam
676 4591 817 4646 Deus
855 4589 1025 4644 voluit
1052 4589 1346 4658 pertinere,
1379 4597 1440 4643 ut
1463 4590 1626 4645 hoino
1651 4606 1806 4646 acce-

223 4684 324 4738 dat
351 4682 417 4736 ad
445 4697 589 4746 eum,
630 4688 684 4734 et
717 4679 884 4736 audes
925 4680 1390 4749 impudentissime
1422 4681 1684 4751 tantisper
1709 4681 1807 4738 tibi

224 4789 487 4845 arrogare
531 4773 758 4829 liberam
799 4773 1172 4828 voluntatem?
1199 4772 1379 4828 fuerat
1423 4783 1570 4830 certe
1617 4775 1669 4828 in
1705 4775 1802 4830 ho-

219 4871 375 4925 mine
397 4877 687 4939 antequam
716 4869 956 4933 caderet,
972 4869 1066 4923 sed
1094 4869 1334 4938 nunquid
1367 4871 1571 4940 absque
1593 4871 1809 4942 gratia?

220 4962 402 5018 Absit.
429 4961 557 5017 Post
575 4977 762 5016 casum
789 4971 969 5016 autem
990 4962 1222 5017 hominis
1248 4963 1460 5019 nonnisi
1483 4964 1550 5018 ad
1575 4964 1804 5034 gratiam

191 5097 196 5100 .
221 5053 330 5110 Dei
359 5055 595 5124 pertinet
614 5063 675 5108 ut
703 5054 864 5108 homo
889 5054 1110 5109 accedat
1135 5054 1201 5108 ad
1229 5069 1374 5119 eum,
1405 5055 1458 5108 id
1488 5064 1570 5109 est
1595 5055 1806 5110 nonnisi

219 5160 329 5218 per
357 5145 585 5214 gratiam
609 5144 705 5200 Dei
729 5144 1062 5199 voluntatem
1089 5145 1286 5215 accipit
1313 5155 1372 5200 ut
1395 5145 1524 5199 velit
1551 5147 1809 5201 accedere

222 5237 297 5291 ad
328 5235 494 5290 Deum
524 5251 621 5306 per
647 5235 846 5291 Jesum‘
882 5235 1155 5291 Christum
1203 5235 1490 5292 Dominum
1524 5245 1802 5304 nostrum;

220 5329 373 5384 sicut
394 5333 449 5380 et
478 5325 594 5396 ipse
622 5325 798 5380 dixit:
835 5325 1002 5379 Nemo
1035 5335 1199 5394 potest
1229 5343 1403 5381 ventre
1445 5327 1514 5380 ad
1559 5343 1660 5394 me,
1707 5327 1809 5382 nisi

225 5415 395 5470 Pater
417 5415 506 5486 qui
531 5416 672 5468 misit
701 5431 783 5469 me
826 5417 1043 5470 traxerit
1071 5433 1188 5470 eum
1217 5415 1408 5488 (Joan.
1437 5433 1487 5472 vr
1507 5459 1520 5482 ,
1562 5417 1676 5489 44).
1703 5418 1810 5474 Au-

223 5509 315 5564 dis
359 5508 686 5573 trabentem,
721 5514 774 5562 et
801 5506 892 5562 ubi
920 5506 1090 5564 liber?
1131 5508 1297 5562 Audis
1326 5517 1580 5574 tractum,
1612 5518 1667 5564 et
1710 5509 1800 5564 ubi

221 5601 399 5654 libera
423 5599 704 5654 voluntas?
732 5599 832 5666 Qui
868 5586 1132 5664 trahitur,
1170 5600 1413 5669 profecto
1444 5601 1644 5656 invitus
1691 5610 1802 5656 tra-

221 5690 417 5745 hitur:
453 5689 498 5744 si
547 5690 746 5745 invitus
790 5690 1044 5754 trahitur,
1075 5689 1262 5759 procul
1292 5691 1454 5746 dubio
1482 5692 1670 5748 nolens
1709 5693 1806 5748 du-

224 5784 391 5838 citur.
439 5782 544 5839 Sed
577 5795 638 5840 ut
665 5801 728 5840 ex
757 5785 974 5840 nolente
1001 5787 1096 5839 ﬁat
1135 5785 1343 5852 volens,
1387 5788 1508 5843 audi
1539 5789 1680 5857 quod
1710 5789 1804 5843 ad-

218 5876 450 5948 junxit:
491 5875 585 5931 Est
637 5877 887 5946 scriptum
923 5877 979 5930 in
1027 5879 1290 5947 prmi/telis
1337 5893 1352 5929 :
1410 5879 1576 5934 la'runt
1629 5897 1802 5934 omnes

1837 4641 1890 4703 D

1910 2027 2039 2098 quid
2069 2036 2227 2083 antea
2250 2027 2354 2082 fuit
2370 2027 2554 2092 homo,
2582 2035 2638 2082 et
2665 2027 2768 2082 hoc
2787 2027 2838 2081 ei
2863 2026 3135 2098 singulare
3162 2025 3487 2081 beneﬁcium

1910 2120 2211 2190 praestitum
2244 2128 2350 2187 est,
2373 2127 2434 2174 ut
2466 2119 2814 2191 singulariter
2850 2127 3251 2190 promereretur
3275 2117 3444 2173 Deum
3463 2115 3490 2170 τ

1911 2211 2114 2283 Nempe
2138 2228 2206 2268 ex
2250 2228 2358 2283 quo
2385 2226 2504 2267 esse
2554 2213 2718 2267 homo
2743 2211 2928 2281 erepit,
2975 2225 3081 2265 non
3128 2209 3272 2266 aliud
3323 2208 3490 2279 coepit

1911 2318 2030 2360 esse
2079 2305 2242 2359 homo
2266 2319 2427 2374 quam
2457 2302 2552 2358 Dei
2587 2302 2775 2368 Filius,
2805 2310 2861 2358 et
2899 2301 3006 2358 hoc
3043 2301 3257 2367 unicus,
3281 2307 3337 2356 et
3362 2315 3487 2370 pro-

1911 2402 2032 2466 pter
2066 2393 2231 2449 Deum
2259 2392 2522 2459 Verbum,
2564 2393 2709 2464 quod
2736 2392 2827 2448 illo
2849 2400 3098 2463 suscepto
3139 2406 3266 2448 caro
3287 2390 3489 2446 factum

1911 2496 2017 2552 est,
2040 2487 2227 2556 utique
2247 2488 2390 2542 Deus
2415 2505 2428 2541 :
2459 2498 2518 2541 ut
2545 2486 2996 2557 quemadmodum
3021 2495 3104 2541 est
3125 2498 3230 2539 una
3259 2499 3491 2555 persona

1912 2579 2138 2650 quilibet
2163 2580 2348 2645 homo,
2373 2579 2554 2634 anima
2596 2579 2802 2634 scilicet
2837 2577 3116 2634 rationalis
3157 2585 3212 2632 et
3237 2591 3384 2642 caro,
3415 2576 3491 2630 ita

1913 2671 1984 2725 sit
2028 2669 2278 2726 Christus
2320 2685 2427 2724 una
2475 2683 2730 2740 persona,
2755 2669 2990 2724 Verbum
3028 2678 3083 2723 et
3128 2668 3310 2722 homo.
3339 2665 3492 2722 Unde

1913 2770 2121 2817 natura:
2159 2763 2408 2817 humanae
2441 2769 2589 2816 tanta
2619 2761 2807 2832 gloria,
2855 2759 3017 2816 nullis
3057 2757 3491 2830 praecedentibus

1913 2854 2122 2910 meritis
2150 2853 2267 2909 sine
2311 2852 2646 2908 dubitatione
2673 2851 2928 2924 gratuita,
2961 2851 3064 2907 nisi
3115 2850 3242 2921 quia
3289 2865 3485 2920 magna

1911 2947 2002 3002 hic
2029 2955 2084 3001 et
2112 2946 2227 3002 sola
2257 2945 2352 3002 Dei
2383 2946 2558 3018 gratia
2594 2945 2825 3001 ﬁdeliter
2846 2953 2900 2999 et
2927 2945 3107 3000 sobrie
3141 2942 3492 3000 consideran-

1916 3038 2060 3094 tibus
2081 3039 2365 3094 evidenter
2394 3039 2716 3104 ostenditur,
2741 3045 2800 3093 ut
2815 3037 3375 3111 intelliganthomines
3397 3050 3493 3108 per

1913 3131 2160 3186 eamdem
2183 3130 2415 3201 gratiam
2454 3144 2512 3186 se
2547 3129 2836 3202 iustiﬁcari
2858 3145 2891 3185 a
2910 3129 3171 3200 peccatis,
3198 3142 3295 3199 per
3328 3142 3490 3198 quam

1913 3221 2117 3278 factum
2146 3233 2230 3278 est
2271 3231 2332 3278 ut
2358 3223 2521 3278 homo
2555 3219 2803 3278 Christus
2848 3221 3052 3277 nullunv
3081 3229 3266 3292 posset
3294 3219 3495 3276 habere

1911 3322 2215 3385 peccatum.
2255 3312 2346 3370 Sic
2397 3323 2453 3370 et
2503 3314 2621 3384 ejus
2666 3323 2898 3371 matrem
2944 3315 3170 3385 angelus
3219 3312 3492 3378 salutavit,

1912 3404 2130 3475 quando
2153 3405 2203 3460 ei
2229 3403 2471 3462 futurum
2502 3406 2772 3461 nuntiavit
2797 3406 2942 3462 hunc
2961 3415 3177 3477 partum
3209 3420 3224 3459 :
3254 3405 3383 3473 Ave,
3411 3405 3492 3460 in-

1912 3497 2048 3567 quit,
2071 3499 2246 3568 gratia
2274 3497 2446 3569 plena.
2476 3499 2545 3555 Et
2572 3499 2729 3570 paulo
2758 3509 2906 3570 post:
2932 3498 3205 3562 Invenisti,
3227 3499 3320 3562 ait,
3360 3514 3486 3568 gra-

1911 3588 2039 3641 tiam
2069 3588 2210 3658 apud
2239 3588 2407 3644 Deum
2453 3588 2604 3659 (Luc.
2655 3605 2696 3656 ι,
2726 3588 2817 3656 28,
2848 3588 2960 3661 50).
2996 3589 3064 3643 Et
3103 3590 3231 3646 haec.
3273 3587 3488 3657 quidem

1911 3680 2086 3750 gratia
2116 3680 2294 3750 plena,
2343 3689 2398 3735 et
2429 3680 2700 3736 invenisse
2724 3681 2864 3750 apud
2889 3680 3059 3736 Deum
3095 3679 3324 3750 gratiam
3350 3677 3489 3733 dici-

1910 3777 2016 3836 tur,
2047 3778 2106 3824 ut
2137 3769 2350 3825 Domini
2378 3771 2480 3837 sui,
2522 3771 2632 3826 imo
2675 3769 2890 3826 Domini
2933 3769 3175 3824 omnium
3211 3776 3384 3824 mater
3409 3782 3490 3823 es-

1909 3868 2012 3914 set.
2039 3861 2116 3914 De
2142 3861 2259 3930 ipso
2282 3869 2464 3916 autem
2493 3860 2712 3917 Christo
2737 3859 2974 3916 Joannes
3003 3852 3332 3931 evangelista
3365 3875 3491 3916 cum

1911 3953 2179 4010 dixisset:
2212 3953 2281 4008 Et
2310 3953 2538 4009 Verbum
2565 3971 2689 4009 caro
2712 3954 2912 4024 factum
2947 3964 3022 4008 est
3057 3963 3106 4008 et
3153 3953 3404 4007 habitavit
3438 3953 3492 4006 in

1911 4044 2101 4112 nobis;
2148 4055 2195 4100 et
2231 4045 2496 4113 uidimus,
2545 4047 2756 4117 inquit,
2811 4046 3032 4117 gloriam
3085 4046 3219 4117 ejus,
3267 4045 3490 4116 gloriam

1909 4136 2062 4205 quasi
2106 4138 2361 4207 unigeniti
2401 4155 2432 4192 a
2464 4136 2648 4205 Patre,
2691 4137 2899 4208 plenum
2951 4139 3137 4208 gratiae
3173 4147 3220 4192 et
3259 4137 3490 4192 veritatis

1911 4224 2093 4296 (Joan.
2127 4243 2166 4294 ι,
2189 4228 2278 4293 14,
2318 4227 2428 4300 15).
2462 4228 2614 4296 Quod
2645 4229 2722 4282 ait
2756 4227 2982 4283 Verbum
3019 4246 3142 4284 caro
3165 4229 3363 4299 factum
3393 4239 3489 4295 est,

1911 4320 2014 4376 hoc
2047 4327 2131 4376 est
2159 4319 2382 4389 plenum
2411 4319 2617 4392 gratiae,
2650 4321 2796 4390 quod
2838 4320 2915 4374 ait
2939 4319 3162 4391 gloriam
3183 4321 3436 4390 unigeniti
3461 4337 3494 4373 a

1911 4407 2095 4475 Patre,
2131 4409 2234 4464 hoc
2262 4419 2347 4464 est
2373 4409 2583 4478 plenum
2612 4409 2862 4463 veritatis.
2889 4405 3102 4464 Veritas
3128 4409 3326 4478 quippe
3351 4408 3489 4478 ipsa,

1912 4500 2222 4571 unigenitus
2247 4499 2343 4554 Dei
2369 4498 2559 4565 Filius,
2597 4513 2703 4554 non
2729 4498 2925 4567 gratia,
2951 4497 3045 4552 sed
3075 4505 3293 4564 natura,
3321 4497 3492 4568 gratia

1914 4591 2151 4662 suscepit
2181 4590 2454 4645 hominem
2503 4598 2654 4644 tanta
2703 4590 2912 4644 unitate
2950 4603 3218 4660 personae,
3244 4597 3303 4643 ut
3347 4589 3489 4643 idem

1915 4683 2029 4753 ipse
2076 4690 2222 4738 esset
2256 4682 2419 4737 etiam
2451 4681 2690 4738 hominis
2730 4679 2917 4754 ﬁlius.]

1983 4773 2022 4842 1-
2050 4772 2126 4827 De
2163 4773 2265 4827 hac
2305 4770 2574 4841 Propheta
2608 4771 2845 4840 loquitur
2879 4771 2945 4826 ad
2985 4772 3188 4828 Deum:
3225 4772 3492 4836 Quoniam

1911 4862 2204 4934 preuenisti
2235 4877 2352 4916 eum
2394 4861 2451 4915 in
2491 4850 2929 4916 benedictionibus
2977 4861 3267 4916 dulcedinis
3305 4858 3490 4932 (Psal.

1914 4971 2006 5022 xx,
2029 4953 2106 5023 4).
2137 4953 2418 5020 Quomodo
2447 4953 2590 5009 enim
2620 4963 2924 5023 praeventus
2951 4962 3036 5009 est
3066 4953 3120 5008 in
3157 4953 3492 5008 benedictio-

1913 5045 2073 5100 nibus
2097 5043 2430 5109 dulcedinis,
2469 5043 2572 5100 nisi
2599 5044 2725 5113 quia
2759 5045 2872 5099 sola
2913 5042 3010 5098 Dei
3052 5042 3280 5113 gratuita
3321 5041 3492 5112 gratia

1913 5138 2117 5194 factum
2141 5146 2226 5193 est
2249 5145 2307 5191 ut
2327 5150 2503 5207 neque
2532 5137 2807 5192 nascendo
2827 5136 3063 5190 traheret
3087 5134 3296 5199 vitium,
3320 5148 3493 5201 neque

1912 5228 2142 5284 vivendo
2171 5227 2553 5284 committeret.
2603 5227 2768 5282 Beata
2809 5224 3073 5295 siquidem
3120 5223 3213 5278 Dei
3262 5222 3491 5294 genitrix

1912 5335 2124 5391 semper
2145 5321 2469 5392 virgo,'cum
2492 5317 2878 5376 consuetudine
2900 5315 3190 5386 generandi
3216 5323 3377 5384 atque
3398 5329 3493 5368 na-

1911 5416 2096 5473 scendi
2120 5423 2376 5488 generata
2405 5423 2461 5470 et
2490 5421 2638 5478 nata,
2680 5410 2909 5465 traxerit
2941 5426 3006 5466 ex
3036 5408 3350 5480 parentibus
3375 5407 3488 5463 ori-

1912 5508 2088 5581 ginale
2134 5517 2448 5579 peccatum,
2485 5503 2754 5574 quomodo
2797 5502 2998 5573 absque
3037 5503 3225 5558 eodem
3269 5499 3491 5554 traduce

1912 5615 2172 5674 generare
2201 5600 2368 5655 ﬁlium
2399 5595 2684 5668 potuisset,
2715 5594 2820 5650 nisi
2845 5595 2950 5650 hoc
2972 5594 3024 5650 in
3057 5607 3123 5650 eo
3146 5590 3491 5662 singulariter

1912 5692 2007 5747 Dei
2045 5691 2217 5762 gratia
2241 5690 2293 5744 in
2334 5689 2450 5758 ipso
2475 5684 2843 5756 conceptionis
2887 5681 3114 5741 articulo
3159 5682 3392 5746 iaceret,
3433 5688 3490 5733 ut

1911 5793 2042 5840 esset
2067 5784 2208 5840 solus
2237 5783 2371 5836 inter
2398 5788 2630 5833 mortuos
2651 5777 2820 5832 liber?
2844 5775 3016 5849 (Psal.
3042 5789 3282 5841 Lxxxvn,
3306 5773 3385 5845 6.)
3411 5771 3490 5827 Ac

1911 5895 2009 5950 per
2045 5880 2148 5934 hoc
2188 5885 2348 5931 natus
2385 5874 2586 5943 absque
2614 5873 2999 5944 propagatione
3029 5871 3248 5928 humani
3293 5885 3487 5926 concu-
