  <div class='ocr_page' id='page_1' title='image "/cluster/home/n/w/nwhite01/storage/ocr_20150623/115/hvd.32044015466873/550.png"; bbox 0 0 2032 3173; ppageno 0'>
   <div class='ocr_carea' id='block_1_1' title="bbox 109 212 181 242">
    <p class='ocr_par' dir='ltr' id='par_1_1' title="bbox 109 212 181 242">
     <span class='ocr_line' id='line_1_1' title="bbox 109 212 181 242; baseline 0 0"><span class='ocrx_word' id='word_1_1' title='bbox 109 212 181 242; x_wconf 76' lang='lat' dir='ltr'><strong>i093</strong></span> 
     </span>
    </p>
   </div>
   <div class='ocr_carea' id='block_1_2' title="bbox 537 207 1304 239">
    <p class='ocr_par' dir='ltr' id='par_1_2' title="bbox 537 207 1304 239">
     <span class='ocr_line' id='line_1_2' title="bbox 537 207 1304 239; baseline -0.005 0"><span class='ocrx_word' id='word_1_2' title='bbox 537 213 579 239; x_wconf 86' lang='lat' dir='ltr'><strong>DE</strong></span> <span class='ocrx_word' id='word_1_3' title='bbox 597 207 931 238; x_wconf 64' lang='lat' dir='ltr'><strong>PliA‘lDESTlNA&#39;l‘lONE</strong></span> <span class='ocrx_word' id='word_1_4' title='bbox 948 208 1088 238; x_wconf 77' lang='lat' dir='ltr'><strong>CONTRA</strong></span> <span class='ocrx_word' id='word_1_5' title='bbox 1106 207 1132 235; x_wconf 75' lang='lat' dir='ltr'><strong>J.</strong></span> <span class='ocrx_word' id='word_1_6' title='bbox 1153 207 1304 236; x_wconf 69' lang='grc' dir='ltr'><strong>500⁷1Ίέλί-</strong></span> 
     </span>
    </p>
   </div>
   <div class='ocr_carea' id='block_1_3' title="bbox 1655 199 1734 233">
    <p class='ocr_par' dir='ltr' id='par_1_3' title="bbox 1655 199 1734 233">
     <span class='ocr_line' id='line_1_3' title="bbox 1655 199 1734 233; baseline -0.013 0"><span class='ocrx_word' id='word_1_7' title='bbox 1655 199 1734 233; x_wconf 71' lang='lat' dir='ltr'><strong>&#39;tost</strong></span> 
     </span>
    </p>
   </div>
   <div class='ocr_carea' id='block_1_4' title="bbox 106 261 1735 301">
    <p class='ocr_par' dir='ltr' id='par_1_4' title="bbox 106 261 1735 301">
     <span class='ocr_line' id='line_1_4' title="bbox 106 261 1735 301; baseline -0.006 -4"><span class='ocrx_word' id='word_1_8' title='bbox 106 274 240 297; x_wconf 85' lang='lat' dir='ltr'><strong>cedentis.</strong></span> <span class='ocrx_word' id='word_1_9' title='bbox 256 263 331 301; x_wconf 79' lang='lat' dir='ltr'><strong>Quod</strong></span> <span class='ocrx_word' id='word_1_10' title='bbox 345 268 412 296; x_wconf 83' lang='lat' dir='ltr'><strong>bene</strong></span> <span class='ocrx_word' id='word_1_11' title='bbox 428 269 454 295; x_wconf 91' lang='lat' dir='ltr'><strong>in</strong></span> <span class='ocrx_word' id='word_1_12' title='bbox 467 268 618 295; x_wconf 88' lang='lat' dir='ltr'><strong>intidelibus</strong></span> <span class='ocrx_word' id='word_1_13' title='bbox 631 272 658 294; x_wconf 90' lang='lat' dir='ltr'><strong>et</strong></span> <span class='ocrx_word' id='word_1_14' title='bbox 674 266 783 294; x_wconf 88' lang='lat' dir='ltr'><strong>lubricis</strong></span> <span class='ocrx_word' id='word_1_15' title='bbox 794 265 892 293; x_wconf 79' lang='lat' dir='ltr'><strong>Paulus</strong></span> <span class='ocrx_word' id='word_1_16' title='bbox 906 268 931 297; x_wconf 81' lang='grc' dir='ltr'>Α</span> <span class='ocrx_word' id='word_1_17' title='bbox 942 267 991 294; x_wconf 80' lang='lat' dir='ltr'><strong>sed</strong></span> <span class='ocrx_word' id='word_1_18' title='bbox 1020 269 1191 300; x_wconf 78' lang='lat' dir='ltr'><strong>exspectatur</strong></span> <span class='ocrx_word' id='word_1_19' title='bbox 1217 264 1304 292; x_wconf 76' lang='lat' dir='ltr'><strong>adhuc</strong></span> <span class='ocrx_word' id='word_1_20' title='bbox 1317 284 1324 295; x_wconf 87' lang='lat'><strong>,</strong></span> <span class='ocrx_word' id='word_1_21' title='bbox 1351 267 1378 291; x_wconf 90' lang='lat' dir='ltr'><strong>ut</strong></span> <span class='ocrx_word' id='word_1_22' title='bbox 1404 265 1577 297; x_wconf 75' lang='lat' dir='ltr'><strong>augmentum</strong></span> <span class='ocrx_word' id='word_1_23' title='bbox 1608 261 1735 295; x_wconf 84' lang='lat' dir='ltr'><strong>supplicii</strong></span> 
     </span>
    </p>
   </div>
   <div class='ocr_carea' id='block_1_5' title="bbox 107 310 895 350">
    <p class='ocr_par' dir='ltr' id='par_1_5' title="bbox 107 310 895 350">
     <span class='ocr_line' id='line_1_5' title="bbox 107 310 895 350; baseline -0.006 -9"><span class='ocrx_word' id='word_1_24' title='bbox 107 315 187 350; x_wconf 86' lang='lat' dir='ltr'><strong>quasi</strong></span> <span class='ocrx_word' id='word_1_25' title='bbox 202 313 336 349; x_wconf 78' lang='lat' dir='ltr'><strong>quoddam</strong></span> <span class='ocrx_word' id='word_1_26' title='bbox 359 320 450 340; x_wconf 87' lang='lat' dir='ltr'><strong>semen</strong></span> <span class='ocrx_word' id='word_1_27' title='bbox 465 313 565 340; x_wconf 81' lang='lat' dir='ltr'><strong>erroris</strong></span> <span class='ocrx_word' id='word_1_28' title='bbox 579 316 720 347; x_wconf 81' lang='lat' dir='ltr'><strong>aspexerat</strong></span> <span class='ocrx_word' id='word_1_29' title='bbox 739 318 800 338; x_wconf 90' lang='lat' dir='ltr'><strong>cum</strong></span> <span class='ocrx_word' id='word_1_30' title='bbox 822 310 895 336; x_wconf 84' lang='lat' dir='ltr'><strong>dice-</strong></span> 
     </span>
    </p>
   </div>
   <div class='ocr_carea' id='block_1_6' title="bbox 106 356 896 393">
    <p class='ocr_par' dir='ltr' id='par_1_6' title="bbox 106 356 896 393">
     <span class='ocr_line' id='line_1_6' title="bbox 106 356 896 393; baseline -0.006 -6"><span class='ocrx_word' id='word_1_31' title='bbox 106 361 155 388; x_wconf 85' lang='lat' dir='ltr'><strong>bat</strong></span> <span class='ocrx_word' id='word_1_32' title='bbox 171 370 176 386; x_wconf 89' lang='lat'>:</span> <span class='ocrx_word' id='word_1_33' title='bbox 194 359 245 392; x_wconf 83' lang='lat' dir='ltr'><strong>Qui</strong></span> <span class='ocrx_word' id='word_1_34' title='bbox 267 367 325 385; x_wconf 85' lang='lat' dir='ltr'><strong>cum</strong></span> <span class='ocrx_word' id='word_1_35' title='bbox 346 359 523 393; x_wconf 71' lang='lat' dir='ltr'><strong>cognovissent</strong></span> <span class='ocrx_word' id='word_1_36' title='bbox 544 358 637 390; x_wconf 83' lang='lat' dir='ltr'><strong>Deum,</strong></span> <span class='ocrx_word' id='word_1_37' title='bbox 663 366 714 384; x_wconf 85' lang='lat' dir='ltr'><strong>non</strong></span> <span class='ocrx_word' id='word_1_38' title='bbox 732 357 798 383; x_wconf 82' lang='lat' dir='ltr'><strong>sicut</strong></span> <span class='ocrx_word' id='word_1_39' title='bbox 815 356 896 382; x_wconf 84' lang='lat' dir='ltr'><strong>Deum</strong></span> 
     </span>
    </p>
   </div>
   <div class='ocr_carea' id='block_1_7' title="bbox 107 403 897 441">
    <p class='ocr_par' dir='ltr' id='par_1_7' title="bbox 107 403 897 441">
     <span class='ocr_line' id='line_1_7' title="bbox 107 403 897 441; baseline -0.006 -10"><span class='ocrx_word' id='word_1_40' title='bbox 107 405 330 441; x_wconf 78' lang='lat' dir='ltr'><strong>gloriﬁcaverunt,</strong></span> <span class='ocrx_word' id='word_1_41' title='bbox 346 410 389 430; x_wconf 86' lang='lat' dir='ltr'><strong>aut</strong></span> <span class='ocrx_word' id='word_1_42' title='bbox 405 404 504 439; x_wconf 83' lang='lat' dir='ltr'><strong>gratias</strong></span> <span class='ocrx_word' id='word_1_43' title='bbox 526 408 643 439; x_wconf 82' lang='lat' dir='ltr'><strong>egerunt,</strong></span> <span class='ocrx_word' id='word_1_44' title='bbox 668 403 712 430; x_wconf 82' lang='lat' dir='ltr'><strong>sed</strong></span> <span class='ocrx_word' id='word_1_45' title='bbox 736 405 897 430; x_wconf 70' lang='lat' dir='ltr'><strong>evanuerunt</strong></span> 
     </span>
    </p>
   </div>
   <div class='ocr_carea' id='block_1_8' title="bbox 108 447 899 487">
    <p class='ocr_par' dir='ltr' id='par_1_8' title="bbox 108 447 899 487">
     <span class='ocr_line' id='line_1_8' title="bbox 108 447 899 487; baseline -0.005 -10"><span class='ocrx_word' id='word_1_46' title='bbox 108 451 137 478; x_wconf 86' lang='lat' dir='ltr'><strong>in</strong></span> <span class='ocrx_word' id='word_1_47' title='bbox 150 450 350 487; x_wconf 83' lang='lat' dir='ltr'><strong>cogitationibus</strong></span> <span class='ocrx_word' id='word_1_48' title='bbox 365 451 419 477; x_wconf 82' lang='lat' dir='ltr'><strong>suis</strong></span> <span class='ocrx_word' id='word_1_49' title='bbox 436 450 524 486; x_wconf 82' lang='lat' dir='ltr'><strong>(Rom.</strong></span> <span class='ocrx_word' id='word_1_50' title='bbox 539 458 557 482; x_wconf 79' lang='grc' dir='ltr'><strong>ι,</strong></span> <span class='ocrx_word' id='word_1_51' title='bbox 569 450 615 485; x_wconf 70' lang='grc'><strong>21)</strong></span> <span class='ocrx_word' id='word_1_52' title='bbox 627 458 635 483; x_wconf 78' lang='lat'><strong>&#39;,</strong></span> <span class='ocrx_word' id='word_1_53' title='bbox 648 449 698 477; x_wconf 81' lang='lat' dir='ltr'><strong>sed</strong></span> <span class='ocrx_word' id='word_1_54' title='bbox 712 449 782 484; x_wconf 90' lang='lat' dir='ltr'><strong>quod</strong></span> <span class='ocrx_word' id='word_1_55' title='bbox 797 456 829 475; x_wconf 82' lang='lat' dir='ltr'><strong>ex</strong></span> <span class='ocrx_word' id='word_1_56' title='bbox 841 447 899 481; x_wconf 81' lang='lat' dir='ltr'><strong>ejus</strong></span> 
     </span>
    </p>
   </div>
   <div class='ocr_carea' id='block_1_9' title="bbox 109 494 897 531">
    <p class='ocr_par' dir='ltr' id='par_1_9' title="bbox 109 494 897 531">
     <span class='ocr_line' id='line_1_9' title="bbox 109 494 897 531; baseline -0.006 -6"><span class='ocrx_word' id='word_1_57' title='bbox 109 498 214 525; x_wconf 84' lang='lat' dir='ltr'><strong>erroris</strong></span> <span class='ocrx_word' id='word_1_58' title='bbox 237 496 339 524; x_wconf 83' lang='lat' dir='ltr'><strong>semine</strong></span> <span class='ocrx_word' id='word_1_59' title='bbox 362 497 501 531; x_wconf 83' lang='lat' dir='ltr'><strong>pullulavit</strong></span> <span class='ocrx_word' id='word_1_60' title='bbox 524 497 594 524; x_wconf 87' lang='lat' dir='ltr'><strong>illico</strong></span> <span class='ocrx_word' id='word_1_61' title='bbox 613 495 743 530; x_wconf 73' lang='lat' dir='ltr'><strong>adiunxit,</strong></span> <span class='ocrx_word' id='word_1_62' title='bbox 769 494 862 521; x_wconf 87' lang='lat' dir='ltr'><strong>dicens</strong></span> <span class='ocrx_word' id='word_1_63' title='bbox 889 501 897 520; x_wconf 84' lang='lat'><strong><em>:</em></strong></span> 
     </span>
    </p>
   </div>
   <div class='ocr_carea' id='block_1_10' title="bbox 110 538 899 578">
    <p class='ocr_par' dir='ltr' id='par_1_10' title="bbox 110 538 899 578">
     <span class='ocr_line' id='line_1_10' title="bbox 110 538 899 578; baseline -0.008 -8"><span class='ocrx_word' id='word_1_64' title='bbox 110 544 224 578; x_wconf 79' lang='lat' dir='ltr'><strong>Propter</strong></span> <span class='ocrx_word' id='word_1_65' title='bbox 238 542 307 578; x_wconf 84' lang='lat' dir='ltr'><strong>quod</strong></span> <span class='ocrx_word' id='word_1_66' title='bbox 331 543 440 569; x_wconf 80' lang='lat' dir='ltr'><strong>tradidit</strong></span> <span class='ocrx_word' id='word_1_67' title='bbox 457 542 516 569; x_wconf 86' lang='lat' dir='ltr'><strong>illos</strong></span> <span class='ocrx_word' id='word_1_68' title='bbox 531 542 602 569; x_wconf 83' lang='lat' dir='ltr'><strong>Deus</strong></span> <span class='ocrx_word' id='word_1_69' title='bbox 620 542 648 568; x_wconf 82' lang='lat' dir='ltr'><strong>in</strong></span> <span class='ocrx_word' id='word_1_70' title='bbox 669 540 797 568; x_wconf 81' lang='lat' dir='ltr'><strong>desideria</strong></span> <span class='ocrx_word' id='word_1_71' title='bbox 813 538 899 565; x_wconf 78' lang='lat' dir='ltr'><strong>cordis</strong></span> 
     </span>
    </p>
   </div>
   <div class='ocr_carea' id='block_1_11' title="bbox 110 585 900 623">
    <p class='ocr_par' dir='ltr' id='par_1_11' title="bbox 110 585 900 623">
     <span class='ocr_line' id='line_1_11' title="bbox 110 585 900 623; baseline -0.009 -5"><span class='ocrx_word' id='word_1_72' title='bbox 110 599 219 623; x_wconf 83' lang='lat' dir='ltr'><strong>eorum;</strong></span> <span class='ocrx_word' id='word_1_73' title='bbox 245 591 273 617; x_wconf 88' lang='lat' dir='ltr'><strong>in</strong></span> <span class='ocrx_word' id='word_1_74' title='bbox 299 590 508 622; x_wconf 79' lang='lat' dir='ltr'><strong>immunditiam,</strong></span> <span class='ocrx_word' id='word_1_75' title='bbox 540 594 567 616; x_wconf 84' lang='lat' dir='ltr'><strong>ut</strong></span> <span class='ocrx_word' id='word_1_76' title='bbox 590 587 759 615; x_wconf 66' lang='lat' dir='ltr'><strong>‘contumeliis</strong></span> <span class='ocrx_word' id='word_1_77' title='bbox 787 585 900 621; x_wconf 69' lang='lat' dir='ltr'><strong>afﬁciant</strong></span> 
     </span>
    </p>
   </div>
   <div class='ocr_carea' id='block_1_12' title="bbox 111 631 899 676">
    <p class='ocr_par' dir='ltr' id='par_1_12' title="bbox 111 631 899 676">
     <span class='ocr_line' id='line_1_12' title="bbox 111 631 899 676; baseline -0.011 -10"><span class='ocrx_word' id='word_1_78' title='bbox 111 648 223 676; x_wconf 83' lang='lat' dir='ltr'><strong>corpora</strong></span> <span class='ocrx_word' id='word_1_79' title='bbox 247 645 295 664; x_wconf 79' lang='lat' dir='ltr'><strong>suo</strong></span> <span class='ocrx_word' id='word_1_80' title='bbox 324 638 352 664; x_wconf 88' lang='lat' dir='ltr'><strong>in</strong></span> <span class='ocrx_word' id='word_1_81' title='bbox 369 636 511 671; x_wconf 77' lang='lat' dir='ltr'><strong>semetipsis</strong></span> <span class='ocrx_word' id='word_1_82' title='bbox 535 634 628 670; x_wconf 62' lang='grc' dir='ltr'><strong>(υἱώ,</strong></span> <span class='ocrx_word' id='word_1_83' title='bbox 647 634 703 668; x_wconf 67' lang='grc'><strong>24).</strong></span> <span class='ocrx_word' id='word_1_84' title='bbox 724 632 790 665; x_wconf 85' lang='lat' dir='ltr'><strong>Quia</strong></span> <span class='ocrx_word' id='word_1_85' title='bbox 815 631 899 662; x_wconf 87' lang='lat' dir='ltr'><strong>enim,</strong></span> 
     </span>
    </p>
   </div>
   <div class='ocr_carea' id='block_1_13' title="bbox 112 677 900 724">
    <p class='ocr_par' dir='ltr' id='par_1_13' title="bbox 112 677 900 724">
     <span class='ocr_line' id='line_1_13' title="bbox 112 677 900 724; baseline -0.016 -8"><span class='ocrx_word' id='word_1_86' title='bbox 112 691 309 724; x_wconf 77' lang='lat' dir='ltr'><strong>cognoscentes</strong></span> <span class='ocrx_word' id='word_1_87' title='bbox 321 685 417 716; x_wconf 86' lang='lat' dir='ltr'><strong>Deum,</strong></span> <span class='ocrx_word' id='word_1_88' title='bbox 431 686 569 718; x_wconf 84' lang='lat' dir='ltr'><strong>peccatum</strong></span> <span class='ocrx_word' id='word_1_89' title='bbox 585 680 717 715; x_wconf 82' lang='lat' dir='ltr'><strong>superbiae</strong></span> <span class='ocrx_word' id='word_1_90' title='bbox 728 677 900 713; x_wconf 82' lang='lat' dir='ltr'><strong>intelligendo</strong></span> 
     </span>
    </p>
   </div>
   <div class='ocr_carea' id='block_1_14' title="bbox 112 721 901 764">
    <p class='ocr_par' dir='ltr' id='par_1_14' title="bbox 112 721 901 764">
     <span class='ocr_line' id='line_1_14' title="bbox 112 721 901 764; baseline -0.018 -2"><span class='ocrx_word' id='word_1_91' title='bbox 112 721 318 764; x_wconf 77' lang='lat' dir='ltr'><strong>commiserunt,</strong></span> <span class='ocrx_word' id='word_1_92' title='bbox 332 734 470 757; x_wconf 62' lang='lat' dir='ltr'><strong>caecantur</strong></span> <span class='ocrx_word' id='word_1_93' title='bbox 486 727 578 758; x_wconf 89' lang='lat' dir='ltr'><strong>etiam,</strong></span> <span class='ocrx_word' id='word_1_94' title='bbox 603 734 638 753; x_wconf 89' lang='lat' dir='ltr'><strong>ne</strong></span> <span class='ocrx_word' id='word_1_95' title='bbox 663 725 815 760; x_wconf 85' lang='lat' dir='ltr'><strong>intelligant</strong></span> <span class='ocrx_word' id='word_1_96' title='bbox 836 721 901 757; x_wconf 90' lang='lat' dir='ltr'><strong>quid</strong></span> 
     </span>
    </p>
   </div>
   <div class='ocr_carea' id='block_1_15' title="bbox 112 767 902 810">
    <p class='ocr_par' dir='ltr' id='par_1_15' title="bbox 112 767 902 810">
     <span class='ocr_line' id='line_1_15' title="bbox 112 767 902 810; baseline -0.016 -4"><span class='ocrx_word' id='word_1_97' title='bbox 112 778 297 807; x_wconf 87' lang='lat' dir='ltr'><strong>committunt.</strong></span> <span class='ocrx_word' id='word_1_98' title='bbox 312 776 345 803; x_wconf 85' lang='lat' dir='ltr'><strong>Et</strong></span> <span class='ocrx_word' id='word_1_99' title='bbox 356 775 402 810; x_wconf 87' lang='lat' dir='ltr'><strong>qui</strong></span> <span class='ocrx_word' id='word_1_100' title='bbox 414 772 617 808; x_wconf 81' lang='lat' dir='ltr'><strong>intelligentiam</strong></span> <span class='ocrx_word' id='word_1_101' title='bbox 629 778 704 799; x_wconf 85' lang='lat' dir='ltr'><strong>suam</strong></span> <span class='ocrx_word' id='word_1_102' title='bbox 719 769 796 804; x_wconf 83' lang='lat' dir='ltr'><strong>sequi</strong></span> <span class='ocrx_word' id='word_1_103' title='bbox 809 767 902 795; x_wconf 87' lang='lat' dir='ltr'><strong>nolunt</strong></span> 
     </span>
    </p>
   </div>
   <div class='ocr_carea' id='block_1_16' title="bbox 113 812 902 858">
    <p class='ocr_par' dir='ltr' id='par_1_16' title="bbox 113 812 902 858">
     <span class='ocr_line' id='line_1_16' title="bbox 113 812 902 858; baseline -0.016 -7"><span class='ocrx_word' id='word_1_104' title='bbox 113 825 140 851; x_wconf 88' lang='lat' dir='ltr'><strong>in</strong></span> <span class='ocrx_word' id='word_1_105' title='bbox 156 827 267 858; x_wconf 89' lang='lat' dir='ltr'><strong>peccato</strong></span> <span class='ocrx_word' id='word_1_106' title='bbox 281 826 308 849; x_wconf 84' lang='lat' dir='ltr'><strong>et</strong></span> <span class='ocrx_word' id='word_1_107' title='bbox 322 826 401 848; x_wconf 79' lang='lat' dir='ltr'><strong>causa</strong></span> <span class='ocrx_word' id='word_1_108' title='bbox 417 818 532 854; x_wconf 89' lang='lat' dir='ltr'><strong>peccati,</strong></span> <span class='ocrx_word' id='word_1_109' title='bbox 545 821 571 844; x_wconf 89' lang='lat' dir='ltr'><strong>et</strong></span> <span class='ocrx_word' id='word_1_110' title='bbox 586 817 672 851; x_wconf 86' lang='lat' dir='ltr'><strong>ipsum</strong></span> <span class='ocrx_word' id='word_1_111' title='bbox 687 815 778 842; x_wconf 87' lang='lat' dir='ltr'><strong>lumen</strong></span> <span class='ocrx_word' id='word_1_112' title='bbox 801 812 902 840; x_wconf 82' lang='lat' dir='ltr'><strong>intelli-</strong></span> 
     </span>
    </p>
   </div>
   <div class='ocr_carea' id='block_1_17' title="bbox 113 858 902 904">
    <p class='ocr_par' dir='ltr' id='par_1_17' title="bbox 113 858 902 904">
     <span class='ocr_line' id='line_1_17' title="bbox 113 858 902 904; baseline -0.015 -8"><span class='ocrx_word' id='word_1_113' title='bbox 113 869 211 904; x_wconf 61' lang='lat' dir='ltr'><strong>gentiic</strong></span> <span class='ocrx_word' id='word_1_114' title='bbox 225 867 341 903; x_wconf 86' lang='lat' dir='ltr'><strong>perdunt</strong></span> <span class='ocrx_word' id='word_1_115' title='bbox 358 866 384 892; x_wconf 92' lang='lat' dir='ltr'><strong>in</strong></span> <span class='ocrx_word' id='word_1_116' title='bbox 399 867 512 899; x_wconf 88' lang='lat' dir='ltr'><strong>peccato</strong></span> <span class='ocrx_word' id='word_1_117' title='bbox 525 867 552 890; x_wconf 91' lang='lat' dir='ltr'><strong>et</strong></span> <span class='ocrx_word' id='word_1_118' title='bbox 574 868 653 896; x_wconf 70' lang='lat' dir='ltr'><strong>paena</strong></span> <span class='ocrx_word' id='word_1_119' title='bbox 671 859 785 895; x_wconf 82' lang='lat' dir='ltr'><strong>peccati.</strong></span> <span class='ocrx_word' id='word_1_120' title='bbox 800 858 902 886; x_wconf 86' lang='lat' dir='ltr'><strong>Prioris</strong></span> 
     </span>
    </p>
   </div>
   <div class='ocr_carea' id='block_1_18' title="bbox 112 903 903 949">
    <p class='ocr_par' dir='ltr' id='par_1_18' title="bbox 112 903 903 949">
     <span class='ocr_line' id='line_1_18' title="bbox 112 903 903 949; baseline -0.016 -7"><span class='ocrx_word' id='word_1_121' title='bbox 112 903 179 949; x_wconf 77' lang='lat' dir='ltr'><strong>ergo</strong></span> <span class='ocrx_word' id='word_1_122' title='bbox 189 912 292 949; x_wconf 86' lang='lat' dir='ltr'><strong>peccati</strong></span> <span class='ocrx_word' id='word_1_123' title='bbox 301 911 396 938; x_wconf 85' lang='lat' dir='ltr'><strong>merito</strong></span> <span class='ocrx_word' id='word_1_124' title='bbox 408 913 579 944; x_wconf 88' lang='lat' dir='ltr'><strong>peccatorum</strong></span> <span class='ocrx_word' id='word_1_125' title='bbox 595 905 814 940; x_wconf 85' lang='lat' dir='ltr'><strong>subsequentium</strong></span> <span class='ocrx_word' id='word_1_126' title='bbox 826 903 903 930; x_wconf 84' lang='lat' dir='ltr'><strong>fovea</strong></span> 
     </span>
    </p>
   </div>
   <div class='ocr_carea' id='block_1_19' title="bbox 950 305 1737 347">
    <p class='ocr_par' dir='ltr' id='par_1_19' title="bbox 950 305 1737 347">
     <span class='ocr_line' id='line_1_19' title="bbox 950 305 1737 347; baseline -0.008 -9"><span class='ocrx_word' id='word_1_127' title='bbox 950 312 1079 347; x_wconf 83' lang='lat' dir='ltr'><strong>subroget</strong></span> <span class='ocrx_word' id='word_1_128' title='bbox 1104 314 1242 345; x_wconf 87' lang='lat' dir='ltr'><strong>peccatum</strong></span> <span class='ocrx_word' id='word_1_129' title='bbox 1270 313 1297 336; x_wconf 83' lang='lat' dir='ltr'><strong>et</strong></span> <span class='ocrx_word' id='word_1_130' title='bbox 1319 315 1397 343; x_wconf 70' lang='lat' dir='ltr'><strong>pmna</strong></span> <span class='ocrx_word' id='word_1_131' title='bbox 1425 306 1538 342; x_wconf 75' lang='lat' dir='ltr'><strong>peccati.</strong></span> <span class='ocrx_word' id='word_1_132' title='bbox 1574 305 1737 340; x_wconf 79' lang='lat' dir='ltr'><strong>Plerumque</strong></span> 
     </span>
    </p>
   </div>
   <div class='ocr_carea' id='block_1_20' title="bbox 949 356 1736 391">
    <p class='ocr_par' dir='ltr' id='par_1_20' title="bbox 949 356 1736 391">
     <span class='ocr_line' id='line_1_20' title="bbox 949 356 1736 391; baseline -0.009 -6"><span class='ocrx_word' id='word_1_133' title='bbox 949 366 1013 385; x_wconf 82' lang='lat' dir='ltr'><strong>vero</strong></span> <span class='ocrx_word' id='word_1_134' title='bbox 1025 365 1106 384; x_wconf 92' lang='lat' dir='ltr'><strong>unum</strong></span> <span class='ocrx_word' id='word_1_135' title='bbox 1119 357 1243 391; x_wconf 86' lang='lat' dir='ltr'><strong>idemque</strong></span> <span class='ocrx_word' id='word_1_136' title='bbox 1255 360 1406 390; x_wconf 75' lang='lat' dir='ltr'><strong>peccatum,</strong></span> <span class='ocrx_word' id='word_1_137' title='bbox 1417 358 1444 382; x_wconf 88' lang='lat' dir='ltr'><strong>et</strong></span> <span class='ocrx_word' id='word_1_138' title='bbox 1463 357 1602 389; x_wconf 78' lang='lat' dir='ltr'><strong>peccatum</strong></span> <span class='ocrx_word' id='word_1_139' title='bbox 1617 356 1644 379; x_wconf 87' lang='lat' dir='ltr'><strong>et</strong></span> <span class='ocrx_word' id='word_1_140' title='bbox 1655 359 1736 386; x_wconf 65' lang='lat' dir='ltr'><strong>paena</strong></span> 
     </span>
    </p>
   </div>
   <div class='ocr_carea' id='block_1_21' title="bbox 950 398 1738 436">
    <p class='ocr_par' dir='ltr' id='par_1_21' title="bbox 950 398 1738 436">
     <span class='ocr_line' id='line_1_21' title="bbox 950 398 1738 436; baseline -0.009 -6"><span class='ocrx_word' id='word_1_141' title='bbox 950 408 990 430; x_wconf 90' lang='lat' dir='ltr'><strong>est</strong></span> <span class='ocrx_word' id='word_1_142' title='bbox 1000 407 1027 430; x_wconf 88' lang='lat' dir='ltr'><strong>et</strong></span> <span class='ocrx_word' id='word_1_143' title='bbox 1040 410 1121 430; x_wconf 87' lang='lat' dir='ltr'><strong>causa</strong></span> <span class='ocrx_word' id='word_1_144' title='bbox 1134 402 1248 436; x_wconf 76' lang='lat' dir='ltr'><strong>peccati,</strong></span> <span class='ocrx_word' id='word_1_145' title='bbox 1265 400 1335 436; x_wconf 88' lang='lat' dir='ltr'><strong>quod</strong></span> <span class='ocrx_word' id='word_1_146' title='bbox 1347 400 1443 427; x_wconf 90' lang='lat' dir='ltr'><strong>melius</strong></span> <span class='ocrx_word' id='word_1_147' title='bbox 1463 398 1630 431; x_wconf 79' lang='lat' dir='ltr'><strong>ostendimus</strong></span> <span class='ocrx_word' id='word_1_148' title='bbox 1653 398 1675 425; x_wconf 90' lang='lat' dir='ltr'><strong>si</strong></span> <span class='ocrx_word' id='word_1_149' title='bbox 1694 404 1738 424; x_wconf 89' lang='lat' dir='ltr'><strong>res</strong></span> 
     </span>
    </p>
   </div>
   <div class='ocr_carea' id='block_1_22' title="bbox 951 443 1738 483">
    <p class='ocr_par' dir='ltr' id='par_1_22' title="bbox 951 443 1738 483">
     <span class='ocr_line' id='line_1_22' title="bbox 951 443 1738 483; baseline -0.006 -8"><span class='ocrx_word' id='word_1_150' title='bbox 951 449 1022 483; x_wconf 87' lang='lat' dir='ltr'><strong>ipsas</strong></span> <span class='ocrx_word' id='word_1_151' title='bbox 1033 448 1067 475; x_wconf 88' lang='lat' dir='ltr'><strong>ad</strong></span> <span class='ocrx_word' id='word_1_152' title='bbox 1082 448 1199 474; x_wconf 90' lang='lat' dir='ltr'><strong>medium</strong></span> <span class='ocrx_word' id='word_1_153' title='bbox 1211 447 1384 474; x_wconf 81' lang='lat' dir='ltr'><strong>deducamus.</strong></span> <span class='ocrx_word' id='word_1_154' title='bbox 1397 444 1532 474; x_wconf 80' lang='lat' dir='ltr'><strong>Eﬂ&#39;renata</strong></span> <span class='ocrx_word' id='word_1_155' title='bbox 1544 443 1616 470; x_wconf 84' lang='lat' dir='ltr'><strong>enim</strong></span> <span class='ocrx_word' id='word_1_156' title='bbox 1636 443 1738 470; x_wconf 83' lang='lat' dir='ltr'><strong>ventris</strong></span> 
     </span>
    </p>
   </div>
   <div class='ocr_carea' id='block_1_23' title="bbox 951 489 1738 528">
    <p class='ocr_par' dir='ltr' id='par_1_23' title="bbox 951 489 1738 528">
     <span class='ocr_line' id='line_1_23' title="bbox 951 489 1738 528; baseline -0.005 -8"><span class='ocrx_word' id='word_1_157' title='bbox 951 494 1082 528; x_wconf 82' lang='lat' dir='ltr'><strong>ingluvies</strong></span> <span class='ocrx_word' id='word_1_158' title='bbox 1105 494 1132 521; x_wconf 92' lang='lat' dir='ltr'><strong>in</strong></span> <span class='ocrx_word' id='word_1_159' title='bbox 1161 492 1267 520; x_wconf 82' lang='lat' dir='ltr'><strong>fervore</strong></span> <span class='ocrx_word' id='word_1_160' title='bbox 1292 492 1406 519; x_wconf 73' lang='lat' dir='ltr'><strong>luxuriae</strong></span> <span class='ocrx_word' id='word_1_161' title='bbox 1430 491 1624 525; x_wconf 85' lang='lat' dir='ltr'><strong>plenitudinem</strong></span> <span class='ocrx_word' id='word_1_162' title='bbox 1648 489 1738 517; x_wconf 85' lang='lat' dir='ltr'><strong>carnis</strong></span> 
     </span>
    </p>
   </div>
   <div class='ocr_carea' id='block_1_24' title="bbox 951 536 1739 575">
    <p class='ocr_par' dir='ltr' id='par_1_24' title="bbox 951 536 1739 575">
     <span class='ocr_line' id='line_1_24' title="bbox 951 536 1739 575; baseline -0.005 -8"><span class='ocrx_word' id='word_1_163' title='bbox 951 540 1059 575; x_wconf 82' lang='lat' dir='ltr'><strong>instigat</strong></span> <span class='ocrx_word' id='word_1_164' title='bbox 1076 549 1081 566; x_wconf 88' lang='lat'>:</span> <span class='ocrx_word' id='word_1_165' title='bbox 1095 543 1248 574; x_wconf 87' lang='lat' dir='ltr'><strong>perpetrata</strong></span> <span class='ocrx_word' id='word_1_166' title='bbox 1259 542 1348 565; x_wconf 86' lang='lat' dir='ltr'><strong>autem</strong></span> <span class='ocrx_word' id='word_1_167' title='bbox 1361 538 1466 564; x_wconf 84' lang='lat' dir='ltr'><strong>luxuria</strong></span> <span class='ocrx_word' id='word_1_168' title='bbox 1478 545 1549 572; x_wconf 59' lang='lat' dir='ltr'><strong>saepe</strong></span> <span class='ocrx_word' id='word_1_169' title='bbox 1562 540 1609 564; x_wconf 89' lang='lat' dir='ltr'><strong>aut</strong></span> <span class='ocrx_word' id='word_1_170' title='bbox 1621 536 1739 572; x_wconf 69' lang='lat' dir='ltr'><strong>periurio</strong></span> 
     </span>
    </p>
   </div>
   <div class='ocr_carea' id='block_1_25' title="bbox 951 581 1740 619">
    <p class='ocr_par' dir='ltr' id='par_1_25' title="bbox 951 581 1740 619">
     <span class='ocr_line' id='line_1_25' title="bbox 951 581 1740 619; baseline -0.005 -7"><span class='ocrx_word' id='word_1_171' title='bbox 951 590 997 612; x_wconf 89' lang='lat' dir='ltr'><strong>aut</strong></span> <span class='ocrx_word' id='word_1_172' title='bbox 1010 584 1154 612; x_wconf 87' lang='lat' dir='ltr'><strong>homicidio</strong></span> <span class='ocrx_word' id='word_1_173' title='bbox 1170 585 1278 619; x_wconf 84' lang='lat' dir='ltr'><strong>tegitur,</strong></span> <span class='ocrx_word' id='word_1_174' title='bbox 1293 591 1326 611; x_wconf 87' lang='lat' dir='ltr'><strong>ne</strong></span> <span class='ocrx_word' id='word_1_175' title='bbox 1343 583 1523 612; x_wconf 87' lang='lat' dir='ltr'><strong>humanarum</strong></span> <span class='ocrx_word' id='word_1_176' title='bbox 1538 582 1626 616; x_wconf 75' lang='lat' dir='ltr'><strong>legum</strong></span> <span class='ocrx_word' id='word_1_177' title='bbox 1638 581 1740 608; x_wconf 91' lang='lat' dir='ltr'><strong>ultione</strong></span> 
     </span>
    </p>
   </div>
   <div class='ocr_carea' id='block_1_26' title="bbox 951 628 1738 666">
    <p class='ocr_par' dir='ltr' id='par_1_26' title="bbox 951 628 1738 666">
     <span class='ocr_line' id='line_1_26' title="bbox 951 628 1738 666; baseline -0.004 -8"><span class='ocrx_word' id='word_1_178' title='bbox 951 633 1087 666; x_wconf 81' lang='lat' dir='ltr'><strong>puniatur.</strong></span> <span class='ocrx_word' id='word_1_179' title='bbox 1111 631 1247 659; x_wconf 85' lang='lat' dir='ltr'><strong>Ponamus</strong></span> <span class='ocrx_word' id='word_1_180' title='bbox 1268 638 1333 665; x_wconf 82' lang='lat' dir='ltr'><strong>ergo</strong></span> <span class='ocrx_word' id='word_1_181' title='bbox 1353 635 1416 658; x_wconf 89' lang='lat' dir='ltr'><strong>autc</strong></span> <span class='ocrx_word' id='word_1_182' title='bbox 1430 629 1523 660; x_wconf 69' lang='lat' dir='ltr'><strong>oculos</strong></span> <span class='ocrx_word' id='word_1_183' title='bbox 1543 629 1615 664; x_wconf 81' lang='lat' dir='ltr'><strong>quod</strong></span> <span class='ocrx_word' id='word_1_184' title='bbox 1628 628 1738 664; x_wconf 78' lang='lat' dir='ltr'><strong>quidam</strong></span> 
     </span>
    </p>
   </div>
   <div class='ocr_carea' id='block_1_27' title="bbox 951 674 1738 709">
    <p class='ocr_par' dir='ltr' id='par_1_27' title="bbox 951 674 1738 709">
     <span class='ocr_line' id='line_1_27' title="bbox 951 674 1738 709; baseline -0.005 -5"><span class='ocrx_word' id='word_1_185' title='bbox 951 677 1106 704; x_wconf 87' lang='lat' dir='ltr'><strong>voracitatis</strong></span> <span class='ocrx_word' id='word_1_186' title='bbox 1128 677 1178 704; x_wconf 88' lang='lat' dir='ltr'><strong>sibi</strong></span> <span class='ocrx_word' id='word_1_187' title='bbox 1203 676 1279 704; x_wconf 87' lang='lat' dir='ltr'><strong>frena</strong></span> <span class='ocrx_word' id='word_1_188' title='bbox 1307 675 1420 708; x_wconf 75' lang='lat' dir='ltr'><strong>laxavit,</strong></span> <span class='ocrx_word' id='word_1_189' title='bbox 1444 683 1497 709; x_wconf 83' lang='lat' dir='ltr'><strong>qua</strong></span> <span class='ocrx_word' id='word_1_190' title='bbox 1522 674 1669 702; x_wconf 74' lang='lat' dir='ltr'><strong>voracitate</strong></span> <span class='ocrx_word' id='word_1_191' title='bbox 1693 681 1738 701; x_wconf 75' lang='lat' dir='ltr'><strong>su-</strong></span> 
     </span>
    </p>
   </div>
   <div class='ocr_carea' id='block_1_28' title="bbox 951 720 1740 756">
    <p class='ocr_par' dir='ltr' id='par_1_28' title="bbox 951 720 1740 756">
     <span class='ocr_line' id='line_1_28' title="bbox 951 720 1740 756; baseline -0.004 -7"><span class='ocrx_word' id='word_1_192' title='bbox 951 727 1070 756; x_wconf 88' lang='lat' dir='ltr'><strong>peratus,</strong></span> <span class='ocrx_word' id='word_1_193' title='bbox 1091 721 1216 749; x_wconf 85' lang='lat' dir='ltr'><strong>adulterii</strong></span> <span class='ocrx_word' id='word_1_194' title='bbox 1244 721 1348 748; x_wconf 83' lang='lat' dir='ltr'><strong>facinus</strong></span> <span class='ocrx_word' id='word_1_195' title='bbox 1372 720 1526 753; x_wconf 78' lang='lat' dir='ltr'><strong>admiserit;</strong></span> <span class='ocrx_word' id='word_1_196' title='bbox 1555 720 1740 754; x_wconf 80' lang='lat' dir='ltr'><strong>deprehensus</strong></span> 
     </span>
    </p>
   </div>
   <div class='ocr_carea' id='block_1_29' title="bbox 952 765 1741 799">
    <p class='ocr_par' dir='ltr' id='par_1_29' title="bbox 952 765 1741 799">
     <span class='ocr_line' id='line_1_29' title="bbox 952 765 1741 799; baseline -0.004 -5"><span class='ocrx_word' id='word_1_197' title='bbox 952 773 1041 794; x_wconf 88' lang='lat' dir='ltr'><strong>autem</strong></span> <span class='ocrx_word' id='word_1_198' title='bbox 1056 768 1084 795; x_wconf 92' lang='lat' dir='ltr'><strong>in</strong></span> <span class='ocrx_word' id='word_1_199' title='bbox 1100 767 1242 799; x_wconf 85' lang='lat' dir='ltr'><strong>adulterio,</strong></span> <span class='ocrx_word' id='word_1_200' title='bbox 1261 766 1375 794; x_wconf 85' lang='lat' dir='ltr'><strong>latenter</strong></span> <span class='ocrx_word' id='word_1_201' title='bbox 1392 766 1479 794; x_wconf 89' lang='lat' dir='ltr'><strong>virum</strong></span> <span class='ocrx_word' id='word_1_202' title='bbox 1492 765 1631 799; x_wconf 67' lang='lat' dir='ltr'><strong>adulterat,</strong></span> <span class='ocrx_word' id='word_1_203' title='bbox 1650 772 1683 792; x_wconf 93' lang='lat' dir='ltr'><strong>ne</strong></span> <span class='ocrx_word' id='word_1_204' title='bbox 1706 765 1741 792; x_wconf 86' lang='lat' dir='ltr'><strong>ad</strong></span> 
     </span>
    </p>
   </div>
   <div class='ocr_carea' id='block_1_30' title="bbox 950 809 1741 848">
    <p class='ocr_par' dir='ltr' id='par_1_30' title="bbox 950 809 1741 848">
     <span class='ocr_line' id='line_1_30' title="bbox 950 809 1741 848; baseline -0.003 -9"><span class='ocrx_word' id='word_1_205' title='bbox 950 812 1081 848; x_wconf 88' lang='lat' dir='ltr'><strong>judicium</strong></span> <span class='ocrx_word' id='word_1_206' title='bbox 1097 813 1261 844; x_wconf 85' lang='lat' dir='ltr'><strong>traheretur,</strong></span> <span class='ocrx_word' id='word_1_207' title='bbox 1276 811 1386 839; x_wconf 83' lang='lat' dir='ltr'><strong>occidit.</strong></span> <span class='ocrx_word' id='word_1_208' title='bbox 1402 810 1460 839; x_wconf 85' lang='lat' dir='ltr'><strong>Hoc</strong></span> <span class='ocrx_word' id='word_1_209' title='bbox 1477 811 1568 846; x_wconf 85' lang='lat' dir='ltr'><strong>itaque</strong></span> <span class='ocrx_word' id='word_1_210' title='bbox 1578 809 1741 839; x_wconf 77' lang='lat' dir='ltr'><strong>adulterium</strong></span> 
     </span>
    </p>
   </div>
   <div class='ocr_carea' id='block_1_31' title="bbox 953 855 1740 892">
    <p class='ocr_par' dir='ltr' id='par_1_31' title="bbox 953 855 1740 892">
     <span class='ocr_line' id='line_1_31' title="bbox 953 855 1740 892; baseline -0.005 -6"><span class='ocrx_word' id='word_1_211' title='bbox 953 859 1023 885; x_wconf 90' lang='lat' dir='ltr'><strong>inter</strong></span> <span class='ocrx_word' id='word_1_212' title='bbox 1041 859 1216 886; x_wconf 81' lang='lat' dir='ltr'><strong>voracitatem</strong></span> <span class='ocrx_word' id='word_1_213' title='bbox 1238 862 1266 885; x_wconf 89' lang='lat' dir='ltr'><strong>et</strong></span> <span class='ocrx_word' id='word_1_214' title='bbox 1289 857 1462 885; x_wconf 86' lang='lat' dir='ltr'><strong>homicidium</strong></span> <span class='ocrx_word' id='word_1_215' title='bbox 1487 857 1616 892; x_wconf 83' lang='lat' dir='ltr'><strong>positum,</strong></span> <span class='ocrx_word' id='word_1_216' title='bbox 1640 857 1672 883; x_wconf 86' lang='lat' dir='ltr'><strong>de</strong></span> <span class='ocrx_word' id='word_1_217' title='bbox 1694 855 1740 882; x_wconf 90' lang='lat' dir='ltr'><strong>illa</strong></span> 
     </span>
    </p>
   </div>
   <div class='ocr_carea' id='block_1_32' title="bbox 953 897 1743 938">
    <p class='ocr_par' dir='ltr' id='par_1_32' title="bbox 953 897 1743 938">
     <span class='ocr_line' id='line_1_32' title="bbox 953 897 1743 938; baseline -0.005 -7"><span class='ocrx_word' id='word_1_218' title='bbox 953 904 1078 931; x_wconf 87' lang='lat' dir='ltr'><strong>videlicet</strong></span> <span class='ocrx_word' id='word_1_219' title='bbox 1103 911 1229 936; x_wconf 83' lang='lat' dir='ltr'><strong>nascens,</strong></span> <span class='ocrx_word' id='word_1_220' title='bbox 1254 904 1305 931; x_wconf 89' lang='lat' dir='ltr'><strong>hoc</strong></span> <span class='ocrx_word' id='word_1_221' title='bbox 1320 897 1464 938; x_wconf 74' lang='lat' dir='ltr'><strong>generatis,</strong></span> <span class='ocrx_word' id='word_1_222' title='bbox 1487 906 1627 936; x_wconf 82' lang='lat' dir='ltr'><strong>peccatum</strong></span> <span class='ocrx_word' id='word_1_223' title='bbox 1649 904 1691 928; x_wconf 88' lang='lat' dir='ltr'><strong>est</strong></span> <span class='ocrx_word' id='word_1_224' title='bbox 1715 904 1743 927; x_wconf 88' lang='lat' dir='ltr'><strong>et</strong></span> 
     </span>
    </p>
   </div>
   <div class='ocr_carea' id='block_1_33' title="bbox 114 946 1743 995">
    <p class='ocr_par' dir='ltr' id='par_1_33' title="bbox 114 946 1743 995">
     <span class='ocr_line' id='line_1_33' title="bbox 114 946 1743 995; baseline -0.009 -8"><span class='ocrx_word' id='word_1_225' title='bbox 114 946 223 995; x_wconf 66' lang='lat' dir='ltr'><strong>tegitur,</strong></span> <span class='ocrx_word' id='word_1_226' title='bbox 240 964 270 985; x_wconf 88' lang='lat' dir='ltr'><strong>ut</strong></span> <span class='ocrx_word' id='word_1_227' title='bbox 294 957 339 992; x_wconf 88' lang='lat' dir='ltr'><strong>qui</strong></span> <span class='ocrx_word' id='word_1_228' title='bbox 363 955 461 983; x_wconf 83' lang='lat' dir='ltr'><strong>malum</strong></span> <span class='ocrx_word' id='word_1_229' title='bbox 485 954 574 981; x_wconf 89' lang='lat' dir='ltr'><strong>sciens</strong></span> <span class='ocrx_word' id='word_1_230' title='bbox 597 955 745 987; x_wconf 87' lang='lat' dir='ltr'><strong>perpetrat,</strong></span> <span class='ocrx_word' id='word_1_231' title='bbox 774 949 901 984; x_wconf 85' lang='lat' dir='ltr'><strong>deinceps</strong></span> <span class='ocrx_word' id='word_1_232' title='bbox 915 955 939 985; x_wconf 81' lang='grc' dir='ltr'><strong>Β</strong></span> <span class='ocrx_word' id='word_1_233' title='bbox 951 957 1032 986; x_wconf 64' lang='lat' dir='ltr'><strong>poena</strong></span> <span class='ocrx_word' id='word_1_234' title='bbox 1051 955 1078 977; x_wconf 91' lang='lat' dir='ltr'><strong>et</strong></span> <span class='ocrx_word' id='word_1_235' title='bbox 1091 957 1172 977; x_wconf 88' lang='lat' dir='ltr'><strong>causa</strong></span> <span class='ocrx_word' id='word_1_236' title='bbox 1184 949 1288 984; x_wconf 85' lang='lat' dir='ltr'><strong>peccati</strong></span> <span class='ocrx_word' id='word_1_237' title='bbox 1306 952 1467 983; x_wconf 83' lang='lat' dir='ltr'><strong>:peccatum</strong></span> <span class='ocrx_word' id='word_1_238' title='bbox 1488 946 1609 983; x_wconf 85' lang='lat' dir='ltr'><strong>profecto</strong></span> <span class='ocrx_word' id='word_1_239' title='bbox 1629 950 1670 974; x_wconf 85' lang='lat' dir='ltr'><strong>est</strong></span> <span class='ocrx_word' id='word_1_240' title='bbox 1695 954 1743 982; x_wconf 86' lang='lat' dir='ltr'><strong>per</strong></span> 
     </span>
    </p>
   </div>
   <div class='ocr_carea' id='block_1_34' title="bbox 107 995 902 1040">
    <p class='ocr_par' dir='ltr' id='par_1_34' title="bbox 107 995 902 1040">
     <span class='ocr_line' id='line_1_34' title="bbox 107 995 902 1040; baseline -0.015 -7"><span class='ocrx_word' id='word_1_241' title='bbox 107 1005 184 1040; x_wconf 87' lang='lat' dir='ltr'><strong>juste</strong></span> <span class='ocrx_word' id='word_1_242' title='bbox 193 1005 218 1031; x_wconf 90' lang='lat' dir='ltr'><strong>in</strong></span> <span class='ocrx_word' id='word_1_243' title='bbox 230 1003 379 1031; x_wconf 83' lang='lat' dir='ltr'><strong>aliis&#39;etiam</strong></span> <span class='ocrx_word' id='word_1_244' title='bbox 391 1001 515 1029; x_wconf 82' lang='lat' dir='ltr'><strong>nesciens</strong></span> <span class='ocrx_word' id='word_1_245' title='bbox 524 1000 613 1026; x_wconf 87' lang='lat' dir='ltr'><strong>cadat.</strong></span> <span class='ocrx_word' id='word_1_246' title='bbox 625 998 681 1025; x_wconf 86' lang='lat' dir='ltr'><strong>Hoc</strong></span> <span class='ocrx_word' id='word_1_247' title='bbox 691 997 790 1032; x_wconf 86' lang='lat' dir='ltr'><strong>quippe</strong></span> <span class='ocrx_word' id='word_1_248' title='bbox 802 995 902 1031; x_wconf 87' lang='lat' dir='ltr'><strong>agitur,</strong></span> 
     </span>
    </p>
   </div>
   <div class='ocr_carea' id='block_1_35' title="bbox 112 1041 902 1085">
    <p class='ocr_par' dir='ltr' id='par_1_35' title="bbox 112 1041 902 1085">
     <span class='ocr_line' id='line_1_35' title="bbox 112 1041 902 1085; baseline -0.014 -7"><span class='ocrx_word' id='word_1_249' title='bbox 112 1055 144 1078; x_wconf 90' lang='lat' dir='ltr'><strong>ut</strong></span> <span class='ocrx_word' id='word_1_250' title='bbox 154 1050 240 1085; x_wconf 89' lang='lat' dir='ltr'><strong>culpis</strong></span> <span class='ocrx_word' id='word_1_251' title='bbox 250 1048 328 1083; x_wconf 82' lang='lat' dir='ltr'><strong>culpa</strong></span> <span class='ocrx_word' id='word_1_252' title='bbox 340 1047 455 1075; x_wconf 80' lang='lat' dir='ltr'><strong>feriatur</strong></span> <span class='ocrx_word' id='word_1_253' title='bbox 464 1045 525 1081; x_wconf 77' lang='lat' dir='ltr'><strong>[at.,</strong></span> <span class='ocrx_word' id='word_1_254' title='bbox 541 1044 624 1079; x_wconf 75' lang='lat' dir='ltr'><strong>culpze</strong></span> <span class='ocrx_word' id='word_1_255' title='bbox 637 1041 794 1077; x_wconf 82' lang='lat' dir='ltr'><strong>feriantur],</strong></span> <span class='ocrx_word' id='word_1_256' title='bbox 809 1046 902 1076; x_wconf 84' lang='lat' dir='ltr'><strong>quate-</strong></span> 
     </span>
    </p>
   </div>
   <div class='ocr_carea' id='block_1_36' title="bbox 113 1087 899 1129">
    <p class='ocr_par' dir='ltr' id='par_1_36' title="bbox 113 1087 899 1129">
     <span class='ocr_line' id='line_1_36' title="bbox 113 1087 899 1129; baseline -0.013 -7"><span class='ocrx_word' id='word_1_257' title='bbox 113 1102 167 1122; x_wconf 86' lang='lat' dir='ltr'><strong>nus</strong></span> <span class='ocrx_word' id='word_1_258' title='bbox 194 1093 322 1129; x_wconf 87' lang='lat' dir='ltr'><strong>supplicia</strong></span> <span class='ocrx_word' id='word_1_259' title='bbox 360 1092 425 1118; x_wconf 82' lang='lat' dir='ltr'><strong>ﬁant</strong></span> <span class='ocrx_word' id='word_1_260' title='bbox 450 1089 619 1125; x_wconf 82' lang='lat' dir='ltr'><strong>peccantium</strong></span> <span class='ocrx_word' id='word_1_261' title='bbox 645 1088 703 1123; x_wconf 84' lang='lat' dir='ltr'><strong>ipsa</strong></span> <span class='ocrx_word' id='word_1_262' title='bbox 731 1087 899 1114; x_wconf 78' lang='lat' dir='ltr'><strong>incrementa</strong></span> 
     </span>
    </p>
   </div>
   <div class='ocr_carea' id='block_1_37' title="bbox 112 1130 902 1172">
    <p class='ocr_par' dir='ltr' id='par_1_37' title="bbox 112 1130 902 1172">
     <span class='ocr_line' id='line_1_37' title="bbox 112 1130 902 1172; baseline -0.013 -5"><span class='ocrx_word' id='word_1_263' title='bbox 112 1139 251 1166; x_wconf 79' lang='lat' dir='ltr'><strong>vitiorum.</strong></span> <span class='ocrx_word' id='word_1_264' title='bbox 264 1137 333 1165; x_wconf 78' lang='lat' dir='ltr'><strong>Nam</strong></span> <span class='ocrx_word' id='word_1_265' title='bbox 355 1136 417 1172; x_wconf 88' lang='lat' dir='ltr'><strong>quia</strong></span> <span class='ocrx_word' id='word_1_266' title='bbox 443 1134 613 1169; x_wconf 86' lang='lat' dir='ltr'><strong>omnipotens</strong></span> <span class='ocrx_word' id='word_1_267' title='bbox 627 1133 698 1160; x_wconf 82' lang='lat' dir='ltr'><strong>Deus</strong></span> <span class='ocrx_word' id='word_1_268' title='bbox 721 1130 752 1159; x_wconf 86' lang='lat' dir='ltr'><strong>ad</strong></span> <span class='ocrx_word' id='word_1_269' title='bbox 768 1131 902 1165; x_wconf 62' lang='lat' dir='ltr'><strong>poeniten-</strong></span> 
     </span>
    </p>
   </div>
   <div class='ocr_carea' id='block_1_38' title="bbox 113 1175 901 1218">
    <p class='ocr_par' dir='ltr' id='par_1_38' title="bbox 113 1175 901 1218">
     <span class='ocr_line' id='line_1_38' title="bbox 113 1175 901 1218; baseline -0.014 -6"><span class='ocrx_word' id='word_1_270' title='bbox 113 1187 179 1212; x_wconf 86' lang='lat' dir='ltr'><strong>tiam</strong></span> <span class='ocrx_word' id='word_1_271' title='bbox 195 1189 300 1218; x_wconf 85' lang='lat' dir='ltr'><strong>tempus</strong></span> <span class='ocrx_word' id='word_1_272' title='bbox 312 1181 442 1217; x_wconf 85' lang='lat' dir='ltr'><strong>indulget,</strong></span> <span class='ocrx_word' id='word_1_273' title='bbox 458 1179 529 1214; x_wconf 90' lang='lat' dir='ltr'><strong>quod</strong></span> <span class='ocrx_word' id='word_1_274' title='bbox 543 1183 631 1205; x_wconf 86' lang='lat' dir='ltr'><strong>tamen</strong></span> <span class='ocrx_word' id='word_1_275' title='bbox 657 1177 774 1204; x_wconf 84' lang='lat' dir='ltr'><strong>humana</strong></span> <span class='ocrx_word' id='word_1_276' title='bbox 797 1175 901 1202; x_wconf 83' lang='lat' dir='ltr'><strong>malitia</strong></span> 
     </span>
    </p>
   </div>
   <div class='ocr_carea' id='block_1_39' title="bbox 112 1222 902 1263">
    <p class='ocr_par' dir='ltr' id='par_1_39' title="bbox 112 1222 902 1263">
     <span class='ocr_line' id='line_1_39' title="bbox 112 1222 902 1263; baseline -0.015 -3"><span class='ocrx_word' id='word_1_277' title='bbox 112 1233 147 1260; x_wconf 88' lang='lat' dir='ltr'><strong>ad</strong></span> <span class='ocrx_word' id='word_1_278' title='bbox 163 1238 240 1259; x_wconf 89' lang='lat' dir='ltr'><strong>usum</strong></span> <span class='ocrx_word' id='word_1_279' title='bbox 259 1237 314 1258; x_wconf 75' lang='lat' dir='ltr'><strong>suat</strong></span> <span class='ocrx_word' id='word_1_280' title='bbox 336 1227 487 1263; x_wconf 77' lang='lat' dir='ltr'><strong>iniquitatis</strong></span> <span class='ocrx_word' id='word_1_281' title='bbox 508 1226 654 1260; x_wconf 87' lang='lat' dir='ltr'><strong>intorquet,</strong></span> <span class='ocrx_word' id='word_1_282' title='bbox 680 1223 807 1250; x_wconf 86' lang='lat' dir='ltr'><strong>nimirum</strong></span> <span class='ocrx_word' id='word_1_283' title='bbox 826 1222 902 1257; x_wconf 82' lang='lat' dir='ltr'><strong>justo</strong></span> 
     </span>
    </p>
   </div>
   <div class='ocr_carea' id='block_1_40' title="bbox 107 1267 901 1314">
    <p class='ocr_par' dir='ltr' id='par_1_40' title="bbox 107 1267 901 1314">
     <span class='ocr_line' id='line_1_40' title="bbox 107 1267 901 1314; baseline -0.016 -8"><span class='ocrx_word' id='word_1_284' title='bbox 107 1278 213 1314; x_wconf 83' lang='lat' dir='ltr'><strong>judicio</strong></span> <span class='ocrx_word' id='word_1_285' title='bbox 231 1275 323 1312; x_wconf 78' lang='lat' dir='ltr'><strong>augeri</strong></span> <span class='ocrx_word' id='word_1_286' title='bbox 337 1274 414 1308; x_wconf 87' lang='lat' dir='ltr'><strong>culpa</strong></span> <span class='ocrx_word' id='word_1_287' title='bbox 436 1271 611 1307; x_wconf 87' lang='lat' dir='ltr'><strong>permittitur,</strong></span> <span class='ocrx_word' id='word_1_288' title='bbox 638 1273 667 1296; x_wconf 91' lang='lat' dir='ltr'><strong>ut</strong></span> <span class='ocrx_word' id='word_1_289' title='bbox 691 1269 726 1296; x_wconf 88' lang='lat' dir='ltr'><strong>ad</strong></span> <span class='ocrx_word' id='word_1_290' title='bbox 750 1267 901 1295; x_wconf 76' lang='lat' dir='ltr'><strong>feriendum</strong></span> 
     </span>
    </p>
   </div>
   <div class='ocr_carea' id='block_1_41' title="bbox 111 1312 901 1359">
    <p class='ocr_par' dir='ltr' id='par_1_41' title="bbox 111 1312 901 1359">
     <span class='ocr_line' id='line_1_41' title="bbox 111 1312 901 1359; baseline -0.016 -7"><span class='ocrx_word' id='word_1_291' title='bbox 111 1312 193 1352; x_wconf 77' lang='lat' dir='ltr'><strong>altius</strong></span> <span class='ocrx_word' id='word_1_292' title='bbox 206 1323 366 1359; x_wconf 81' lang='lat' dir='ltr'><strong>quandoque</strong></span> <span class='ocrx_word' id='word_1_293' title='bbox 379 1318 540 1347; x_wconf 88' lang='lat' dir='ltr'><strong>eumuletur.</strong></span> <span class='ocrx_word' id='word_1_294' title='bbox 567 1316 635 1343; x_wconf 85' lang='lat' dir='ltr'><strong>Hinc</strong></span> <span class='ocrx_word' id='word_1_295' title='bbox 648 1314 720 1342; x_wconf 90' lang='lat' dir='ltr'><strong>enim</strong></span> <span class='ocrx_word' id='word_1_296' title='bbox 744 1320 852 1340; x_wconf 86' lang='lat' dir='ltr'><strong>rursum</strong></span> <span class='ocrx_word' id='word_1_297' title='bbox 867 1312 901 1339; x_wconf 85' lang='lat' dir='ltr'><strong>de</strong></span> 
     </span>
    </p>
   </div>
   <div class='ocr_carea' id='block_1_42' title="bbox 109 1359 901 1406">
    <p class='ocr_par' dir='ltr' id='par_1_42' title="bbox 109 1359 901 1406">
     <span class='ocr_line' id='line_1_42' title="bbox 109 1359 901 1406; baseline -0.018 -8"><span class='ocrx_word' id='word_1_298' title='bbox 109 1370 272 1406; x_wconf 86' lang='lat' dir='ltr'><strong>quibusdam</strong></span> <span class='ocrx_word' id='word_1_299' title='bbox 285 1367 384 1395; x_wconf 76' lang='lat' dir='ltr'><strong>Paulus</strong></span> <span class='ocrx_word' id='word_1_300' title='bbox 395 1364 532 1401; x_wconf 74' lang='lat' dir='ltr'><strong>apostolus</strong></span> <span class='ocrx_word' id='word_1_301' title='bbox 546 1362 611 1390; x_wconf 87' lang='lat' dir='ltr'><strong>dicit</strong></span> <span class='ocrx_word' id='word_1_302' title='bbox 625 1369 632 1388; x_wconf 95' lang='lat'>:</span> <span class='ocrx_word' id='word_1_303' title='bbox 649 1360 682 1388; x_wconf 89' lang='lat' dir='ltr'><strong>Ut</strong></span> <span class='ocrx_word' id='word_1_304' title='bbox 697 1359 820 1394; x_wconf 78' lang='lat' dir='ltr'><strong>impleant</strong></span> <span class='ocrx_word' id='word_1_305' title='bbox 842 1366 901 1394; x_wconf 81' lang='lat' dir='ltr'><strong>pee-</strong></span> 
     </span>
    </p>
   </div>
   <div class='ocr_carea' id='block_1_43' title="bbox 110 1408 901 1449">
    <p class='ocr_par' dir='ltr' id='par_1_43' title="bbox 110 1408 901 1449">
     <span class='ocr_line' id='line_1_43' title="bbox 110 1408 901 1449; baseline -0.018 -4"><span class='ocrx_word' id='word_1_306' title='bbox 110 1423 171 1444; x_wconf 83' lang='lat' dir='ltr'><strong>cata</strong></span> <span class='ocrx_word' id='word_1_307' title='bbox 196 1424 244 1444; x_wconf 86' lang='lat' dir='ltr'><strong>sua</strong></span> <span class='ocrx_word' id='word_1_308' title='bbox 257 1422 356 1449; x_wconf 83' lang='lat' dir='ltr'><strong>semper</strong></span> <span class='ocrx_word' id='word_1_309' title='bbox 369 1412 393 1448; x_wconf 89' lang='lat' dir='ltr'><strong>(l</strong></span> <span class='ocrx_word' id='word_1_310' title='bbox 417 1411 506 1438; x_wconf 81' lang='lat' dir='ltr'><strong>Thess.</strong></span> <span class='ocrx_word' id='word_1_311' title='bbox 525 1418 556 1442; x_wconf 85' lang='lat' dir='ltr'><strong>tt,</strong></span> <span class='ocrx_word' id='word_1_312' title='bbox 573 1409 627 1444; x_wconf 75' lang='lat' dir='ltr'><strong>i6).</strong></span> <span class='ocrx_word' id='word_1_313' title='bbox 642 1408 710 1435; x_wconf 82' lang='lat' dir='ltr'><strong>Hinc</strong></span> <span class='ocrx_word' id='word_1_314' title='bbox 729 1414 796 1433; x_wconf 88' lang='lat' dir='ltr'><strong>voce</strong></span> <span class='ocrx_word' id='word_1_315' title='bbox 819 1412 901 1440; x_wconf 85' lang='lat' dir='ltr'><strong>ange-</strong></span> 
     </span>
    </p>
   </div>
   <div class='ocr_carea' id='block_1_44' title="bbox 109 1450 899 1490">
    <p class='ocr_par' dir='ltr' id='par_1_44' title="bbox 109 1450 899 1490">
     <span class='ocr_line' id='line_1_44' title="bbox 109 1450 899 1490; baseline -0.019 0"><span class='ocrx_word' id='word_1_316' title='bbox 109 1463 164 1490; x_wconf 88' lang='lat' dir='ltr'><strong>lica</strong></span> <span class='ocrx_word' id='word_1_317' title='bbox 179 1461 212 1489; x_wconf 87' lang='lat' dir='ltr'><strong>ad</strong></span> <span class='ocrx_word' id='word_1_318' title='bbox 222 1460 352 1488; x_wconf 75' lang='lat' dir='ltr'><strong>Joannem</strong></span> <span class='ocrx_word' id='word_1_319' title='bbox 366 1457 464 1485; x_wconf 84' lang='lat' dir='ltr'><strong>dicitur</strong></span> <span class='ocrx_word' id='word_1_320' title='bbox 480 1463 487 1482; x_wconf 86' lang='lat'><strong>:</strong></span> <span class='ocrx_word' id='word_1_321' title='bbox 503 1455 556 1488; x_wconf 81' lang='lat' dir='ltr'><strong>Qui</strong></span> <span class='ocrx_word' id='word_1_322' title='bbox 567 1458 639 1481; x_wconf 80' lang='lat' dir='ltr'><strong>nocet</strong></span> <span class='ocrx_word' id='word_1_323' title='bbox 655 1456 745 1479; x_wconf 80' lang='lat' dir='ltr'><strong>noceat</strong></span> <span class='ocrx_word' id='word_1_324' title='bbox 764 1450 860 1482; x_wconf 87' lang='lat' dir='ltr'><strong>adhuc,</strong></span> <span class='ocrx_word' id='word_1_325' title='bbox 875 1454 899 1476; x_wconf 88' lang='lat' dir='ltr'><strong>et</strong></span> 
     </span>
    </p>
   </div>
   <div class='ocr_carea' id='block_1_45' title="bbox 109 1495 900 1543">
    <p class='ocr_par' dir='ltr' id='par_1_45' title="bbox 109 1495 900 1543">
     <span class='ocr_line' id='line_1_45' title="bbox 109 1495 900 1543; baseline -0.018 -8"><span class='ocrx_word' id='word_1_326' title='bbox 109 1508 155 1543; x_wconf 85' lang='lat' dir='ltr'><strong>qui</strong></span> <span class='ocrx_word' id='word_1_327' title='bbox 174 1508 202 1534; x_wconf 82' lang='lat' dir='ltr'><strong>in</strong></span> <span class='ocrx_word' id='word_1_328' title='bbox 216 1505 337 1534; x_wconf 84' lang='lat' dir='ltr'><strong>sordibus</strong></span> <span class='ocrx_word' id='word_1_329' title='bbox 352 1507 390 1530; x_wconf 84' lang='lat' dir='ltr'><strong>est</strong></span> <span class='ocrx_word' id='word_1_330' title='bbox 411 1501 542 1529; x_wconf 79' lang='lat' dir='ltr'><strong>sordescat</strong></span> <span class='ocrx_word' id='word_1_331' title='bbox 563 1500 656 1535; x_wconf 84' lang='lat' dir='ltr'><strong>(Apoc.</strong></span> <span class='ocrx_word' id='word_1_332' title='bbox 676 1505 744 1530; x_wconf 78' lang='lat' dir='ltr'><strong>uti,</strong></span> <span class='ocrx_word' id='word_1_333' title='bbox 759 1495 815 1531; x_wconf 77' lang='lat' dir='ltr'><strong>ii).</strong></span> <span class='ocrx_word' id='word_1_334' title='bbox 831 1495 900 1523; x_wconf 78' lang='lat' dir='ltr'><strong>Hinc</strong></span> 
     </span>
    </p>
   </div>
   <div class='ocr_carea' id='block_1_46' title="bbox 110 1542 898 1586">
    <p class='ocr_par' dir='ltr' id='par_1_46' title="bbox 110 1542 898 1586">
     <span class='ocr_line' id='line_1_46' title="bbox 110 1542 898 1586; baseline -0.018 -4"><span class='ocrx_word' id='word_1_335' title='bbox 110 1542 197 1582; x_wconf 80' lang='lat' dir='ltr'><strong>David</strong></span> <span class='ocrx_word' id='word_1_336' title='bbox 212 1554 250 1580; x_wconf 81' lang='lat' dir='ltr'><strong>ait</strong></span> <span class='ocrx_word' id='word_1_337' title='bbox 265 1562 271 1579; x_wconf 93' lang='lat'>:</span> <span class='ocrx_word' id='word_1_338' title='bbox 287 1551 393 1586; x_wconf 80' lang='lat' dir='ltr'><strong>Appone</strong></span> <span class='ocrx_word' id='word_1_339' title='bbox 407 1549 570 1584; x_wconf 82' lang='lat' dir='ltr'><strong>iniquitatem</strong></span> <span class='ocrx_word' id='word_1_340' title='bbox 586 1554 664 1581; x_wconf 87' lang='lat' dir='ltr'><strong>super</strong></span> <span class='ocrx_word' id='word_1_341' title='bbox 683 1543 847 1579; x_wconf 80' lang='lat' dir='ltr'><strong>iniquitatem</strong></span> <span class='ocrx_word' id='word_1_342' title='bbox 857 1542 898 1576; x_wconf 80' lang='lat' dir='ltr'><strong>ip-</strong></span> 
     </span>
    </p>
   </div>
   <div class='ocr_carea' id='block_1_47' title="bbox 108 1589 896 1633">
    <p class='ocr_par' dir='ltr' id='par_1_47' title="bbox 108 1589 896 1633">
     <span class='ocr_line' id='line_1_47' title="bbox 108 1589 896 1633; baseline -0.016 -4"><span class='ocrx_word' id='word_1_343' title='bbox 108 1609 211 1633; x_wconf 81' lang='lat' dir='ltr'><strong>sorum,</strong></span> <span class='ocrx_word' id='word_1_344' title='bbox 226 1605 250 1626; x_wconf 86' lang='lat' dir='ltr'><strong>et</strong></span> <span class='ocrx_word' id='word_1_345' title='bbox 265 1606 317 1626; x_wconf 81' lang='lat' dir='ltr'><strong>non</strong></span> <span class='ocrx_word' id='word_1_346' title='bbox 327 1596 421 1624; x_wconf 59' lang='lat' dir='ltr'><strong>intrent</strong></span> <span class='ocrx_word' id='word_1_347' title='bbox 439 1596 467 1622; x_wconf 86' lang='lat' dir='ltr'><strong>in</strong></span> <span class='ocrx_word' id='word_1_348' title='bbox 480 1600 552 1621; x_wconf 79' lang='lat' dir='ltr'><strong>tuam</strong></span> <span class='ocrx_word' id='word_1_349' title='bbox 565 1592 697 1628; x_wconf 72' lang='lat' dir='ltr'><strong>justitiam</strong></span> <span class='ocrx_word' id='word_1_350' title='bbox 719 1589 777 1626; x_wconf 88' lang='lat' dir='ltr'><strong>(Ps.</strong></span> <span class='ocrx_word' id='word_1_351' title='bbox 801 1596 896 1621; x_wconf 75' lang='lat' dir='ltr'><strong>vaul,</strong></span> 
     </span>
    </p>
   </div>
   <div class='ocr_carea' id='block_1_48' title="bbox 108 1633 934 1683">
    <p class='ocr_par' dir='ltr' id='par_1_48' title="bbox 108 1633 934 1683">
     <span class='ocr_line' id='line_1_48' title="bbox 108 1633 934 1683; baseline -0.018 -7"><span class='ocrx_word' id='word_1_352' title='bbox 108 1648 167 1683; x_wconf 76' lang='lat'><strong>‘28).</strong></span> <span class='ocrx_word' id='word_1_353' title='bbox 188 1646 256 1674; x_wconf 82' lang='lat' dir='ltr'><strong>Hinc</strong></span> <span class='ocrx_word' id='word_1_354' title='bbox 277 1650 371 1672; x_wconf 81' lang='lat' dir='ltr'><strong>rursus</strong></span> <span class='ocrx_word' id='word_1_355' title='bbox 396 1642 429 1670; x_wconf 88' lang='lat' dir='ltr'><strong>de</strong></span> <span class='ocrx_word' id='word_1_356' title='bbox 444 1641 558 1669; x_wconf 82' lang='lat' dir='ltr'><strong>Domino</strong></span> <span class='ocrx_word' id='word_1_357' title='bbox 580 1639 613 1666; x_wconf 78' lang='lat' dir='ltr'><strong>ab</strong></span> <span class='ocrx_word' id='word_1_358' title='bbox 637 1637 732 1666; x_wconf 84' lang='lat' dir='ltr'><strong>eodem</strong></span> <span class='ocrx_word' id='word_1_359' title='bbox 754 1635 897 1664; x_wconf 85' lang='lat' dir='ltr'><strong>Psalmista</strong></span> <span class='ocrx_word' id='word_1_360' title='bbox 911 1633 934 1665; x_wconf 89' lang='lat' dir='ltr'><strong><em>C</em></strong></span> 
     </span>
    </p>
   </div>
   <div class='ocr_carea' id='block_1_49' title="bbox 110 1681 898 1723">
    <p class='ocr_par' dir='ltr' id='par_1_49' title="bbox 110 1681 898 1723">
     <span class='ocr_line' id='line_1_49' title="bbox 110 1681 898 1723; baseline -0.019 -1"><span class='ocrx_word' id='word_1_361' title='bbox 110 1681 210 1722; x_wconf 82' lang='lat' dir='ltr'><strong>dicitur</strong></span> <span class='ocrx_word' id='word_1_362' title='bbox 226 1700 233 1719; x_wconf 88' lang='lat'><strong>:</strong></span> <span class='ocrx_word' id='word_1_363' title='bbox 246 1691 424 1718; x_wconf 79' lang='lat' dir='ltr'><strong>Immissiones</strong></span> <span class='ocrx_word' id='word_1_364' title='bbox 444 1696 490 1723; x_wconf 78' lang='lat' dir='ltr'><strong>per</strong></span> <span class='ocrx_word' id='word_1_365' title='bbox 512 1685 616 1721; x_wconf 63' lang='lat' dir='ltr'><strong>angelos</strong></span> <span class='ocrx_word' id='word_1_366' title='bbox 638 1683 720 1711; x_wconf 83' lang='lat' dir='ltr'><strong>motos</strong></span> <span class='ocrx_word' id='word_1_367' title='bbox 734 1689 744 1709; x_wconf 86' lang='lat'><strong><em>:</em></strong></span> <span class='ocrx_word' id='word_1_368' title='bbox 755 1682 825 1709; x_wconf 69' lang='lat' dir='ltr'><strong>vim</strong></span> <span class='ocrx_word' id='word_1_369' title='bbox 838 1681 898 1716; x_wconf 78' lang='lat' dir='ltr'><strong>fecit</strong></span> 
     </span>
    </p>
   </div>
   <div class='ocr_carea' id='block_1_50' title="bbox 110 1727 897 1771">
    <p class='ocr_par' dir='ltr' id='par_1_50' title="bbox 110 1727 897 1771">
     <span class='ocr_line' id='line_1_50' title="bbox 110 1727 897 1771; baseline -0.019 -3"><span class='ocrx_word' id='word_1_370' title='bbox 110 1740 211 1768; x_wconf 69' lang='lat' dir='ltr'><strong>semita:</strong></span> <span class='ocrx_word' id='word_1_371' title='bbox 222 1740 269 1766; x_wconf 74' lang='lat' dir='ltr'><strong>ira:</strong></span> <span class='ocrx_word' id='word_1_372' title='bbox 282 1745 336 1764; x_wconf 69' lang='lat' dir='ltr'><strong>sum</strong></span> <span class='ocrx_word' id='word_1_373' title='bbox 348 1734 406 1771; x_wconf 86' lang='lat' dir='ltr'><strong>(Ps.</strong></span> <span class='ocrx_word' id='word_1_374' title='bbox 419 1741 522 1765; x_wconf 84' lang='lat' dir='ltr'><strong>Lxxvu,</strong></span> <span class='ocrx_word' id='word_1_375' title='bbox 538 1732 582 1763; x_wconf 68' lang='lat'><strong>49,</strong></span> <span class='ocrx_word' id='word_1_376' title='bbox 597 1730 654 1761; x_wconf 79' lang='lat'><strong>50).</strong></span> <span class='ocrx_word' id='word_1_377' title='bbox 669 1730 723 1757; x_wconf 89' lang='lat' dir='ltr'><strong>Cor</strong></span> <span class='ocrx_word' id='word_1_378' title='bbox 735 1728 833 1764; x_wconf 89' lang='lat' dir='ltr'><strong>quippe</strong></span> <span class='ocrx_word' id='word_1_379' title='bbox 845 1727 897 1754; x_wconf 89' lang='lat' dir='ltr'><strong>Do-</strong></span> 
     </span>
    </p>
   </div>
   <div class='ocr_carea' id='block_1_51' title="bbox 111 1774 899 1820">
    <p class='ocr_par' dir='ltr' id='par_1_51' title="bbox 111 1774 899 1820">
     <span class='ocr_line' id='line_1_51' title="bbox 111 1774 899 1820; baseline -0.016 -6"><span class='ocrx_word' id='word_1_380' title='bbox 111 1787 202 1815; x_wconf 87' lang='lat' dir='ltr'><strong>minus</strong></span> <span class='ocrx_word' id='word_1_381' title='bbox 213 1783 347 1820; x_wconf 82' lang='lat' dir='ltr'><strong>prioribus</strong></span> <span class='ocrx_word' id='word_1_382' title='bbox 367 1781 471 1809; x_wconf 87' lang='lat' dir='ltr'><strong>meritis</strong></span> <span class='ocrx_word' id='word_1_383' title='bbox 492 1783 664 1814; x_wconf 83' lang='lat' dir='ltr'><strong>aggravatum</strong></span> <span class='ocrx_word' id='word_1_384' title='bbox 680 1776 754 1811; x_wconf 72' lang='lat' dir='ltr'><strong>iuste</strong></span> <span class='ocrx_word' id='word_1_385' title='bbox 765 1774 899 1810; x_wconf 84' lang='lat' dir='ltr'><strong>permittit</strong></span> 
     </span>
    </p>
   </div>
   <div class='ocr_carea' id='block_1_52' title="bbox 109 1823 899 1866">
    <p class='ocr_par' dir='ltr' id='par_1_52' title="bbox 109 1823 899 1866">
     <span class='ocr_line' id='line_1_52' title="bbox 109 1823 899 1866; baseline -0.018 -4"><span class='ocrx_word' id='word_1_386' title='bbox 109 1834 193 1862; x_wconf 87' lang='lat' dir='ltr'><strong>etiam</strong></span> <span class='ocrx_word' id='word_1_387' title='bbox 209 1829 434 1866; x_wconf 87' lang='lat' dir='ltr'><strong>subsequentibus</strong></span> <span class='ocrx_word' id='word_1_388' title='bbox 445 1826 623 1861; x_wconf 74' lang='lat' dir='ltr'><strong>malignorum</strong></span> <span class='ocrx_word' id='word_1_389' title='bbox 636 1823 778 1859; x_wconf 86' lang='lat' dir='ltr'><strong>spirituum</strong></span> <span class='ocrx_word' id='word_1_390' title='bbox 788 1829 899 1857; x_wconf 78' lang='lat' dir='ltr'><strong>persua-</strong></span> 
     </span>
    </p>
   </div>
   <div class='ocr_carea' id='block_1_53' title="bbox 110 1868 899 1910">
    <p class='ocr_par' dir='ltr' id='par_1_53' title="bbox 110 1868 899 1910">
     <span class='ocr_line' id='line_1_53' title="bbox 110 1868 899 1910; baseline -0.018 -2"><span class='ocrx_word' id='word_1_391' title='bbox 110 1880 233 1908; x_wconf 85' lang='lat' dir='ltr'><strong>sionibus</strong></span> <span class='ocrx_word' id='word_1_392' title='bbox 254 1877 325 1909; x_wconf 86' lang='lat' dir='ltr'><strong>falli;</strong></span> <span class='ocrx_word' id='word_1_393' title='bbox 349 1875 420 1910; x_wconf 90' lang='lat' dir='ltr'><strong>quod</strong></span> <span class='ocrx_word' id='word_1_394' title='bbox 445 1873 509 1901; x_wconf 85' lang='lat' dir='ltr'><strong>dum</strong></span> <span class='ocrx_word' id='word_1_395' title='bbox 524 1872 602 1906; x_wconf 77' lang='lat' dir='ltr'><strong>digne</strong></span> <span class='ocrx_word' id='word_1_396' title='bbox 627 1871 653 1897; x_wconf 91' lang='lat' dir='ltr'><strong>in</strong></span> <span class='ocrx_word' id='word_1_397' title='bbox 675 1869 751 1904; x_wconf 82' lang='lat' dir='ltr'><strong>culpa</strong></span> <span class='ocrx_word' id='word_1_398' title='bbox 772 1868 899 1900; x_wconf 84' lang='lat' dir='ltr'><strong>trahitur,</strong></span> 
     </span>
    </p>
   </div>
   <div class='ocr_carea' id='block_1_54' title="bbox 112 1914 900 1958">
    <p class='ocr_par' dir='ltr' id='par_1_54' title="bbox 112 1914 900 1958">
     <span class='ocr_line' id='line_1_54' title="bbox 112 1914 900 1958; baseline -0.016 -6"><span class='ocrx_word' id='word_1_399' title='bbox 112 1929 206 1952; x_wconf 81' lang='lat' dir='ltr'><strong>reatus</strong></span> <span class='ocrx_word' id='word_1_400' title='bbox 223 1923 281 1958; x_wconf 83' lang='lat' dir='ltr'><strong>ejus</strong></span> <span class='ocrx_word' id='word_1_401' title='bbox 304 1922 331 1958; x_wconf 76' lang='lat' dir='ltr'><strong>in</strong></span> <span class='ocrx_word' id='word_1_402' title='bbox 355 1926 435 1954; x_wconf 85' lang='lat' dir='ltr'><strong>poena</strong></span> <span class='ocrx_word' id='word_1_403' title='bbox 456 1917 617 1948; x_wconf 74' lang='lat' dir='ltr'><strong>cumulatur,</strong></span> <span class='ocrx_word' id='word_1_404' title='bbox 639 1915 710 1942; x_wconf 87' lang='lat' dir='ltr'><strong>unde</strong></span> <span class='ocrx_word' id='word_1_405' title='bbox 728 1918 757 1941; x_wconf 88' lang='lat' dir='ltr'><strong>et</strong></span> <span class='ocrx_word' id='word_1_406' title='bbox 777 1914 824 1942; x_wconf 74' lang='lat' dir='ltr'><strong>ira:</strong></span> <span class='ocrx_word' id='word_1_407' title='bbox 844 1920 900 1940; x_wconf 78' lang='lat' dir='ltr'><strong>suae</strong></span> 
     </span>
    </p>
   </div>
   <div class='ocr_carea' id='block_1_55' title="bbox 113 1959 900 2005">
    <p class='ocr_par' dir='ltr' id='par_1_55' title="bbox 113 1959 900 2005">
     <span class='ocr_line' id='line_1_55' title="bbox 113 1959 900 2005; baseline -0.017 -7"><span class='ocrx_word' id='word_1_408' title='bbox 113 1971 185 1998; x_wconf 82' lang='lat' dir='ltr'><strong>viam</strong></span> <span class='ocrx_word' id='word_1_409' title='bbox 198 1969 260 2005; x_wconf 63' lang='lat' dir='ltr'><strong>(aL,</strong></span> <span class='ocrx_word' id='word_1_410' title='bbox 277 1967 406 1995; x_wconf 89' lang='lat' dir='ltr'><strong>Dominus</strong></span> <span class='ocrx_word' id='word_1_411' title='bbox 425 1965 496 1991; x_wconf 85' lang='lat' dir='ltr'><strong>viam</strong></span> <span class='ocrx_word' id='word_1_412' title='bbox 510 1963 543 1990; x_wconf 91' lang='lat' dir='ltr'><strong>de</strong></span> <span class='ocrx_word' id='word_1_413' title='bbox 555 1962 649 1990; x_wconf 85' lang='lat' dir='ltr'><strong>semita</strong></span> <span class='ocrx_word' id='word_1_414' title='bbox 665 1961 761 1988; x_wconf 87' lang='lat' dir='ltr'><strong>fecisse</strong></span> <span class='ocrx_word' id='word_1_415' title='bbox 774 1959 900 1994; x_wconf 43' lang='lat' dir='ltr'><strong>perhibe‘</strong></span> 
     </span>
    </p>
   </div>
   <div class='ocr_carea' id='block_1_56' title="bbox 114 2004 901 2047">
    <p class='ocr_par' dir='ltr' id='par_1_56' title="bbox 114 2004 901 2047">
     <span class='ocr_line' id='line_1_56' title="bbox 114 2004 901 2047; baseline -0.017 -4"><span class='ocrx_word' id='word_1_416' title='bbox 114 2021 170 2047; x_wconf 89' lang='lat' dir='ltr'><strong>tur,</strong></span> <span class='ocrx_word' id='word_1_417' title='bbox 189 2004 268 2041; x_wconf 86' lang='lat' dir='ltr'><strong>latior</strong></span> <span class='ocrx_word' id='word_1_418' title='bbox 282 2013 355 2040; x_wconf 89' lang='lat' dir='ltr'><strong>enim</strong></span> <span class='ocrx_word' id='word_1_419' title='bbox 378 2015 419 2038; x_wconf 82' lang='lat' dir='ltr'><strong>est</strong></span> <span class='ocrx_word' id='word_1_420' title='bbox 437 2010 480 2037; x_wconf 91' lang='lat' dir='ltr'><strong>via</strong></span> <span class='ocrx_word' id='word_1_421' title='bbox 502 2016 581 2043; x_wconf 86' lang='lat' dir='ltr'><strong>quam</strong></span> <span class='ocrx_word' id='word_1_422' title='bbox 606 2007 702 2034; x_wconf 82' lang='lat' dir='ltr'><strong>semita</strong></span> <span class='ocrx_word' id='word_1_423' title='bbox 725 2015 731 2032; x_wconf 93' lang='lat'><strong>:</strong></span> <span class='ocrx_word' id='word_1_424' title='bbox 753 2013 784 2032; x_wconf 81' lang='lat' dir='ltr'><strong>ex</strong></span> <span class='ocrx_word' id='word_1_425' title='bbox 805 2004 901 2032; x_wconf 82' lang='lat' dir='ltr'><strong>semita</strong></span> 
     </span>
    </p>
   </div>
   <div class='ocr_carea' id='block_1_57' title="bbox 112 2051 902 2092">
    <p class='ocr_par' dir='ltr' id='par_1_57' title="bbox 112 2051 902 2092">
     <span class='ocr_line' id='line_1_57' title="bbox 112 2051 902 2092; baseline -0.019 -1"><span class='ocrx_word' id='word_1_426' title='bbox 112 2071 180 2091; x_wconf 78' lang='lat' dir='ltr'><strong>vero</strong></span> <span class='ocrx_word' id='word_1_427' title='bbox 192 2063 240 2089; x_wconf 63' lang='lat' dir='ltr'><strong>ira:</strong></span> <span class='ocrx_word' id='word_1_428' title='bbox 263 2068 319 2088; x_wconf 75' lang='lat' dir='ltr'><strong>sum</strong></span> <span class='ocrx_word' id='word_1_429' title='bbox 335 2059 417 2090; x_wconf 87' lang='lat' dir='ltr'><strong>viam,</strong></span> <span class='ocrx_word' id='word_1_430' title='bbox 434 2056 498 2092; x_wconf 85' lang='lat' dir='ltr'><strong>etc.]</strong></span> <span class='ocrx_word' id='word_1_431' title='bbox 513 2056 601 2082; x_wconf 85' lang='lat' dir='ltr'><strong>facere</strong></span> <span class='ocrx_word' id='word_1_432' title='bbox 626 2058 667 2081; x_wconf 86' lang='lat' dir='ltr'><strong>est</strong></span> <span class='ocrx_word' id='word_1_433' title='bbox 686 2054 733 2080; x_wconf 68' lang='lat' dir='ltr'><strong>irai</strong></span> <span class='ocrx_word' id='word_1_434' title='bbox 745 2059 842 2079; x_wconf 84' lang='lat' dir='ltr'><strong>causas</strong></span> <span class='ocrx_word' id='word_1_435' title='bbox 862 2051 902 2077; x_wconf 89' lang='lat' dir='ltr'><strong>di-</strong></span> 
     </span>
    </p>
   </div>
   <div class='ocr_carea' id='block_1_58' title="bbox 112 2099 902 2142">
    <p class='ocr_par' dir='ltr' id='par_1_58' title="bbox 112 2099 902 2142">
     <span class='ocr_line' id='line_1_58' title="bbox 112 2099 902 2142; baseline -0.018 -5"><span class='ocrx_word' id='word_1_436' title='bbox 112 2109 209 2138; x_wconf 82' lang='lat' dir='ltr'><strong>stricto</strong></span> <span class='ocrx_word' id='word_1_437' title='bbox 231 2106 376 2142; x_wconf 82' lang='lat' dir='ltr'><strong>judicando</strong></span> <span class='ocrx_word' id='word_1_438' title='bbox 397 2104 520 2132; x_wconf 86' lang='lat' dir='ltr'><strong>dilatare.</strong></span> <span class='ocrx_word' id='word_1_439' title='bbox 540 2102 574 2129; x_wconf 93' lang='lat' dir='ltr'><strong>Ut</strong></span> <span class='ocrx_word' id='word_1_440' title='bbox 590 2101 635 2136; x_wconf 91' lang='lat' dir='ltr'><strong>qui</strong></span> <span class='ocrx_word' id='word_1_441' title='bbox 657 2099 800 2126; x_wconf 88' lang='lat' dir='ltr'><strong>illuminati</strong></span> <span class='ocrx_word' id='word_1_442' title='bbox 822 2105 902 2133; x_wconf 82' lang='lat' dir='ltr'><strong>agere</strong></span> 
     </span>
    </p>
   </div>
   <div class='ocr_carea' id='block_1_59' title="bbox 113 2144 902 2186">
    <p class='ocr_par' dir='ltr' id='par_1_59' title="bbox 113 2144 902 2186">
     <span class='ocr_line' id='line_1_59' title="bbox 113 2144 902 2186; baseline -0.018 -3"><span class='ocrx_word' id='word_1_443' title='bbox 113 2160 189 2184; x_wconf 89' lang='lat' dir='ltr'><strong>recte</strong></span> <span class='ocrx_word' id='word_1_444' title='bbox 203 2153 356 2185; x_wconf 88' lang='lat' dir='ltr'><strong>noluerunt,</strong></span> <span class='ocrx_word' id='word_1_445' title='bbox 376 2150 448 2186; x_wconf 71' lang='lat' dir='ltr'><strong>iuste</strong></span> <span class='ocrx_word' id='word_1_446' title='bbox 472 2149 563 2179; x_wconf 70' lang='lat' dir='ltr'><strong>eiecati</strong></span> <span class='ocrx_word' id='word_1_447' title='bbox 584 2148 672 2174; x_wconf 80' lang='lat' dir='ltr'><strong>adhuc</strong></span> <span class='ocrx_word' id='word_1_448' title='bbox 695 2145 805 2177; x_wconf 83' lang='lat' dir='ltr'><strong>faciant,</strong></span> <span class='ocrx_word' id='word_1_449' title='bbox 831 2144 902 2171; x_wconf 83' lang='lat' dir='ltr'><strong>unde</strong></span> 
     </span>
    </p>
   </div>
   <div class='ocr_carea' id='block_1_60' title="bbox 113 2190 901 2236">
    <p class='ocr_par' dir='ltr' id='par_1_60' title="bbox 113 2190 901 2236">
     <span class='ocr_line' id='line_1_60' title="bbox 113 2190 901 2236; baseline -0.018 -7"><span class='ocrx_word' id='word_1_450' title='bbox 113 2201 232 2236; x_wconf 87' lang='lat' dir='ltr'><strong>amplius</strong></span> <span class='ocrx_word' id='word_1_451' title='bbox 242 2198 332 2235; x_wconf 90' lang='lat' dir='ltr'><strong>puniri</strong></span> <span class='ocrx_word' id='word_1_452' title='bbox 347 2200 511 2224; x_wconf 87' lang='lat' dir='ltr'><strong>mereantur.</strong></span> <span class='ocrx_word' id='word_1_453' title='bbox 521 2194 590 2220; x_wconf 80' lang='lat' dir='ltr'><strong>Hine</strong></span> <span class='ocrx_word' id='word_1_454' title='bbox 602 2200 651 2228; x_wconf 85' lang='lat' dir='ltr'><strong>per</strong></span> <span class='ocrx_word' id='word_1_455' title='bbox 661 2191 770 2226; x_wconf 76' lang='lat' dir='ltr'><strong>Moysen</strong></span> <span class='ocrx_word' id='word_1_456' title='bbox 783 2190 881 2217; x_wconf 85' lang='lat' dir='ltr'><strong>dicitur</strong></span> <span class='ocrx_word' id='word_1_457' title='bbox 894 2197 901 2215; x_wconf 75' lang='grc' dir='ltr'><strong>ι</strong></span> 
     </span>
    </p>
   </div>
   <div class='ocr_carea' id='block_1_61' title="bbox 89 2234 902 2280">
    <p class='ocr_par' dir='ltr' id='par_1_61' title="bbox 89 2234 902 2280">
     <span class='ocr_line' id='line_1_61' title="bbox 89 2234 902 2280; baseline -0.021 -3"><span class='ocrx_word' id='word_1_458' title='bbox 89 2244 92 2246; x_wconf 60' lang='grc'><em>’</em></span> <span class='ocrx_word' id='word_1_459' title='bbox 117 2234 380 2280; x_wconf 21' lang='lat' dir='ltr'><strong>Noitdumrcomp&#39;leta</strong></span> <span class='ocrx_word' id='word_1_460' title='bbox 396 2247 455 2269; x_wconf 76' lang='lat' dir='ltr'><strong>sunt</strong></span> <span class='ocrx_word' id='word_1_461' title='bbox 468 2245 572 2277; x_wconf 83' lang='lat' dir='ltr'><strong>peccata</strong></span> <span class='ocrx_word' id='word_1_462' title='bbox 586 2239 797 2266; x_wconf 74' lang='lat' dir='ltr'><strong>Amorrltazorum</strong></span> <span class='ocrx_word' id='word_1_463' title='bbox 813 2234 902 2269; x_wconf 81' lang='lat' dir='ltr'><strong>(Deut.</strong></span> 
     </span>
    </p>
   </div>
   <div class='ocr_carea' id='block_1_62' title="bbox 113 2280 902 2326">
    <p class='ocr_par' dir='ltr' id='par_1_62' title="bbox 113 2280 902 2326">
     <span class='ocr_line' id='line_1_62' title="bbox 113 2280 902 2326; baseline -0.02 -4"><span class='ocrx_word' id='word_1_464' title='bbox 113 2301 204 2325; x_wconf 80' lang='lat' dir='ltr'><strong>xxx&quot;,</strong></span> <span class='ocrx_word' id='word_1_465' title='bbox 218 2292 279 2326; x_wconf 75' lang='lat'><strong>5‘2);</strong></span> <span class='ocrx_word' id='word_1_466' title='bbox 296 2291 360 2318; x_wconf 90' lang='lat' dir='ltr'><strong>hinc</strong></span> <span class='ocrx_word' id='word_1_467' title='bbox 373 2296 421 2324; x_wconf 82' lang='lat' dir='ltr'><strong>per</strong></span> <span class='ocrx_word' id='word_1_468' title='bbox 439 2287 563 2315; x_wconf 83' lang='lat' dir='ltr'><strong>eumdem</strong></span> <span class='ocrx_word' id='word_1_469' title='bbox 587 2284 695 2319; x_wconf 80' lang='lat' dir='ltr'><strong>Moysen</strong></span> <span class='ocrx_word' id='word_1_470' title='bbox 720 2282 790 2308; x_wconf 92' lang='lat' dir='ltr'><strong>Deus</strong></span> <span class='ocrx_word' id='word_1_471' title='bbox 815 2280 879 2308; x_wconf 88' lang='lat' dir='ltr'><strong>dicit</strong></span> <span class='ocrx_word' id='word_1_472' title='bbox 896 2288 902 2306; x_wconf 91' lang='lat'><strong>:</strong></span> 
     </span>
    </p>
   </div>
   <div class='ocr_carea' id='block_1_63' title="bbox 956 992 1742 1030">
    <p class='ocr_par' dir='ltr' id='par_1_63' title="bbox 956 992 1742 1030">
     <span class='ocr_line' id='line_1_63' title="bbox 956 992 1742 1030; baseline -0.005 -7"><span class='ocrx_word' id='word_1_473' title='bbox 956 1004 985 1023; x_wconf 82' lang='lat' dir='ltr'><strong>se</strong></span> <span class='ocrx_word' id='word_1_474' title='bbox 999 996 1098 1030; x_wconf 88' lang='lat' dir='ltr'><strong>ipsum,</strong></span> <span class='ocrx_word' id='word_1_475' title='bbox 1114 1002 1195 1030; x_wconf 81' lang='lat' dir='ltr'><strong>poma</strong></span> <span class='ocrx_word' id='word_1_476' title='bbox 1210 1002 1273 1024; x_wconf 87' lang='lat' dir='ltr'><strong>vero</strong></span> <span class='ocrx_word' id='word_1_477' title='bbox 1287 994 1391 1029; x_wconf 84' lang='lat' dir='ltr'><strong>peccati</strong></span> <span class='ocrx_word' id='word_1_478' title='bbox 1405 998 1456 1025; x_wconf 88' lang='lat' dir='ltr'><strong>est,</strong></span> <span class='ocrx_word' id='word_1_479' title='bbox 1469 993 1532 1028; x_wconf 88' lang='lat' dir='ltr'><strong>quia</strong></span> <span class='ocrx_word' id='word_1_480' title='bbox 1545 992 1649 1030; x_wconf 87' lang='lat' dir='ltr'><strong>culpam</strong></span> <span class='ocrx_word' id='word_1_481' title='bbox 1661 999 1742 1020; x_wconf 87' lang='lat' dir='ltr'><strong>vora-</strong></span> 
     </span>
    </p>
   </div>
   <div class='ocr_carea' id='block_1_64' title="bbox 955 1037 1743 1075">
    <p class='ocr_par' dir='ltr' id='par_1_64' title="bbox 955 1037 1743 1075">
     <span class='ocr_line' id='line_1_64' title="bbox 955 1037 1743 1075; baseline -0.005 -7"><span class='ocrx_word' id='word_1_482' title='bbox 955 1042 1044 1069; x_wconf 89' lang='lat' dir='ltr'><strong>citatis</strong></span> <span class='ocrx_word' id='word_1_483' title='bbox 1058 1037 1147 1073; x_wconf 79' lang='lat' dir='ltr'><strong>auxit;</strong></span> <span class='ocrx_word' id='word_1_484' title='bbox 1165 1048 1246 1069; x_wconf 84' lang='lat' dir='ltr'><strong>causa</strong></span> <span class='ocrx_word' id='word_1_485' title='bbox 1268 1044 1358 1068; x_wconf 85' lang='lat' dir='ltr'><strong>autem</strong></span> <span class='ocrx_word' id='word_1_486' title='bbox 1372 1039 1475 1075; x_wconf 87' lang='lat' dir='ltr'><strong>peccati</strong></span> <span class='ocrx_word' id='word_1_487' title='bbox 1499 1043 1540 1066; x_wconf 86' lang='lat' dir='ltr'><strong>est</strong></span> <span class='ocrx_word' id='word_1_488' title='bbox 1564 1038 1626 1073; x_wconf 84' lang='lat' dir='ltr'><strong>quia</strong></span> <span class='ocrx_word' id='word_1_489' title='bbox 1648 1037 1743 1066; x_wconf 89' lang='lat' dir='ltr'><strong>subse-</strong></span> 
     </span>
    </p>
   </div>
   <div class='ocr_carea' id='block_1_65' title="bbox 954 1076 1743 1122">
    <p class='ocr_par' dir='ltr' id='par_1_65' title="bbox 954 1076 1743 1122">
     <span class='ocr_line' id='line_1_65' title="bbox 954 1076 1743 1122; baseline -0.005 -8"><span class='ocrx_word' id='word_1_490' title='bbox 954 1095 1040 1122; x_wconf 89' lang='lat' dir='ltr'><strong>quens</strong></span> <span class='ocrx_word' id='word_1_491' title='bbox 1053 1086 1134 1114; x_wconf 89' lang='lat' dir='ltr'><strong>etiam</strong></span> <span class='ocrx_word' id='word_1_492' title='bbox 1149 1086 1323 1114; x_wconf 82' lang='lat' dir='ltr'><strong>homicidium</strong></span> <span class='ocrx_word' id='word_1_493' title='bbox 1338 1085 1441 1121; x_wconf 87' lang='lat' dir='ltr'><strong>genuit.</strong></span> <span class='ocrx_word' id='word_1_494' title='bbox 1464 1084 1551 1112; x_wconf 89' lang='lat' dir='ltr'><strong>Unum</strong></span> <span class='ocrx_word' id='word_1_495' title='bbox 1572 1090 1637 1120; x_wconf 86' lang='lat' dir='ltr'><strong>ergo</strong></span> <span class='ocrx_word' id='word_1_496' title='bbox 1660 1076 1743 1110; x_wconf 76' lang='lat' dir='ltr'><strong>idem-</strong></span> 
     </span>
    </p>
   </div>
   <div class='ocr_carea' id='block_1_66' title="bbox 953 1129 1744 1169">
    <p class='ocr_par' dir='ltr' id='par_1_66' title="bbox 953 1129 1744 1169">
     <span class='ocr_line' id='line_1_66' title="bbox 953 1129 1744 1169; baseline -0.006 -8"><span class='ocrx_word' id='word_1_497' title='bbox 953 1141 1006 1169; x_wconf 86' lang='lat' dir='ltr'><strong>que</strong></span> <span class='ocrx_word' id='word_1_498' title='bbox 1021 1137 1163 1168; x_wconf 85' lang='lat' dir='ltr'><strong>peccatum</strong></span> <span class='ocrx_word' id='word_1_499' title='bbox 1177 1138 1205 1160; x_wconf 91' lang='lat' dir='ltr'><strong>et</strong></span> <span class='ocrx_word' id='word_1_500' title='bbox 1216 1139 1296 1167; x_wconf 73' lang='lat' dir='ltr'><strong>poena</strong></span> <span class='ocrx_word' id='word_1_501' title='bbox 1309 1130 1496 1166; x_wconf 73' lang='lat' dir='ltr'><strong>praecedentis,</strong></span> <span class='ocrx_word' id='word_1_502' title='bbox 1512 1135 1540 1158; x_wconf 89' lang='lat' dir='ltr'><strong>et</strong></span> <span class='ocrx_word' id='word_1_503' title='bbox 1558 1137 1638 1157; x_wconf 84' lang='lat' dir='ltr'><strong>causa</strong></span> <span class='ocrx_word' id='word_1_504' title='bbox 1659 1129 1744 1164; x_wconf 70' lang='lat' dir='ltr'><strong>culpm</strong></span> 
     </span>
    </p>
   </div>
   <div class='ocr_carea' id='block_1_67' title="bbox 954 1178 1743 1216">
    <p class='ocr_par' dir='ltr' id='par_1_67' title="bbox 954 1178 1743 1216">
     <span class='ocr_line' id='line_1_67' title="bbox 954 1178 1743 1216; baseline -0.008 -7"><span class='ocrx_word' id='word_1_505' title='bbox 954 1181 1142 1216; x_wconf 87' lang='lat' dir='ltr'><strong>subsequentis</strong></span> <span class='ocrx_word' id='word_1_506' title='bbox 1155 1185 1196 1208; x_wconf 89' lang='lat' dir='ltr'><strong>est</strong></span> <span class='ocrx_word' id='word_1_507' title='bbox 1209 1189 1215 1207; x_wconf 90' lang='lat'><strong>:</strong></span> <span class='ocrx_word' id='word_1_508' title='bbox 1229 1180 1293 1215; x_wconf 87' lang='lat' dir='ltr'><strong>quia</strong></span> <span class='ocrx_word' id='word_1_509' title='bbox 1307 1184 1333 1208; x_wconf 89' lang='lat' dir='ltr'><strong>et</strong></span> <span class='ocrx_word' id='word_1_510' title='bbox 1348 1183 1485 1207; x_wconf 81' lang='lat' dir='ltr'><strong>transacta</strong></span> <span class='ocrx_word' id='word_1_511' title='bbox 1509 1178 1573 1206; x_wconf 88' lang='lat' dir='ltr'><strong>dum</strong></span> <span class='ocrx_word' id='word_1_512' title='bbox 1596 1180 1743 1213; x_wconf 71' lang='lat' dir='ltr'><strong>exaggerat</strong></span> 
     </span>
    </p>
   </div>
   <div class='ocr_carea' id='block_1_68' title="bbox 953 1222 1744 1260">
    <p class='ocr_par' dir='ltr' id='par_1_68' title="bbox 953 1222 1744 1260">
     <span class='ocr_line' id='line_1_68' title="bbox 953 1222 1744 1260; baseline -0.008 -5"><span class='ocrx_word' id='word_1_513' title='bbox 953 1228 1073 1259; x_wconf 81' lang='lat' dir='ltr'><strong>damnat,</strong></span> <span class='ocrx_word' id='word_1_514' title='bbox 1091 1231 1118 1254; x_wconf 88' lang='lat' dir='ltr'><strong>et</strong></span> <span class='ocrx_word' id='word_1_515' title='bbox 1131 1226 1220 1253; x_wconf 88' lang='lat' dir='ltr'><strong>adhuc</strong></span> <span class='ocrx_word' id='word_1_516' title='bbox 1239 1225 1442 1260; x_wconf 79' lang='lat' dir='ltr'><strong>subsequentia,</strong></span> <span class='ocrx_word' id='word_1_517' title='bbox 1466 1232 1526 1259; x_wconf 70' lang='lat' dir='ltr'><strong>qua:</strong></span> <span class='ocrx_word' id='word_1_518' title='bbox 1550 1222 1673 1253; x_wconf 86' lang='lat' dir='ltr'><strong>damnari</strong></span> <span class='ocrx_word' id='word_1_519' title='bbox 1698 1222 1744 1249; x_wconf 86' lang='lat' dir='ltr'><strong>de-</strong></span> 
     </span>
    </p>
   </div>
   <div class='ocr_carea' id='block_1_69' title="bbox 952 1267 1743 1306">
    <p class='ocr_par' dir='ltr' id='par_1_69' title="bbox 952 1267 1743 1306">
     <span class='ocr_line' id='line_1_69' title="bbox 952 1267 1743 1306; baseline -0.006 -6"><span class='ocrx_word' id='word_1_520' title='bbox 952 1273 1045 1305; x_wconf 88' lang='lat' dir='ltr'><strong>beant,</strong></span> <span class='ocrx_word' id='word_1_521' title='bbox 1065 1273 1189 1300; x_wconf 88' lang='lat' dir='ltr'><strong>seminat.</strong></span> <span class='ocrx_word' id='word_1_522' title='bbox 1210 1271 1295 1306; x_wconf 87' lang='lat' dir='ltr'><strong>lgitur</strong></span> <span class='ocrx_word' id='word_1_523' title='bbox 1314 1270 1376 1304; x_wconf 89' lang='lat' dir='ltr'><strong>quia</strong></span> <span class='ocrx_word' id='word_1_524' title='bbox 1391 1270 1509 1304; x_wconf 74' lang='lat' dir='ltr'><strong>peccatis</strong></span> <span class='ocrx_word' id='word_1_525' title='bbox 1530 1267 1743 1305; x_wconf 82' lang='lat' dir='ltr'><strong>praecedentibus</strong></span> 
     </span>
    </p>
   </div>
   <div class='ocr_carea' id='block_1_70' title="bbox 953 1313 1742 1350">
    <p class='ocr_par' dir='ltr' id='par_1_70' title="bbox 953 1313 1742 1350">
     <span class='ocr_line' id='line_1_70' title="bbox 953 1313 1742 1350; baseline -0.006 -5"><span class='ocrx_word' id='word_1_526' title='bbox 953 1323 1069 1346; x_wconf 63' lang='lat' dir='ltr'><strong>cmeatnr</strong></span> <span class='ocrx_word' id='word_1_527' title='bbox 1089 1317 1184 1345; x_wconf 84' lang='lat' dir='ltr'><strong>oculus</strong></span> <span class='ocrx_word' id='word_1_528' title='bbox 1198 1315 1297 1348; x_wconf 84' lang='lat' dir='ltr'><strong>cordis,</strong></span> <span class='ocrx_word' id='word_1_529' title='bbox 1314 1316 1373 1350; x_wconf 85' lang='lat' dir='ltr'><strong>ipsa</strong></span> <span class='ocrx_word' id='word_1_530' title='bbox 1391 1315 1499 1342; x_wconf 52' lang='lat' dir='ltr'><strong>tacitas</strong></span> <span class='ocrx_word' id='word_1_531' title='bbox 1522 1322 1581 1349; x_wconf 70' lang='lat' dir='ltr'><strong>qua:</strong></span> <span class='ocrx_word' id='word_1_532' title='bbox 1605 1313 1742 1349; x_wconf 78' lang='lat' dir='ltr'><strong>peccantis</strong></span> 
     </span>
    </p>
   </div>
   <div class='ocr_carea' id='block_1_71' title="bbox 953 1358 1740 1394">
    <p class='ocr_par' dir='ltr' id='par_1_71' title="bbox 953 1358 1740 1394">
     <span class='ocr_line' id='line_1_71' title="bbox 953 1358 1740 1394; baseline -0.006 -4"><span class='ocrx_word' id='word_1_533' title='bbox 953 1364 1071 1391; x_wconf 85' lang='lat' dir='ltr'><strong>animam</strong></span> <span class='ocrx_word' id='word_1_534' title='bbox 1095 1370 1128 1390; x_wconf 82' lang='lat' dir='ltr'><strong>ex</strong></span> <span class='ocrx_word' id='word_1_535' title='bbox 1151 1366 1282 1391; x_wconf 75' lang='lat' dir='ltr'><strong>anteactae</strong></span> <span class='ocrx_word' id='word_1_536' title='bbox 1304 1360 1388 1394; x_wconf 73' lang='lat' dir='ltr'><strong>culpae</strong></span> <span class='ocrx_word' id='word_1_537' title='bbox 1402 1360 1575 1387; x_wconf 86' lang='lat' dir='ltr'><strong>damnatione</strong></span> <span class='ocrx_word' id='word_1_538' title='bbox 1591 1358 1740 1390; x_wconf 89' lang='lat' dir='ltr'><strong>confundit,</strong></span> 
     </span>
    </p>
   </div>
   <div class='ocr_carea' id='block_1_72' title="bbox 952 1404 1741 1444">
    <p class='ocr_par' dir='ltr' id='par_1_72' title="bbox 952 1404 1741 1444">
     <span class='ocr_line' id='line_1_72' title="bbox 952 1404 1741 1444; baseline -0.009 -6"><span class='ocrx_word' id='word_1_539' title='bbox 952 1411 1049 1438; x_wconf 86' lang='lat' dir='ltr'><strong>merito</strong></span> <span class='ocrx_word' id='word_1_540' title='bbox 1065 1419 1116 1437; x_wconf 64' lang='grc' dir='ltr'><strong>ηοω</strong></span> <span class='ocrx_word' id='word_1_541' title='bbox 1129 1414 1254 1442; x_wconf 75' lang='lat' dir='ltr'><strong>vocatur,</strong></span> <span class='ocrx_word' id='word_1_542' title='bbox 1271 1407 1333 1444; x_wconf 87' lang='lat' dir='ltr'><strong>quia</strong></span> <span class='ocrx_word' id='word_1_543' title='bbox 1354 1414 1402 1441; x_wconf 90' lang='lat' dir='ltr'><strong>per</strong></span> <span class='ocrx_word' id='word_1_544' title='bbox 1413 1407 1485 1435; x_wconf 88' lang='lat' dir='ltr'><strong>hanc</strong></span> <span class='ocrx_word' id='word_1_545' title='bbox 1502 1407 1535 1434; x_wconf 90' lang='lat' dir='ltr'><strong>ab</strong></span> <span class='ocrx_word' id='word_1_546' title='bbox 1548 1405 1632 1434; x_wconf 92' lang='lat' dir='ltr'><strong>oculis</strong></span> <span class='ocrx_word' id='word_1_547' title='bbox 1657 1404 1741 1432; x_wconf 89' lang='lat' dir='ltr'><strong>delin-</strong></span> 
     </span>
    </p>
   </div>
   <div class='ocr_carea' id='block_1_73' title="bbox 952 1452 1741 1493">
    <p class='ocr_par' dir='ltr' id='par_1_73' title="bbox 952 1452 1741 1493">
     <span class='ocr_line' id='line_1_73' title="bbox 952 1452 1741 1493; baseline -0.009 -8"><span class='ocrx_word' id='word_1_548' title='bbox 952 1458 1060 1493; x_wconf 87' lang='lat' dir='ltr'><strong>quentis</strong></span> <span class='ocrx_word' id='word_1_549' title='bbox 1082 1457 1173 1484; x_wconf 90' lang='lat' dir='ltr'><strong>lumen</strong></span> <span class='ocrx_word' id='word_1_550' title='bbox 1198 1456 1321 1484; x_wconf 85' lang='lat' dir='ltr'><strong>veritatis</strong></span> <span class='ocrx_word' id='word_1_551' title='bbox 1349 1453 1531 1483; x_wconf 87' lang='lat' dir='ltr'><strong>absconditur.</strong></span> <span class='ocrx_word' id='word_1_552' title='bbox 1557 1452 1629 1481; x_wconf 87' lang='lat' dir='ltr'><strong>Bene</strong></span> <span class='ocrx_word' id='word_1_553' title='bbox 1650 1452 1741 1486; x_wconf 84' lang='lat' dir='ltr'><strong>itaque</strong></span> 
     </span>
    </p>
   </div>
   <div class='ocr_carea' id='block_1_74' title="bbox 952 1498 1740 1537">
    <p class='ocr_par' dir='ltr' id='par_1_74' title="bbox 952 1498 1740 1537">
     <span class='ocr_line' id='line_1_74' title="bbox 952 1498 1740 1537; baseline -0.01 -5"><span class='ocrx_word' id='word_1_554' title='bbox 952 1505 1050 1533; x_wconf 87' lang='lat' dir='ltr'><strong>dicitur</strong></span> <span class='ocrx_word' id='word_1_555' title='bbox 1067 1513 1073 1531; x_wconf 89' lang='lat'>:</span> <span class='ocrx_word' id='word_1_556' title='bbox 1092 1503 1170 1531; x_wconf 80' lang='lat' dir='ltr'><strong>Novit</strong></span> <span class='ocrx_word' id='word_1_557' title='bbox 1188 1503 1257 1530; x_wconf 86' lang='lat' dir='ltr'><strong>enim</strong></span> <span class='ocrx_word' id='word_1_558' title='bbox 1272 1511 1349 1537; x_wconf 81' lang='lat' dir='ltr'><strong>opera</strong></span> <span class='ocrx_word' id='word_1_559' title='bbox 1370 1508 1460 1530; x_wconf 81' lang='lat' dir='ltr'><strong>eorum</strong></span> <span class='ocrx_word' id='word_1_560' title='bbox 1480 1504 1504 1526; x_wconf 84' lang='lat' dir='ltr'><strong>et</strong></span> <span class='ocrx_word' id='word_1_561' title='bbox 1524 1499 1621 1527; x_wconf 80' lang='lat' dir='ltr'><strong>idcirco</strong></span> <span class='ocrx_word' id='word_1_562' title='bbox 1640 1498 1740 1525; x_wconf 81' lang='lat' dir='ltr'><strong>inducit</strong></span> 
     </span>
    </p>
   </div>
   <div class='ocr_carea' id='block_1_75' title="bbox 952 1545 1741 1585">
    <p class='ocr_par' dir='ltr' id='par_1_75' title="bbox 952 1545 1741 1585">
     <span class='ocr_line' id='line_1_75' title="bbox 952 1545 1741 1585; baseline -0.009 -7"><span class='ocrx_word' id='word_1_563' title='bbox 952 1556 1051 1578; x_wconf 85' lang='lat' dir='ltr'><strong>noctem</strong></span> <span class='ocrx_word' id='word_1_564' title='bbox 1063 1555 1087 1577; x_wconf 86' lang='lat' dir='ltr'><strong>et</strong></span> <span class='ocrx_word' id='word_1_565' title='bbox 1097 1554 1263 1577; x_wconf 84' lang='lat' dir='ltr'><strong>conterentur</strong></span> <span class='ocrx_word' id='word_1_566' title='bbox 1273 1547 1335 1585; x_wconf 76' lang='lat' dir='ltr'><strong>(Iob</strong></span> <span class='ocrx_word' id='word_1_567' title='bbox 1351 1555 1445 1579; x_wconf 82' lang='lat' dir='ltr'><strong>xxxtv,</strong></span> <span class='ocrx_word' id='word_1_568' title='bbox 1463 1545 1524 1581; x_wconf 70' lang='lat'><strong>25);</strong></span> <span class='ocrx_word' id='word_1_569' title='bbox 1537 1545 1611 1580; x_wconf 83' lang='lat' dir='ltr'><strong>quia,</strong></span> <span class='ocrx_word' id='word_1_570' title='bbox 1629 1549 1658 1572; x_wconf 95' lang='lat' dir='ltr'><strong>ut</strong></span> <span class='ocrx_word' id='word_1_571' title='bbox 1666 1551 1741 1580; x_wconf 66' lang='lat' dir='ltr'><strong>saepe</strong></span> 
     </span>
    </p>
   </div>
   <div class='ocr_carea' id='block_1_76' title="bbox 953 1589 1741 1629">
    <p class='ocr_par' dir='ltr' id='par_1_76' title="bbox 953 1589 1741 1629">
     <span class='ocr_line' id='line_1_76' title="bbox 953 1589 1741 1629; baseline -0.009 -6"><span class='ocrx_word' id='word_1_572' title='bbox 953 1596 1053 1623; x_wconf 89' lang='lat' dir='ltr'><strong>dictum</strong></span> <span class='ocrx_word' id='word_1_573' title='bbox 1071 1600 1122 1627; x_wconf 86' lang='lat' dir='ltr'><strong>est,</strong></span> <span class='ocrx_word' id='word_1_574' title='bbox 1146 1594 1327 1629; x_wconf 75' lang='lat' dir='ltr'><strong>prtecedentia</strong></span> <span class='ocrx_word' id='word_1_575' title='bbox 1348 1593 1476 1620; x_wconf 86' lang='lat' dir='ltr'><strong>nimirum</strong></span> <span class='ocrx_word' id='word_1_576' title='bbox 1496 1590 1565 1618; x_wconf 79' lang='lat' dir='ltr'><strong>mala</strong></span> <span class='ocrx_word' id='word_1_577' title='bbox 1588 1589 1690 1618; x_wconf 89' lang='lat' dir='ltr'><strong>faciunt</strong></span> <span class='ocrx_word' id='word_1_578' title='bbox 1711 1594 1741 1617; x_wconf 88' lang='lat' dir='ltr'><strong>ut</strong></span> 
     </span>
    </p>
   </div>
   <div class='ocr_carea' id='block_1_77' title="bbox 949 1635 1741 1677">
    <p class='ocr_par' dir='ltr' id='par_1_77' title="bbox 949 1635 1741 1677">
     <span class='ocr_line' id='line_1_77' title="bbox 949 1635 1741 1677; baseline -0.01 -7"><span class='ocrx_word' id='word_1_579' title='bbox 949 1642 982 1669; x_wconf 84' lang='lat' dir='ltr'><strong>ad</strong></span> <span class='ocrx_word' id='word_1_580' title='bbox 993 1641 1159 1677; x_wconf 85' lang='lat' dir='ltr'><strong>peccandum</strong></span> <span class='ocrx_word' id='word_1_581' title='bbox 1174 1641 1271 1667; x_wconf 80' lang='lat' dir='ltr'><strong>iterum</strong></span> <span class='ocrx_word' id='word_1_582' title='bbox 1287 1639 1406 1666; x_wconf 85' lang='lat' dir='ltr'><strong>tenebris</strong></span> <span class='ocrx_word' id='word_1_583' title='bbox 1420 1636 1646 1671; x_wconf 81' lang='lat' dir='ltr'><strong>subsequentibus</strong></span> <span class='ocrx_word' id='word_1_584' title='bbox 1656 1635 1741 1665; x_wconf 88' lang='lat' dir='ltr'><strong>invol-</strong></span> 
     </span>
    </p>
   </div>
   <div class='ocr_carea' id='block_1_78' title="bbox 950 1682 1740 1720">
    <p class='ocr_par' dir='ltr' id='par_1_78' title="bbox 950 1682 1740 1720">
     <span class='ocr_line' id='line_1_78' title="bbox 950 1682 1740 1720; baseline -0.006 -5"><span class='ocrx_word' id='word_1_585' title='bbox 950 1692 1058 1720; x_wconf 83' lang='lat' dir='ltr'><strong>vantur,</strong></span> <span class='ocrx_word' id='word_1_586' title='bbox 1079 1691 1109 1713; x_wconf 85' lang='lat' dir='ltr'><strong>ut</strong></span> <span class='ocrx_word' id='word_1_587' title='bbox 1129 1694 1162 1714; x_wconf 87' lang='lat' dir='ltr'><strong>eo</strong></span> <span class='ocrx_word' id='word_1_588' title='bbox 1182 1685 1239 1720; x_wconf 83' lang='lat' dir='ltr'><strong>jam</strong></span> <span class='ocrx_word' id='word_1_589' title='bbox 1262 1685 1352 1712; x_wconf 75' lang='lat' dir='ltr'><strong>lumen</strong></span> <span class='ocrx_word' id='word_1_590' title='bbox 1366 1683 1478 1718; x_wconf 68' lang='lat' dir='ltr'><strong>justititc</strong></span> <span class='ocrx_word' id='word_1_591' title='bbox 1501 1682 1592 1711; x_wconf 86' lang='lat' dir='ltr'><strong>videre</strong></span> <span class='ocrx_word' id='word_1_592' title='bbox 1604 1689 1659 1715; x_wconf 81' lang='lat' dir='ltr'><strong>non</strong></span> <span class='ocrx_word' id='word_1_593' title='bbox 1677 1689 1740 1717; x_wconf 76' lang='lat' dir='ltr'><strong>p.05—</strong></span> 
     </span>
    </p>
   </div>
   <div class='ocr_carea' id='block_1_79' title="bbox 950 1727 1738 1768">
    <p class='ocr_par' dir='ltr' id='par_1_79' title="bbox 950 1727 1738 1768">
     <span class='ocr_line' id='line_1_79' title="bbox 950 1727 1738 1768; baseline -0.01 -6"><span class='ocrx_word' id='word_1_594' title='bbox 950 1735 1015 1766; x_wconf 86' lang='lat' dir='ltr'><strong>sint,</strong></span> <span class='ocrx_word' id='word_1_595' title='bbox 1030 1741 1082 1768; x_wconf 88' lang='lat' dir='ltr'><strong>qua</strong></span> <span class='ocrx_word' id='word_1_596' title='bbox 1094 1733 1168 1765; x_wconf 90' lang='lat' dir='ltr'><strong>illud,</strong></span> <span class='ocrx_word' id='word_1_597' title='bbox 1181 1737 1209 1759; x_wconf 89' lang='lat' dir='ltr'><strong>et</strong></span> <span class='ocrx_word' id='word_1_598' title='bbox 1220 1731 1328 1766; x_wconf 89' lang='lat' dir='ltr'><strong>quando</strong></span> <span class='ocrx_word' id='word_1_599' title='bbox 1338 1734 1474 1766; x_wconf 81' lang='lat' dir='ltr'><strong>poterant,</strong></span> <span class='ocrx_word' id='word_1_600' title='bbox 1483 1729 1576 1757; x_wconf 85' lang='lat' dir='ltr'><strong>videre</strong></span> <span class='ocrx_word' id='word_1_601' title='bbox 1588 1727 1738 1762; x_wconf 74' lang='lat' dir='ltr'><strong>noluerunt.</strong></span> 
     </span>
    </p>
   </div>
   <div class='ocr_carea' id='block_1_80' title="bbox 950 1773 1740 1808">
    <p class='ocr_par' dir='ltr' id='par_1_80' title="bbox 950 1773 1740 1808">
     <span class='ocr_line' id='line_1_80' title="bbox 950 1773 1740 1808; baseline -0.008 -2"><span class='ocrx_word' id='word_1_602' title='bbox 950 1779 1079 1807; x_wconf 77' lang='lat' dir='ltr'><strong>inducere</strong></span> <span class='ocrx_word' id='word_1_603' title='bbox 1098 1782 1189 1805; x_wconf 79' lang='lat' dir='ltr'><strong>autem</strong></span> <span class='ocrx_word' id='word_1_604' title='bbox 1202 1781 1308 1805; x_wconf 88' lang='lat' dir='ltr'><strong>noctem</strong></span> <span class='ocrx_word' id='word_1_605' title='bbox 1321 1776 1452 1807; x_wconf 88' lang='lat' dir='ltr'><strong>Dominus</strong></span> <span class='ocrx_word' id='word_1_606' title='bbox 1472 1774 1581 1806; x_wconf 86' lang='lat' dir='ltr'><strong>dicitur,</strong></span> <span class='ocrx_word' id='word_1_607' title='bbox 1599 1781 1652 1801; x_wconf 80' lang='lat' dir='ltr'><strong>non</strong></span> <span class='ocrx_word' id='word_1_608' title='bbox 1669 1773 1740 1808; x_wconf 79' lang='lat' dir='ltr'><strong>quod</strong></span> 
     </span>
    </p>
   </div>
   <div class='ocr_carea' id='block_1_81' title="bbox 951 1818 1740 1860">
    <p class='ocr_par' dir='ltr' id='par_1_81' title="bbox 951 1818 1740 1860">
     <span class='ocr_line' id='line_1_81' title="bbox 951 1818 1740 1860; baseline -0.01 -8"><span class='ocrx_word' id='word_1_609' title='bbox 951 1825 1008 1860; x_wconf 90' lang='lat' dir='ltr'><strong>ipse</strong></span> <span class='ocrx_word' id='word_1_610' title='bbox 1022 1824 1147 1852; x_wconf 88' lang='lat' dir='ltr'><strong>tenebras</strong></span> <span class='ocrx_word' id='word_1_611' title='bbox 1162 1822 1270 1854; x_wconf 83' lang='lat' dir='ltr'><strong>inferat,</strong></span> <span class='ocrx_word' id='word_1_612' title='bbox 1294 1821 1341 1849; x_wconf 84' lang='lat' dir='ltr'><strong>sed</strong></span> <span class='ocrx_word' id='word_1_613' title='bbox 1360 1820 1432 1855; x_wconf 90' lang='lat' dir='ltr'><strong>quod</strong></span> <span class='ocrx_word' id='word_1_614' title='bbox 1446 1819 1560 1847; x_wconf 87' lang='lat' dir='ltr'><strong>obscura</strong></span> <span class='ocrx_word' id='word_1_615' title='bbox 1576 1818 1658 1850; x_wconf 80' lang='lat' dir='ltr'><strong>corda</strong></span> <span class='ocrx_word' id='word_1_616' title='bbox 1676 1824 1740 1853; x_wconf 84' lang='lat' dir='ltr'><strong>pec-</strong></span> 
     </span>
    </p>
   </div>
   <div class='ocr_carea' id='block_1_82' title="bbox 951 1862 1739 1900">
    <p class='ocr_par' dir='ltr' id='par_1_82' title="bbox 951 1862 1739 1900">
     <span class='ocr_line' id='line_1_82' title="bbox 951 1862 1739 1900; baseline -0.01 -3"><span class='ocrx_word' id='word_1_617' title='bbox 951 1869 1070 1896; x_wconf 75' lang='lat' dir='ltr'><strong>cantium</strong></span> <span class='ocrx_word' id='word_1_618' title='bbox 1092 1867 1306 1895; x_wconf 87' lang='lat' dir='ltr'><strong>misericorditer</strong></span> <span class='ocrx_word' id='word_1_619' title='bbox 1324 1873 1376 1892; x_wconf 89' lang='lat' dir='ltr'><strong>non</strong></span> <span class='ocrx_word' id='word_1_620' title='bbox 1398 1865 1523 1896; x_wconf 90' lang='lat' dir='ltr'><strong>illustrct,</strong></span> <span class='ocrx_word' id='word_1_621' title='bbox 1544 1867 1573 1890; x_wconf 93' lang='lat' dir='ltr'><strong>ut</strong></span> <span class='ocrx_word' id='word_1_622' title='bbox 1588 1863 1639 1899; x_wconf 80' lang='lat' dir='ltr'><strong>hoc</strong></span> <span class='ocrx_word' id='word_1_623' title='bbox 1653 1862 1739 1900; x_wconf 84' lang='lat' dir='ltr'><strong>ipsum</strong></span> 
     </span>
    </p>
   </div>
   <div class='ocr_carea' id='block_1_83' title="bbox 951 1909 1743 1948">
    <p class='ocr_par' dir='ltr' id='par_1_83' title="bbox 951 1909 1743 1948">
     <span class='ocr_line' id='line_1_83' title="bbox 951 1909 1743 1948; baseline -0.008 -5"><span class='ocrx_word' id='word_1_624' title='bbox 951 1920 1059 1943; x_wconf 89' lang='lat' dir='ltr'><strong>noctem</strong></span> <span class='ocrx_word' id='word_1_625' title='bbox 1074 1914 1211 1941; x_wconf 78' lang='lat' dir='ltr'><strong>induxisse</strong></span> <span class='ocrx_word' id='word_1_626' title='bbox 1226 1912 1273 1948; x_wconf 82' lang='lat' dir='ltr'><strong>[aL</strong></span> <span class='ocrx_word' id='word_1_627' title='bbox 1294 1912 1319 1939; x_wconf 92' lang='lat' dir='ltr'><strong>id</strong></span> <span class='ocrx_word' id='word_1_628' title='bbox 1341 1915 1421 1939; x_wconf 81' lang='lat' dir='ltr'><strong>nocte</strong></span> <span class='ocrx_word' id='word_1_629' title='bbox 1448 1909 1575 1946; x_wconf 58' lang='lat' dir='ltr'><strong>caecasse]</strong></span> <span class='ocrx_word' id='word_1_630' title='bbox 1591 1910 1638 1945; x_wconf 86' lang='lat' dir='ltr'><strong>sit,</strong></span> <span class='ocrx_word' id='word_1_631' title='bbox 1659 1916 1675 1936; x_wconf 89' lang='lat' dir='ltr'><strong>a</strong></span> <span class='ocrx_word' id='word_1_632' title='bbox 1692 1916 1743 1937; x_wconf 76' lang='lat' dir='ltr'><strong>ca:-</strong></span> 
     </span>
    </p>
   </div>
   <div class='ocr_carea' id='block_1_84' title="bbox 951 1955 1457 1991">
    <p class='ocr_par' dir='ltr' id='par_1_84' title="bbox 951 1955 1457 1991">
     <span class='ocr_line' id='line_1_84' title="bbox 951 1955 1457 1991; baseline -0.01 -3"><span class='ocrx_word' id='word_1_633' title='bbox 951 1961 1042 1988; x_wconf 83' lang='lat' dir='ltr'><strong>citatis</strong></span> <span class='ocrx_word' id='word_1_634' title='bbox 1058 1959 1176 1987; x_wconf 84' lang='lat' dir='ltr'><strong>tenebris</strong></span> <span class='ocrx_word' id='word_1_635' title='bbox 1186 1958 1302 1986; x_wconf 86' lang='lat' dir='ltr'><strong>liberare</strong></span> <span class='ocrx_word' id='word_1_636' title='bbox 1317 1955 1457 1991; x_wconf 62' lang='lat' dir='ltr'><strong>noluisse}</strong></span> 
     </span>
    </p>
   </div>
   <div class='ocr_carea' id='block_1_85' title="bbox 987 2000 1742 2040">
    <p class='ocr_par' dir='ltr' id='par_1_85' title="bbox 987 2000 1742 2040">
     <span class='ocr_line' id='line_1_85' title="bbox 987 2000 1742 2040; baseline -0.009 -8"><span class='ocrx_word' id='word_1_637' title='bbox 987 2006 1007 2040; x_wconf 70' lang='lat'><strong>1-</strong></span> <span class='ocrx_word' id='word_1_638' title='bbox 1022 2005 1122 2032; x_wconf 89' lang='lat' dir='ltr'><strong>Deinde</strong></span> <span class='ocrx_word' id='word_1_639' title='bbox 1133 2004 1279 2038; x_wconf 86' lang='lat' dir='ltr'><strong>respondes</strong></span> <span class='ocrx_word' id='word_1_640' title='bbox 1289 2003 1331 2030; x_wconf 86' lang='lat' dir='ltr'><strong>his</strong></span> <span class='ocrx_word' id='word_1_641' title='bbox 1343 2002 1388 2037; x_wconf 87' lang='lat' dir='ltr'><strong>qui</strong></span> <span class='ocrx_word' id='word_1_642' title='bbox 1403 2001 1533 2034; x_wconf 80' lang='lat' dir='ltr'><strong>uolentes,</strong></span> <span class='ocrx_word' id='word_1_643' title='bbox 1547 2000 1603 2028; x_wconf 89' lang='lat' dir='ltr'><strong>imo</strong></span> <span class='ocrx_word' id='word_1_644' title='bbox 1613 2006 1742 2035; x_wconf 86' lang='lat' dir='ltr'><strong>spernen-</strong></span> 
     </span>
    </p>
   </div>
   <div class='ocr_carea' id='block_1_86' title="bbox 954 2044 1742 2084">
    <p class='ocr_par' dir='ltr' id='par_1_86' title="bbox 954 2044 1742 2084">
     <span class='ocr_line' id='line_1_86' title="bbox 954 2044 1742 2084; baseline -0.009 -6"><span class='ocrx_word' id='word_1_645' title='bbox 954 2056 1004 2082; x_wconf 86' lang='lat' dir='ltr'><strong>tes,</strong></span> <span class='ocrx_word' id='word_1_646' title='bbox 1030 2057 1077 2077; x_wconf 88' lang='lat' dir='ltr'><strong>sua</strong></span> <span class='ocrx_word' id='word_1_647' title='bbox 1102 2053 1214 2084; x_wconf 85' lang='lat' dir='ltr'><strong>peccata</strong></span> <span class='ocrx_word' id='word_1_648' title='bbox 1237 2048 1391 2083; x_wconf 75' lang='lat' dir='ltr'><strong>corrigere,</strong></span> <span class='ocrx_word' id='word_1_649' title='bbox 1415 2049 1565 2081; x_wconf 87' lang='lat' dir='ltr'><strong>queruntur</strong></span> <span class='ocrx_word' id='word_1_650' title='bbox 1590 2045 1624 2077; x_wconf 75' lang='lat' dir='ltr'><strong>de</strong></span> <span class='ocrx_word' id='word_1_651' title='bbox 1653 2044 1742 2071; x_wconf 90' lang='lat' dir='ltr'><strong>divina</strong></span> 
     </span>
    </p>
   </div>
   <div class='ocr_carea' id='block_1_87' title="bbox 953 2089 1744 2131">
    <p class='ocr_par' dir='ltr' id='par_1_87' title="bbox 953 2089 1744 2131">
     <span class='ocr_line' id='line_1_87' title="bbox 953 2089 1744 2131; baseline -0.01 -7"><span class='ocrx_word' id='word_1_652' title='bbox 953 2096 1121 2131; x_wconf 85' lang='lat' dir='ltr'><strong>operatione,</strong></span> <span class='ocrx_word' id='word_1_653' title='bbox 1133 2102 1183 2122; x_wconf 91' lang='lat' dir='ltr'><strong>cur</strong></span> <span class='ocrx_word' id='word_1_654' title='bbox 1194 2094 1266 2122; x_wconf 79' lang='lat' dir='ltr'><strong>Deus</strong></span> <span class='ocrx_word' id='word_1_655' title='bbox 1279 2093 1380 2120; x_wconf 88' lang='lat' dir='ltr'><strong>dederit</strong></span> <span class='ocrx_word' id='word_1_656' title='bbox 1392 2092 1506 2119; x_wconf 86' lang='lat' dir='ltr'><strong>liberum</strong></span> <span class='ocrx_word' id='word_1_657' title='bbox 1519 2089 1674 2122; x_wconf 87' lang='lat' dir='ltr'><strong>arbitrium,</strong></span> <span class='ocrx_word' id='word_1_658' title='bbox 1690 2096 1744 2124; x_wconf 86' lang='lat' dir='ltr'><strong>quo</strong></span> 
     </span>
    </p>
   </div>
   <div class='ocr_carea' id='block_1_88' title="bbox 955 2134 1743 2176">
    <p class='ocr_par' dir='ltr' id='par_1_88' title="bbox 955 2134 1743 2176">
     <span class='ocr_line' id='line_1_88' title="bbox 955 2134 1743 2176; baseline -0.01 -7"><span class='ocrx_word' id='word_1_659' title='bbox 955 2141 1012 2169; x_wconf 91' lang='lat' dir='ltr'><strong>solo</strong></span> <span class='ocrx_word' id='word_1_660' title='bbox 1024 2148 1136 2176; x_wconf 84' lang='lat' dir='ltr'><strong>peccare</strong></span> <span class='ocrx_word' id='word_1_661' title='bbox 1157 2140 1342 2172; x_wconf 82' lang='lat' dir='ltr'><strong>convincatur.</strong></span> <span class='ocrx_word' id='word_1_662' title='bbox 1363 2138 1391 2165; x_wconf 90' lang='lat' dir='ltr'><strong>ln</strong></span> <span class='ocrx_word' id='word_1_663' title='bbox 1406 2146 1457 2172; x_wconf 71' lang='grc' dir='ltr'><strong>(ιω</strong></span> <span class='ocrx_word' id='word_1_664' title='bbox 1481 2135 1656 2174; x_wconf 71' lang='lat' dir='ltr'><strong>responsione</strong></span> <span class='ocrx_word' id='word_1_665' title='bbox 1672 2134 1743 2170; x_wconf 88' lang='lat' dir='ltr'><strong>quod</strong></span> 
     </span>
    </p>
   </div>
   <div class='ocr_carea' id='block_1_89' title="bbox 955 2181 1743 2220">
    <p class='ocr_par' dir='ltr' id='par_1_89' title="bbox 955 2181 1743 2220">
     <span class='ocr_line' id='line_1_89' title="bbox 955 2181 1743 2220; baseline -0.01 -5"><span class='ocrx_word' id='word_1_666' title='bbox 955 2188 1033 2219; x_wconf 81' lang='lat' dir='ltr'><strong>dicis,</strong></span> <span class='ocrx_word' id='word_1_667' title='bbox 1045 2187 1129 2217; x_wconf 83' lang='lat' dir='ltr'><strong>Deum</strong></span> <span class='ocrx_word' id='word_1_668' title='bbox 1143 2187 1306 2214; x_wconf 78' lang='lat' dir='ltr'><strong>occasionem</strong></span> <span class='ocrx_word' id='word_1_669' title='bbox 1329 2189 1493 2220; x_wconf 82' lang='lat' dir='ltr'><strong>peccatorum</strong></span> <span class='ocrx_word' id='word_1_670' title='bbox 1512 2183 1624 2215; x_wconf 77' lang='lat' dir='ltr'><strong>dedisse,</strong></span> <span class='ocrx_word' id='word_1_671' title='bbox 1647 2181 1743 2213; x_wconf 83' lang='lat' dir='ltr'><strong>falsum</strong></span> 
     </span>
    </p>
   </div>
   <div class='ocr_carea' id='block_1_90' title="bbox 955 2227 1743 2264">
    <p class='ocr_par' dir='ltr' id='par_1_90' title="bbox 955 2227 1743 2264">
     <span class='ocr_line' id='line_1_90' title="bbox 955 2227 1743 2264; baseline -0.009 -3"><span class='ocrx_word' id='word_1_672' title='bbox 955 2238 997 2262; x_wconf 84' lang='lat' dir='ltr'><strong>est</strong></span> <span class='ocrx_word' id='word_1_673' title='bbox 1013 2242 1019 2259; x_wconf 93' lang='lat'>:</span> <span class='ocrx_word' id='word_1_674' title='bbox 1035 2241 1088 2260; x_wconf 90' lang='lat' dir='ltr'><strong>non</strong></span> <span class='ocrx_word' id='word_1_675' title='bbox 1103 2233 1175 2260; x_wconf 91' lang='lat' dir='ltr'><strong>enim</strong></span> <span class='ocrx_word' id='word_1_676' title='bbox 1190 2232 1262 2264; x_wconf 86' lang='lat' dir='ltr'><strong>dedit</strong></span> <span class='ocrx_word' id='word_1_677' title='bbox 1274 2231 1452 2263; x_wconf 82' lang='lat' dir='ltr'><strong>occasionem,</strong></span> <span class='ocrx_word' id='word_1_678' title='bbox 1470 2229 1516 2257; x_wconf 89' lang='lat' dir='ltr'><strong>sed</strong></span> <span class='ocrx_word' id='word_1_679' title='bbox 1534 2229 1698 2259; x_wconf 85' lang='lat' dir='ltr'><strong>libertatem.</strong></span> <span class='ocrx_word' id='word_1_680' title='bbox 1716 2227 1743 2254; x_wconf 87' lang='lat' dir='ltr'><strong>Si</strong></span> 
     </span>
    </p>
   </div>
   <div class='ocr_carea' id='block_1_91' title="bbox 956 2275 1746 2314">
    <p class='ocr_par' dir='ltr' id='par_1_91' title="bbox 956 2275 1746 2314">
     <span class='ocr_line' id='line_1_91' title="bbox 956 2275 1746 2314; baseline -0.009 -8"><span class='ocrx_word' id='word_1_681' title='bbox 956 2287 1030 2314; x_wconf 87' lang='lat' dir='ltr'><strong>ergo,</strong></span> <span class='ocrx_word' id='word_1_682' title='bbox 1043 2279 1113 2306; x_wconf 84' lang='lat' dir='ltr'><strong>sicut</strong></span> <span class='ocrx_word' id='word_1_683' title='bbox 1126 2278 1258 2310; x_wconf 86' lang='lat' dir='ltr'><strong>annectis,</strong></span> <span class='ocrx_word' id='word_1_684' title='bbox 1273 2285 1324 2304; x_wconf 87' lang='lat' dir='ltr'><strong>non</strong></span> <span class='ocrx_word' id='word_1_685' title='bbox 1336 2280 1373 2304; x_wconf 79' lang='lat' dir='ltr'><strong>est</strong></span> <span class='ocrx_word' id='word_1_686' title='bbox 1385 2276 1496 2302; x_wconf 83' lang='lat' dir='ltr'><strong>liberum</strong></span> <span class='ocrx_word' id='word_1_687' title='bbox 1509 2275 1647 2302; x_wconf 84' lang='lat' dir='ltr'><strong>arbitrium</strong></span> <span class='ocrx_word' id='word_1_688' title='bbox 1659 2281 1746 2308; x_wconf 80' lang='lat' dir='ltr'><strong>pecca-</strong></span> 
     </span>
    </p>
   </div>
   <div class='ocr_carea' id='block_1_92' title="bbox 114 2314 1747 2366">
    <p class='ocr_par' dir='ltr' id='par_1_92' title="bbox 114 2314 1747 2366">
     <span class='ocr_line' id='line_1_92' title="bbox 115 2314 638 2326; baseline -0.023 -4"><span class='ocrx_word' id='word_1_689' title='bbox 115 2314 204 2325; x_wconf 75' lang='lat'><strong>.......,</strong></span> <span class='ocrx_word' id='word_1_690' title='bbox 218 2314 262 2326; x_wconf 63' lang='grc' dir='ltr'><strong>π,</strong></span> <span class='ocrx_word' id='word_1_691' title='bbox 273 2314 279 2324; x_wconf 88' lang='grc'><em>,</em></span> <span class='ocrx_word' id='word_1_692' title='bbox 375 2314 414 2324; x_wconf 36' lang='grc' dir='ltr'>,κ</span> <span class='ocrx_word' id='word_1_693' title='bbox 631 2314 638 2319; x_wconf 90' lang='lat'>_</span> 
     </span>
     <span class='ocr_line' id='line_1_93' title="bbox 114 2314 1747 2366; baseline -0.013 0"><span class='ocrx_word' id='word_1_694' title='bbox 114 2338 160 2366; x_wconf 73' lang='lat' dir='ltr'><strong>Ea:</strong></span> <span class='ocrx_word' id='word_1_695' title='bbox 173 2339 245 2365; x_wconf 85' lang='lat' dir='ltr'><strong>vinea</strong></span> <span class='ocrx_word' id='word_1_696' title='bbox 267 2336 334 2363; x_wconf 84' lang='lat' dir='ltr'><strong>enim</strong></span> <span class='ocrx_word' id='word_1_697' title='bbox 360 2333 534 2361; x_wconf 85' lang='lat' dir='ltr'><strong>Sodomorum</strong></span> <span class='ocrx_word' id='word_1_698' title='bbox 557 2330 617 2357; x_wconf 78' lang='lat' dir='ltr'><strong>vitis</strong></span> <span class='ocrx_word' id='word_1_699' title='bbox 637 2336 726 2355; x_wconf 80' lang='lat' dir='ltr'><strong>eorum</strong></span> <span class='ocrx_word' id='word_1_700' title='bbox 747 2331 770 2353; x_wconf 82' lang='lat' dir='ltr'><strong>et</strong></span> <span class='ocrx_word' id='word_1_701' title='bbox 790 2332 904 2360; x_wconf 86' lang='lat' dir='ltr'><strong>propago</strong></span> <span class='ocrx_word' id='word_1_702' title='bbox 917 2314 944 2344; x_wconf 71' lang='grc' dir='ltr'><strong><em>Β</em></strong></span> <span class='ocrx_word' id='word_1_703' title='bbox 955 2329 1043 2352; x_wconf 81' lang='lat' dir='ltr'><strong>torum</strong></span> <span class='ocrx_word' id='word_1_704' title='bbox 1058 2331 1149 2356; x_wconf 74' lang='lat' dir='ltr'><strong>causa,</strong></span> <span class='ocrx_word' id='word_1_705' title='bbox 1162 2331 1221 2354; x_wconf 83' lang='lat' dir='ltr'><strong>cum</strong></span> <span class='ocrx_word' id='word_1_706' title='bbox 1232 2323 1264 2350; x_wconf 87' lang='lat' dir='ltr'><strong>sit</strong></span> <span class='ocrx_word' id='word_1_707' title='bbox 1279 2322 1386 2354; x_wconf 85' lang='lat' dir='ltr'><strong>donum,</strong></span> <span class='ocrx_word' id='word_1_708' title='bbox 1401 2321 1524 2356; x_wconf 86' lang='lat' dir='ltr'><strong>sequitur</strong></span> <span class='ocrx_word' id='word_1_709' title='bbox 1539 2324 1568 2353; x_wconf 84' lang='lat' dir='ltr'><strong>ut</strong></span> <span class='ocrx_word' id='word_1_710' title='bbox 1580 2327 1630 2347; x_wconf 88' lang='lat' dir='ltr'><strong>nec</strong></span> <span class='ocrx_word' id='word_1_711' title='bbox 1640 2319 1747 2347; x_wconf 86' lang='lat' dir='ltr'><strong>occasio</strong></span> 
     </span>
    </p>
   </div>
   <div class='ocr_carea' id='block_1_93' title="bbox 113 2371 903 2413">
    <p class='ocr_par' dir='ltr' id='par_1_93' title="bbox 113 2371 903 2413">
     <span class='ocr_line' id='line_1_94' title="bbox 113 2371 903 2413; baseline -0.02 -1"><span class='ocrx_word' id='word_1_712' title='bbox 113 2392 207 2413; x_wconf 83' lang='lat' dir='ltr'><strong>eorum</strong></span> <span class='ocrx_word' id='word_1_713' title='bbox 221 2390 253 2410; x_wconf 76' lang='lat' dir='ltr'><strong>ea:</strong></span> <span class='ocrx_word' id='word_1_714' title='bbox 264 2380 424 2411; x_wconf 85' lang='lat' dir='ltr'><strong>Gomorrha;</strong></span> <span class='ocrx_word' id='word_1_715' title='bbox 445 2386 494 2404; x_wconf 87' lang='lat' dir='ltr'><strong>uva</strong></span> <span class='ocrx_word' id='word_1_716' title='bbox 507 2384 597 2403; x_wconf 74' lang='lat' dir='ltr'><strong>eorum</strong></span> <span class='ocrx_word' id='word_1_717' title='bbox 611 2383 659 2401; x_wconf 84' lang='lat' dir='ltr'><strong>uva</strong></span> <span class='ocrx_word' id='word_1_718' title='bbox 674 2372 752 2408; x_wconf 73' lang='lat' dir='ltr'><strong>fellis,</strong></span> <span class='ocrx_word' id='word_1_719' title='bbox 773 2375 796 2399; x_wconf 83' lang='lat' dir='ltr'><strong>et</strong></span> <span class='ocrx_word' id='word_1_720' title='bbox 814 2371 903 2398; x_wconf 77' lang='lat' dir='ltr'><strong>botrus</strong></span> 
     </span>
    </p>
   </div>
   <div class='ocr_carea' id='block_1_94' title="bbox 114 2419 903 2461">
    <p class='ocr_par' dir='ltr' id='par_1_94' title="bbox 114 2419 903 2461">
     <span class='ocr_line' id='line_1_95' title="bbox 114 2419 903 2461; baseline -0.019 -4"><span class='ocrx_word' id='word_1_721' title='bbox 114 2428 303 2457; x_wconf 83' lang='lat' dir='ltr'><strong>amaritudinis</strong></span> <span class='ocrx_word' id='word_1_722' title='bbox 317 2426 380 2461; x_wconf 83' lang='lat' dir='ltr'><strong>ipsis</strong></span> <span class='ocrx_word' id='word_1_723' title='bbox 396 2433 405 2452; x_wconf 87' lang='lat'><strong>.&#39;</strong></span> <span class='ocrx_word' id='word_1_724' title='bbox 418 2424 492 2459; x_wconf 77' lang='lat' dir='ltr'><strong>furor</strong></span> <span class='ocrx_word' id='word_1_725' title='bbox 504 2422 648 2449; x_wconf 84' lang='lat' dir='ltr'><strong>draconum</strong></span> <span class='ocrx_word' id='word_1_726' title='bbox 659 2419 748 2446; x_wconf 81' lang='lat' dir='ltr'><strong>vinum</strong></span> <span class='ocrx_word' id='word_1_727' title='bbox 768 2424 868 2448; x_wconf 87' lang='lat' dir='ltr'><strong>eorum,</strong></span> <span class='ocrx_word' id='word_1_728' title='bbox 880 2420 903 2442; x_wconf 88' lang='lat' dir='ltr'><strong>et</strong></span> 
     </span>
    </p>
   </div>
   <div class='ocr_carea' id='block_1_95' title="bbox 115 2465 905 2510">
    <p class='ocr_par' dir='ltr' id='par_1_95' title="bbox 115 2465 905 2510">
     <span class='ocr_line' id='line_1_96' title="bbox 115 2465 905 2510; baseline -0.019 -8"><span class='ocrx_word' id='word_1_729' title='bbox 115 2476 195 2510; x_wconf 77' lang='lat' dir='ltr'><strong>[uror</strong></span> <span class='ocrx_word' id='word_1_730' title='bbox 221 2472 341 2507; x_wconf 78' lang='lat' dir='ltr'><strong>aspidum</strong></span> <span class='ocrx_word' id='word_1_731' title='bbox 360 2468 523 2497; x_wconf 64' lang='lat' dir='ltr'><strong>insanabilis.</strong></span> <span class='ocrx_word' id='word_1_732' title='bbox 553 2466 647 2493; x_wconf 77' lang='lat' dir='ltr'><strong>Nonus</strong></span> <span class='ocrx_word' id='word_1_733' title='bbox 671 2465 726 2491; x_wconf 72' lang='lat' dir='ltr'><strong>lucc</strong></span> <span class='ocrx_word' id='word_1_734' title='bbox 751 2466 905 2498; x_wconf 84' lang='lat' dir='ltr'><strong>congregata</strong></span> 
     </span>
    </p>
   </div>
   <div class='ocr_carea' id='block_1_96' title="bbox 114 2509 906 2554">
    <p class='ocr_par' dir='ltr' id='par_1_96' title="bbox 114 2509 906 2554">
     <span class='ocr_line' id='line_1_97' title="bbox 114 2509 906 2554; baseline -0.015 -6"><span class='ocrx_word' id='word_1_735' title='bbox 114 2509 178 2548; x_wconf 77' lang='lat' dir='ltr'><strong>sunt</strong></span> <span class='ocrx_word' id='word_1_736' title='bbox 190 2519 260 2554; x_wconf 85' lang='lat' dir='ltr'><strong>apud</strong></span> <span class='ocrx_word' id='word_1_737' title='bbox 275 2527 324 2550; x_wconf 85' lang='lat' dir='ltr'><strong>me,</strong></span> <span class='ocrx_word' id='word_1_738' title='bbox 349 2523 371 2544; x_wconf 88' lang='lat' dir='ltr'><strong>et</strong></span> <span class='ocrx_word' id='word_1_739' title='bbox 393 2517 496 2551; x_wconf 84' lang='lat' dir='ltr'><strong>signata</strong></span> <span class='ocrx_word' id='word_1_740' title='bbox 515 2516 542 2541; x_wconf 89' lang='lat' dir='ltr'><strong>in</strong></span> <span class='ocrx_word' id='word_1_741' title='bbox 562 2513 692 2541; x_wconf 78' lang='lat' dir='ltr'><strong>thesauris</strong></span> <span class='ocrx_word' id='word_1_742' title='bbox 706 2511 790 2539; x_wconf 73' lang='lat' dir='ltr'><strong>meis?</strong></span> <span class='ocrx_word' id='word_1_743' title='bbox 810 2510 843 2537; x_wconf 89' lang='lat' dir='ltr'><strong>In</strong></span> <span class='ocrx_word' id='word_1_744' title='bbox 865 2509 906 2537; x_wconf 83' lang='lat' dir='ltr'><strong>die</strong></span> 
     </span>
    </p>
   </div>
   <div class='ocr_carea' id='block_1_97' title="bbox 116 2556 905 2597">
    <p class='ocr_par' dir='ltr' id='par_1_97' title="bbox 116 2556 905 2597">
     <span class='ocr_line' id='line_1_98' title="bbox 116 2556 905 2597; baseline -0.015 -4"><span class='ocrx_word' id='word_1_745' title='bbox 116 2565 228 2594; x_wconf 84' lang='lat' dir='ltr'><strong>ultionis</strong></span> <span class='ocrx_word' id='word_1_746' title='bbox 258 2564 365 2591; x_wconf 82' lang='lat' dir='ltr'><strong>reddant</strong></span> <span class='ocrx_word' id='word_1_747' title='bbox 388 2563 425 2589; x_wconf 81' lang='lat' dir='ltr'><strong>eis</strong></span> <span class='ocrx_word' id='word_1_748' title='bbox 448 2561 550 2597; x_wconf 64' lang='lat' dir='ltr'><strong>(Ibid,</strong></span> <span class='ocrx_word' id='word_1_749' title='bbox 574 2558 684 2593; x_wconf 72' lang='lat'><strong>53-55).</strong></span> <span class='ocrx_word' id='word_1_750' title='bbox 711 2558 797 2591; x_wconf 84' lang='lat' dir='ltr'><strong>Quam</strong></span> <span class='ocrx_word' id='word_1_751' title='bbox 822 2556 905 2583; x_wconf 89' lang='lat' dir='ltr'><strong>multa</strong></span> 
     </span>
    </p>
   </div>
   <div class='ocr_carea' id='block_1_98' title="bbox 115 2600 908 2639">
    <p class='ocr_par' dir='ltr' id='par_1_98' title="bbox 115 2600 908 2639">
     <span class='ocr_line' id='line_1_99' title="bbox 115 2600 908 2639; baseline -0.014 -1"><span class='ocrx_word' id='word_1_752' title='bbox 115 2618 215 2639; x_wconf 90' lang='lat' dir='ltr'><strong>eorum</strong></span> <span class='ocrx_word' id='word_1_753' title='bbox 231 2609 300 2636; x_wconf 86' lang='lat' dir='ltr'><strong>mala</strong></span> <span class='ocrx_word' id='word_1_754' title='bbox 310 2607 448 2636; x_wconf 84' lang='lat' dir='ltr'><strong>narravit?</strong></span> <span class='ocrx_word' id='word_1_755' title='bbox 464 2611 490 2634; x_wconf 91' lang='lat' dir='ltr'><strong>ct</strong></span> <span class='ocrx_word' id='word_1_756' title='bbox 506 2610 595 2632; x_wconf 87' lang='lat' dir='ltr'><strong>tamen</strong></span> <span class='ocrx_word' id='word_1_757' title='bbox 611 2604 681 2631; x_wconf 89' lang='lat' dir='ltr'><strong>illico</strong></span> <span class='ocrx_word' id='word_1_758' title='bbox 699 2602 820 2636; x_wconf 72' lang='lat' dir='ltr'><strong>adiunxit</strong></span> <span class='ocrx_word' id='word_1_759' title='bbox 843 2610 849 2629; x_wconf 91' lang='lat'><strong>:</strong></span> <span class='ocrx_word' id='word_1_760' title='bbox 874 2600 908 2627; x_wconf 85' lang='lat' dir='ltr'><strong>1n</strong></span> 
     </span>
    </p>
   </div>
   <div class='ocr_carea' id='block_1_99' title="bbox 117 2648 909 2692">
    <p class='ocr_par' dir='ltr' id='par_1_99' title="bbox 117 2648 909 2692">
     <span class='ocr_line' id='line_1_100' title="bbox 117 2648 909 2692; baseline -0.014 -7"><span class='ocrx_word' id='word_1_761' title='bbox 117 2664 235 2692; x_wconf 85' lang='lat' dir='ltr'><strong>tempore</strong></span> <span class='ocrx_word' id='word_1_762' title='bbox 244 2664 294 2691; x_wconf 86' lang='lat' dir='ltr'><strong>quo</strong></span> <span class='ocrx_word' id='word_1_763' title='bbox 304 2655 394 2690; x_wconf 83' lang='lat' dir='ltr'><strong>lapsus</strong></span> <span class='ocrx_word' id='word_1_764' title='bbox 405 2654 483 2688; x_wconf 80' lang='lat' dir='ltr'><strong>fuerit</strong></span> <span class='ocrx_word' id='word_1_765' title='bbox 494 2661 538 2688; x_wconf 81' lang='lat' dir='ltr'><strong>pes</strong></span> <span class='ocrx_word' id='word_1_766' title='bbox 548 2659 648 2679; x_wconf 85' lang='lat' dir='ltr'><strong>eorum.</strong></span> <span class='ocrx_word' id='word_1_767' title='bbox 661 2650 729 2678; x_wconf 87' lang='lat' dir='ltr'><strong>Ecce</strong></span> <span class='ocrx_word' id='word_1_768' title='bbox 740 2648 909 2676; x_wconf 84' lang='lat' dir='ltr'><strong>atrocissima</strong></span> 
     </span>
    </p>
   </div>
   <div class='ocr_carea' id='block_1_100' title="bbox 118 2692 911 2730">
    <p class='ocr_par' dir='ltr' id='par_1_100' title="bbox 118 2692 911 2730">
     <span class='ocr_line' id='line_1_101' title="bbox 118 2692 911 2730; baseline -0.013 -1"><span class='ocrx_word' id='word_1_769' title='bbox 118 2703 229 2730; x_wconf 87' lang='lat' dir='ltr'><strong>illorum</strong></span> <span class='ocrx_word' id='word_1_770' title='bbox 241 2700 361 2728; x_wconf 84' lang='lat' dir='ltr'><strong>facinora</strong></span> <span class='ocrx_word' id='word_1_771' title='bbox 379 2698 579 2729; x_wconf 86' lang='lat' dir='ltr'><strong>describuntur,</strong></span> <span class='ocrx_word' id='word_1_772' title='bbox 599 2700 627 2723; x_wconf 87' lang='lat' dir='ltr'><strong>et</strong></span> <span class='ocrx_word' id='word_1_773' title='bbox 645 2700 733 2723; x_wconf 86' lang='lat' dir='ltr'><strong>tamen</strong></span> <span class='ocrx_word' id='word_1_774' title='bbox 752 2694 786 2721; x_wconf 91' lang='lat' dir='ltr'><strong>ad</strong></span> <span class='ocrx_word' id='word_1_775' title='bbox 801 2692 911 2720; x_wconf 85' lang='lat' dir='ltr'><strong>ultionis</strong></span> 
     </span>
    </p>
   </div>
   <div class='ocr_carea' id='block_1_101' title="bbox 120 2741 909 2779">
    <p class='ocr_par' dir='ltr' id='par_1_101' title="bbox 120 2741 909 2779">
     <span class='ocr_line' id='line_1_102' title="bbox 120 2741 909 2779; baseline -0.013 -3"><span class='ocrx_word' id='word_1_776' title='bbox 120 2749 195 2776; x_wconf 89' lang='lat' dir='ltr'><strong>diem</strong></span> <span class='ocrx_word' id='word_1_777' title='bbox 209 2747 295 2774; x_wconf 85' lang='lat' dir='ltr'><strong>adhuc</strong></span> <span class='ocrx_word' id='word_1_778' title='bbox 308 2745 474 2779; x_wconf 74' lang='lat' dir='ltr'><strong>subsequens</strong></span> <span class='ocrx_word' id='word_1_779' title='bbox 488 2743 579 2777; x_wconf 88' lang='lat' dir='ltr'><strong>lapsus</strong></span> <span class='ocrx_word' id='word_1_780' title='bbox 597 2741 736 2776; x_wconf 86' lang='lat' dir='ltr'><strong>aspicitur,</strong></span> <span class='ocrx_word' id='word_1_781' title='bbox 748 2748 801 2775; x_wconf 92' lang='lat' dir='ltr'><strong>quo</strong></span> <span class='ocrx_word' id='word_1_782' title='bbox 816 2746 909 2766; x_wconf 88' lang='lat' dir='ltr'><strong>eorum</strong></span> 
     </span>
    </p>
   </div>
   <div class='ocr_carea' id='block_1_102' title="bbox 120 2786 911 2828">
    <p class='ocr_par' dir='ltr' id='par_1_102' title="bbox 120 2786 911 2828">
     <span class='ocr_line' id='line_1_103' title="bbox 120 2786 911 2828; baseline -0.011 -6"><span class='ocrx_word' id='word_1_783' title='bbox 120 2794 211 2828; x_wconf 73' lang='lat' dir='ltr'><strong>culpae</strong></span> <span class='ocrx_word' id='word_1_784' title='bbox 226 2792 412 2820; x_wconf 81' lang='lat' dir='ltr'><strong>cumulentur?</strong></span> <span class='ocrx_word' id='word_1_785' title='bbox 429 2790 532 2818; x_wconf 83' lang='lat' dir='ltr'><strong>Habent</strong></span> <span class='ocrx_word' id='word_1_786' title='bbox 543 2790 598 2824; x_wconf 84' lang='lat' dir='ltr'><strong>jam</strong></span> <span class='ocrx_word' id='word_1_787' title='bbox 621 2788 727 2823; x_wconf 90' lang='lat' dir='ltr'><strong>quidem</strong></span> <span class='ocrx_word' id='word_1_788' title='bbox 752 2787 822 2814; x_wconf 92' lang='lat' dir='ltr'><strong>unde</strong></span> <span class='ocrx_word' id='word_1_789' title='bbox 838 2786 911 2814; x_wconf 89' lang='lat' dir='ltr'><strong>feriri</strong></span> 
     </span>
    </p>
   </div>
   <div class='ocr_carea' id='block_1_103' title="bbox 122 2833 912 2872">
    <p class='ocr_par' dir='ltr' id='par_1_103' title="bbox 122 2833 912 2872">
     <span class='ocr_line' id='line_1_104' title="bbox 122 2833 912 2872; baseline -0.011 -5"><span class='ocrx_word' id='word_1_790' title='bbox 122 2843 296 2872; x_wconf 89' lang='lat' dir='ltr'><strong>mereantur;</strong></span> <span class='ocrx_word' id='word_1_791' title='bbox 320 2838 366 2866; x_wconf 87' lang='lat' dir='ltr'><strong>sed</strong></span> <span class='ocrx_word' id='word_1_792' title='bbox 390 2836 537 2864; x_wconf 89' lang='lat' dir='ltr'><strong>sustinetur</strong></span> <span class='ocrx_word' id='word_1_793' title='bbox 557 2839 646 2861; x_wconf 87' lang='lat' dir='ltr'><strong>tamen</strong></span> <span class='ocrx_word' id='word_1_794' title='bbox 673 2833 760 2860; x_wconf 80' lang='lat' dir='ltr'><strong>adhuc</strong></span> <span class='ocrx_word' id='word_1_795' title='bbox 773 2836 912 2868; x_wconf 87' lang='lat' dir='ltr'><strong>peccatum</strong></span> 
     </span>
    </p>
   </div>
   <div class='ocr_carea' id='block_1_104' title="bbox 124 2877 910 2919">
    <p class='ocr_par' dir='ltr' id='par_1_104' title="bbox 124 2877 910 2919">
     <span class='ocr_line' id='line_1_105' title="bbox 124 2877 910 2919; baseline -0.013 -6"><span class='ocrx_word' id='word_1_796' title='bbox 124 2893 259 2917; x_wconf 80' lang='lat' dir='ltr'><strong>creseere,</strong></span> <span class='ocrx_word' id='word_1_797' title='bbox 275 2889 304 2911; x_wconf 86' lang='lat' dir='ltr'><strong>nt</strong></span> <span class='ocrx_word' id='word_1_798' title='bbox 313 2887 456 2919; x_wconf 87' lang='lat' dir='ltr'><strong>peccantes</strong></span> <span class='ocrx_word' id='word_1_799' title='bbox 466 2881 550 2916; x_wconf 85' lang='lat' dir='ltr'><strong>possit</strong></span> <span class='ocrx_word' id='word_1_800' title='bbox 561 2879 678 2907; x_wconf 84' lang='lat' dir='ltr'><strong>atrocior</strong></span> <span class='ocrx_word' id='word_1_801' title='bbox 690 2885 768 2913; x_wconf 82' lang='lat' dir='ltr'><strong>poena</strong></span> <span class='ocrx_word' id='word_1_802' title='bbox 780 2877 910 2905; x_wconf 85' lang='lat' dir='ltr'><strong>cruciare.</strong></span> 
     </span>
    </p>
   </div>
   <div class='ocr_carea' id='block_1_105' title="bbox 124 2922 911 2964">
    <p class='ocr_par' dir='ltr' id='par_1_105' title="bbox 124 2922 911 2964">
     <span class='ocr_line' id='line_1_106' title="bbox 124 2922 911 2964; baseline -0.014 -5"><span class='ocrx_word' id='word_1_803' title='bbox 124 2932 185 2959; x_wconf 79' lang='lat' dir='ltr'><strong>Jaut</strong></span> <span class='ocrx_word' id='word_1_804' title='bbox 203 2935 320 2958; x_wconf 83' lang='lat' dir='ltr'><strong>uteretur</strong></span> <span class='ocrx_word' id='word_1_805' title='bbox 331 2928 489 2964; x_wconf 80' lang='lat' dir='ltr'><strong>supplicium</strong></span> <span class='ocrx_word' id='word_1_806' title='bbox 503 2929 641 2961; x_wconf 67' lang='lat' dir='ltr'><strong>peccztum</strong></span> <span class='ocrx_word' id='word_1_807' title='bbox 655 2928 681 2949; x_wconf 90' lang='lat' dir='ltr'><strong>ct</strong></span> <span class='ocrx_word' id='word_1_808' title='bbox 697 2931 775 2950; x_wconf 83' lang='lat' dir='ltr'><strong>causa</strong></span> <span class='ocrx_word' id='word_1_809' title='bbox 798 2922 911 2957; x_wconf 75' lang='lat' dir='ltr'><strong>peccati,</strong></span> 
     </span>
    </p>
   </div>
   <div class='ocr_carea' id='block_1_106' title="bbox 959 2365 1747 2405">
    <p class='ocr_par' dir='ltr' id='par_1_106' title="bbox 959 2365 1747 2405">
     <span class='ocr_line' id='line_1_107' title="bbox 959 2365 1747 2405; baseline -0.009 -9"><span class='ocrx_word' id='word_1_810' title='bbox 959 2373 1131 2405; x_wconf 79' lang='lat' dir='ltr'><strong>peccatorum</strong></span> <span class='ocrx_word' id='word_1_811' title='bbox 1151 2368 1196 2395; x_wconf 87' lang='lat' dir='ltr'><strong>sit.</strong></span> <span class='ocrx_word' id='word_1_812' title='bbox 1210 2367 1238 2395; x_wconf 84' lang='lat' dir='ltr'><strong>Si</strong></span> <span class='ocrx_word' id='word_1_813' title='bbox 1250 2368 1332 2403; x_wconf 84' lang='lat' dir='ltr'><strong>igitur</strong></span> <span class='ocrx_word' id='word_1_814' title='bbox 1343 2367 1490 2395; x_wconf 85' lang='lat' dir='ltr'><strong>secundum</strong></span> <span class='ocrx_word' id='word_1_815' title='bbox 1507 2370 1531 2392; x_wconf 84' lang='lat' dir='ltr'><strong>te</strong></span> <span class='ocrx_word' id='word_1_816' title='bbox 1544 2365 1653 2392; x_wconf 82' lang='lat' dir='ltr'><strong>libertas</strong></span> <span class='ocrx_word' id='word_1_817' title='bbox 1667 2368 1747 2398; x_wconf 83' lang='lat' dir='ltr'><strong>atque</strong></span> 
     </span>
    </p>
   </div>
   <div class='ocr_carea' id='block_1_107' title="bbox 958 2411 1745 2448">
    <p class='ocr_par' dir='ltr' id='par_1_107' title="bbox 958 2411 1745 2448">
     <span class='ocr_line' id='line_1_108' title="bbox 958 2411 1745 2448; baseline -0.01 -5"><span class='ocrx_word' id='word_1_818' title='bbox 958 2416 1083 2443; x_wconf 74' lang='lat' dir='ltr'><strong>voluntas</strong></span> <span class='ocrx_word' id='word_1_819' title='bbox 1113 2415 1229 2443; x_wconf 86' lang='lat' dir='ltr'><strong>humana</strong></span> <span class='ocrx_word' id='word_1_820' title='bbox 1251 2418 1360 2448; x_wconf 71' lang='lat' dir='ltr'><strong>natura:</strong></span> <span class='ocrx_word' id='word_1_821' title='bbox 1385 2418 1457 2444; x_wconf 87' lang='lat' dir='ltr'><strong>sunt,</strong></span> <span class='ocrx_word' id='word_1_822' title='bbox 1488 2411 1621 2446; x_wconf 63' lang='lat' dir='ltr'><strong>tummodo</strong></span> <span class='ocrx_word' id='word_1_823' title='bbox 1649 2415 1745 2436; x_wconf 83' lang='lat' dir='ltr'><strong>natura</strong></span> 
     </span>
    </p>
   </div>
   <div class='ocr_carea' id='block_1_108' title="bbox 960 2454 1791 2497">
    <p class='ocr_par' dir='ltr' id='par_1_108' title="bbox 960 2454 1791 2497">
     <span class='ocr_line' id='line_1_109' title="bbox 960 2454 1791 2497; baseline -0.011 -8"><span class='ocrx_word' id='word_1_824' title='bbox 960 2466 1131 2497; x_wconf 84' lang='lat' dir='ltr'><strong>peccatorum</strong></span> <span class='ocrx_word' id='word_1_825' title='bbox 1154 2460 1260 2488; x_wconf 80' lang='lat' dir='ltr'><strong>occasio</strong></span> <span class='ocrx_word' id='word_1_826' title='bbox 1275 2459 1387 2486; x_wconf 86' lang='lat' dir='ltr'><strong>dicenda</strong></span> <span class='ocrx_word' id='word_1_827' title='bbox 1404 2459 1438 2485; x_wconf 88' lang='lat' dir='ltr'><strong>sit</strong></span> <span class='ocrx_word' id='word_1_828' title='bbox 1462 2466 1513 2484; x_wconf 86' lang='lat' dir='ltr'><strong>non</strong></span> <span class='ocrx_word' id='word_1_829' title='bbox 1531 2456 1617 2483; x_wconf 83' lang='lat' dir='ltr'><strong>video.</strong></span> <span class='ocrx_word' id='word_1_830' title='bbox 1643 2454 1682 2486; x_wconf 86' lang='lat' dir='ltr'><strong>Si,</strong></span> <span class='ocrx_word' id='word_1_831' title='bbox 1709 2455 1746 2481; x_wconf 38' lang='lat' dir='ltr'><strong>in,</strong></span> <span class='ocrx_word' id='word_1_832' title='bbox 1788 2483 1791 2486; x_wconf 29' lang='lat'><strong>,</strong></span> 
     </span>
    </p>
   </div>
   <div class='ocr_carea' id='block_1_109' title="bbox 960 2500 1746 2542">
    <p class='ocr_par' dir='ltr' id='par_1_109' title="bbox 960 2500 1746 2542">
     <span class='ocr_line' id='line_1_110' title="bbox 960 2500 1746 2542; baseline -0.013 -8"><span class='ocrx_word' id='word_1_833' title='bbox 960 2515 1052 2542; x_wconf 84' lang='lat' dir='ltr'><strong>quam,</strong></span> <span class='ocrx_word' id='word_1_834' title='bbox 1068 2506 1181 2534; x_wconf 84' lang='lat' dir='ltr'><strong>liberum</strong></span> <span class='ocrx_word' id='word_1_835' title='bbox 1197 2504 1338 2531; x_wconf 84' lang='lat' dir='ltr'><strong>arbitrium</strong></span> <span class='ocrx_word' id='word_1_836' title='bbox 1352 2511 1405 2531; x_wconf 91' lang='lat' dir='ltr'><strong>non</strong></span> <span class='ocrx_word' id='word_1_837' title='bbox 1420 2509 1462 2530; x_wconf 78' lang='lat' dir='ltr'><strong>Cs‘l</strong></span> <span class='ocrx_word' id='word_1_838' title='bbox 1476 2510 1555 2529; x_wconf 71' lang='lat' dir='ltr'><strong>causa</strong></span> <span class='ocrx_word' id='word_1_839' title='bbox 1568 2500 1682 2536; x_wconf 81' lang='lat' dir='ltr'><strong>peccati,</strong></span> <span class='ocrx_word' id='word_1_840' title='bbox 1700 2500 1746 2527; x_wconf 84' lang='lat' dir='ltr'><strong>sed</strong></span> 
     </span>
    </p>
   </div>
   <div class='ocr_carea' id='block_1_110' title="bbox 964 2545 1746 2588">
    <p class='ocr_par' dir='ltr' id='par_1_110' title="bbox 964 2545 1746 2588">
     <span class='ocr_line' id='line_1_111' title="bbox 964 2545 1746 2588; baseline -0.012 -8"><span class='ocrx_word' id='word_1_841' title='bbox 964 2553 1022 2588; x_wconf 89' lang='lat' dir='ltr'><strong>ejus</strong></span> <span class='ocrx_word' id='word_1_842' title='bbox 1039 2556 1129 2579; x_wconf 86' lang='lat' dir='ltr'><strong>motus</strong></span> <span class='ocrx_word' id='word_1_843' title='bbox 1148 2558 1290 2586; x_wconf 74' lang='lat' dir='ltr'><strong>pervorsus</strong></span> <span class='ocrx_word' id='word_1_844' title='bbox 1314 2554 1394 2584; x_wconf 87' lang='lat' dir='ltr'><strong>atque</strong></span> <span class='ocrx_word' id='word_1_845' title='bbox 1418 2550 1443 2576; x_wconf 94' lang='lat' dir='ltr'><strong>in</strong></span> <span class='ocrx_word' id='word_1_846' title='bbox 1468 2549 1558 2575; x_wconf 87' lang='lat' dir='ltr'><strong>intima</strong></span> <span class='ocrx_word' id='word_1_847' title='bbox 1583 2551 1609 2573; x_wconf 89' lang='lat' dir='ltr'><strong>et</strong></span> <span class='ocrx_word' id='word_1_848' title='bbox 1634 2545 1746 2572; x_wconf 84' lang='lat' dir='ltr'><strong>inhibita</strong></span> 
     </span>
    </p>
   </div>
   <div class='ocr_carea' id='block_1_111' title="bbox 962 2590 1747 2631">
    <p class='ocr_par' dir='ltr' id='par_1_111' title="bbox 962 2590 1747 2631">
     <span class='ocr_line' id='line_1_112' title="bbox 962 2590 1747 2631; baseline -0.011 -7"><span class='ocrx_word' id='word_1_849' title='bbox 962 2596 1124 2625; x_wconf 86' lang='lat' dir='ltr'><strong>damnabilis</strong></span> <span class='ocrx_word' id='word_1_850' title='bbox 1137 2596 1256 2628; x_wconf 80' lang='lat' dir='ltr'><strong>inllexio,</strong></span> <span class='ocrx_word' id='word_1_851' title='bbox 1271 2603 1324 2631; x_wconf 87' lang='lat' dir='ltr'><strong>quo</strong></span> <span class='ocrx_word' id='word_1_852' title='bbox 1337 2598 1416 2630; x_wconf 89' lang='lat' dir='ltr'><strong>pacto</strong></span> <span class='ocrx_word' id='word_1_853' title='bbox 1430 2593 1530 2628; x_wconf 82' lang='lat' dir='ltr'><strong>peccati</strong></span> <span class='ocrx_word' id='word_1_854' title='bbox 1551 2591 1657 2619; x_wconf 68' lang='lat' dir='ltr'><strong>occasio</strong></span> <span class='ocrx_word' id='word_1_855' title='bbox 1680 2590 1747 2617; x_wconf 83' lang='lat' dir='ltr'><strong>dici-</strong></span> 
     </span>
    </p>
   </div>
   <div class='ocr_carea' id='block_1_112' title="bbox 964 2637 1747 2676">
    <p class='ocr_par' dir='ltr' id='par_1_112' title="bbox 964 2637 1747 2676">
     <span class='ocr_line' id='line_1_113' title="bbox 964 2637 1747 2676; baseline -0.013 -5"><span class='ocrx_word' id='word_1_856' title='bbox 964 2644 1023 2671; x_wconf 85' lang='lat' dir='ltr'><strong>tur?</strong></span> <span class='ocrx_word' id='word_1_857' title='bbox 1039 2642 1193 2671; x_wconf 80' lang='lat' dir='ltr'><strong>Mandatum</strong></span> <span class='ocrx_word' id='word_1_858' title='bbox 1209 2642 1331 2676; x_wconf 88' lang='lat' dir='ltr'><strong>equidem</strong></span> <span class='ocrx_word' id='word_1_859' title='bbox 1354 2644 1458 2676; x_wconf 78' lang='lat' dir='ltr'><strong>poterat</strong></span> <span class='ocrx_word' id='word_1_860' title='bbox 1483 2639 1533 2665; x_wconf 86' lang='lat' dir='ltr'><strong>dici</strong></span> <span class='ocrx_word' id='word_1_861' title='bbox 1558 2637 1664 2665; x_wconf 89' lang='lat' dir='ltr'><strong>occasio</strong></span> <span class='ocrx_word' id='word_1_862' title='bbox 1687 2644 1747 2671; x_wconf 77' lang='lat' dir='ltr'><strong>pec-</strong></span> 
     </span>
    </p>
   </div>
   <div class='ocr_carea' id='block_1_113' title="bbox 963 2682 1747 2723">
    <p class='ocr_par' dir='ltr' id='par_1_113' title="bbox 963 2682 1747 2723">
     <span class='ocr_line' id='line_1_114' title="bbox 963 2682 1747 2723; baseline -0.014 -6"><span class='ocrx_word' id='word_1_863' title='bbox 963 2689 1027 2722; x_wconf 86' lang='lat' dir='ltr'><strong>cati,</strong></span> <span class='ocrx_word' id='word_1_864' title='bbox 1046 2688 1269 2723; x_wconf 86' lang='lat' dir='ltr'><strong>quemadmodum</strong></span> <span class='ocrx_word' id='word_1_865' title='bbox 1291 2691 1317 2713; x_wconf 88' lang='lat' dir='ltr'><strong>et</strong></span> <span class='ocrx_word' id='word_1_866' title='bbox 1338 2685 1481 2719; x_wconf 84' lang='lat' dir='ltr'><strong>Apostolus</strong></span> <span class='ocrx_word' id='word_1_867' title='bbox 1506 2684 1591 2710; x_wconf 85' lang='lat' dir='ltr'><strong>dicit:</strong></span> <span class='ocrx_word' id='word_1_868' title='bbox 1609 2682 1747 2708; x_wconf 72' lang='lat' dir='ltr'><strong>Peccatum</strong></span> 
     </span>
    </p>
   </div>
   <div class='ocr_carea' id='block_1_114' title="bbox 964 2727 1749 2769">
    <p class='ocr_par' dir='ltr' id='par_1_114' title="bbox 964 2727 1749 2769">
     <span class='ocr_line' id='line_1_115' title="bbox 964 2727 1749 2769; baseline -0.015 -5"><span class='ocrx_word' id='word_1_869' title='bbox 964 2741 1061 2769; x_wconf 86' lang='lat' dir='ltr'><strong>autem,</strong></span> <span class='ocrx_word' id='word_1_870' title='bbox 1073 2734 1210 2763; x_wconf 79' lang='lat' dir='ltr'><strong>occasione</strong></span> <span class='ocrx_word' id='word_1_871' title='bbox 1224 2737 1328 2767; x_wconf 83' lang='lat' dir='ltr'><strong>accepta</strong></span> <span class='ocrx_word' id='word_1_872' title='bbox 1340 2740 1386 2767; x_wconf 82' lang='lat' dir='ltr'><strong>per</strong></span> <span class='ocrx_word' id='word_1_873' title='bbox 1400 2731 1616 2764; x_wconf 80' lang='lat' dir='ltr'><strong>mandatum,per</strong></span> <span class='ocrx_word' id='word_1_874' title='bbox 1628 2727 1693 2754; x_wconf 82' lang='lat' dir='ltr'><strong>illud</strong></span> <span class='ocrx_word' id='word_1_875' title='bbox 1709 2735 1749 2752; x_wconf 78' lang='lat' dir='ltr'><strong>oc-</strong></span> 
     </span>
    </p>
   </div>
   <div class='ocr_carea' id='block_1_115' title="bbox 964 2774 1749 2817">
    <p class='ocr_par' dir='ltr' id='par_1_115' title="bbox 964 2774 1749 2817">
     <span class='ocr_line' id='line_1_116' title="bbox 964 2774 1749 2817; baseline -0.014 -6"><span class='ocrx_word' id='word_1_876' title='bbox 964 2783 1027 2811; x_wconf 71' lang='lat' dir='ltr'><strong>cidit</strong></span> <span class='ocrx_word' id='word_1_877' title='bbox 1040 2790 1078 2812; x_wconf 80' lang='lat' dir='ltr'><strong>nte</strong></span> <span class='ocrx_word' id='word_1_878' title='bbox 1093 2781 1182 2817; x_wconf 73' lang='lat' dir='ltr'><strong>(Rom.</strong></span> <span class='ocrx_word' id='word_1_879' title='bbox 1199 2788 1245 2811; x_wconf 72' lang='lat' dir='ltr'><strong>\‘ll,</strong></span> <span class='ocrx_word' id='word_1_880' title='bbox 1264 2780 1317 2811; x_wconf 87' lang='lat' dir='ltr'><strong>ll).</strong></span> <span class='ocrx_word' id='word_1_881' title='bbox 1331 2778 1388 2806; x_wconf 86' lang='lat' dir='ltr'><strong>Non</strong></span> <span class='ocrx_word' id='word_1_882' title='bbox 1404 2778 1471 2806; x_wconf 87' lang='lat' dir='ltr'><strong>dixit</strong></span> <span class='ocrx_word' id='word_1_883' title='bbox 1482 2786 1528 2812; x_wconf 89' lang='lat' dir='ltr'><strong>per</strong></span> <span class='ocrx_word' id='word_1_884' title='bbox 1542 2777 1658 2804; x_wconf 84' lang='lat' dir='ltr'><strong>liberum</strong></span> <span class='ocrx_word' id='word_1_885' title='bbox 1674 2774 1749 2801; x_wconf 86' lang='lat' dir='ltr'><strong>arbi-</strong></span> 
     </span>
    </p>
   </div>
   <div class='ocr_carea' id='block_1_116' title="bbox 965 2818 1750 2863">
    <p class='ocr_par' dir='ltr' id='par_1_116' title="bbox 965 2818 1750 2863">
     <span class='ocr_line' id='line_1_117' title="bbox 965 2818 1750 2863; baseline -0.013 -7"><span class='ocrx_word' id='word_1_886' title='bbox 965 2829 1055 2861; x_wconf 91' lang='lat' dir='ltr'><strong>trium,</strong></span> <span class='ocrx_word' id='word_1_887' title='bbox 1069 2827 1140 2863; x_wconf 89' lang='lat' dir='ltr'><strong>quod</strong></span> <span class='ocrx_word' id='word_1_888' title='bbox 1154 2830 1199 2854; x_wconf 77' lang='lat' dir='ltr'><strong>est</strong></span> <span class='ocrx_word' id='word_1_889' title='bbox 1211 2826 1310 2852; x_wconf 89' lang='lat' dir='ltr'><strong>donum</strong></span> <span class='ocrx_word' id='word_1_890' title='bbox 1327 2824 1384 2857; x_wconf 88' lang='lat' dir='ltr'><strong>Dei,</strong></span> <span class='ocrx_word' id='word_1_891' title='bbox 1402 2831 1453 2854; x_wconf 87' lang='lat' dir='ltr'><strong>nec</strong></span> <span class='ocrx_word' id='word_1_892' title='bbox 1472 2832 1520 2859; x_wconf 88' lang='lat' dir='ltr'><strong>per</strong></span> <span class='ocrx_word' id='word_1_893' title='bbox 1533 2826 1671 2856; x_wconf 85' lang='lat' dir='ltr'><strong>naturam,</strong></span> <span class='ocrx_word' id='word_1_894' title='bbox 1689 2818 1750 2854; x_wconf 67' lang='lat' dir='ltr'><strong>quin</strong></span> 
     </span>
    </p>
   </div>
   <div class='ocr_carea' id='block_1_117' title="bbox 965 2864 1751 2909">
    <p class='ocr_par' dir='ltr' id='par_1_117' title="bbox 965 2864 1751 2909">
     <span class='ocr_line' id='line_1_118' title="bbox 965 2864 1751 2909; baseline -0.017 -6"><span class='ocrx_word' id='word_1_895' title='bbox 965 2879 1006 2903; x_wconf 88' lang='lat' dir='ltr'><strong>est</strong></span> <span class='ocrx_word' id='word_1_896' title='bbox 1016 2882 1083 2909; x_wconf 88' lang='lat' dir='ltr'><strong>opus</strong></span> <span class='ocrx_word' id='word_1_897' title='bbox 1104 2873 1160 2906; x_wconf 81' lang='lat' dir='ltr'><strong>Dei,</strong></span> <span class='ocrx_word' id='word_1_898' title='bbox 1177 2872 1223 2900; x_wconf 85' lang='lat' dir='ltr'><strong>sed</strong></span> <span class='ocrx_word' id='word_1_899' title='bbox 1246 2879 1291 2906; x_wconf 82' lang='lat' dir='ltr'><strong>per</strong></span> <span class='ocrx_word' id='word_1_900' title='bbox 1312 2871 1474 2902; x_wconf 83' lang='lat' dir='ltr'><strong>mandatum,</strong></span> <span class='ocrx_word' id='word_1_901' title='bbox 1500 2865 1570 2904; x_wconf 85' lang='lat' dir='ltr'><strong>quod</strong></span> <span class='ocrx_word' id='word_1_902' title='bbox 1589 2864 1641 2894; x_wconf 83' lang='lat' dir='ltr'><strong>diei</strong></span> <span class='ocrx_word' id='word_1_903' title='bbox 1664 2869 1751 2902; x_wconf 79' lang='lat' dir='ltr'><strong>potest</strong></span> 
     </span>
    </p>
   </div>
   <div class='ocr_carea' id='block_1_118' title="bbox 965 2911 1749 2956">
    <p class='ocr_par' dir='ltr' id='par_1_118' title="bbox 965 2911 1749 2956">
     <span class='ocr_line' id='line_1_119' title="bbox 965 2911 1749 2956; baseline -0.015 -9"><span class='ocrx_word' id='word_1_904' title='bbox 965 2920 1178 2956; x_wconf 85' lang='lat' dir='ltr'><strong>experimentum</strong></span> <span class='ocrx_word' id='word_1_905' title='bbox 1193 2917 1261 2952; x_wconf 84' lang='lat' dir='ltr'><strong>ejus,</strong></span> <span class='ocrx_word' id='word_1_906' title='bbox 1276 2926 1328 2952; x_wconf 86' lang='lat' dir='ltr'><strong>quo</strong></span> <span class='ocrx_word' id='word_1_907' title='bbox 1339 2916 1491 2951; x_wconf 81' lang='lat' dir='ltr'><strong>experiatur</strong></span> <span class='ocrx_word' id='word_1_908' title='bbox 1504 2914 1567 2949; x_wconf 87' lang='lat' dir='ltr'><strong>quid</strong></span> <span class='ocrx_word' id='word_1_909' title='bbox 1584 2911 1749 2947; x_wconf 73' lang='lat' dir='ltr'><strong>sequendum</strong></span> 
     </span>
    </p>
   </div>
  </div>
