4064 6346
667 362 801 422 Ιυυΰ

660 479 824 552 eligat
871 487 1138 535 creatura;
1199 475 1478 533 rationalis
1526 474 1866 533 voluntarius
1937 477 2228 546 appetitus.

660 569 795 626 Item
816 568 1033 625 eosdem
1056 568 1336 638 alloquens
1355 566 1524 623 dicis:

1199 671 1430 714 JOANNES
1452 671 1673 713 SCO'I'US.

731 751 882 824 (Cap.
908 749 960 815 5,
992 765 1141 805 num.
1168 748 1258 816 19,
1274 756 1407 804 sect.
1425 748 1502 819 7.)
1519 748 1636 805 OSi
1663 757 1838 802 autem
1861 749 2026 802 vivere
2049 745 2202 802 vultis
2219 786 2236 813 ,

659 843 816 897 dicite
857 851 1033 896 utrum
1061 840 1206 895 beate
1244 858 1314 894 an
1357 840 1581 894 misere:
1621 839 1799 894 nullus
1838 849 1913 895 est
1953 840 2042 909 qui
2079 841 2238 894 vitam

657 935 903 990 miseram
941 933 1092 1001 velit,
1139 933 1562 1005 quandoquidem
1603 931 1781 988 nullus
1829 942 1905 988 est
1949 933 2037 1003 qui
2081 933 2238 986 vitam

657 1027 863 1084 beatam
887 1043 991 1082 non
1020 1034 1250 1097 appetat.

1269 1133 1589 1174 CORRECTIO.

722 1212 766 1281 ἰι
793 1210 930 1268 Cum
957 1211 1172 1268 dicatur
1194 1211 1354 1266 beata
1379 1210 1492 1264 vita
1517 1217 1692 1274 caste,
1718 1208 1918 1273 sobrie,
1935 1207 2100 1278 juste,
2126 1207 2239 1277 pie-

653 1319 760 1376 que
788 1305 990 1371 vivere,
1015 1303 1308 1376 probisque
1334 1303 1576 1358 moribus
1598 1300 1814 1358 cmlitus
1838 1300 2050 1356 collatis
2069 1300 2237 1355 abun-

655 1396 800 1460 dare,
831 1396 943 1452 Deo
962 1395 1228 1450 inhaerere
1246 1401 1303 1450 et
1321 1393 1388 1449 ad
1411 1402 1671 1449 aeternam
1696 1391 2084 1448 beatitudinem
2109 1389 2237 1445 totis

652 1486 858 1542 viribus
899 1485 1193 1540 anhelare:
1230 1484 1430 1540 misera
1474 1492 1688 1547 autem,
1730 1481 1914 1546 vitiis,
1943 1479 2238 1536 sceleribus

596 1612 608 1632 κ
651 1587 814 1650 atque
842 1579 1058 1650 ﬂagitiis
1085 1578 1364 1645 incubare,
1397 1585 1604 1632 certum
1639 1583 1723 1631 est
1749 1589 1940 1630 omnes
1965 1589 2234 1646 paganos,

649 1682 723 1736 et,
749 1670 890 1742 quod
917 1670 1204 1726 dolendum
1233 1679 1317 1725 est
1334 1709 1351 1734 ,
1399 1667 1599 1724 multos
1625 1666 2061 1723 Christianorum
2089 1663 2236 1718 illam

651 1779 759 1819 non
793 1772 1066 1834 appetere,
1105 1761 1215 1816 imo
1247 1760 1539 1832 refugere;
1579 1761 1719 1814 hanc
1749 1766 1932 1813 autem
1960 1765 2112 1812 tanto
2137 1755 2232 1810 de-

651 1855 871 1922 siderio,
903 1863 1162 1924 tantaque
1184 1853 1338 1923 sequi
1362 1851 1669 1923 ﬂagrantia,
1692 1859 1753 1905 ut
1779 1864 2053 1919 nunquam
2079 1848 2147 1903 ab
2167 1863 2232 1902 ea

649 1947 830 2003 divelli
857 1947 1112 2016 cupiant,
1157 1945 1252 1999 sed
1287 1945 1341 1998 in
1379 1956 1535 1998 emno
1576 1942 1702 1996 vitae
1741 1939 2065 1996 damnabilis
2094 1938 2232 1994 dele-

650 2035 922 2096 ctabiliter
945 2035 1118 2100 inﬁxi,
1149 2034 1217 2089 ad
1243 2033 1390 2088 illam
1424 2047 1494 2087 ne
1531 2031 1775 2102 aspirare
1803 2031 2020 2101 quidem
2047 2037 2140 2083 aut
2168 2028 2235 2084 de

649 2142 712 2181 ea
741 2125 826 2180 vel
851 2125 1039 2180 audire
1066 2123 1153 2178 vel
1181 2123 1422 2192 cogitare
1457 2121 1739 2191 quippiam
1767 2119 1933 2176 velint
1958 2136 1971 2174 :
2011 2119 2152 2190 quod
2181 2126 2236 2174 et

647 2218 695 2273 si
724 2217 910 2273 audire
937 2215 1246 2287 contigerit,
1275 2215 1532 2270 continuo
1573 2220 1924 2278 avertuntur,
1954 2211 2236 2282 indignan-

650 2319 762 2376 tur,
791 2309 1082 2380 refugiunt,
1105 2313 1526 2378 persequuntur.
1562 2305 1640 2360 De
1665 2305 1862 2375 quibus
1889 2313 1946 2360 et
1966 2303 2232 2373 Propheta

647 2401 922 2472 loquitur:
967 2398 1153 2454 Noluit
1183 2397 1470 2468 intelligere
1498 2405 1555 2450 ut
1589 2396 1716 2450 bene
1754 2408 1959 2466 ageret,
1987 2394 2236 2465 iniquita-

647 2500 750 2546 tem
776 2491 1056 2545 meditatus
1085 2499 1161 2544 est
1185 2489 1238 2543 in
1270 2488 1430 2543 cubili
1458 2505 1556 2542 suo
1579 2505 1598 2552 ;
1637 2487 1804 2541 astitit
1834 2487 1976 2540 omni
2004 2487 2102 2540 via:
2131 2502 2236 2541 non

647 2585 817 2651 bonae,
843 2583 1104 2638 malitiam
1126 2592 1301 2637 autem
1329 2598 1433 2637 non
1461 2580 1620 2635 adivit
1649 2577 1838 2651 (Psal.
1862 2594 2030 2644 xxxv,
2059 2578 2115 2644 4,
2147 2577 2228 2648 5).

647 2675 929 2743 Quomodo
957 2674 1101 2730 enim
1142 2674 1348 2744 appetit
1387 2673 1470 2727 vel
1510 2687 1754 2742 paganus
1797 2671 1940 2741 quod
1985 2671 2234 2742 ignorat,

644 2766 730 2822 vel
768 2766 904 2823 falso
942 2767 1162 2822 nomine
1189 2764 1537 2820 Christianus
1569 2763 1712 2832 quod
1740 2762 2056 2832 oppugnat?
2099 2761 2235 2816 Nam

645 2861 713 2915 de
743 2843 855 2916 illis
875 2861 1072 2917 dicitur
1098 2875 1113 2913 :
1147 2860 1252 2926 Qui
1279 2861 1486 2930 ignorat
1512 2857 1844 2928 ignorabitur
1875 2854 1939 2927 (1
1963 2853 2086 2910 Cor.
2118 2870 2232 2920 inv,

643 2952 787 3025 38);
821 2953 888 3009 de
915 2953 1038 3009 istis
1073 2960 1297 3006 autem:
1330 2949 1491 3004 Multi
1527 2949 1700 3003 dicent
1739 2947 1869 3001 mihi
1903 2946 1958 3001 in
1993 2945 2089 3000 illa
2115 2945 2232 3011 die,

644 3042 886 3108 Domine,
916 3041 1160 3107 Domine,
1178 3055 1348 3094 nonne
1367 3039 1424 3092 in
1447 3039 1654 3092 nomine
1675 3048 1766 3092 tuo
1788 3037 2230 3108 prophetavimus,

643 3141 694 3186 et
721 3132 777 3185 in
805 3132 1013 3186 nomine
1031 3141 1123 3186 tuo
1153 3130 1413 3185 daemonia
1445 3129 1690 3198 ejecimus
1708 3169 1724 3196 ,
1759 3138 1806 3184 et
1832 3131 1888 3184 in
1911 3139 1998 3184 tuo
2026 3130 2233 3183 nomine

646 3224 860 3279 virtutes
887 3225 1080 3278 multas
1106 3224 1366 3294 fecimus?
1395 3222 1463 3276 Et
1493 3231 1618 3277 tunc
1647 3223 1932 3292 conﬁtebor
1950 3222 2078 3288 illis,
2108 3225 2234 3293 quia

646 3319 925 3386 nunquam
942 3317 1062 3370 novi
1092 3332 1199 3371 vos.
1228 3315 1491 3370 Discedite
1511 3333 1546 3369 a
1571 3331 1675 3386 me,
1691 3317 1919 3386 operarii
1940 3316 2232 3386 iniquitatis

645 3405 860 3478 (Matth.
888 3423 986 3474 vu,
1013 3408 1104 3475 22,
1129 3407 1244 3480 25).

716 3496 800 3552 Tu
822 3513 952 3555 vero
975 3506 1034 3554 ut
1056 3499 1346 3556 conﬁrmes
1371 3515 1614 3558 errorem
1639 3510 1793 3556 tuum
1816 3541 1830 3566 ,
1866 3515 1974 3570 quo
2000 3502 2234 3573 gratiam

647 3590 744 3647 Dei
791 3605 1008 3648 omnem
1057 3591 1186 3648 boni
1231 3593 1569 3650 voluntatem
1615 3594 1670 3648 in
1718 3593 1876 3650 nobis
1920 3604 2234 3664 operantem

644 3699 910 3740 evacuare
951 3685 1192 3753 moliris,
1220 3675 1472 3742 asserens
1507 3701 1573 3741 ex
1618 3695 1700 3753 te,
1733 3687 1844 3742 imo
1876 3686 2108 3758 teipsum
2136 3687 2234 3743 tibi

643 3793 766 3836 esse
789 3779 949 3846 velle,
975 3787 1031 3834 et
1049 3794 1158 3835 non
1193 3779 1248 3834 id
1277 3779 1422 3834 dono
1446 3793 1695 3849 supernae
1720 3778 2095 3849 inspirationis
2114 3793 2237 3849 per-

643 3871 828 3943 cipere
871 3890 884 3925 :
938 3886 1223 3928 asseveras
1267 3871 1410 3926 omni
1452 3870 1655 3925 homini
1703 3869 2019 3925 naturaliter
2067 3871 2235 3924 inesse

643 3963 930 4032 appetitum
970 3961 1329 4028 beatitudinis,
1371 3961 1426 4016 id
1467 3971 1552 4016 est
1594 3962 1735 4016 bene
1761 3961 1978 4017 vivendi
2020 3960 2234 4016 deside-

645 4054 811 4120 rium,
843 4063 899 4109 et
922 4054 1129 4111 nullum
1152 4069 1351 4124 cupere
1375 4055 1632 4110 miseram
1660 4054 1830 4109 vitam
1848 4094 1863 4119 ,
1901 4055 2004 4109 hoc
2030 4061 2116 4109 est
2140 4051 2236 4107 ﬂa-

646 4144 898 4216 gitiosum
929 4153 1093 4216 atque
1124 4145 1447 4202 sceleratam
1466 4187 1483 4213 ,
1524 4160 1650 4202 cum
1689 4145 1978 4215 utrobique
2017 4154 2126 4200 tam
2165 4145 2237 4201 sit

649 4236 872 4293 evidens
910 4240 1184 4296 certitudo
1223 4255 1388 4311 quam
1433 4240 1782 4310 quotidiana,
1825 4239 1935 4294 imo
1978 4240 2236 4295 continua

649 4328 956 4385 multitudo.
999 4330 1154 4386 Unde
1177 4340 1234 4385 et
1259 4330 1519 4385 Dominus
1549 4331 1606 4384 in
1647 4328 1976 4400 Evangelio:
2011 4329 2238 4385 Conten-

649 4420 757 4476 dite
779 4422 977 4475 intrare
997 4438 1088 4492 per
1109 4431 1386 4492 angustata
1414 4431 1620 4492 portam
1637 4461 1653 4487 ,
1679 4421 1804 4492 quia
1831 4431 2059 4492 angusta
2085 4431 2237 4492 porta

647 4522 697 4568 et
719 4521 865 4572 arcta
889 4512 972 4566 via
996 4521 1074 4566 est
1099 4528 1217 4583 qua:
1243 4511 1387 4566 ducit
1407 4512 1476 4566 ad
1502 4511 1664 4566 vitam
1681 4551 1696 4578 ,
1730 4521 1780 4566 et
1817 4513 1974 4583 pauci
2000 4522 2121 4567 sunt
2146 4513 2236 4584 qui

649 4603 916 4658 inveniunt
942 4619 1059 4657 eam
1101 4603 1334 4673 (Matth.
1357 4618 1456 4669 νη,
1484 4603 1574 4669 15,
1603 4603 1724 4675 14).
1765 4603 1860 4659 Isti
1895 4612 2023 4660 sunt
2045 4605 2240 4676 quibus

648 4693 948 4764 inspiratur
976 4693 1235 4749 divinitus
1269 4695 1621 4751 beatitudinis
1666 4696 1956 4768 appetitus,
2007 4711 2117 4752 non
2158 4695 2242 4751 in-

648 4788 810 4842 flatur
853 4796 1059 4843 natura:
1101 4788 1320 4858 typhus.
1351 4787 1482 4842 ltem
1529 4789 1644 4842 ait:
1699 4787 1872 4854 Quam
1906 4781 2035 4844 "lata
2086 4798 2238 4858 porta

557 4895 564 4901 ‘
649 4891 726 4936 est
751 4891 799 4936 et
827 4881 1060 4952 spatiosa
1082 4880 1165 4936 via
1193 4897 1311 4952 qua:
1332 4881 1472 4935 ducit
1498 4881 1567 4935 ad
1597 4881 1938 4952 perditionem
1959 4923 1976 4950 ,
2005 4891 2054 4937 et
2086 4881 2238 4936 multi

651 4973 887 5044 suntqui
936 4973 1134 5028 intrant
1158 4990 1250 5044 per
1294 4990 1407 5029 eam
1451 4972 1648 5044 (Ibid.,
1697 4973 1819 5045 14).
1871 4974 2077 5029 Horum
2121 4973 2238 5028 nul-

650 5065 737 5122 lus
764 5066 970 5137 appetit
996 5068 1156 5124 beate
1186 5068 1398 5131 vivere,
1444 5067 1569 5135 quia
1609 5066 1691 5120 vel
1729 5065 1940 5136 ignorat
1969 5067 2100 5137 quid
2131 5067 2234 5133 sit,

651 5159 739 5214 vel
767 5174 875 5214 non
904 5159 1022 5214 vult
1048 5160 1204 5229 sequi
1230 5159 1376 5228 quod
1404 5158 1573 5212 novit.
1599 5158 1772 5225 Quam
1795 5159 2057 5229 peccandi
2085 5158 2238 5214 diffe-

652 5252 885 5308 rentiam
897 5249 1086 5305 beatus
1096 5249 1429 5320 Augustinus
1451 5250 1504 5304 in
1525 5250 1964 5320 sententiapaulo
1986 5250 2239 5320 superius

650 5342 931 5412 praemissa
955 5339 1158 5409 liquido
1185 5339 1488 5408 perdocuit.
1519 5338 1628 5394 Nos
1657 5348 1836 5394 autem
1858 5348 1912 5394 et
1939 5340 2235 5410 appetitum

652 5432 791 5489 bene
813 5432 1058 5497 vivendi,
1098 5440 1153 5487 et
1181 5431 1508 5486 desiderium
1549 5440 1710 5500 atque
1738 5430 2048 5486 facultatem
2076 5432 2238 5486 mise-

653 5521 767 5576 rias
804 5521 1067 5578 evadendi
1115 5531 1276 5590 atque
1322 5521 1527 5576 vitandi
1570 5521 1759 5592 gratiae
1803 5521 2053 5594 gratuitae
2095 5523 2236 5578 dono

656 5613 813 5668 nobis
841 5613 957 5668 dari
985 5615 1153 5670 libere
1171 5614 1494 5671 confitemur
1512 5625 1568 5670 et
1587 5615 1863 5672 humiliter
1878 5615 2236 5688 postulamus.

659 5701 720 5756 Si
761 5712 941 5760 autem
982 5705 1148 5760 vitam
1175 5707 1391 5761 beatam
1428 5707 1597 5762 vitam
1632 5717 1890 5775 aeternam
1924 5722 2234 5778 nuncupas,

735 5831 759 5858 ει
797 5818 1013 5875 Additio
1041 5821 1372 5892 marginalia.

1665 360 1726 416 S.
1767 359 2138 418 PRUDENTII
2178 357 2564 417 'I'REGENSIS
2601 355 2906 414 EPISCOPI

3691 369 3787 425 εωθ

2257 476 2312 537 Α
2335 473 2630 529 secundum
2651 488 2715 529 ea
2743 487 2865 542 quae
2886 469 3000 540 jam
3023 470 3172 526 dicta
3198 476 3336 537 sunt,
3363 471 3510 526 etiam
3533 481 3608 529 tua
3629 482 3788 535 assertio

2340 563 2664 620 confutatur.

2409 655 2516 712 Sed
2540 656 2684 725 quod
2715 656 2816 721 ais,
2839 671 2957 726 qua:
2993 664 3169 708 tamen
3204 652 3346 708 nulla
3387 664 3487 720 est,
3524 657 3563 711 si
3590 657 3649 712 rel
3669 673 3790 714 coactu

2339 745 2600 800 voluntate
2624 747 2942 817 acquiritur,
2980 743 3056 802 vel
3090 745 3203 800 sine
3236 743 3457 800 libertate
3481 748 3742 816 possidetur;
3766 752 3796 807 si

2338 839 2484 894 nulla
2517 848 2630 906 est,
2672 840 2905 910 qualiter
2929 855 3254 911 quocunque
3285 841 3435 896 modo
3469 842 3736 911 acquiritur?
3759 845 3796 899 Si

2338 929 2487 984 nulla
2529 939 2647 997 est,
2698 940 2964 1001 quatenus
3011 931 3175 986 etiam
3221 931 3336 986 sine
3375 930 3596 988 libertate
3629 935 3798 1004 posside-

2342 1021 2472 1076 tur?
2511 1021 2630 1077 Non
2659 1023 2802 1079 enim
2833 1024 2919 1080 vel
2950 1025 3280 1094 acquiritur,
3321 1025 3404 1080 vel
3427 1025 3682 1094 possidetur
3705 1031 3798 1098 quod

2339 1113 2560 1170 omnino
2587 1130 2696 1170 non
2723 1123 2826 1171 est.
2855 1115 3122 1184 Quocirca
3162 1116 3432 1173 fatendum
3465 1125 3540 1173 est
3572 1133 3668 1175 esse
3687 1120 3796 1175 vitam

2339 1204 2572 1271 beatam,
2619 1213 2675 1260 et
2695 1206 2791 1262 hic
2833 1221 2954 1262 eam
2990 1206 3186 1264 divinat
3223 1209 3404 1279 gratiae
3431 1209 3720 1279 inspiratione
3738 1228 3800 1282 ap-

2338 1296 2584 1366 petitam,
2615 1312 2828 1352 morum
2867 1298 3120 1370 deinceps
3143 1299 3428 1370 probitate,
3472 1301 3692 1372 adjutorio
3721 1319 3800 1374 gra-

2339 1388 2429 1446 tiae
2460 1389 2706 1460 acquiri;
2738 1398 2791 1445 et
2814 1391 3153 1462 postmodum
3179 1389 3312 1460 justi
3333 1391 3519 1461 judicis
3544 1394 3803 1450 retributione

2339 1484 2591 1540 libertate
2634 1482 2912 1539 liberrima
2948 1484 3237 1554 possideri.
3276 1484 3516 1541 Miseram
3538 1499 3647 1540 vero
3665 1485 3802 1550 vitam,

2339 1576 2386 1631 si
2416 1591 2448 1629 a
2477 1575 2754 1631 contrario
2781 1576 3086 1647 gehennam
3125 1576 3396 1647 appellas,
3440 1585 3624 1633 certum
3660 1587 3721 1632 est
3746 1594 3803 1632 ne-

2337 1667 2538 1722 minem
2593 1675 2782 1736 sponte
2829 1666 3049 1733 subire;
3099 1681 3292 1722 omnes
3343 1675 3517 1722 tamen
3560 1675 3613 1721 ut
3648 1666 3804 1722 subeant

2339 1767 2530 1828 sponte
2575 1757 2919 1824 contrahere,
2972 1757 3220 1827 quamvis
3271 1755 3340 1812 ad
3393 1765 3645 1827 utramque
3678 1757 3805 1812 divina

2259 1850 2308 1912 B
2335 1848 2754 1919 dispensationis
2811 1848 3038 1905 occultis
3099 1847 3618 1918 inscrutabilibusque
3661 1846 3805 1918 iudiciis

2337 1938 2490 1994 multi
2518 1938 2802 2010 adigautur
2850 1947 3012 2009 atque
3041 1947 3326 2011 cogantur,
3355 1939 3430 1995 ita
3453 1946 3508 1993 ut
3543 1953 3628 1994 nec
3657 1937 3806 1992 libertas

2337 2033 2548 2088 arbitrii
2603 2033 2898 2099 auferatur,
2956 2047 3058 2088 nec
3101 2033 3328 2088 omnino
3384 2031 3545 2103 gratia
3579 2029 3804 2100 denegatur.

2339 2120 2408 2193 [ι
2436 2121 2504 2176 Et
2523 2122 2739 2192 quidem
2757 2123 2913 2194 juxta
2942 2123 2996 2180 id
3021 2122 3164 2193 quod
3191 2122 3398 2178 homini
3438 2122 3634 2179 libertas
3666 2121 3808 2175 addicta

2337 2221 2500 2282 atque
2525 2213 2735 2270 servilis
2757 2215 3036 2281 remansit,
3091 2214 3294 2270 dicitur
3339 2214 3389 2270 ei
3432 2215 3497 2270 ad
3539 2211 3806 2270 testimonium

2337 2322 2449 2364 suae
2476 2306 2835 2364 damnationis
2860 2307 3082 2364 relictus
3116 2309 3466 2365 beatitudinis
3492 2306 3726 2378 appetitus,
3746 2313 3807 2366 ut,

2337 2397 2442 2454 hoc
2467 2397 2650 2454 audito
2674 2399 2954 2464 vocabulo,
2993 2398 3110 2468 ejus
3142 2399 3430 2456 dulcedine
3452 2399 3638 2454 illectus
3659 2402 3806 2466 appetat

2337 2489 2749 2556 beatitudinem,
2795 2491 2864 2546 ad
2907 2489 3061 2559 cujus
3113 2491 3512 2564 perceptionem
3552 2493 3682 2566 bene,
3715 2494 3810 2542 recte

2336 2582 2530 2654 pieque
2558 2583 2805 2651 vivendo,
2842 2585 3127 2655 pervenire
3163 2601 3277 2642 non
3301 2585 3434 2640 vult.
3499 2585 3560 2640 Et
3602 2582 3701 2652 quia
3734 2579 3812 2633 talis

2337 2675 2604 2746 appetitus
2624 2690 2691 2730 ex
2716 2675 3047 2745 testimonio,
3071 2684 3132 2732 ut
3171 2677 3251 2734 ita
3298 2677 3536 2742 dixerim,
3575 2672 3740 2732 servilis
3771 2669 3811 2724 li-

2335 2765 2582 2833 bertatis,
2614 2782 2720 2823 non
2745 2783 2810 2823 ex
2835 2769 2976 2825 dono
2997 2770 3187 2841 gratiae
3205 2770 3475 2840 procedit,
3500 2769 3550 2824 in
3573 2764 3814 2823 seserelisns

2335 2865 2497 2927 atque
2516 2859 2878 2915 comminutus
2889 2861 3234 2928 emarcescit,
3254 2861 3508 2916 continuo
3517 2867 3569 2914 et
3585 2849 3814 2922 Μηδείην]

2405 2946 2527 3002 Jam
2555 2963 2686 3003 vero
2705 2947 2928 3005 libertas
2959 2949 3171 3006 arbitrii
3215 2950 3396 3020 qualis
3443 2958 3562 3005 ante
3597 2953 3815 3018 peceawm

2335 3039 2513 3112 qualis
2538 3049 2662 3111 post
2679 3049 2964 3110 peccatum
3001 3041 3167 3098 fuerit
3192 3041 3335 3100 satis
3363 3055 3614 3113 superque
3630 3041 3818 3093 monstrt-

2338 3144 2452 3192 tum
2475 3145 2578 3192 est.
2611 3135 2765 3204 Quod
2796 3150 2926 3192 vero
2958 3122 3189 3192 liberum
3218 3136 3507 3192 arbitrium
3557 3148 3615 3188 ac
3651 3129 3820 3186 volunta-

2260 3209 2306 3272 C
2339 3236 2446 3284 tem
2485 3229 2540 3283 in
2567 3227 2786 3284 homine
2827 3228 2998 3286 Deum
3043 3244 3187 3285 nunc
3231 3221 3455 3285 creasse
3491 3235 3546 3284 et
3581 3221 3820 3281 condidisse.

2337 3333 2480 3374 nunc
2502 3318 2715 3375 dedisse
2740 3319 2949 3376 homini
2979 3319 3176 3376 scribis
3204 3337 3218 3374 :
3243 3320 3448 3376 mirum
3473 3319 3570 3374 nisi
3610 3311 3821 3372 secundum

2336 3411 2658 3483 Pelagianos
2698 3418 2884 3482 patres
2928 3418 3050 3468 tuos
3102 3411 3276 3481 ipsam
3335 3419 3572 3466 naturam
3617 3407 3820 3460 humanam

2336 3503 2567 3576 gratiam
2602 3517 2900 3574 nuucupas,
2931 3510 2992 3558 ut
3011 3511 3198 3574 postea
3219 3503 3488 3574 quidquid
3527 3499 3706 3556 cmlitus
3723 3495 3824 3549 datur

2337 3609 2442 3649 non
2464 3593 2539 3650 sit
2570 3592 2820 3664 gratuitae
2843 3593 3034 3664 gratia:
3055 3595 3221 3658 datio,
3251 3595 3353 3650 sed
3383 3593 3552 3650 meriti
3593 3583 3822 3645 retributio;

2337 3685 2428 3754 qui
2479 3691 2662 3739 tamen
2717 3684 2965 3754 quamvis
3009 3685 3061 3739 in
3117 3693 3332 3740 natura:
3374 3684 3660 3742 conditione
3693 3671 3826 3734 conle

2339 3775 2544 3830 tuerint
2569 3775 2822 3846 gratiam,
2847 3789 3125 3846 nunquam
3173 3785 3362 3832 tamen
3419 3776 3652 3847 leguntur

2338 3867 2668 3923 voluntatem
2715 3877 2770 3924 et
2812 3867 3118 3924 libertatem
3165 3869 3249 3924 vel
3293 3869 3532 3926 hominis
3573 3865 3644 3922 vel
3679 3860 3828 3920 alterius

2339 3965 2603 4013 creaturae
2650 3958 2952 4026 rationalis,
2976 3973 3098 4016 esse
3128 3959 3493 4016 substantiam
3522 3958 3635 4015 :uhi
3675 3949 3828 4010 manife-

2340 4059 2424 4108 ste
2446 4051 2735 4124 conjicitur
2755 4059 2910 4108 tanto
2939 4053 3262 4110 deteriorem
3317 4071 3442 4112 esse
3493 4049 3746 4125 Pelagianis
3775 4061 3830 4114 1³³·

2340 4146 2514 4202 tribus
2554 4147 2682 4214 tuis,
2717 4156 2920 4218 quanto
2950 4147 3007 4203 in
3033 4147 3237 4204 erroris
3274 4163 3468 4206 eorum
3516 4144 3761 4202 assertione
3790 4151 3828 4190 ει

2341 4239 2704 4310 superaddere
2730 4255 3044 4311 praesumas,
3072 4256 3192 4310 quae
3221 4256 3326 4296 nec
3350 4240 3457 4312 ipsi
3487 4255 3579 4296 nec
3605 4235 3682 4292 alii
3699 4236 3830 4289 anteit

2339 4333 2540 4388 dixisse
2563 4331 2773 4402 uspiam
2800 4332 3164 4404 reperiuntur.
3189 4332 3422 4388 Errores
3443 4330 3628 4387 etenim
3664 4321 3829 4391 Pelagia~

2341 4441 2536 4480 norum
2562 4425 2654 4496 qui
2679 4423 2902 4492 fuerint,
2945 4425 3194 4496 quamvis
3225 4425 3365 4482 actis
3419 4421 3672 4497 synodicis
3702 4416 3832 4488 quibus

2341 4517 2582 4572 damnati
2601 4525 2728 4573 sunt
2751 4527 3168 4588 cognoscantur,
3204 4519 3478 4590 praecipue
3513 4530 3673 4572 tamen
3713 4524 3760 4563 et
3792 4505 3832 4556 li-

2347 4609 2462 4665 bris
2480 4608 2652 4664 beatae
2672 4609 2950 4693 memoria:
3001 4609 3314 4680 Augustini,
3366 4624 3503 4680 quos
3537 4605 3615 4662 vel
3655 4601 3835 4693 adversi”

2346 4715 2439 4756 eos
2469 4700 2554 4756 vel
2577 4701 2645 4756 de
2671 4688 2961 4772 nonaginta
2992 4701 3289 4757 bteresibus
3309 4702 3504 4766 edidit,
3547 4695 3758 4754 facillime
3776 4688 3832 4743 dt-

2344 4791 2770 4862 prehenduntur.
2815 4790 3024 4859 Quibus
3069 4792 3326 4862 inspectis
3384 4803 3638 4862 nusquam
3673 4776 3835 4853 reperire

2343 4883 2486 4938 valui
2510 4884 2653 4953 quod
2688 4891 3064 4954 portentorum
3093 4891 3306 4940 tuorum
3331 4881 3591 4940 fetoribus
3628 4867 3832 4933 exhalasli.

2341 4978 2471 5034 Item
2496 4977 2638 5048 quod
2661 4976 2778 5032 ais:

2909 5086 3133 5127 JOANNES
3169 5086 3387 5126 SCOTUS.

2411 5168 2561 5239 (Cap.
2589 5166 2642 5232 5,
2667 5182 2818 5220 num.
2846 5165 2939 5232 21,
2961 5174 3092 5221 sect.
3119 5165 3196 5235 9.)
3229 5175 3269 5221 Θ
3301 5164 3564 5234 Quemque
3588 5153 3770 5213 libertati
3789 5163 3838 5198 αι·-

2341 5261 2861 5331 bitriiderogantcm,
2891 5271 2981 5313 aut
3021 5261 3323 5324 minuendo,
3387 5265 3480 5312 aut
3525 5253 3704 5325 penitus
3738 5242 3838 5308 all“

2341 5353 2521 5416 rendo,
2551 5362 2641 5405 aut
2664 5351 3068 5421 blasphemando
3119 5351 3277 5404 totius
3300 5347 3608 5404 Christianae
3625 5335 3836 5408 discipliM

2339 5441 2521 5511 procul
2543 5441 2704 5495 dubio
2733 5441 3000 5494 inimicum

2936 5550 3250 5592 CORRECTIO.

2415 5628 2456 5698 ’ί-
2483 5627 2617 5696 Quis
2639 5627 2866 5693 minuat,
2890 5627 2994 5683 nisi
3017 5627 3109 5696 qui
3137 5635 3356 5697 peccat;
3389 5625 3511 5696 quis
3535 5621 3723 5708 penitus
3739 5607 3839 5708 aula.

2349 5727 2452 5786 rat,
2489 5719 2595 5776 nisi
2623 5720 2715 5790 qui
2747 5729 2997 5791 ignorat;
3051 5719 3172 5788 quis
3218 5716 3574 5787 blasphemet;
3614 5707 3703 5765 nisi
3735 5707 3838 5771 qu”
