4064 6346
233 365 374 424 1097

1086 371 1176 430 DE
1209 372 1884 436 PREDESTINATIONE
1924 381 2202 442 CONTRA
2243 387 2294 446 J.
2337 388 2634 449 SCOTUM.

3365 411 3506 469 1098

221 486 430 554 pietate
457 470 721 541 discedit?
752 483 943 545 Minuit
985 489 1182 564 quippe
1229 495 1330 550 sibi
1379 497 1683 552 libertatem
1729 513 1815 550 ar-
1842 508 1893 568 Α
1920 500 2015 566 ris,
2057 503 2339 572 miramur,
2375 521 2499 562 cum
2525 507 2667 563 aliud
2712 510 2784 567 sit
2819 528 3027 584 creare,
3065 517 3210 576 aliud
3262 523 3498 598 donare;

225 573 374 598 ,_,,_,,
563 585 747 598 -___._
1252 585 1284 598 ._
1335 587 1367 598 -.
1695 589 1725 598 .,
1923 593 1956 598 --
2099 596 2104 598 Α
2192 597 2195 598 ν

225 573 517 644 bitrii,qui
561 585 751 646 sponte
799 581 1072 647 peccando
1124 585 1368 640 servituti
1421 603 1480 642 se
1527 588 1754 654 addixit,
1785 604 1817 643 a

220 682 330 736 qua
360 668 425 722 dc
448 679 645 724 czetero
687 685 794 724 non
843 672 1029 727 habuit
1069 673 1294 731 liberum
1330 694 1361 733 a
1391 681 1673 737 servitutis
1719 685 1819 740 do-

219 761 412 824 minio,
444 763 545 818 nisi
579 779 676 833 per
706 764 798 820 Dei
823 775 880 821 ct
907 767 1189 824 hominum
1219 769 1534 830 Mediatoris
1579 777 1812 846 gratiam

215 853 464 909 liberari.
501 855 693 913 Aufert
722 867 903 915 autem
923 861 1120 926 nullus,
1149 863 1253 918 nisi
1283 868 1624 924 auctoritatis
1663 869 1815 940 igna-

217 963 315 1001 rus
343 955 400 1002 et
421 949 648 1006 rationis
672 965 884 1022 expers,
915 969 1086 1026 neque
1121 958 1416 1015 bonitatem
1460 963 1572 1029 Dei,
1633 981 1812 1036 neque

207 1038 479 1108 justitiam
511 1042 604 1098 Dei
631 1043 816 1100 valens
841 1048 1041 1101 mentis
1061 1049 1229 1104 oculis
1254 1043 1522 1110 contueri.
1548 1054 1806 1125 BlaSphe-

211 1141 332 1186 mat
360 1148 490 1190 vero
523 1137 770 1206 quisquis
790 1154 819 1193 a
845 1141 1048 1208 pietate
1093 1143 1398 1212 discedens,
1445 1149 1664 1221 suisque
1707 1152 1808 1206 im-

209 1222 511 1290 pietatibus
534 1225 1293 1299 vituperabiliterinnodatus,
1331 1237 1398 1290 de
1439 1236 1658 1305 judiciis
1709 1240 1802 1296 Dei

213 1311 422 1366 mavult
445 1313 786 1384 iniquissime
823 1320 976 1388 queri
1014 1325 1298 1398 quamde
1347 1327 1458 1382 suis
1510 1329 1804 1389 sceleribus

209 1413 312 1460 aut
332 1407 481 1478 argui
506 1417 601 1464 aut
629 1412 930 1478 emendari,
963 1423 1057 1469 aut
1096 1425 1244 1472 certe
1281 1417 1534 1488 judicari,
1586 1439 1804 1482 omnes-

207 1510 320 1564 que
350 1513 454 1552 non
478 1499 651 1555 solum
675 1517 704 1556 a
737 1503 1039 1573 disciplina,
1072 1523 1258 1563 verum
1288 1512 1450 1565 etiam
1473 1528 1503 1566 a
1541 1516 1802 1575 societate

206 1587 492 1644 catholicae
515 1589 768 1648 Ecclesiae
787 1593 969 1660 alieni,
1019 1607 1264 1666 exsortes
1294 1601 1599 1662 nullatenus
1650 1607 1802 1664 dubi-

207 1687 416 1735 tantur.
445 1680 731 1754 Peccatum
755 1695 936 1741 autem
983 1705 1102 1745 esse
1130 1691 1496 1751 voluntarium
1551 1699 1798 1771 quisquis

206 1781 394 1843 negat,
432 1777 648 1832 modum
687 1779 876 1848 prima:
910 1787 1358 1856 transgressionis
1406 1793 1630 1850 minime
1677 1795 1796 1852 dili-

1921 593 2047 649 licet
2092 596 2145 650 in
2185 597 2299 667 ipsa
2329 602 2606 658 creatione
2631 604 2754 659 data
2790 606 3049 666 divinitus
3081 613 3287 671 homini
3328 621 3502 678 multa

1919 688 2058 742 bona
2102 706 2207 746 non
2237 691 2586 762 ignoremus:
2618 697 2805 766 veluti,
2838 711 2895 756 ut
2925 703 2991 758 de
3027 709 3238 764 caneris
3282 711 3500 784 sileam,

1917 775 2062 832 facto
2113 783 2328 850 corpori
2374 785 2635 854 animam,
2683 787 2841 845 facta:
2884 794 3080 850 animae
3133 799 3497 873 voluntatem,

1915 871 2219 940 scientiam,
2265 875 2478 947 aliaque
2507 895 2620 935 suae
2646 889 2850 939 natura:
2889 892 3271 958 competentia,
3300 871 3498 965 quibus

1916 960 2095 1031 imago
2135 964 2230 1019 Dci
2286 967 2337 1021 in
2388 983 2452 1023 ea
2505 970 2760 1027 decenter
2801 983 3048 1032 teneatur
3085 994 3148 1034 ac
3193 983 3496 1043 decoretur.

1913 1050 2031 1107 Non
2063 1057 2208 1123 quod
2241 1057 2459 1130 aliquod
2488 1061 2655 1118 veluti
2692 1068 2948 1135 spatium,
2990 1079 3082 1124 aut
3112 1072 3214 1129 loci
3246 1087 3340 1132 aut
3367 1089 3501 1135 tem-

1909 1145 2082 1214 poris.
2121 1147 2266 1204 inter
2313 1153 2644 1210 creationem
2687 1164 2743 1212 et
2782 1156 2982 1216 donum
3014 1178 3360 1236 asseramus;
3404 1173 3499 1228 sed

1911 1241 2148 1294 creando
2183 1241 2440 1298 donatum
2473 1260 2582 1300 non
2625 1247 2952 1309 dubitemus.
2987 1255 3120 1312 Nam
3165 1261 3497 1319 voluntatem

1904 1335 2077 1398 atque
2106 1332 2390 1388 scientiam
2420 1339 2629 1406 augeri,
2663 1340 2747 1396 vel
2780 1344 2952 1400 minui
2975 1347 3027 1402 in
3057 1361 3304 1407 creatura
3335 1357 3498 1412 ratio-

1908 1418 2014 1472 nali
2037 1419 2160 1489 quis
2189 1423 2434 1478 nesciat?
2463 1426 2604 1484 Dicit
2631 1432 2774 1486 enim
2810 1433 3078 1507 Pr0pheta
3107 1441 3172 1498 de
3199 1447 3403 1503 sanctis
3437 1459 3496 1504 et

1907 1508 2004 1563 Dei
2035 1511 2382 1570 tabernaculo
2402 1516 2610 1589 dignis:
2639 1519 2797 1576 Ibunt
2831 1525 2895 1581 de
2938 1529 3124 1586 virtute
3164 1535 3219 1588 in
3249 1539 3490 1594 virtutem

1906 1599 2079 1671 (Psat.
2121 1620 2348 1670 Lxxxtn,
2392 1609 2470 1680 8).
2503 1604 2649 1679 Quid.
2667 1625 2750 1671 est
2787 1619 2934 1675 enim
2976 1623 3054 1679 ire
3082 1625 3149 1682 de
3197 1629 3400 1688 virtute
3433 1635 3492 1691 in

1904 1694 2181 1762 virtutem,
2216 1699 2318 1756 nisi
2357 1703 2461 1773 piae
2488 1705 2780 1766 voluntatis
2833 1727 3087 1787 sanaeque
3134 1721 3377 1780 scientiae
3410 1728 3494 1784 in-

1902 1787 2197 1844 crementis
2236 1803 2302 1844 eo
2331 1807 2506 1864 usque
2548 1799 2831 1868 prolicere,
2868 1804 3038 1861 donec
3071 1810 3318 1868 videatur
3347 1816 3490 1874 Deus

205 1873 403 1934 genter
436 1867 690 1924 advertit.
719 1870 912 1929 Postea
937 1891 1084 1941 vero,
1119 1881 1368 1948 quamvis
1411 1882 1553 1939 illius
1601 1901 1792 1944 neces-
1822 1878 1874 1940 B
1900 1875 2124 1932 deorum
2160 1880 2214 1934 in
2259 1880 2430 1938 Sion?
2457 1884 2715 1946 Crescere
2752 1902 2932 1950 θυιθιη
2958 1901 3219 1968 sapient"!
3249 1907 3490 1966 allimam

203 1954 368 2010 sitate
403 1971 610 2025 onmes,
635 1971 830 2031 praater
856 1981 1016 2022 unum
1065 1969 1411 2030 Mcdiatorem
1457 1977 1552 2034 Dei
1591 1988 1647 2034 et
1701 1981 1798 2038 ho-

203 2043 435 2112 minum,
465 2053 922 2125 constringantur.
980 2063 1314 2134 proindeque
1345 2067 1412 2122 ad
1457 2069 1624 2125 multa
1674 2087 1797 2142 quae

202 2136 360 2203 prius
391 2139 676 2199 noluerant
705 2162 808 2203 nec
831 2151 1074 2208 meditati
1116 2157 1348 2226 fuerant,
1378 2165 1791 2235 compellantur,
1836 2185 1840 2188 '

201 2223 484 2284 fatendum
510 2241 594 2288 est
633 2242 811 2292 tamen
833 2254 942 2296 non
967 2243 1170 2315 absque
1219 2249 1492 2307 voluntate
1534 2269 1596 2308 ea
1647 2272 1796 2312 com-

199 2319 368 2386 mitti,
393 2325 589 2392 quibus
627 2327 774 2397 justa
809 2349 983 2403 paenae
1036 2340 1323 2396 retributio
1371 2359 1788 2418 compensetur:

201 2409 280 2465 ita
312 2421 372 2466 ut
399 2423 454 2469 et
475 2416 624 2472 inviti
665 2425 887 2492 quidam
912 2429 980 2482 ad
1001 2445 1064 2483 ea
1095 2439 1456 2502 perpetranda
1495 2409 1789 2513 cogantur,

159 2509 164 2512 '
196 2513 260 2558 et
289 2513 465 2562 tamen
498 2511 764 2582 voluntas,
788 2523 1032 2588 quamvis
1051 2522 1166 2591 jam
1201 2530 1410 2598 captiva
1453 2543 1508 2588 et
1553 2509 1788 2605 addicta,

197 2614 312 2656 non
341 2602 500 2670 desit,
530 2620 652 2676 qua:
679 2612 877 2668 merito
904 2617 1162 2685 puniatur

817 2724 1044 2785 CAPUT
1085 2733 1169 2788 Vl.

193 2804 282 2860 De
307 2822 368 2862 eo
397 2811 536 2879 quod
565 2829 670 2870 non
699 2815 913 2897 aliunde
940 2823 1006 2876 sit
1030 2840 1181 2879 omne
1209 2839 1477 2897 peccatum
1499 2835 1602 2890 nisi
1627 2837 1788 2896 libero

553 2887 780 2957 propria:
811 2890 1091 2950 voluntatis
1120 2887 1360 2954 arbitrio.

270 2993 404 3050 Cum
435 3011 563 3055 vero
593 2999 924 3061 fastidiosius
953 3014 1007 3062 et
1030 3024 1137 3064 non
1165 3015 1474 3074 necessario
1521 3031 1671 3076 sexto
1701 3039 1790 3078 su-

192 3089 624 3157 pervacuitatum
695 3102 908 3152 tuarum
959 3101 1186 3158 articulo
1258 3105 1397 3180 (cap.
1445 3110 1498 3176 6,
1540 3129 1682 3168 num.
1734 3118 1786 3182 1,

190 3187 325 3231 sect.
357 3179 406 3250 l)
433 3183 658 3251 replicas
689 3188 830 3258 quod
859 3205 966 3246 non
1011 3194 1228 3251 aliunde
1256 3199 1326 3254 sit
1371 3217 1531 3258 omne

192 3276 314 3322 tum
356 3270 456 3326 nisi
488 3272 658 3332 libero
705 3281 937 3350 propria:
990 3285 1284 3344 voluntatis
1331 3293 1578 3360 arbitrio,
1641 3299 1780 3355 unde

191 3357 381 3414 nullus
408 3362 509 3432 pia:
531 3367 728 3422 mentis
750 3380 929 3440 potest
949 3375 1247 3446 ambigere,
1273 3383 1441 3440 uteris
1461 3401 1782 3457 argumento

189 3449 343 3518 quod
369 3451 600 3510 sumitur
628 3471 659 3511 a
682 3463 1106 3531 comparatione,
1138 3469 1324 3526 dicens
1351 3487 1366 3526 :

735 3587 966 3632 JOANNES
1004 3592 1229 3637 SCOTUS.

267 3679 422 3752 (Cap.
457 3683 511 3750 6,
547 3701 695 3742 num.
732 3689 786 3756 2,
824 3701 956 3749 sect.
1002 3695 1079 3768 1.)
1109 3706 1151 3754 Θ
1189 3699 1252 3756 Si
1279 3703 1511 3763 humana
1539 3712 1778 3772 voluntas

183 3782 270 3827 est
295 3776 581 3832 secundum
617 3792 884 3851 naturam,
931 3788 1067 3843 unde
1111 3791 1352 3851 dubitare
1382 3800 1773 3875 stultissimum,

185 3861 329 3917 nulli
357 3864 573 3921 dubium
595 3885 710 3924 eam
745 3890 850 3929 non
884 3892 993 3931 esse
1036 3896 1293 3938 summam
1328 3891 1561 3945 omnium
1591 3896 1776 3952 volun-

183 3961 374 4020 tatem,
415 3961 732 4016 comtaxime
765 3978 1070 4036 argumento
1103 3975 1242 4041 quod
1281 3981 1546 4036 mutabilis
1585 3989 1672 4041 sit.
1716 3989 1777 4044 Si

183 4044 334 4097 enim
363 4063 569 4102 summa
597 4055 831 4108 omnium
873 4069 1026 4126 esset,
1057 4067 1316 4132 quomodo
1353 4074 1619 4130 mutabilis
1664 4097 1776 4138 esse

181 4139 405 4207 posset?
432 4137 555 4195 Non
580 4142 742 4213 igitur
769 4163 994 4204 summa.
1031 4151 1290 4218 Quoniam
1315 4175 1434 4214 vero
1467 4180 1580 4219 eam
1607 4173 1771 4225 ratio-

183 4227 274 4282 nis
300 4245 518 4286 summa:
537 4235 841 4306 participem
863 4256 974 4294 esse
991 4243 1247 4310 videmus,
1270 4249 1510 4310 dubitare
1537 4273 1638 4313 non
1659 4278 1775 4330 pos-

181 4334 374 4374 sumus
409 4321 574 4391 ipsam
603 4325 914 4382 rationalem
935 4331 1282 4392 substantiam
1307 4355 1449 4413 esse.

816 4455 1140 4503 COBBECTIO.

262 4524 306 4594 τ
341 4523 409 4580 Ει
435 4527 589 4584 addis
633 4527 800 4602 (num.
833 4534 890 4596 5,
921 4541 1124 4605 sect.2)
1156 4541 1301 4601 beati
1326 4547 1613 4620 Augustini
1648 4572 1771 4614 sen-

181 4617 436 4684 tentiam,
466 4635 604 4689 quae,
634 4629 882 4694 quamvis
924 4633 974 4686 in
1002 4636 1322 4703 quibusdam
1381 4617 1493 4711 tua,
1535 4649 1643 4704 imo
1673 4668 1767 4708 ca-

177 4707 410 4776 tholica,
441 4712 742 4780 conﬁrmet,
775 4719 830 4774 in
866 4736 930 4776 eo
962 4731 1137 4781 tamen
1171 4731 1476 4790 nullatenus
1514 4750 1606 4794 aut
1635 4759 1767 4800 con-

175 4799 338 4854 venit
377 4811 471 4858 aut
512 4804 858 4878 sull‘ragatur,
910 4817 1052 4884 quod
1102 4818 1392 4880 humanam
1438 4829 1768 4893 voluntatem

177 4894 505 4953 rationalem
536 4902 888 4960 substantiam
925 4924 1228 4980 asseveras,
1257 4917 1382 4987 quia
1413 4935 1684 4993 nunquam
1712 4927 1766 4984 id

175 4981 305 5053 ejus
330 4985 521 5045 litterae
553 4995 833 5053 continere
874 5003 1190 5068 probantur.

757 5106 986 5168 CAPUT
1037 5115 1146 5169 νη.

176 5186 342 5271 Quod
369 5188 590 5275 liberum
619 5195 897 5275 voluntatis
946 5205 1222 5275 arbitrium
1273 5216 1654 5270 numerandum
1696 5221 1762 5275 sit

253 5260 393 5354 inte'r
426 5262 558 5317 bona
594 5283 712 5336 quae
756 5269 894 5326 Deus
931 5274 1128 5330 homini
1168 5279 1412 5351 largitur,
1439 5289 1672 5354 quamvis
1703 5307 1763 5345 eo

255 5331 394 5386 male
429 5331 616 5389 utatur'
633 5351 653 5388 .‘
679 5355 796 5407 qua:
815 5353 888 5396 est
928 5361 1086 5400 causa
1112 5331 1309 5418 peccati
1332 5365 1380 5407 el
1397 5331 1688 5424 peccatum.

254 5446 314 5502 ln
342 5462 408 5505 eo
435 5459 614 5507 autem
642 5455 783 5524 quod
812 5462 1040 5530 septimo
1065 5480 1388 5525 nausearum
1421 5482 1632 5530 tuarum
1665 5487 1758 5535 tae-

176 5545 277 5596 dio
308 5540 447 5612 (cap.
487 5543 539 5609 7,
582 5562 726 5600 num.
757 5550 807 5615 1,
845 5560 967 5606 sect.
1004 5554 1058 5625 1)
1085 5556 1312 5614 liberum
1351 5565 1640 5624 voluntatis
1679 5587 1762 5626 ar-

175 5631 404 5688 bitrium
426 5638 816 5694 numerandum
846 5658 1037 5700 censes
1069 5649 1211 5704 inter
1236 5653 1377 5708 bona
1404 5673 1524 5726 qua:
1553 5661 1757 5718 homini

172 5723 362 5778 divina
391 5723 639 5796 largitate
668 5730 864 5787 donata
889 5744 1033 5802 sunt,
1061 5748 1116 5794 et
1137 5723 1512 5813 amplectimur
1538 5762 1591 5807 et
1619 5771 1754 5826 gau-

167 5815 390 5872 demus.
419 5816 522 5872 Sed
548 5820 689 5888 quod
715 5821 842 5878 illud
870 5830 1117 5897 superius
1145 5849 1175 5890 a
1204 5834 1314 5893 Deo
1335 5851 1576 5898 creatum
1602 5815 1753 5902 dixe-

577 5911 848 5977 Pnaon.
893 5919 1080 5988 CXV.

1580 3220 1778 3302 pecca-
1795 3225 1855 3302 ’ρ

1904 1970 2228 2029 rationalem
2259 1979 2588 2050 evangelista
2613 1985 2943 2055 manifestat,
2979 1993 3072 2062 qui
3100 1996 3165 2050 de
3193 1998 3405 2056 Domini
3435 2012 3492 2058 et

1903 2059 2202 2120 Salvatoris
2228 2067 2456 2124 infantia
2500 2087 2731 2130 narrans
2772 2078 2887 2133 ait:
2914 2059 3488 2158 Et'Jesusproﬁciebat

1899 2153 2178 2222 sapientia,
2203 2167 2252 2211 et
2295 2171 2471 2230 nitate,
2501 2176 2547 2218 et
2584 2169 2758 2237 gratia
2786 2173 2927 2242 apud
2968 2173 3134 2232 Deum
3171 2153 3218 2234 et
3248 2183 3485 2242 homines

1901 2240 2049 2313 (Luc.
2085 2263 2143 2314 n,
2169 2248 2257 2322 52)
2287 2270 2299 2303 τ
2325 2255 2587 2324 sapientia
2617 2240 2832 2329 quidem
2863 2266 2932 2320 ad
2963 2269 3221 2340 animam,
3255 2286 3386 2333 retas
3417 2240 3482 2333 ad

1897 2351 2125 2407 corpus,
2176 2345 2348 2413 gratia
2397 2350 2632 2417 pertinet
2689 2354 2754 2409 ad
2799 2366 3108 2433 utrumque.
3167 2366 3267 2435 Qui
3321 2371 3481 2442 igitur

1896 2429 2184 2497 prolicere,
2218 2436 2270 2489 id
2300 2447 2383 2493 est
2417 2455 2665 2499 crescere
2695 2449 2988 2520 augerique
3025 2455 3243 2525 dicitur,
3273 2464 3488 2532 sapien-

1897 2520 1972 2574 tia
2010 2525 2292 2595 nimirum,
2317 2546 2422 2586 non
2446 2544 2666 2592 aetatum
2702 2545 2890 2610 spatiis
2918 2559 3168 2620 augetur,
3193 2556 3286 2610 sed
3315 2557 3486 2613 virtu—

1897 2618 2008 2665 tum
2052 2614 2401 2677 incrementis
2439 2626 2719 2684 attollitur.
2763 2633 2831 2687 Et
2877 2614 3124 2710 qtiisqnis
3155 2614 3389 2702 scicntia
3427 2659 3485 2705 et

1894 2703 2160 2770 sapientia
2202 2710 2468 2776 prolicere
2513 2717 2732 2788 dicitur,
2781 2703 2909 2779 non—
2931 2729 3232 2788 substantia
3269 2739 3478 2807 augeri,

1893 2793 1986 2846 sed
2028 2796 2318 2856 virtutibus
2355 2805 2636 2865 sublimari
2667 2814 2967 2874 credendus
2995 2829 3116 2876 est:
3148 2833 3243 2880 aut
3287 2843 3316 2882 a
3348 2845 3480 2884 con-

1894 2888 2062 2943 trario
2091 2891 2337 2963 quisquis
2368 2898 2620 2957 vitiorum
2651 2903 2874 2964 faecibus
2912 2911 3244 2982 inquinatur,
3277 2930 3477 2990 quanto

1893 2981 2066 3051 magis
2087 2998 2150 3038 ac
2179 2985 2550 3050 dclectabilius
2579 2995 2658 3052 eis
2686 2981 3162 3070 inbzeseritﬂanto
3185 2981 3477 3072 virtutibus

1893 3073 2174 3133 decrescit.

1962 3176 2076 3242 Qua
2103 3180 2168 3234 de
2190 3195 2251 3237 re
2283 3183 2556 3257 colligitur
2582 3192 2947 3254 voluntarium
2978 3212 3139 3274 atque
3161 3207 3494 3278 scientiam,

1887 3267 2100 3339 aliaque
2131 3271 2225 3328 Dei
2259 3275 2394 3331 dona
2444 3281 2640 3340 animae
2671 3288 2918 3347 rationali
2960 3267 3081 3350 data
3118 3307 3280 3370 atque
3306 3303 3471 3360 insita

1885 3377 1990 3415 non
2021 3379 2141 3420 esse
2171 3366 2528 3428 substantiam
2557 3375 2672 3445 ejus
2696 3397 2708 3434 :
2736 3385 2990 3452 quoniam
3013 3404 3057 3443 sn
3089 3401 3298 3450 natura:
3319 3405 3465 3463 sunt,

1882 3468 2106 3510 necesse
2131 3467 2218 3513 est
2251 3469 2474 3520 naturas
2509 3466 2856 3540 incorporeas
2886 3493 3035 3533 more
3083 3497 3466 3554 corporearum

1881 3553 2199 3604 naturarum
2229 3558 2533 3625 augmentis
2571 3576 2838 3630 crescere,
2881 3553 3222 3629 detrimentis
3250 3577 3460 3634 minui:

1881 3643 2024 3710 quod
2068 3644 2301 3702 alienum
2337 3653 2550 3720 penitus
2591 3671 2623 3708 a
2655 3669 2904 3715 creatura
2937 3663 3258 3736 incorporea
3286 3671 3467 3728 nullus

1881 3734 2114 3804 ignorat.
2145 3738 2405 3798 Crescere
2435 3756 2612 3801 autem
2642 3750 2946 3810 voluntates
2973 3758 3273 3827 hominum,
3301 3763 3352 3817 id
3381 3776 3466 3822 est

1883 3827 2065 3896 augeri
2095 3828 2178 3881 vel
2206 3831 2392 3894 minui,
2431 3835 2570 3889 sicut
2595 3846 2651 3891 et
2678 3841 3051 3912 cogitationes,
3079 3864 3200 3917 quae
3223 3866 3330 3906 non
3356 3855 3462 3910 nisi

1880 3933 1948 3973 ex
1971 3918 2244 3976 voluntate
2273 3927 2560 3995 prodeunt,
2591 3933 2924 4002 quotidiana,
2957 3938 3064 3994 imo
3098 3939 3263 4012 jugis,
3305 3946 3463 4001 docet

1881 4009 2180 4067 alternitas.
2241 4013 2610 4076 Substantiam
2659 4033 2920 4082 creaturae
2965 4009 3241 4088 rationalis
3299 4037 3462 4093 nullis

1880 4109 2087 4159 natura:
2115 4120 2226 4160 suae
2259 4112 2564 4179 augmentis
2593 4129 2839 4172 crescere
2868 4121 2950 4176 vel
2988 4122 3304 4183 decrescere
3342 4145 3461 4184 ecr-

1878 4203 1990 4250 tum
2029 4206 2132 4252 est.
2163 4199 2456 4259 Scientiam
2492 4215 2548 4261 et
2568 4210 2885 4280 sapientiam
2912 4216 2963 4270 in
2993 4223 3258 4277 creaturis
3293 4227 3458 4280 ratio-

1876 4286 2087 4344 nalibus
2119 4293 2302 4362 augeri
2334 4295 2418 4349 vel
2460 4298 2631 4354 minui
2663 4301 2882 4358 dubium
2917 4322 3024 4363 non
3069 4319 3167 4366 est.
3199 4313 3457 4388 Quisquis

1875 4390 2004 4446 ergo
2035 4378 2365 4438 voluntatem
2414 4388 2580 4458 atque
2605 4392 2886 4450 scientiam
2927 4399 3162 4458 hominis
3202 4416 3453 4466 naturam

1873 4466 1989 4535 ejus
2021 4471 2141 4526 e'sse
2165 4474 2473 4543 conﬁrmat,
2503 4483 2690 4550 procul
2735 4485 2898 4543 dubio
2937 4503 3242 4552 creaturam
3277 4500 3457 4556 incor-

1874 4573 2094 4629 poream
2127 4569 2430 4633 augmentis
2468 4576 2842 4644 corporalibus
2882 4583 3178 4653 subjectam
3209 4606 3330 4648 esse
3364 4611 3452 4651 as-

1873 4659 2020 4706 serat
2043 4667 2266 4710 necesse
2294 4667 2380 4713 est
2403 4678 2416 4714 :
2440 4664 2580 4730 quod
2610 4682 2770 4734 quam
2807 4671 2876 4725 sit
2910 4689 2938 4727 a
2965 4679 3173 4733 ratione
3192 4681 3447 4750 alienum,

1874 4759 2033 4800 nemo
2057 4746 2158 4801 nisi
2189 4749 2416 4806 rationis
2444 4768 2640 4824 expers
2677 4759 2906 4830 ignorat.
2937 4765 3086 4822 Dona
3113 4779 3293 4826 autem
3331 4775 3451 4842 Dei,

1872 4849 1993 4904 qua:
2030 4847 2156 4891 sunt
2187 4838 2270 4893 vel
2318 4857 2528 4912 magna,
2563 4847 2646 4901 vel
2695 4852 2895 4919 media,
2929 4857 3010 4911 vel
3061 4859 3300 4926 minima,
3333 4865 3454 4919 ani-

1871 4944 1975 4984 mae
2024 4931 2274 4986 rationali
2333 4949 2432 5003 pro
2475 4938 2750 4996 voluntate
2801 4944 3086 5016 largientis
3137 4951 3446 5022 distributa,

1868 5021 2158 5092 Apostolus
2189 5025 2410 5092 indicat,
2459 5031 2553 5099 qui
2592 5038 2891 5092 numeratis
2920 5041 3239 5108 quibusdam
3283 5021 3448 5104 dono?

1869 5132 1990 5171 rum
2020 5117 2135 5183 Dei,
2171 5119 2434 5177 conclusit
2460 5122 2680 5181 dicens:
2712 5127 2840 5182 Haec
2867 5140 3038 5185 autem
3065 5135 3240 5190 omnia
3259 5155 3446 5208 opera-

1870 5217 1958 5262 tur
1983 5225 2120 5265 unus
2145 5225 2297 5283 atque
2326 5213 2462 5268 idem
2494 5214 2742 5286 Spiritus,
2775 5220 3009 5276 dividens
3038 5225 3261 5295 singulis
3293 5242 3449 5301 prout

1868 5297 1976 5352 vult
2012 5299 2064 5371 (Ι
2091 5299 2214 5355 Cor.
2239 5318 2340 5369 xn',
2370 5305 2480 5376 11).
2512 5307 2612 5372 Qui
2643 5307 2808 5377 igitur
2833 5310 3116 5369 scientiam
3152 5316 3204 5371 in
3227 5297 3446 5378 homine

1871 5398 2119 5445 naturam
2147 5395 2359 5458 asserit,
2406 5397 2660 5452 nimirum
2685 5397 2944 5468 Apostolo
2969 5409 3312 5477 contradicit,
3353 5415 3443 5482 qui

1870 5497 1990 5538 eam
2034 5485 2178 5541 inter
2207 5489 2299 5542 Dei
2336 5489 2474 5546 dona
2507 5495 2796 5551 enuntians
2827 5498 2964 5553 dixit
2989 5513 3003 5553 :
3028 5500 3136 5555 Alii
3172 5503 3331 5559 datur
3355 5522 3450 5575 per

1869 5574 2124 5641 Spiritum
2163 5594 2332 5634 sermo
2356 5584 2648 5652 sapientiae,
2673 5586 2768 5640 alii
2801 5605 2969 5644 sermo
3000 5593 3231 5648 scientia:
3252 5597 3307 5648 in
3338 5612 3443 5650 uno

1865 5664 2087 5734 Spiritu,
2129 5678 2233 5724 etc.
2284 5670 2470 5740 (Ibid.,
2534 5675 2612 5744 8).
2653 5675 2829 5732 Datur
2879 5680 3036 5748 dixit,
3094 5699 3201 5739 non
3247 5686 3441 5742 condi-

1863 5764 1968 5822 tur,
2007 5759 2086 5814 vcl
2117 5770 2370 5828 creatur;
2418 5769 2559 5836 quod
2591 5784 2720 5836 ergo
2751 5773 2908 5828 datur
2953 5775 3150 5832 donum
3196 5787 3298 5845 est,
3327 5796 3435 5838 non

1860 5861 2050 5910 natura
2079 5872 2090 5909 :
2117 5858 2260 5925 quod
2294 5869 2472 5916 autem
2521 5864 2680 5922 datur
2712 5868 2762 5922 in
2802 5869 3076 5928 voluntate
3111 5875 3289 5930 dantis
3329 5883 3439 5944 est,

2964 5965 3041 6030 35
