4064 6346
612 353 751 415 ωοθ

1608 342 1666 398 s.
1700 320 2081 397 annosum
2124 332 2507 403 racemus
2543 327 2853 389 cnseo"
2924 352 2929 355 τ

3753 322 3881 381 ηω

606 486 717 531 nou
743 469 797 525 in
835 469 1105 537 potestate
1126 468 1332 519 natura!
1372 455 1708 531 accipientis.
1771 452 1872 521 Qui
1901 451 2045 509 enim
2073 450 2189 517 dat,
2218 454 2267 513 Α
2296 454 2449 501 tract.
2514 445 2605 502 lib.
2649 461 2700 510 ι,
2753 459 2872 515 cap.
2928 440 3019 515 15)
3067 458 3099 537 εξ
3130 440 3356 537 {Quod}
3391 439 3705 537 inquiens,
3758 454 3881 511 pro-

603 577 707 635 pro
738 557 1015 615 voluntate
1045 552 1262 617 tribuit;
1293 550 1385 623 qui
1418 563 1548 607 vero
1573 547 1788 619 accipit,
1822 560 1928 603 non
1954 542 2189 615 propria:

604 652 900 717 voluntatis
945 648 1181 723 potentia
1214 653 1313 701 aut
1334 642 1623 707 desiderio,
1675 640 1771 699 sed
1805 653 1905 710 pro
1936 635 2188 693 donantis

606 743 837 803 arbitrio
868 739 1117 813 percipit,
1166 735 1316 807 quid,
1353 741 1615 806 quantum
1656 739 1752 789 aut
1785 728 2059 801 quomodo
2101 725 2187 785 di-

606 822 827 913 apensat
854 836 964 903 ille,
991 833 1082 906 qui
1101 831 1276 889 omnia
1298 831 1353 886 in
1372 844 1641 893 mensura,
1668 836 1716 882 et
1746 824 1996 897 pondere,
2019 831 2067 878 et
2090 837 2190 879 nu-

609 947 755 988 mero
785 925 1082 985 constituit.
1112 921 1228 981 Non
1254 928 1338 977 est
1366 920 1532 993 igitur
1558 924 1811 973 creatura
1836 913 2065 971 liberum
2096 925 2189 966 ar-

598 1024 857 1087 .bitrium,
888 1018 941 1077 id
967 1026 1051 1074 est
1094 1017 1343 1072 humanae
1381 1009 1674 1071 voluntatis
1713 1005 1927 1071 electio,
1969 1004 2064 1063 sed
2089 1003 2188 1060 do-

609 1131 737 1179 num
786 1113 883 1173 Dei
934 1113 1080 1171 inter
1107 1108 1284 1167 media
1326 1107 1593 1167 donorum
1633 1102 1775 1159 illius
1814 1100 1956 1159 bona
2002 1112 2191 1157 nume-

608 1206 861 1264 randum.
905 1202 1059 1259 Unde
1092 1208 1146 1256 et
1175 1197 1319 1255 facili
1351 1203 1499 1252 motu
1530 1209 1561 1248 a
1586 1206 1800 1251 summo
1826 1190 1969 1247 bono
1994 1186 2189 1253 averti,

607 1310 771 1371 atque
814 1298 882 1354 ad
920 1294 1178 1353 inferiora
1224 1288 1434 1349 deﬂecti
1476 1287 1679 1360 potuit,
1721 1284 1848 1341 inde
1890 1290 1948 1339 et
1997 1281 2193 1338 merito

604 1394 882 1468 plectitur,
930 1380 1582 1457 meritoquevoluntarim
1629 1392 1741 1435 suae
1780 1373 2083 1433 aversionis
2111 1372 2193 1429 di-

604 1487 899 1563 gnissimas
919 1498 1110 1556 pronas
1140 1479 1259 1535 luit.

1199 1618 1425 1692 CAPUT
1468 1630 1599 1687 vm.

607 1734 690 1793 De
722 1733 1021 1807 lli/ferentia
1049 1732 1187 1786 inter
1216 1737 1463 1853 ηαιῗίιὲαῃι
1492 1722 1720 1778 hominis
1745 1728 1792 1775 et
1825 1718 2044 1775 liberum
2078 1716 2194 1788 ejus

1243 1815 1307 1853 ar
1384 1810 1540 1851 num.

1243 1810 1540 1853 arbitrium.

680 1942 885 1999 Octavo
934 1934 1316 2010 disputationis
1356 1940 1462 1989 tute
1496 1929 1689 1986 ordine
1729 1926 1882 1999 (cap.
1930 1924 1987 1991 8,
2042 1941 2097 1981 n.
2140 1924 2192 1988 1,

610 2032 818 2106 sect.l)
863 2031 1078 2089 conaris
1106 2030 1250 2084 inter
1286 2026 1513 2083 liberam
1562 2017 2193 2085 hominiswoluntatem,

616 2141 759 2198 quae,
797 2125 939 2182 sicut
963 2123 1064 2187 ais,
1090 2137 1155 2177 ex
1195 2127 1389 2177 natura
1416 2124 1523 2182 est,
1552 2123 1608 2170 et
1627 2112 1880 2169 -liberum
1906 2107 2026 2181 ejus
2053 2108 2199 2171 arbi-

616 2220 803 2284 trium,
831 2217 974 2288 quod
1002 2212 1190 2287 procul
1214 2210 1379 2268 dubio
1398 2209 1595 2265 donum
1622 2204 1900 2262 Creatoris
1935 2218 2059 2261 esse
2078 2216 2197 2261 ma-

617 2309 873 2366 nifestum
895 2314 998 2372 est,
1022 2303 1334 2361 distantiam
1362 2300 1565 2356 facere.
1588 2297 1647 2353 in
1670 2311 1777 2366 qua
1797 2310 1921 2351 cum
1941 2294 2033 2349 diu
2059 2292 2199 2349 mul-

622 2411 845 2471 tumque
894 2396 1109 2453 labores
1132 2434 1148 2461 ,
1196 2390 1390 2450 delinis
1431 2388 1764 2445 voluntatem
1804 2384 2031 2440 liberam
2075 2394 2200 2438 esse

617 2489 975 2549 substantiam
1024 2487 1345 2549 humanam;
1398 2481 1632 2537 liberum
1681 2488 1862 2534 autem
1912 2474 2199 2533 arbitrium

618 2583 804 2639 liberae
840 2577 1132 2636 voluntatis
1173 2582 1402 2633 motum.
1430 2570 1587 2639 Quod
1625 2584 1748 2624 cum
1784 2566 2004 2637 propria
2045 2563 2200 2621 adin-

622 2676 874 2733 ventione
902 2667 1254 2733 conlinxeris,
1294 2664 1466 2720 miror
1508 2671 1564 2717 te
1600 2668 1747 2717 tanta
1780 2657 2023 2714 cmcitatc
2043 2654 2202 2712 obtu-

622 2784 766 2836 sum,
791 2776 850 2823 ut
870 2766 1055 2821 videre
1077 2754 1388 2832 nequiveris
1410 2763 1603 2811 contra
1625 2751 1870 2809 omnium
1908 2746 2203 2803 catholico«

624 2876 745 2918 rum
788 2872 945 2915 suasa
995 2852 1301 2924 rectissima
1344 2857 1396 2905 te
1440 2844 1807 2924 impudentius
1847 2841 2077 2912 garrire,
2124 2837 2205 2894 lo-

622 2922 1060 3024 quacitatemque
1100 2957 1268 3009 tuam,
1308 2922 1562 2999 omnibus
1595 2933 1899 2999 ridendam,
1932 2945 2203 2988 summam

624 3019 889 3100 fallaciter
927 3037 1205 3110 potavisse
1229 3029 1595 3104 prudentiam.
1627 3025 1871 3096 Cumque
1914 3021 2058 3078 beati
2094 3019 2206 3075 Au-

2291 547 2481 610 pterea
2527 537 2735 594 dictum
2800 543 2918 603 est,
2978 543 3039 591 ut
3086 535 3191 591 hac
3242 532 3561 591 deﬁnitione
3611 530 3811 587 volens
3854 546 3886 586 a

2292 631 2512 687 nolente
2535 629 2957 697 discernerctur,
2987 634 3043 682 et
3071 625 3153 683 sic
3173 625 3241 681 ad
3283 624 3405 683 illos
3450 623 3766 681 referretur
3804 623 3883 677 in-

2293 722 2484 790 tentio,
2504 720 2596 792 qui
2628 718 2790 793 primi
2809 718 2866 775 in
2884 716 3138 789 paradiso
3163 715 3383 773 fuerunt
3414 715 3666 771 humano
3706 712 3885 784 generi

2293 814 2446 887 origo
2471 811 2621 880 mali,
2641 810 2789 869 nullo
2816 817 3045 882 cogente
3084 810 3377 881 peccando,
3430 808 3539 863 hoc
3578 814 3670 862 est
3718 805 3885 861 libera

2286 894 2569 963 voluntate
2597 901 2896 989 peccando,
2924 900 3050 973 quia
3077 908 3134 963 et
3152 900 3389 957 scientes
3435 907 3637 957 contra
3692 911 3891 969 prace-

2280 1002 2443 1071 ptum
2466 993 2730 1067 fecerunt,
2759 1002 2815 1051 et
2836 992 2925 1049 ille
2956 997 3193 1072 tentatur
3236 990 3410 1047 suasit
3451 999 3517 1045 ut
3562 989 3679 1045 hoc
3723 987 3889 1051 ﬁeret,

2293 1104 2403 1145 non
2431 1086 2627 1161 coegit.
2660 1084 2799 1145 Nam
2819 1093 2875 1143 et
2895 1084 2988 1156 qui
3009 1083 3260 1141 nesciens
3278 1082 3556 1154 peccavit,
3576 1096 3697 1139 non
3721 1080 3895 1137 incoa-

2290 1189 2547 1255 gruenter
2567 1178 2757 1236 nolens
2780 1192 3035 1249 peccasse
3065 1176 3171 1233 dici
3195 1184 3396 1247 potest,
3423 1174 3691 1246 quamvis
3712 1181 3773 1228 et
3790 1173 3893 1243 ipse

2293 1274 2438 1345 quod
2471 1272 2720 1329 nesciens
2773 1268 2927 1337 fecit,
2974 1268 3163 1327 volens
3216 1276 3393 1327 tamen
3434 1266 3611 1334 fecit;
3670 1266 3759 1322 ita
3806 1281 3893 1323 nec

2282 1363 2465 1439 ipsius
2487 1380 2608 1422 esse
2629 1364 2807 1436 potuit
2827 1364 2945 1420 sine
2982 1362 3261 1420 voluntate
3280 1371 3593 1433 peccatum.
3647 1360 3791 1429 Qu:
3812 1375 3893 1413 vo-

2295 1457 2478 1517 luntas
2502 1459 2711 1529 utique,
2744 1456 3127 1517 sicutdelinita
3160 1464 3267 1523 est,
3319 1453 3489 1511 animi
3540 1442 3739 1513 motus
3782 1452 3891 1515 fuit.

2296 1558 2526 1621 cogente
2547 1549 2713 1616 nullo,
2737 1549 2805 1623 ad
2828 1548 3030 1620 aliquid
3060 1547 3155 1626 vel!
3182 1563 3291 1604 non
3332 1544 3771 1615 admittendum,
3825 1545 3897 1603 vel

2296 1641 2728 1713 adipiscendum.
2784 1639 2938 1709 Quod
2978 1640 3123 1699 enim
3164 1639 3212 1699 si
3255 1638 3543 1703 noluisset,
3587 1651 3713 1695 non
3752 1635 3899 1692 fecis-

2278 1714 2404 1809 lset,
2433 1748 2539 1788 non
2568 1742 2789 1789 coactus
2810 1741 2897 1788 est
2917 1731 3119 1791 facere.
3146 1731 3287 1800 Quia
3332 1731 3507 1789 voluit
3560 1744 3708 1803 ergo
3756 1728 3897 1794 fecit,

2221 1814 2273 1876 B
2301 1823 2513 1881 etiamsi
2540 1839 2648 1880 non
2665 1824 2792 1895 quia
2822 1822 2994 1879 voluit
3012 1824 3287 1899 peccavit,
3305 1823 3564 1897 nesciens
3608 1831 3896 1893 peccat-ta

2300 1930 2421 1993 esse
2459 1916 2604 1991 quod
2623 1914 2792 1971 fecit:
2825 1915 2903 1971 ita
2928 1930 3031 1975 nec
3054 1914 3162 1973 tale
3190 1924 3477 1987 peccatum
3526 1914 3661 1971 sine
3720 1913 3900 1970 volan-

2302 2015 2413 2065 tate
2448 2022 2570 2065 esse
2596 2007 2796 2083 potuit,
2824 2008 2920 2065 sed
2951 2004 3411 2093 voluntatefaeti,
3460 2022 3577 2065 non
3624 2006 3901 2063 voluntate

2298 2101 2536 2174 peccati,
2584 2101 2729 2171 quod
2778 2109 2959 2157 tamen
3012 2098 3216 2157 factum
3266 2108 3559 2175 peccatum
3608 2097 3762 2165 fuit;
3810 2097 3901 2155 hoc

2284 2191 2448 2269 enim
2478 2190 2682 2247 factum
2701 2198 2786 2247 est
2812 2190 2957 2263 quod
2980 2188 3103 2267 ﬁeri
3124 2204 3233 2255 non
3260 2188 3465 2265 debuit.
3516 2187 3798 2259 Quisquis
3818 2204 3902 2245 al-

2288 2290 2413 2355 _tem
2436 2283 2620 2340 sciens
2658 2290 2867 2355 peccat,
2919 2282 2965 2339 si
3012 2290 3194 2361 potest
3229 2280 3444 2354 cogenti
3503 2280 3582 2337 ad
3618 2288 3902 2351 peccatu

2303 2375 2420 2447 sine
2444 2382 2667 2447 peccato
2687 2374 2965 2441 resistere,
2988 2388 3091 2430 nec
3114 2382 3297 2451 tamen
3318 2372 3475 2439 facit,
3498 2372 3704 2444 utique
3726 2371 3901 2429 voles

2301 2475 2515 2543 peccat,
2552 2464 2808 2539 quoniam
2844 2465 2939 2539 qui
2972 2471 3151 2535 potest
3184 2463 3480 2545 resistere,
3536 2477 3655 2518 non
3705 2462 3911 2534 cogitur

2305 2562 2520 2619 cedere.
2550 2560 2653 2629 Qui
2680 2575 2813 2616 vero
2855 2558 3070 2632 cogenti
3103 2556 3387 2635 cupiditati
3436 2556 3588 2615 bona
3631 2555 3907 2612 voluntate

2308 2652 2566 2708 resistere
2597 2666 2704 2707 non
2731 2657 2929 2722 potest,
2989 2658 3046 2706 et
3090 2649 3210 2707 idec
3246 2647 3376 2704 facit
3411 2656 3609 2703 contra
3638 2657 3908 2720 precept:

2302 2744 2551 2816 iustitiae.
2572 2741 2683 2814 jam
2710 2742 2816 2800 hoc
2836 2742 2910 2798 ita
2932 2748 3218 2813 peccatum
3244 2748 3349 2807 est,
3375 2748 3440 2796 ut
3458 2739 3537 2795 sit
3557 2741 3736 2795 etiam
3759 2754 3909 2811 pinna

2305 2834 2540 2909 peccati.
2558 2832 2583 2910 ’]
3186 2838 3203 2893 ,’

2377 2931 2420 3001 -ι-
2449 2929 2588 2987 Ecce
2610 2927 2799 2985 doctor
2817 2927 3202 2985 veracissimus
3225 2926 3437 2984 duobus
3480 2927 3599 2984 tuis
3633 2928 3913 2989 enat-ibus

2310 3019 2605 3078 fortissime
2628 3020 2972 3078 contradicit.
3025 3020 3129 3090 Qui
3165 3020 3309 3077 enim
3331 3020 3688 3077 voluntatem
3716 3031 3915 3077 motum

630 3133 831 3209 gustiui
876 3128 1200 3186 sententiam
1240 3120 1735 3180 conﬁrmandarum
1778 3124 1993 3171 tuarum
2030 3112 2202 3185 gratia
2238 3193 2280 3209 Α
2311 3110 2478 3168 animi
2501 3110 2763 3179 deﬁnivit,
2789 3111 2977 3184 procul
3015 3113 3181 3169 dubio
3208 3128 3316 3168 non
3345 3112 3650 3169 essealiud
3690 3113 3861 3170 libera'
3868 3128 3912 3170 ιι

604 3193 1001 3283 deﬁnitionum
1046 3219 1353 3280 adhibercs,
1378 3222 1433 3270 et
1476 3227 1595 3268 eum
1640 3208 1775 3265 nihil
1804 3207 1950 3264 aliud
1975 3206 2207 3261 liberum
2233 3193 2281 3261 (ἶ
2314 3203 2599 3261 arbitrium
2622 3219 2784 3276 quam
2808 3203 3137 3262 voluntatem
3160 3204 3388 3261 liberam
3422 3205 3739 3273 intellexit,
3770 3207 3918 3262 intel-

564 3382 571 3387 ,
631 3314 913 3372 arbitrium
958 3325 1121 3381 quam
1159 3308 1387 3362 liberam
1429 3302 1765 3357 voluntatem
1802 3299 1859 3355 in
1885 3297 2072 3354 eadem
2111 3310 2212 3352 sua

628 3406 921 3470 sententia,
967 3396 1422 3473 quemadmodum
1470 3393 1525 3448 in
1555 3391 1828 3459 omnibus,
1859 3387 2214 3465 appellavisse

629 3511 1011 3573 cognosceres,
1042 3493 1294 3562 illiusque
1321 3487 1647 3543 auctoritate
1679 3483 1899 3539 frivolas
1928 3495 2215 3554 argumen-

633 3593 863 3649 tationes
891 3598 1011 3644 tuas
1039 3582 1197 3642 evelli
1234 3588 1526 3646 metueres,
1566 3575 1821 3634 addidisti
1843 3582 2215 3646 portentosum

630 3680 1027 3757 expositionem
1053 3676 1243 3733 dicens
1270 3690 1283 3727 :

1181 3800 1412 3846 JOANNES
1449 3797 1671 3840 εαυτοῦ.

708 3907 862 3981 (Cap.
905 3905 962 3972 8,
993 3919 1048 3959 n.
1091 3902 1149 3969 ι,
1180 3908 1315 3959 sect.
1346 3899 1425 3963 8.)
1461 3905 1504 3954 Θ
1544 3895 1612 3951 In
1649 3893 1838 3966 quibus
1868 3888 2033 3948 verbis
2067 3887 2220 3944 debe-

638 4019 755 4061 mus
794 4000 1061 4055 intendere
1089 4011 1152 4053 ne
1184 3995 1303 4065 quis
1327 3989 1676 4048 substantiam
1717 3982 2008 4053 confundat
2040 3990 2219 4035 etmo-

639 4107 772 4159 tum,
812 4091 1032 4147 audiens
1069 4088 1287 4143 liberam
1322 4082 1659 4145 voluntatem,
1696 4093 1813 4149 qua:
1852 4072 2219 4146 proculdubio

624 4182 995 4244 substantialis
1042 4189 1138 4236 est.
1171 4177 1253 4232 Eo
1281 4177 1454 4246 itaque
1490 4169 1769 4227 locutionis
1812 4165 1969 4221 modo
2003 4173 2217 4219 sanctus

640 4280 802 4335 Pater
830 4273 1152 4346 Augustinus
1191 4284 1318 4325 usus
1351 4276 1449 4332 est,
1481 4263 1701 4320 dicendo
1732 4260 1950 4315 liberant
1970 4256 2217 4313 uolunta-

639 4382 742 4428 tem
776 4384 869 4437 pro
894 4382 952 4419 eo
999 4363 1137 4436 quod
1183 4368 1283 4425 est,
1327 4358 1504 4413 libera:
1530 4355 1811 4411 voluntatis
1856 4358 2078 4414 malum,
2115 4350 2222 4403 sive

640 4457 937 4521 arbitrium,
968 4470 1071 4526 quo
1104 4451 1333 4508 solemus
1364 4448 1462 4514 uti,
1496 4447 1621 4501 dum
1652 4460 1744 4517 per
1764 4458 1952 4498 causas
1975 4440 2222 4497 substan-

2314 3296 2696 3369 ligendumque
2716 3297 2917 3355 litteris
2938 3298 3235 3355 mandavit.
3260 3296 3481 3354 Falsum
3505 3308 3602 3355 est
3619 3315 3764 3371 ergo
3782 3299 3917 3371 quod

2316 3389 2461 3446 inter
2485 3389 2712 3446 liberam
2731 3389 3065 3446 voluntatem
3090 3388 3434 3460 liberumque
3454 3387 3765 3445 arbitrium
3786 3390 3915 3445 hanc

2316 3479 2630 3535 distantiam
2664 3479 2921 3545 (inseras,
2961 3487 3020 3535 ut
3047 3478 3275 3535 liberam
3327 3479 3679 3535 voluntatem
3724 3481 3795 3535 ad
3834 3498 3917 3535 na-

2318 3579 2517 3638 turam,
2548 3571 2779 3627 liberum
2804 3579 2983 3626 autem
3010 3569 3294 3626 arbitrium
3340 3570 3409 3626 ad
3464 3579 3695 3627 motum
3746 3571 3919 3626 libere

2315 3661 2616 3720 voluntatis
2644 3661 3263 3723 referendaidocuisses.
3295 3658 3451 3728 Quod
3477 3660 3539 3715 in
3568 3658 3832 3730 dum
3862 3659 3918 3713 li-

2304 3754 2404 3839 _bri
2427 3754 2811 3815 retractatione
2855 3753 2995 3827 (cap.
3030 3752 3116 3827 15)
3160 3752 3303 3811 haud
3357 3752 3527 3809 dubie
3572 3752 3919 3815 minim.

2319 3859 2443 3903 cum
2473 3844 2606 3901 dicit
2628 3844 2866 3919 :.[Quod
2889 3852 3095 3910 autem,
3116 3843 3391 3915 inquiens,
3416 3842 3535 3899 dixi
3560 3842 3923 3899 alicui-Ic

2318 3935 2584 4008 quidquid
2608 3934 2833 4003 faciunt,
2868 3935 2916 3993 si
2946 3943 3163 4001 natura,
3202 3950 3310 3991 non
3355 3933 3645 3997 voluntate
3699 3934 3923 3997 latitant,

2324 4027 2379 4086 id
2415 4036 2500 4086 est
2526 4028 2574 4085 si
2607 4027 2778 4085 libero
2798 4036 2857 4084 et
2888 4026 2959 4084 ad
2984 4025 3290 4084 faciendum
3335 4033 3394 4081 et
3432 4025 3502 4081 ad
3552 4039 3677 4081 non
3724 4023 3928 4080 facien-

2308 4119 2457 4189 dum
2496 4126 2645 4177 motu
2674 4119 2843 4175 animi
2874 4127 3104 4183 carent;
3138 4117 3188 4173 si
3221 4117 3455 4188 denique
3475 4117 3571 4173 his
3605 4114 3927 4173 abstinui

2320 4214 2393 4271 ab
2411 4229 2576 4286 opere
2620 4229 2718 4271 suo
2760 4220 3000 4286 potestas
3048 4211 3193 4268 nulla
3236 4208 3585 4277 conceditur,
3636 4219 3930 4282 peccatu

2319 4319 2507 4362 earum
2532 4313 2715 4363 tenere
2744 4320 2852 4363 non
2874 4319 3184 4375 possumus.
3212 4301 3506 4373 Propterea
3540 4315 3659 4357 non
3718 4310 3932 4372 pertit-

2318 4394 2414 4451 bat
2449 4396 2516 4450 de
2542 4394 2783 4466 parvulis
2821 4393 3073 4471 quaestio,
3123 4392 3253 4465 quia
3286 4406 3353 4448 ex
3390 4389 3537 4446 illius
3587 4390 3819 4461 origine
3858 4386 3931 4442 rei

2323 4494 2597 4553 tenentur,
2629 4486 2723 4558 qui
2742 4486 3018 4542 voluntate
3053 4484 3319 4558 peccavit,
3366 4480 3591 4554 quando
3651 4480 3847 4537 libero
3880 4487 3933 4534 et

638 4551 788 4646 at.
817 4563 997 4646 me
1032 4544 1392 4618 εερηεβοαηιαε
1664 4536 1833 4646 ψέξει
2244 4555 2298 4619 υ
2328 4536 2729 4631 ﬁgentur;
2753 4536 3033 4633 atati}.
3053 4536 3535 4646 aestumat.
3557 4536 3677 4627 tt...
3707 4572 3785 4639 .a
3806 4568 3931 4640 ιιι]

578 4652 589 4663 ’
640 4643 795 4699 tionis
818 4640 1091 4705 circuitus,
1119 4652 1215 4709 pro
1243 4649 1376 4691 certe
1400 4629 1816 4689 ratiocinationis
1844 4625 2090 4682 circuitu.

1275 4756 1591 4801 COBBECTIO.

712 4870 750 4939 -ι-
785 4866 917 4935 Quae
954 4873 1046 4920 tua
1083 4874 1193 4918 non
1226 4854 1512 4928 expositio,
1562 4851 1658 4908 sed
1696 4847 2014 4920 depravatio
2049 4846 2220 4919 ipsius

643 4957 787 5017 beati
823 4952 1113 5029 Augustini
1142 4948 1324 5006 verbis
1355 4961 1386 5001 e
1428 4943 1658 5016 vestigio
1709 4948 1955 4998 cassetur
1986 4953 2225 5009 necesse

641 5058 744 5116 est,
770 5046 863 5119 qui
890 5028 1118 5101 liberam
1143 5039 1474 5097 voluntatem
1507 5034 1736 5088 liberum
1760 5038 1966 5086 motum
1996 5043 2116 5083 esse
2136 5028 2227 5083 de-

642 5145 858 5210 ﬁniens,
886 5142 941 5197 in
980 5140 1119 5196 libro
1175 5150 1335 5207 quem
1386 5140 1575 5189 contra
1615 5127 1939 5184 Manichzeos
1988 5125 2055 5182 de
2095 5124 2226 5179 dua-

644 5236 745 5292 bus
798 5224 1080 5288 animabus
1120 5226 1292 5284 edidit
1340 5225 1416 5280 ita
1469 5221 1679 5276 locutus
1717 5227 1800 5274 est
1844 5219 2002 5290 (cap.
2050 5214 2165 5285 lO)
2211 5231 2225 5269 :

645 5323 929 5399 [Voluntas
968 5329 1053 5377 est
1089 5318 1254 5374 animi
1290 5323 1488 5379 motus,
1537 5319 1762 5383 cogente
1809 5308 1986 5376 nullo,
2025 5309 2092 5364 ad
2129 5306 2230 5363 ali-

646 5416 778 5490 quid
822 5415 908 5471 vel
954 5428 1060 5470 non
1110 5402 1537 5473 admittendum,
1596 5405 1681 5460 vel
1747 5400 2226 5476 adipiscendum.']

646 5510 689 5581 1-
721 5507 929 5579 Quibus
953 5505 1134 5560 verbis
1158 5500 1445 5558 manifeste
1473 5507 1623 5554 tuum
1653 5510 1893 5553 errorem
1916 5496 2225 5562 detruncat,

650 5621 760 5680 quo
776 5604 1109 5661 voluntatem
1154 5606 1446 5657 humanam
1486 5609 1603 5668 ejus
1642 5592 1934 5648 essentiam
1972 5588 2230 5657 deﬁnisti,

653 5710 818 5765 quam
861 5691 1181 5748 sententiam
1224 5704 1293 5745 ne
1326 5687 1466 5744 forte
1508 5683 1817 5754 Pelagianis
1840 5680 2087 5752 patribus
2125 5679 2232 5747 tuis

658 5780 935 5853 suffragari
966 5782 1262 5846 videretur,
1285 5780 1360 5835 ita
1392 5775 1707 5833 retractavit
1746 5772 2073 5845 Augustinus
2102 5772 2228 5841 (Re-

2330 4676 2479 4723 motu
2512 4667 2804 4722 animinon
2831 4666 3069 4732 carebat,
3119 4666 3279 4741 eique
3322 4665 3391 4722 ab
3424 4677 3595 4735 opere
3622 4664 3790 4721 malo
3812 4663 3933 4719 abs-

2332 4758 2535 4815 tinendi
2563 4773 2771 4815 summa
2797 4766 3037 4830 potestas
3055 4766 3192 4814 erat.
3215 4755 3238 4833 ]

2402 4851 2443 4923 σι·
2470 4849 2611 4906 Ecce
2634 4859 2689 4906 et
2732 4849 2787 4904 iu
2815 4848 2917 4905 hac
2961 4848 3224 4905 sententia
3277 4845 3608 4925 voluntatem
3652 4861 3689 4901 a
3736 4854 3933 4901 natura

2332 4940 2610 5011 discrevit,
2637 4934 2867 5013 eamque
2897 4950 3101 4997 motum
3124 4939 3292 4997 animi
3315 4939 3547 5011 liberum
3590 4953 3712 4994 non
3744 4936 3935 4997 tacuit.

2336 5050 2551 5092 rursum
2574 5035 2629 5090 iu
2660 5049 2725 5090 eo
2761 5026 2904 5104 quod
2947 5032 3017 5088 ad
3062 5032 3394 5104 peccandum
3442 5029 3565 5101 cogi
3610 5028 3935 5098 perdocuit.

2336 5126 2511 5184 errori
2550 5134 2642 5182 tuo
2682 5124 2940 5181 vivaciter
2963 5112 3311 5190 contradixit,
3347 5136 3455 5203 quo
3501 5121 3719 5177 asseris
3769 5118 3941 5175 neli-

2340 5232 2463 5273 nem
2490 5214 2575 5273 vel
2622 5214 2689 5271 ad
2724 5215 2862 5270 bona
2908 5212 2995 5271 vel
3040 5214 3107 5271 ad
3156 5212 3298 5269 mala
3343 5206 3595 5269 facienda
3646 5208 3938 5283 compeli.
4026 5246 4027 5249 η

2339 5302 2494 5377 Quod
2523 5322 2592 5363 ex
2621 5320 2729 5378 quo
2754 5303 2842 5361 vel
2883 5304 2954 5360 ob
2995 5319 3159 5375 quam
3208 5319 3324 5361 rem
3386 5301 3507 5358 ﬁeri
3553 5302 3943 5358 certissim-

2342 5407 2612 5463 teneatur,
2658 5394 2714 5451 in
2753 5395 2941 5452 eadem
2981 5394 3370 5452 retractatione
3410 5400 3634 5453 secutus
3680 5388 3945 5462 adimit

2335 5490 2474 5566 (cap.
2516 5488 2645 5564 l5):

2405 5592 2428 5665 [
2450 5592 2715 5674 itemque,
2740 5590 3010 5663 inquiens,
3036 5588 3279 5649 deﬁnitio
3299 5588 3513 5663 peccati
3532 5602 3645 5661 qua

2335 5672 2621 5738 Peccatum
2655 5691 2739 5738 est
2789 5680 3038 5738 voluntas
3088 5680 3356 5737 retinendi
3409 5679 3496 5737 vel
3556 5672 3945 5749 conseqnaﬁ

2338 5773 2479 5844 quod
2500 5771 2714 5845 iustitia
2750 5780 2923 5845 vetat,
2950 5779 3006 5829 et
3051 5771 3195 5831 unde
3219 5770 3450 5831 liberum
3497 5778 3581 5827 est
3622 5766 3943 5829 abstine":
