4064 6346
245 375 380 435 “Ol

1108 375 1195 433 DE
1231 369 1900 431 PRIEDES’I’INATIONE
1937 371 2211 429 CONTRA
2249 373 2298 430 J.
2342 373 2643 432 SCOTUM.

3367 379 3508 436 ιιοε

234 489 527 562 propterea
566 501 694 544 vera
721 497 830 554 est,
860 487 988 560 quia
1013 487 1068 542 id
1088 486 1370 542 deﬁnitum
1393 493 1477 540 est
1525 485 1668 554 quod
1713 493 1828 539 tan-
1849 493 1901 548 Α
1928 485 2143 556 propria
2173 485 2446 541 voluntate
2477 497 2760 556 peccetur.
2801 487 2901 546 Ubi
2937 500 3217 559 peccatum
3267 489 3394 547 illud
3421 492 3504 550 in-

239 580 521 636 tuuunodo
549 588 830 648 peccatum
856 587 957 643 est,
993 593 1098 633 non
1148 578 1291 648 quod
1339 585 1424 632 est
1459 576 1624 632 etiam
1672 591 1830 648 parua

235 683 470 747 peccati.
500 671 633 727 Nam
661 672 877 743 quando
908 673 1010 728 tale
1037 682 1122 728 est
1166 680 1226 726 ut
1271 671 1414 726 idem
1461 672 1532 726 sit
1577 679 1632 726 et
1671 685 1831 740 poena

237 763 473 838 peccati,
509 774 774 835 quantum
800 775 884 820 est
912 765 1058 836 quod
1089 764 1231 820 valet
1278 765 1531 820 voluntas
1571 765 1673 819 sub
1737 764 1832 819 do-

236 864 486 913 mmante
525 857 841 928 cupiditate,
890 858 992 912 nisi
1025 856 1166 913 forte
1210 857 1254 912 si
1303 857 1391 927 pia
1441 865 1544 923 est,
1596 863 1656 911 ut
1709 865 1832 910 oret

241 952 503 1007 auxilium
527 952 553 1006 ’ἶ
579 951 636 1006 ln
662 960 866 1007 tantum
891 952 1034 1007 enim
1059 952 1228 1007 libera
1250 961 1352 1015 est,
1390 951 1517 1020 quia
1549 952 1600 1006 in
1624 959 1830 1004 tantum

237 1045 469 1102 iiberata
499 1053 605 1111 est,
637 1055 692 1102 et
718 1047 770 1100 in
797 1055 998 1100 tantum
1031 1046 1336 1116 appellatur
1363 1045 1632 1102 voluntas.
1686 1043 1832 1100 Alio-

241 1135 372 1206 quin
397 1135 564 1190 tutius
588 1135 857 1205 cupiditas
887 1151 1048 1207 quam
1072 1131 1318 1192 voluntas
1359 1137 1574 1207 proprie
1632 1150 1832 1191 mineu-

240 1217 418 1294 panda
439 1233 522 1278 est
546 1241 560 1278 :
587 1239 708 1294 qua}
744 1240 847 1280 non
877 1235 977 1290 est,
1024 1226 1163 1281 sicut
1209 1226 1486 1281 Maniclttei
1539 1226 1832 1300 desipiunt,

239 1315 430 1371 aliente
453 1325 660 1370 natura:
680 1315 1126 1384 additamentum,
1155 1318 1249 1373 sed
1297 1326 1496 1373 nostne
1552 1317 1763 1383 vitium,
1799 1333 1829 1372 ει

241 1422 352 1478 quo
380 1423 482 1463 non
513 1416 738 1463 sanatur
765 1407 886 1480 [al.,
911 1407 1189 1481 sanantur]
1230 1409 1331 1465 nisi
1373 1409 1546 1480 gratia
1594 1408 1832 1464 Salvato-

239 1501 339 1556 ris.
372 1501 526 1568 Quod
551 1501 595 1557 si
619 1501 904 1572 quisquam
932 1501 1085 1567 dicit,
1109 1502 1273 1556 etiam
1332 1501 1501 1572 ipsam
1563 1502 1824 1572 cupidita~

235 1597 350 1648 tem
379 1593 512 1648 nihil
531 1609 668 1650 esse
689 1593 831 1648 aliud
849 1607 1014 1662 quam
1045 1592 1402 1658 voluntatem,
1456 1592 1550 1648 sed
1581 1593 1830 1648 vitiosam

237 1693 572 1756 peecatoque
603 1688 949 1752 servientem,
980 1676 1085 1741 iion
1119 1675 1476 1741 resistendum
1508 1693 1612 1748 est,
1639 1701 1735 1742 nec
1763 1686 1831 1742 de

237 1777 447 1842 verbis,
471 1791 593 1832 cum
621 1791 708 1832 res
730 1785 964 1842 constet,
1001 1777 1369 1832 controversia
1421 1775 1665 1833 facienda
1723 1787 1827 1833 est.

1933 578 2102 650 teltigi
2129 578 2304 643 volui,
2329 579 2468 648 quod
2497 593 2602 633 non
2630 588 2714 634 est
2741 581 2904 636 etiam
2931 596 3086 652 ptena
3108 583 3311 654 peccati
3341 598 3355 637 :
3383 600 3504 644 nam

1931 670 1998 728 de
2025 669 2114 726 tali
2148 684 2306 741 ptena
2333 669 2444 724 dixi
2469 669 2596 726 alibi
2630 671 2681 726 in
2711 672 2898 728 eadem
2933 674 3327 750 disputatione,
3357 679 3501 746 quod

1931 762 2216 820 dicentium
2244 760 2391 834 l‘nit.]

1999 853 2190 924 1~ltcm
2245 854 2300 910 in
2342 855 2726 914 retractatione
2773 855 2894 912 libri
2943 857 3012 913 de
3063 873 3189 914 vera
3239 859 3515 933 Religione

1933 942 2183 1015 (lletruct.
2219 963 2336 1016 cap.
2373 947 2462 1018 15)
2495 965 2508 1002 :
2539 947 2630 1019 [Et
2663 947 2790 1004 alibi
2817 967 2830 1002 :
2863 949 3044 1020 Usque
3074 953 3231 1018 adeo,
3259 952 3511 1024 inquam,

1925 1046 2211 1106 peccatum
2240 1038 2602 1096 voluntarium
2633 1042 2832 1098 malum
2860 1053 2968 1107 est,
3002 1053 3059 1098 ut
3087 1044 3233 1101 nullo
3261 1047 3420 1104 modo
3445 1049 3519 1106 sit

1929 1136 2250 1196 peceatum,
2276 1129 2319 1184 si
2344 1143 2448 1184 non
2469 1131 2539 1186 sit
2568 1130 2952 1188 voluntarium.
2984 1133 3166 1192 Potest
3186 1136 3354 1192 videri
3383 1138 3514 1194 falsa
3571 1141 3582 1150 '

1921 1215 2049 1274 lucc
2081 1216 2354 1284 delinitio;
2390 1221 2485 1275 sed
2511 1223 2555 1276 si
2586 1219 2872 1291 diligenter
2900 1222 3244 1288 discutiatur,
3279 1225 3517 1282 invenie-

1929 1316 2023 1370 tur
2047 1322 2171 1364 esse
2201 1309 2504 1368 verissima.
2555 1311 2843 1368 Peccatum
2870 1313 3070 1385 quippe
3102 1315 3232 1372 illud
3281 1318 3520 1388 cogitan-

1929 1399 2059 1456 dum
2081 1410 2198 1465 est,
2221 1401 2364 1471 quod
2393 1405 2764 1460 tantummodo
2787 1416 3066 1474 peccatum
3101 1417 3216 1472 est,
3243 1424 3348 1466 non
3375 1412 3519 1481 quod

1929 1497 2012 1544 est
2038 1489 2200 1544 etiam
2233 1505 2389 1560 pinna
2419 1493 2661 1563 peccati,
2694 1493 2832 1549 sicut
2857 1496 3106 1564 superius
3147 1498 3359 1554 ostendi
3391 1514 3514 1554 eum

1931 1579 2178 1649 quendam
2202 1595 2686 1638 commemorarent
2716 1599 2779 1639 es
2816 1583 2907 1660 lib.
2943 1602 3026 1650 ιιι,
3058 1587 3125 1644 de
3162 1587 3330 1644 libero
3357 1589 3520 1643 Arbi-

1931 1670 2058 1724 trio.
2091 1672 2350 1737 Quamvis
2385 1683 2439 1728 et
2471 1673 2558 1728 illa
2591 1690 2712 1744 qnte
2744 1690 2848 1730 non
2879 1675 3150 1732 innuerito
3181 1694 3285 1732 non
3329 1679 3521 1734 volnu-

1935 1760 2071 1815 tari'a
2103 1771 2324 1832 peccata
2358 1763 2633 1829 dicuntur,
2662 1765 2787 1834 quia
2827 1766 2908 1820 vel
2938 1781 2968 1821 a
3007 1767 3408 1831 nescientibus,
3440 1768 3521 1830 vel

237 1869 336 1925 Sic
361 1871 505 1925 enim
532 1871 834 1925 ostenditur
855 1871 972 1926 sine
993 1871 1272 1927 νοιηηιθιο
1301 1871 1507 1927 "unum
1540 1887 1663 1928 esse
1705 1887 1830 1943 pec-
1859 1863 1906 1923 Β
1931 1867 1966 1917 Δει
1993 1853 2197 1908 coactis
2237 1863 2641 1922 perpetrantur,
2673 1870 2776 1910 non
2809 1856 3122 1912 omnimodo
3152 1867 3376 1929 possunt
3406 1857 3524 1914 sine

237 1961 422 2019 'catum
453 1962 570 2018 sive
600 1962 652 2017 in
681 1977 845 2034 opere
873 1963 987 2019 sive
1015 1964 1067 2019 in
1095 1964 1320 2036 origine.

239 2072 246 2080 ο
313 2053 354 2123 1-
373 2053 510 2108 Hine
537 2055 700 2110 etiam
723 2054 798 2108 ita
825 2054 986 2126 paulo
1013 2055 1261 2126 superius
1301 2056 1614 2112 retractavit
1643 2056 1828 2126 Augu-

239 2144 417 2199 stinus
445 2143 632 2216 (lbid.)
660 2159 674 2198 :
703 2141 722 2216 [
747 2144 878 2200 Item
899 2146 1049 2216 quod
1109 2146 1218 2201 dixi
1249 2164 1262 2200 :
1292 2145 1567 2216 Nusquam
1621 2145 1831 2202 scilicet

237 2234 345 2290 nisi
378 2234 432 2289 in
460 2235 738 2291 voluntate
758 2251 882 2293 esse
927 2245 1232 2308 peceatum.
1283 2249 1513 2310 possunt
1554 2237 1830 2309 Pelagiani

239 2339 426 2396 prose
454 2324 657 2380 dictum
683 2335 871 2398 putare
914 2337 1134 2398 propter
1189 2327 1462 2398 parvulos,
1523 2341 1662 2397 quos
1713 2328 1831 2383 idco

237 2427 446 2490 negant
472 2418 674 2475 habere
715 2428 1017 2490 peccatum,
1041 2421 1185 2490 quod
1218 2420 1301 2476 eis
1332 2421 1385 2476 in
1417 2420 1687 2492 baptismo
1740 2435 1829 2476 re-

235 2510 511 2575 mittatur,
535 2511 662 2581 quia
691 2511 930 2567 nondum
973 2512 1200 2568 arbitrio
1250 2511 1543 2568 voluntatis
1585 2521 1828 2568 utuntur.

239 2601 411 2671 Quasi
439 2617 570 2660 vero
589 2611 868 2672 peccatum
897 2602 1040 2672 quod
1059 2617 1154 2659 eos
1181 2618 1245 2659 ex
1273 2602 1445 2658 Adam
1471 2603 1704 2660 dicimus
1725 2604 1833 2659 ori-

241 2693 495 2765 ginaliter
525 2693 759 2760 trahere,
791 2693 848 2750 id
877 2703 960 2750 est
984 2703 1137 2751 reatu
1163 2694 1281 2766 ejus
1321 2695 1645 2766 implicatos,
1683 2707 1738 2752 et
1762 2699 1832 2754 ob

238 2785 352 2841 hoc
393 2799 566 2856 pinnae
609 2785 874 2842 obnoxios
909 2785 1175 2851 detineri,
1226 2801 1458 2857 usquam
1486 2802 1612 2843 esse
1657 2789 1832 2860 potuit

239 2877 352 2933 nisi
390 2878 442 2932 in
495 2876 800 2939 voluntate,
851 2893 956 2947 qua
997 2878 1274 2937 voluntate
1319 2879 1669 2936 commissum
1715 2889 1830 2948 est,

239 2969 461 3039 quando
482 2969 649 3025 divini
676 2969 932 3040 pneeepti
957 2979 1041 3024 est
1069 2969 1210 3025 facta
1240 2971 1617 3042 transgressio.
1651 2970 1836 3027 Potest

239 3061 413 3116 etiam
444 3060 622 3132 putari
663 3060 795 3116 l'alsa
821 3073 942 3115 esse
989 3061 1091 3116 ista
1119 3061 1525 3131 sentcntiaqua
1564 3061 1832 3136 diximus,

241 3165 514 3220 nusquam
544 3149 646 3205 nisi
673 3150 726 3204 in
755 3148 1032 3205 voluntate
1061 3164 1183 3205 esse
1207 3161 1489 3220 peccatum
1508 3191 1523 3216 ,
1546 3150 1672 3221 quia
1700 3151 1836 3216 dixit

1935 1943 2210 2000 voluntate
2229 1947 2493 2002 committi
2519 1961 2533 2000 :
2559 1948 2814 2017 quoniam
2841 1949 3012 2005 etoille
3037 1951 3126 2019 qui
3157 1961 3344 2021 peccat
3374 1951 3524 2022 igno-

1933 2048 2089 2099 rans,
2119 2034 2396 2091 voluntate
2429 2035 2615 2108 utique
2640 2049 2826 2108 peccat
2855 2039 2977 2110 |al.,
3009 2039 3186 2112 laeitl,
3211 2041 3351 2111 quod
3398 2057 3521 2098 cum

1925 2122 2237 2184 Iacicndum
2268 2140 2372 2180 non
2405 2126 2507 2192 sit,
2532 2137 2685 2197 putat
2708 2142 2830 2184 esse
2859 2128 3183 2194 faciendum.
3215 2130 3283 2186 Et
3309 2130 3394 2186 ille
3421 2133 3516 2202 qui

1929 2218 2349 2290 concupiscente
2374 2221 2636 2276 adversus
2667 2221 2918 2290 spiritum
2949 2236 3145 2288 carne,
3175 2237 3280 2279 non
3311 2238 3373 2280 ea
3401 2239 3522 2294 qua:

1932 2311 2046 2365 vult
2073 2310 2221 2376 facit,
2247 2311 2581 2381 concupiscit
2607 2312 2824 2384 quidem
2856 2313 3076 2378 nolens,
3099 2323 3155 2368 ct
3177 2313 3298 2370 ideo
3319 2313 3443 2385 lat.,
3470 2314 3520 2370 in

1932 2399 2021 2472 eo]
2053 2398 2155 2456 non
2184 2401 2311 2456 facit
2330 2403 2476 2478 quod
2499 2401 2647 2472 vult:
2676 2403 2772 2458 sed
2794 2403 2838 2458 si
2865 2403 3120 2468 vincitur,
3144 2404 3527 2475 concupiscen-

1934 2494 2024 2551 tia:
2054 2494 2326 2550 consentit
2357 2494 2544 2550 volens
2566 2535 2581 2560 ,
2631 2505 2683 2550 et
2715 2495 2768 2549 in
2807 2509 2872 2551 eo
2905 2510 3012 2552 non
3063 2495 3190 2550 facit
3231 2495 3332 2550 nisi
3380 2495 3525 2566 quod

1934 2586 2079 2651 vult,
2110 2585 2245 2642 liber
2271 2586 2480 2656 scilicet
2519 2584 2778 2654 iustitia),
2809 2601 3108 2658 servosque
3139 2589 3379 2657 peccati.
3412 2600 3521 2643 etc.

1933 2676 2059 2733 Ideo
2089 2676 2260 2748 gratia
2291 2675 2386 2732 Dei
2417 2691 2521 2732 non
2545 2676 2720 2732 solum
2753 2687 2932 2733 reatus
2951 2677 3194 2732 omnimn
3220 2678 3525 2748 praeterito-

1938 2785 2057 2824 rutn
2090 2768 2320 2823 solvitur
2351 2768 2402 2824 in
2431 2768 2685 2824 omnibus
2712 2767 2802 2838 qui
2838 2767 3181 2839 baptizantur
3203 2768 3254 2823 in
3279 2768 3526 2835 Christo,

1935 2860 2078 2932 quod
2105 2860 2163 2916 lit
2187 2859 2391 2930 Spiritu
2417 2859 2871 2932 regenerationis;
2897 2873 3082 2916 verum
3106 2860 3269 2916 etiam
3295 2861 3346 2916 in
3371 2877 3532 2934 gran-

1937 2953 2096 3009 dibus
2125 2953 2372 3009 voluntas
2395 2953 2785 3024 ipsapsanatur,
2807 2961 2862 3008 ct
2883 2963 3220 3022 praeparatur
3241 2967 3272 3007 a
3301 2953 3529 3010 Domino

1939 3041 2123 3112 (pl’rov.
2151 3060 2268 3108 vttt,
2295 3060 2398 3098 sec.
2431 3041 2626 3114 LXX),
2653 3045 2795 3115 quod
2829 3045 2884 3099 lit
2908 3043 3096 3115 Spiritu
3129 3043 3248 3099 lidci
3273 3057 3324 3101 et
3351 3045 3530 3100 chari-

1941 3138 2087 3192 tatis.
2131 3137 2250 3193 Alio
2304 3137 2422 3194 loco
2453 3137 2505 3192 in
2557 3151 2624 3193 eo
2672 3138 2814 3208 quod
2863 3136 2974 3192 diti
3021 3136 3089 3193 de
3141 3136 3364 3192 Domino
3399 3137 3526 3194 Jesu

231 3239 540 3308 .Aposlolus
577 3257 590 3293 ε
630 3239 691 3294 Si
721 3239 1056 3314 autemquod
1090 3238 1208 3293 nan
1235 3240 1330 3294 hoc
1371 3241 1542 3310 Ιὶιεὶο,
1585 3241 1694 3309 iam
1735 3257 1837 3296 mm
1865 3247 1912 3311 C
1943 3229 2161 3285 Christo
2195 3249 2207 3284 :
2243 3228 2384 3284 Nlltli
2417 3229 2530 3300 egit
2561 3228 2652 3295 vi,
2681 3230 2774 3284 sed
2805 3229 2986 3292 Ollltlla
3017 3229 3295 3284 suadendo
3333 3240 3382 3284 ('l
3419 3244 3532 3285 mo-

239 3347 346 3403 ego
371 3347 543 3402 Operm
577 3329 708 3385 illud
731 3371 745 3396 ,
775 3331 865 3384 setl
898 3330 950 3384 id
977 3331 1116 3401 quod
1147 3333 1200 3384 in
1230 3348 1308 3385 me
1333 3331 1532 3385 habitat
1563 3344 1835 3403 peccatum

239 3422 428 3496 (Rom.
455 3439 567 3488 vn,
609 3422 674 3476 16
695 3463 710 3488 ,
749 3424 853 3492 l7).
886 3422 1000 3477 lloc
1025 3422 1170 3476 enim
1199 3431 1477 3492 peccatum
1505 3439 1676 3492 usque
1703 3425 1837 3480 adeo

241 3529 360 3573 non
391 3525 474 3570 est
503 3515 558 3570 iit
589 3514 896 3578 voluntate,
928 3523 985 3568 ut
1015 3513 1190 3577 dicat,
1226 3515 1365 3584 quod
1407 3514 1526 3568 nolo
1551 3515 1647 3568 hoc
1674 3516 1832 3584 facio.

235 3607 537 3677 Quomodo
567 3622 698 3678 ergo
729 3621 994 3676 nusquam
1023 3614 1138 3670 est,
1175 3605 1276 3661 nisi
1317 3607 1368 3661 in
1401 3606 1676 3664 voluntate
1717 3623 1839 3678 pce-

243 3698 472 3754 catunt?
517 3696 626 3753 Sed
670 3698 772 3752 hoc
800 3707 1116 3766 peccatum,
1146 3697 1213 3752 de
1249 3711 1356 3766 quo
1385 3697 1465 3752 sic
1498 3707 1584 3751 est
1628 3697 1840 3753 locutus

237 3794 576 3866 Apostolus,
599 3793 722 3850 ideo
745 3802 1027 3864 peceatum
1053 3804 1299 3861 vocatur,
1329 3795 1465 3865 quia
1494 3804 1715 3864 peccato
1757 3789 1836 3846 l'a-

249 3895 408 3944 ctum
435 3896 540 3953 est,
564 3895 791 3956 ctpmna
819 3885 1026 3956 peccati
1053 3895 1136 3940 est
1153 3925 1168 3950 ,
1193 3885 1630 3955 quandoquidem
1653 3884 1754 3938 hoc
1776 3883 1842 3946 de

245 3977 693 4049 concupiscentia
732 3976 914 4034 carnis
939 3976 1160 4041 dicitur,
1183 3976 1330 4047 quod
1357 3975 1536 4046 aperit
1563 3975 1618 4029 in
1649 3989 1843 4042 conse-

241 4071 544 4142 quentibus
575 4070 760 4126 dicens
791 4085 807 4124 :
839 4068 964 4126 Scio
990 4069 1117 4139 quia
1152 4084 1256 4122 non
1283 4067 1482 4122 habitat
1514 4066 1567 4120 in
1596 4082 1708 4132 me,
1744 4067 1843 4120 hoc

242 4172 332 4220 est
371 4162 425 4216 in
467 4178 624 4216 came
664 4177 779 4216 mea
819 4161 1009 4216 bonum
1037 4175 1056 4216 :
1089 4159 1214 4214 velle
1252 4159 1390 4214 enim
1441 4159 1646 4228 adjacet
1679 4157 1841 4230 mihi,

245 4253 502 4326 perﬁcere
547 4261 724 4308 autent
772 4251 964 4305 bonum
1017 4265 1120 4303 non
1174 4247 1363 4319 (Ibid.,
1413 4248 1524 4320 18).
1577 4246 1845 4302 Perfeclio

249 4346 461 4419 quippe
488 4345 615 4401 boni
645 4353 764 4410 est,
787 4352 846 4398 ut
876 4357 976 4398 nec
1005 4342 1120 4412 ipsa
1163 4341 1604 4412 concupiscentia
1636 4338 1846 4410 peccati

249 4441 332 4498 sit
351 4441 404 4495 in
431 4440 646 4496 homine
672 4439 788 4494 :-eui
813 4437 1052 4509 quidem,
1081 4435 1300 4507 quando
1323 4436 1460 4490 bene
1485 4434 1702 4498 vivitur,
1733 4448 1844 4488 non

251 4532 528 4589 consentit
551 4531 802 4587 voluntas
826 4549 839 4584 :
865 4537 1234 4584 verumtamen
1266 4542 1368 4582 non
1390 4525 1601 4598 perlicit
1617 4525 1842 4589 bonum,

1943 3321 2144 3387 uendo,
2165 3335 2269 3376 non
2297 3319 2426 3376 mihi
2451 3329 2764 3376 occurrerat
2786 3322 2930 3389 quod
2960 3321 3250 3374 vendentes
3273 3334 3326 3374 et
3347 3333 3534 3374 einen-

1943 3424 2022 3469 tes
2053 3411 2373 3484 llagellando
2400 3410 2558 3480 ejecit
2583 3411 2649 3467 de
2675 3411 2874 3481 templo
2894 3410 3108 3479 (Matth.
3136 3427 3222 3465 xxi
3243 3451 3258 3474 ,
3287 3411 3396 3479 19.).
3423 3411 3530 3466 Sed

1937 3504 2066 3573 quid
2098 3505 2230 3568 hoc,
2273 3512 2366 3557 aut
2405 3512 2665 3572 quantum
2713 3504 2832 3558 est?
2861 3504 3118 3570 Quamvis
3158 3513 3214 3558 et
3257 3503 3530 3558 titCUIOlICS

1940 3593 2186 3649 nolentes
2213 3593 2281 3648 ab
2310 3593 2648 3658 hominibus,
2683 3607 2789 3648 non
2817 3607 3065 3650 sermone
3094 3592 3385 3650 suasionis.
3426 3593 3524 3650 sed

1941 3682 1992 3736 vi
2015 3681 2300 3753 potestatis
2326 3681 2594 3754 ejecerit.]

2013 3799 2054 3869 οι-
2091 3798 2156 3854 Ει
2177 3797 2303 3868 quia
2334 3812 2398 3853 ex
2431 3797 2586 3852 libris
2607 3796 2726 3866 ejus
2753 3796 2822 3852 de
2859 3796 3030 3854 libero
3063 3796 3355 3853 voluntatis
3383 3797 3529 3853 arbi-

1948 3891 2052 3945 trio
2084 3891 2252 3945 nmlta
2297 3888 2549 3959 superius
2597 3888 2868 3958 posuisti,
2903 3888 3102 3959 quibus
3147 3902 3364 3944 errores
3408 3898 3528 3944 tuos

1947 3983 2292 4052 potissimum
2319 3980 2688 4037 connnunires
2707 4021 2723 4048 ,
2751 3997 2858 4037 non
2898 3981 3249 4053 incongruum
3277 3981 3530 4040 duxinnts

1935 4074 2015 4128 ad
2064 4074 2297 4128 medium
2333 4073 2604 4129 deducere
2647 4073 2906 4144 quidquid
2937 4075 2989 4130 in
3023 4075 3406 4130 retractatione
3432 4091 3528 4132 eos

1950 4163 2194 4224 rumdcnt
2223 4164 2488 4220 librorum
2515 4180 2737 4221 suorum
2771 4166 2980 4236 posuit,
3006 4177 3060 4220 ιιι
3083 4166 3256 4223 cuivis
3277 4165 3531 4225 lacillime

1935 4266 2131 4328 pateat
2178 4267 2302 4312 ante
2343 4257 2509 4312 etiam
2557 4256 2628 4311 ab
2680 4257 2772 4313 illo
2807 4259 3093 4315 dantnatos
3142 4275 3361 4318 errores
3413 4272 3533 4318 tuos

1935 4366 2112 4420 quam
2148 4349 2502 4406 nascereris:
2543 4351 2617 4406 ita
2657 4352 2804 4407 enim
2853 4367 3038 4408 eorum
3090 4347 3529 4410 retractationetn

1953 4457 2185 4498 exorsus
2205 4451 2290 4497 est
2314 4441 2569 4514 (lletract.
2595 4442 2686 4497 lib.
2717 4459 2765 4507 t,
2786 4443 2974 4514 cap.9)
3006 4463 3018 4498 :
3045 4445 3137 4517 [ln
3165 4445 3247 4501 his
3274 4445 3426 4500 libris
3460 4447 3534 4500 ita

1954 4534 2124 4590 tttttlta
2149 4535 2380 4590 disserta
2403 4543 2552 4600 sunt,
2575 4545 2634 4591 ut
2655 4536 2954 4594 incidentes
2977 4538 3246 4594 nonnulla:
3273 4540 3530 4610 quaestio-

249 4625 386 4697 quia
416 4625 558 4681 inest
603 4625 780 4680 adhuc
821 4620 1292 4693 concupiscentia,
1336 4619 1422 4674 cui
1459 4626 1726 4690 repugnat
1751 4631 1846 4671 vo-

1951 4643 2047 4684 ues
2065 4669 2079 4693 ,
2111 4642 2250 4698 quas
2274 4627 2357 4682 vel
2379 4629 2614 4684 enodare
2643 4645 2745 4684 non
2769 4640 3007 4700 poteram
3028 4672 3042 4697 ,
3067 4633 3148 4687 vel
3179 4633 3392 4704 longam
3419 4647 3530 4688 set-

251 4718 471 4784 luntas;
497 4716 674 4787 ’cujus
719 4715 1173 4786 concupiscentia:
1204 4721 1389 4768 reatus
1432 4711 1486 4766 in
1516 4711 1840 4782 baptismate

253 4809 509 4877 solvitur,
539 4811 648 4867 sed
660 4809 949 4865 infirmitas
973 4815 1274 4880 permanet,
1301 4807 1389 4862 cui
1413 4806 1584 4869 donec
1616 4815 1842 4861 sanetur

253 4904 440 4960 omnis
469 4903 641 4960 lldelis
673 4903 767 4973 qui
796 4905 933 4958 bene
964 4901 1208 4973 prolicit,
1261 4898 1657 4956 studiosissime
1701 4897 1842 4959 relu-

255 5002 462 5052 ctatur.
491 4997 780 5052 Peecatmn
815 5003 994 5050 autem
1041 4996 1184 5064 quod
1223 5007 1492 5062 nusquam
1532 4999 1616 5048 est
1652 4992 1755 5048 nisi
1786 4991 1842 5056 in

259 5087 573 5154 voluntate,
624 5087 754 5142 illud
800 5087 1071 5158 praecipue
1118 5085 1524 5154 intelligendum
1553 5093 1667 5150 est,
1697 5085 1842 5154 quod

253 5178 408 5249 iusta
437 5180 713 5235 damnatio
750 5187 1044 5234 consecuta
1073 5187 1177 5234 est.
1223 5176 1337 5234 Hoc
1363 5177 1510 5233 enim
1555 5191 1652 5247 per
1683 5192 1848 5234 unmn

263 5275 543 5331 hominem
572 5274 796 5329 intravit
841 5274 896 5328 in
941 5272 1399 5344 mundumlﬂom.
1425 5288 1483 5338 v,
1513 5270 1606 5344 12)
1633 5289 1652 5327 :
1680 5287 1850 5342 quan-

231 5384 431 5439 quam
469 5373 533 5424 et
579 5371 683 5424 hoc
728 5376 1042 5440 peccatum,
1089 5383 1197 5439 quo
1239 5368 1575 5423 consentitur
1627 5375 1852 5437 peccato

267 5458 394 5532 [at.,
417 5459 646 5534 peccati]
671 5460 1142 5532 concupiscentia,
1161 5473 1266 5515 non
1292 5460 1396 5515 nisi
1419 5459 1698 5516 voluntate
1709 5465 1854 5515 eont-

271 5551 526 5608 mittitur.
561 5559 564 5562 ’

337 5642 551 5714 fidem
576 5659 700 5701 cum
734 5652 1058 5702 retractaret
1099 5651 1220 5699 acta
1263 5651 1451 5698 contra
1496 5642 1856 5699 Fortunatum

275 5732 632 5794 Manichaaum
659 5738 797 5794 dixit
821 5735 1072 5810 (Retract.
1096 5736 1187 5790 lib.
1217 5751 1259 5802 I,
1284 5753 1399 5806 cap.
1431 5736 1518 5807 16)
1539 5753 1552 5790 :
1573 5737 1728 5810 [Item
1751 5737 1858 5794 alio

269 5827 400 5888 κω
429 5847 443 5887 :
473 5831 588 5906 Ego
616 5833 757 5899 dico,
787 5833 1025 5902 inquam,
1055 5839 1334 5903 peccatum
1366 5843 1470 5886 non
1490 5845 1608 5888 esse
1628 5870 1641 5896 ,
1677 5831 1722 5887 si
1753 5847 1857 5887 non

1953 4720 2375 4775 mocinationem
2401 4719 2452 4772 in
2481 4721 2734 4790 prtesenti
2759 4723 3130 4792 requirebant,
3156 4723 3226 4776 ita
3251 4721 3535 4776 dillerreno

1952 4821 2039 4866 tur
2067 4819 2124 4866 ut
2155 4804 2240 4866 vel
2265 4826 2330 4866 ex
2364 4821 2592 4881 utraque
2619 4813 2920 4882 parte,-vel
2949 4829 3012 4868 ex
3040 4814 3294 4868 ontnibtts
3315 4827 3536 4870 earum-

1951 4906 2072 4961 dem
2103 4905 2463 4976 quaestionum
2495 4907 2760 4976 partibtts,
2796 4907 2847 4960 in
2873 4907 3068 4975 quibus
3099 4921 3204 4960 non
3241 4906 3540 4976 apparebat

1951 5000 2080 5071 quid
2102 5000 2281 5070 potius
2301 5010 2628 5070 congrueret
2649 4999 2884 5065 veritati,
2899 5001 2967 5055 ad
2989 5001 3092 5064 hoc
3117 5011 3294 5054 tamen
3320 5001 3542 5075 ratioci-

1957 5095 2108 5151 natio
2121 5105 2306 5151 nostra
2321 5095 2754 5162 concluderetur,
2775 5093 3123 5164 utquodlibet
3141 5109 3330 5149 eorum
3351 5109 3540 5151 verum

1957 5197 2125 5254 esset,
2152 5187 2455 5243 laudandus
2495 5187 2811 5242 crederetur
2840 5185 2925 5241 vel
2968 5185 3132 5241 etiam
3151 5187 3548 5243 ostenderetur

1957 5282 2118 5338 Deus.
2151 5282 2382 5353 Propter
2400 5295 2495 5336 eos
2515 5281 2714 5350 quippe
2733 5278 3026 5348 disputatio
3041 5277 3135 5344 illa
3160 5290 3410 5350 suscepta
3441 5290 3545 5346 est,

1957 5375 2049 5445 qui
2082 5385 2282 5447 negant
2308 5390 2372 5430 ex
2415 5373 2588 5428 libero
2613 5370 2914 5427 voluntatis
2943 5371 3170 5432 arbitrio
3215 5372 3337 5428 ntali
3379 5372 3548 5444 origi-

1961 5479 2086 5522 nem
2131 5466 2277 5531 duci,
2308 5475 2365 5521 et
2401 5466 2590 5527 Deum,
2619 5461 2665 5518 si
2715 5462 2787 5516 ita
2828 5472 2932 5528 est,
2963 5474 3264 5526 creatorem
3302 5465 3544 5520 onmium

1971 5567 2279 5614 naturarum
2325 5555 2650 5627 culpandum
2692 5567 2818 5610 esse
2865 5557 3220 5612 contendunt;
3265 5557 3342 5611 Eo
3389 5557 3579 5629 modo

1963 5649 2543 5708 volentes-scentulum
2592 5663 2704 5703 Siue
2751 5648 3044 5719 impietatis
3079 5662 3321 5705 errorem
3358 5648 3552 5721 (31ηηί-

1965 5743 2100 5799 clitei
2152 5741 2294 5796 enim
2345 5739 2494 5809 sunt)
2545 5739 2954 5796 iuunutabilom-
2991 5742 3298 5812 quamdam
3331 5752 3383 5796 et
3443 5741 3552 5797 Deo

1968 5844 2294 5890 coactor-nam
2354 5830 2698 5887 introducere
2753 5841 3002 5888 naturam
3051 5830 3196 5888 ntuli.
3249 5831 3322 5888 De
3378 5829 3552 5899 gratia
