4064 6346
687 347 722 411 ΪιΙ
737 354 835 412 105

1661 353 1720 412 S.
1760 351 2135 413 PRUDENTII
2172 351 2560 418 TRECENSIS
2595 353 2901 415 EPISCOPI

3741 368 3831 426 lilii

694 491 823 532 vero
849 471 969 540 Dei,
995 487 1104 544 qua
1133 485 1261 529 suos
1283 467 1483 528 electos
1517 471 1596 526 sic
1631 471 2049 541 praedestinavit,
2079 481 2141 526 ut
2175 485 2268 526 eo-
2298 477 2346 536 Α
2377 470 2429 525 id
2470 485 2577 525 non
2606 470 2812 536 videas,
2843 467 2948 524 nisi
2997 469 3051 524 in
3092 470 3185 526 illo
3225 470 3314 542 qui
3363 479 3444 530 est
3485 473 3834 540 incommutabilis

695 581 815 620 rum
857 565 948 634 qui
995 563 1106 632 jam
1155 566 1208 618 in
1243 578 1324 618 eis
1373 571 1598 616 utuntur
1647 561 1818 618 libero
1865 563 2107 624 arbitrio,
2155 563 2270 632 ipse

691 658 856 713 etiam
877 664 1145 727 praeparet
1172 655 1492 719 voluntates,
1523 654 1655 708 nihil
1697 655 1749 710 in
1787 655 1871 711 his
1903 656 2055 711 libris
2089 656 2271 726 dispu-

693 757 860 803 tatum
914 756 1031 811 cst,
1079 757 1298 817 propter
1345 747 1482 801 hanc
1534 741 2267 818 propositam'quzestionem

691 840 813 915 [al.,
845 849 1064 912 propter
1109 841 1211 896 hoc
1239 842 1515 910 proposita
1563 842 1901 916 quaestione].
1943 843 2042 898 Ubi
2086 852 2268 897 autem

689 933 880 988 incidit
903 933 1050 988 locus
1085 941 1142 986 ut
1185 932 1343 1002 hujus
1377 933 1566 1002 gratiae
1607 935 2052 990 commemoratio
2088 935 2264 1000 ﬁeret,

685 1033 1034 1080 transeunter
1057 1033 1478 1081 commemorata
1507 1035 1623 1092 est;
1656 1041 1762 1081 non
1804 1029 1955 1098 quasi
1987 1027 2108 1081 inde
2139 1043 2265 1099 age-

685 1126 838 1172 retur
860 1132 1087 1188 operosa
1117 1118 1528 1173 ratiocinatione
1553 1119 1794 1174 defensa.
1822 1118 1979 1172 Aliud
2009 1128 2090 1174 est
2120 1119 2266 1174 enim

683 1222 926 1278 quaerere
942 1209 1083 1264 unde
1098 1210 1168 1265 sit
1193 1208 1414 1273 malum,
1433 1220 1487 1263 et
1502 1209 1644 1264 aliud
1661 1218 1743 1266 est
1755 1225 2002 1280 quaerere
2019 1211 2160 1265 unde
2175 1226 2264 1266 re-

643 1335 659 1380 i.
682 1299 876 1353 deatur
893 1301 960 1354 ad
981 1298 1293 1368 pristinum,
1307 1298 1392 1354 vel
1408 1301 1473 1353 ad
1498 1298 1670 1367 majus
1685 1301 2029 1370 perveniatur
2041 1300 2259 1356 bonum.

753 1388 1095 1460 Quapropter
1134 1390 1258 1444 novi
1288 1391 1528 1446 haeretici
1560 1391 1855 1462 Pelagiani,
1899 1395 1989 1460 qui
2031 1392 2262 1446 liberum

679 1478 760 1534 sic
789 1488 1042 1533 asserunt
1071 1479 1362 1536 voluntatis
1392 1481 1699 1546 arbitrium,
1731 1491 1788 1536 ut
1816 1484 2000 1552 gratiae
2029 1482 2123 1538 Dei
2153 1499 2262 1538 non

678 1570 989 1640 relinquant
1043 1571 1253 1639 locum,
1303 1574 1736 1643 quandoquidem
1791 1589 1911 1629 eam
1967 1576 2260 1631 secundum

676 1663 873 1719 merita
900 1672 1083 1720 nostra
1121 1665 1239 1720 dari
1272 1675 1539 1731 asserunt,
1567 1682 1672 1721 non
1704 1681 1762 1721 se
1791 1667 2074 1731 extollant,
2103 1667 2260 1736 quasi

675 1769 864 1811 eorum
904 1755 1106 1826 egerim
1153 1770 1396 1820 causam,
1429 1755 1554 1825 quia
1600 1755 1764 1809 multa
1817 1756 1901 1810 his
1952 1756 2103 1810 libris
2145 1755 2256 1810 dixi

2371 563 2591 628 veritas,
2633 571 2836 632 quanto
2865 562 3038 632 magis
3078 562 3169 618 ille
3206 564 3295 634 qui
3330 573 3384 618 et
3421 565 3544 621 velle
3568 571 3834 640 praeminet

2369 668 2526 724 posse
2553 652 2804 721 praebuit,
2835 659 2890 706 et
2911 668 3019 706 non
3046 653 3261 724 impune
3281 654 3414 709 nolle
3437 657 3674 724 permisit?
3696 658 3833 718 Deinde

2367 747 2646 816 sulijunxi,
2671 744 2862 800 dicens
2893 764 2906 799 :
2934 744 2990 800 Si
3027 746 3172 800 enim
3214 746 3318 801 hoc
3358 747 3507 802 debet
3535 749 3719 820 quisque
3737 755 3832 822 quod

2366 837 2596 905 accepit.
2620 844 2675 890 et
2700 837 2779 890 sic
2804 835 2968 889 homo
2995 834 3170 890 factus
3193 844 3278 890 est
3322 844 3381 890 ut
3407 839 3674 892 necessario
3690 853 3832 908 peccet,

2367 928 2472 982 hoc
2515 929 2672 982 debet
2710 937 2769 982 ut
2804 935 3012 996 peccet.
3044 927 3180 982 Cum
3210 941 3338 997 ergo
3369 935 3565 997 peccat,
3587 929 3702 996 quod
3728 929 3833 987 debet

2367 1017 2524 1083 facit;
2556 1018 2697 1088 quod
2738 1017 2784 1072 si
2827 1017 3004 1072 scelus
3051 1026 3136 1072 est
3178 1018 3389 1082 dicere,
3433 1019 3668 1073 neminem
3705 1032 3832 1076 natura

2366 1125 2460 1164 sua
2506 1110 2650 1180 cogit
2702 1119 2760 1163 ut
2807 1117 3016 1179 peccet.
3049 1107 3118 1163 Et
3145 1108 3339 1163 iterum
3367 1127 3378 1161 :
3407 1107 3526 1175 Qua:
3568 1109 3832 1167 laudemus:

2363 1203 2581 1274 poterit,
2623 1201 2865 1272 inquam,
2894 1211 3022 1256 ante
3061 1201 3388 1256 voluntatem
3428 1215 3576 1254 causa
3599 1200 3831 1255 voluntatis?

2361 1291 2470 1345 Aut
2491 1291 2637 1347 enim
2663 1300 2718 1345 ει
2739 1291 2854 1361 ipsa
2881 1290 3134 1345 voluntas
3155 1297 3259 1354 est,
3275 1296 3329 1343 et
3358 1304 3387 1342 a
3413 1289 3576 1342 radice
3601 1297 3684 1342 ista
3705 1289 3830 1344 volun-

2364 1383 2490 1438 tatis
2524 1398 2628 1437 non
2671 1382 2972 1447 receditur;
3005 1391 3098 1436 aut
3127 1396 3232 1436 non
3260 1390 3346 1436 est
3371 1381 3613 1444 voluntas,
3639 1392 3831 1450 etpeoca-

2364 1483 2482 1530 tum
2535 1474 2736 1529 nullum
2781 1473 2962 1530 habet.
3006 1473 3114 1528 Aut
3159 1473 3324 1544 igitur
3365 1472 3591 1527 voluntas
3626 1482 3693 1528 est
3719 1474 3831 1542 prima

2363 1583 2528 1624 causa
2570 1568 2868 1638 peccandi,
2912 1575 3006 1622 aut
3059 1565 3266 1620 nullum
3312 1574 3574 1636 peccatum
3619 1574 3688 1620 εει
3721 1566 3830 1635 prima

2359 1673 2523 1713 causa
2552 1657 2836 1726 peccandi,
2867 1672 2968 1712 nec
3008 1664 3090 1711 est
3135 1655 3222 1710 cui
3259 1663 3405 1709 recte
3438 1655 3689 1724 imputetur
3705 1670 3827 1724 pecua.

2364 1759 2502 1815 tum,
2545 1751 2654 1806 nisi
2685 1749 2951 1820 peccanti.
2983 1747 3101 1802 Non
3131 1755 3216 1802 est
3245 1761 3374 1817 ergo
3409 1745 3491 1800 cui
3528 1755 3652 1801 recte
3677 1746 3828 1815 impule-

671 1859 776 1916 pro
810 1844 982 1900 libero
1027 1844 1272 1910 arbitrio,
1309 1861 1430 1914 quae
1476 1845 1617 1899 illius
1660 1844 2043 1913 disputationis
2091 1860 2254 1901 causa
2280 1842 2328 1902 B
2359 1852 2448 1896 tur
2488 1852 2774 1911 peccatum
2823 1839 2925 1894 nisi
2965 1838 3228 1894 voluntati
3254 1837 3377 1909 [al.,
3405 1836 3627 1908 volenti].
3651 1836 3703 1890 Et
3730 1836 3829 1904 paulo

671 1933 951 2004 poscebat.
992 1935 1114 1990 Dixi
1169 1937 1366 2006 quippe
1419 1937 1470 1990 in
1528 1937 1704 2006 primo
1749 1937 1920 2005 libro,
1969 1941 2253 1998 malefacta

665 2025 878 2094 justitia
921 2026 1013 2081 Dei
1063 2027 1362 2092 vindicari,
1405 2035 1458 2081 ει
1503 2029 1681 2083 addidi
1719 2046 1732 2082 :
1765 2028 1880 2084 Non
1917 2032 2062 2086 enim
2108 2033 2255 2104 juste

669 2116 1097 2182 vindicarentur,
1129 2118 1233 2172 nisi
1274 2118 1467 2174 fierent
1493 2119 1785 2174 voluntate.
1822 2120 1976 2188 Item,
2005 2139 2128 2177 cum
2171 2124 2252 2196 ip-

669 2223 790 2264 sam
833 2208 1028 2264 bonam
1077 2209 1406 2264 voluntatem
1451 2219 1561 2264 tam
1609 2227 1863 2283 magnum
1894 2214 2093 2269 bonum
2131 2230 2252 2271 esse

668 2311 1053 2370 monstrarem,
1082 2312 1144 2357 ut
1173 2305 1423 2358 omnibus
1441 2307 1720 2376 corporeis
1750 2316 1807 2362 et
1831 2310 2073 2364 externis
2095 2311 2252 2366 bonis

669 2396 864 2451 merito
907 2405 1354 2467 anteponeretur,
1403 2397 1516 2452 dixi
1547 2412 1561 2450 :
1592 2399 1755 2455 Vides
1789 2401 1953 2472 igitur
1999 2402 2146 2472 jam,
2191 2410 2251 2457 ut

667 2491 942 2553 existimo,
977 2490 1031 2545 in
1081 2489 1357 2544 voluntate
1404 2499 1589 2546 nostra
1629 2507 1748 2548 esse
1785 2495 2160 2559 constitutum,
2193 2503 2252 2549 ut

667 2585 772 2639 hoc
797 2583 878 2636 vel
901 2583 1148 2637 fruamur
1169 2581 1252 2637 vel
1281 2596 1565 2638 careamus
1600 2593 1747 2638 tanto
1776 2594 1832 2639 et
1861 2595 1966 2638 tam
1993 2601 2122 2640 vero
2151 2585 2247 2640 bo-

663 2689 738 2730 no
764 2693 776 2728 :
805 2675 934 2745 quid
957 2674 1100 2729 enim
1126 2683 1235 2728 tam
1257 2674 1314 2728 in
1344 2673 1639 2740 voluntate,
1672 2691 1834 2745 quam
1857 2677 1972 2746 ipsa
2002 2676 2249 2734 voluntas

665 2765 769 2821 sita
797 2776 898 2821 est.
923 2765 990 2820 Et
1021 2765 1126 2820 alio
1157 2764 1276 2820 loco
1301 2779 1315 2819 :
1344 2764 1483 2832 Quid
1511 2781 1638 2837 ergo
1663 2783 1840 2822 causa:
1870 2777 1972 2832 εει,
2002 2769 2246 2839 inquam,

663 2872 762 2911 cur
809 2856 1162 2912 dubitandum
1214 2863 1496 2926 putemus,
1540 2857 1752 2912 etiamsi
1797 2872 2070 2928 nunquam
2122 2870 2248 2916 ante

663 2949 938 3019 sapientes
969 2947 1190 3014 fuimus,
1211 2947 1490 3003 voluntate
1512 2963 1609 3004 nos
1639 2958 1818 3005 tamen
1845 2950 2166 3007 laudabilem
2193 2961 2249 3008 et

662 3040 877 3094 beatam
907 3039 1090 3104 vitam,
1117 3037 1394 3092 voluntate
1442 3047 1653 3109 turpem
1683 3049 1740 3094 et
1765 3041 2022 3096 miseram
2049 3043 2246 3098 mereri

662 3144 728 3183 ac
751 3129 974 3200 gerere?
1009 3129 1245 3198 Itemque
1270 3129 1378 3184 alio
1406 3128 1553 3184 loco:
1581 3130 1659 3185 Ex
1687 3146 1796 3200 quo
1825 3132 2130 3200 coniicitur,
2162 3134 2245 3189 in-

661 3235 849 3290 quam,
878 3228 938 3273 ut
968 3219 1213 3289 quisquis
1252 3228 1398 3276 recte
1429 3220 1760 3292 honesteque
1805 3222 1919 3277 vult
1962 3222 2164 3288 vivere,
2197 3209 2317 3279 siC

661 3312 716 3366 id
751 3327 811 3367 se
843 3312 980 3366 velle
1021 3327 1134 3381 pra:
1179 3310 1458 3382 fugacibus
1505 3311 1666 3367 rebus
1711 3312 1874 3380 velit,
1923 3323 2246 3384 assequatur

662 3413 869 3460 tantam
905 3419 1018 3460 rem
1053 3412 1198 3458 tanta
1234 3389 1508 3469 felicitate,
1538 3414 1597 3458 ut
1631 3403 1765 3458 nihil
1802 3404 1948 3459 aliud
1973 3405 2043 3470 ei,
2080 3421 2244 3476 quam

659 3499 838 3571 ipsum
889 3498 1042 3564 velle,
1074 3498 1145 3552 sit
1181 3497 1380 3552 habere
1419 3496 1562 3566 quod
1604 3497 1794 3552 voluit.
1834 3498 2074 3567 Itemque
2113 3498 2243 3552 alibi

659 3589 811 3646 dixi:
847 3589 960 3645 Hoc
1003 3589 1146 3644 enim
1185 3597 1386 3644 aeterna
1435 3587 1515 3643 lex
1562 3587 1673 3653 illa,
1700 3589 1768 3642 ad
1797 3587 1951 3657 cujus
1995 3589 2243 3644 conside-

659 3681 926 3736 rationem
958 3679 1133 3734 redire
1154 3678 1267 3750 jam
1299 3686 1511 3749 tempus
1539 3688 1639 3741 cst,
1670 3677 2098 3732 incommutabili
2131 3689 2242 3733 sta-

657 3772 868 3828 hilitate
902 3771 1160 3837 firmavit,
1193 3780 1252 3844 ut
1298 3771 1353 3825 in
1397 3771 1675 3825 voluntate
1727 3771 1981 3826 meritum
2029 3771 2132 3837 sit;
2184 3772 2240 3828 in

655 3865 919 3921 beatitate
956 3873 1137 3918 autem
1178 3873 1234 3918 et
1271 3863 1488 3918 miseria
1533 3863 1815 3932 praemium
1844 3871 2007 3934 atque
2035 3864 2240 3934 suppli-

655 3957 824 4013 cium.
849 3955 917 4010 Et
945 3955 1050 4010 alio
1087 3956 1208 4010 loco
1237 3973 1250 4008 :
1283 3955 1443 4022 Quid,
1473 3955 1715 4024 inquam,
1758 3956 1987 4026 quisque
2019 3966 2240 4011 sectan-

627 4036 784 4102 dum
819 4056 876 4100 et
917 4045 1350 4116 amplectendum
1377 4045 1565 4116 eligat,
1600 4046 1652 4099 in
1690 4047 1968 4102 voluntate
1995 4064 2116 4102 esse
2145 4064 2241 4118 po-

655 4139 818 4194 situm
847 4137 1191 4204 constat._Et
1237 4138 1289 4191 in
1332 4137 1469 4192 libro
1492 4153 1531 4191 ιι
1559 4156 1571 4191 :
1607 4137 1778 4193 liomo
1805 4139 1950 4194 enim
1985 4141 2124 4208 ipse,
2151 4142 2236 4197 in-

653 4247 839 4302 quam,
869 4232 923 4285 in
959 4240 1221 4300 quantum
1273 4231 1434 4285 homo
1482 4241 1585 4295 est,
1615 4230 1832 4302 aliquod
1881 4232 2083 4286 bonum
2133 4241 2234 4300 est,

655 4323 783 4392 quia
814 4331 959 4378 recte
988 4323 1169 4378 vivere
1191 4338 1314 4377 cum
1336 4321 1471 4388 vult,
1497 4331 1693 4393 potest.
1718 4324 1784 4376 Et
1815 4322 1922 4377 alio
1951 4323 2068 4378 loco
2092 4323 2232 4378 dixi:

655 4412 824 4466 Recte
859 4411 976 4466 tieri
1021 4427 1128 4466 non
1162 4425 1342 4480 posse,
1378 4412 1482 4465 nisi
1517 4413 1706 4466 eodem
1748 4412 1918 4467 libero
1947 4413 2238 4469 voluntatis

654 4505 902 4561 arbitrio.
933 4505 1001 4559 Et
1033 4505 1086 4559 in
1113 4505 1253 4560 libro
1281 4507 1439 4561 tertio
1463 4520 1478 4560 :
1511 4506 1652 4573 Quid
1673 4522 1808 4577 opus
1831 4517 1915 4562 est
1939 4509 2130 4579 quam,
2155 4510 2236 4563 in-

651 4614 840 4668 quam,
865 4597 1006 4652 unde
1031 4597 1131 4652 iste
1160 4605 1340 4652 motus
1357 4599 1726 4669 essistat,quo
1755 4571 2002 4656 voluntas
2031 4603 2232 4657 averti-
2261 4571 2315 4632 Β

653 4702 742 4747 tur
775 4691 844 4745 ab
875 4689 1298 4745 incommutabili
1328 4691 1468 4745 bono
1490 4690 1556 4744 ad
1589 4694 1971 4749 commutabile
1999 4693 2232 4761 bonum;

628 4801 774 4842 cum
803 4799 926 4840 eum
967 4783 1184 4840 nonnisi
1217 4784 1404 4848 animi,
1434 4792 1489 4839 et
1517 4785 1903 4850 voluntarium,
1932 4795 1989 4842 et
2023 4788 2093 4841 ob
2134 4788 2234 4844 hoc

651 4875 974 4947 culpabilem
1027 4892 1149 4931 esse
1209 4874 1530 4930 fateamur:
1581 4879 1866 4948 oumisque
1903 4880 1969 4934 de
2021 4879 2126 4935 hac
2175 4897 2234 4937 re

621 5005 624 5010 -
652 4969 930 5041 disciplina
961 4969 1107 5024 utilis
1151 4969 1218 5024 ad
1248 4968 1301 5023 id
1331 4969 1528 5034 valeat,
1553 4979 1611 5024 ut
1645 4986 1711 5026 co
1749 4981 1897 5026 motu
1929 4972 2233 5043 improbato

619 5103 624 5108 ρ
650 5071 814 5133 atque
836 5062 1099 5132 cohibito,
1126 5063 1456 5119 voluntatem
1484 5075 1723 5119 nostram
1754 5075 1820 5118 au
1846 5064 2232 5134 perfruendum

648 5157 981 5228 sempiterno
1005 5157 1150 5213 bono
1172 5174 1202 5212 a
1226 5157 1376 5228 lapsu
1407 5157 1782 5228 temporalium
1807 5161 2232 5216 convertamus?

647 5248 717 5304 Et
744 5248 849 5304 alio
874 5248 993 5304 loco
1018 5267 1032 5303 :
1055 5249 1292 5322 Optime,
1323 5250 1567 5321 inquam,
1590 5250 1656 5306 de
1682 5261 1733 5306 te
1760 5251 1962 5308 veritas
1990 5251 2226 5308 clamat:

646 5339 766 5395 Non
816 5339 960 5395 enim
1001 5354 1190 5411 posses
1235 5340 1379 5398 aliud
1437 5341 1641 5396 sentire
1691 5356 1812 5398 esse
1861 5344 1912 5398 in
1962 5353 2230 5414 potestate

645 5441 865 5499 nostra,
901 5433 1007 5489 nisi
1067 5434 1243 5504 quod,
1293 5449 1415 5489 cum
1457 5435 1738 5501 volumus,
1784 5435 2032 5492 facimus.
2084 5436 2227 5506 Qua-

643 5533 866 5594 pr0pter
887 5524 1024 5580 nihil
1059 5531 1169 5580 tam
1198 5524 1254 5580 in
1277 5533 1465 5581 nostra
1493 5535 1761 5597 potestate
1789 5542 1950 5598 quam
1988 5529 2104 5599 ipsa
2133 5544 2226 5585 vo-

647 5614 827 5669 luntas
852 5625 956 5671 est.
985 5615 1061 5670 Ea
1087 5615 1231 5672 enim
1252 5631 1477 5688 prorsus
1513 5617 1659 5672 nullo
1687 5618 1988 5685 intervallo,
2020 5635 2143 5674 mox
2167 5629 2228 5675 ut

647 5704 914 5769 volumus,
950 5715 1148 5776 praesto
1197 5717 1299 5764 est.
1346 5708 1477 5763 Item
1523 5709 1629 5763 alio
1676 5711 1795 5766 loco
1826 5727 1839 5764 :
1873 5709 1928 5766 Si
1979 5710 2123 5766 enim
2167 5719 2224 5766 tu

649 5793 905 5859 laudaris,
937 5795 1180 5865 inquam,
1211 5799 1446 5854 videndo
1478 5801 1606 5870 quid
1639 5801 1816 5859 facere
1849 5802 2069 5870 debeas,
2097 5818 2221 5860 cum

2356 1942 2480 2004 post
2508 1947 2522 1987 :
2549 1933 2702 2000 Quis,
2737 1932 2976 2001 inquam,
3009 1939 3198 2000 peccat
3242 1930 3299 1984 in
3345 1945 3409 1984 eo
3436 1929 3567 1998 quod
3593 1926 3709 1982 nullo
3729 1927 3828 1981 modo

2355 2027 2534 2082 caveri
2561 2025 2773 2096 potest?
2799 2025 3061 2080 Peccatur
3090 2031 3273 2078 autem
3303 2040 3316 2075 :
3346 2021 3520 2076 caveri
3546 2020 3680 2089 igitur
3699 2029 3825 2090 potest.

2354 2119 2471 2187 Quo
2504 2119 2816 2175 testimonio
2849 2133 2970 2173 meo
3011 2117 3066 2172 in
3112 2116 3348 2187 quodam
3377 2114 3509 2170 libro
3552 2128 3636 2168 suo
3664 2112 3829 2180 Pelagius

2355 2226 2487 2266 usus
2517 2221 2617 2266 est.
2654 2210 2751 2264 Cui
2782 2210 2920 2264 libro
2951 2223 3076 2264 cum
3116 2206 3532 2278 respondissem,
3569 2201 3827 2259 titulumliltri

2353 2303 2460 2358 mei
2493 2318 2613 2358 esse
2640 2302 2782 2357 volui
2811 2283 2888 2357 de.
2905 2299 3110 2355 Natura
3134 2309 3190 2354 et
3219 2298 3427 2355 Gratia.

2423 2411 2479 2466 ln
2512 2411 2597 2466 his
2626 2420 2787 2481 atque
2835 2408 3144 2478 hujusmodi
3191 2407 3376 2464 verbis
3421 2407 3563 2472 meis,
3588 2405 3688 2476 quia
3716 2404 3824 2475 gratia

2351 2502 2446 2559 Dei
2475 2511 2903 2558 commemorata
2934 2501 3041 2558 non
3070 2510 3172 2566 est,
3201 2501 3271 2556 de
3308 2516 3413 2572 qua
3445 2509 3562 2556 tunc
3594 2514 3680 2554 non
3702 2495 3825 2568 ageba-

2351 2604 2460 2661 tur,
2487 2605 2680 2666 putant
2717 2595 3014 2666 Pelagiani,
3053 2594 3136 2650 vel
3163 2604 3362 2665 putare
3389 2603 3613 2668 possunt,
3636 2607 3747 2646 suam
3765 2603 3824 2642 nos

2351 2688 2588 2742 tenuisse
2630 2685 2975 2743 sententiam.
3004 2685 3112 2742 Sed
3142 2685 3349 2741 frustra
3379 2686 3480 2740 hoc
3503 2692 3678 2756 putant.
3697 2679 3825 2736 Volun-

2350 2789 2436 2836 tas
2483 2781 2682 2852 quippe
2731 2788 2815 2835 est
2856 2795 2962 2850 qua
2986 2788 3042 2834 et
3084 2788 3364 2850 peccatur,
3401 2788 3454 2833 et
3497 2785 3623 2830 recte
3657 2774 3822 2828 vivitur:

2349 2877 2495 2946 quod
2542 2876 2625 2930 his
2667 2875 2848 2931 verbis
2890 2873 3119 2946 egimus.
3171 2873 3438 2929 Voluntas
3487 2885 3603 2942 ergo
3639 2864 3823 2939 ipsa,aisi

2348 2969 2520 3040 gratia
2553 2967 2646 3022 Dei
2690 2967 2950 3021 liberetur
2983 2981 3014 3020 a
3037 2964 3319 3030 servitute,
3345 2980 3448 3034 qua
3474 2963 3602 3017 facta
3632 2969 3696 3014 est
3723 2968 3824 3011 sem

2345 3062 2578 3133 peccati,
2612 3068 2666 3116 et
2701 3069 2758 3114 ut
2792 3060 2924 3114 vitia
2949 3065 3185 3130 superet,
3219 3057 3531 3126 adjuvetur;
3557 3061 3678 3108 recte
3699 3049 3824 3120 pieque

2349 3154 2454 3210 vivi
2491 3170 2522 3208 a
2553 3153 2869 3209 mortalibus
2897 3167 3004 3207 non
3035 3159 3234 3222 potest.
3269 3150 3337 3204 Et
3373 3150 3472 3206 hoc
3504 3147 3701 3202 divinum
3723 3143 3824 3196 bene

2348 3246 2529 3301 licium
2571 3261 2677 3316 quo
2706 3245 2988 3310 liberatur,
3014 3243 3117 3298 nisi
3156 3258 3278 3299 eam
3318 3240 3635 3313 praeveniret,
3656 3236 3824 3295 iamuic-

2347 3336 2470 3391 ritis
2500 3334 2617 3405 ejus
2658 3335 2902 3400 daretur,
2931 3341 2985 3388 et
3028 3348 3132 3387 non
3169 3341 3318 3388 esset
3355 3331 3543 3403 gratia,
3575 3343 3671 3397 quae
3705 3323 3822 3390 utique

2346 3430 2516 3500 gratis
2557 3429 2734 3484 datur.
2774 3427 2926 3496 Quod
2973 3428 3028 3481 in
3079 3426 3201 3481 aliis
3235 3424 3507 3496 opusculis
3549 3417 3711 3475 nostris
3741 3409 3822 3466 satis

2345 3521 2575 3592 egimus,
2609 3521 2743 3574 istos
2777 3519 3024 3574 inimicos
3050 3518 3208 3587 hujus
3234 3519 3426 3590 gratiae
3449 3530 3601 3571 novos
3627 3507 3821 3566 haereticus

2346 3611 2682 3675 refellentes;
2713 3609 2960 3680 quamvis
3006 3617 3060 3664 et
3097 3609 3149 3662 in
3183 3608 3270 3663 his
3294 3607 3466 3671 libris,
3488 3605 3568 3675 qui
3597 3617 3680 3657 non
3701 3605 3820 3653 contu

2345 3701 2466 3757 illos
2489 3702 2730 3767 omnino,
2761 3700 2960 3772 quippe
3000 3699 3076 3754 illi
3123 3700 3364 3754 nondum
3404 3706 3567 3762 erant,
3600 3693 3675 3750 sed
3701 3696 3818 3745 contr!

2345 3793 2670 3848 Maniclueos
2720 3791 2905 3861 scripti
2958 3801 3116 3856 sunt,
3166 3791 3235 3846 de
3289 3789 3462 3846 libero
3496 3785 3718 3843 Arbitrio:
3756 3793 3819 3833 00'

2343 3884 2655 3940 omnimodo
2685 3885 2751 3938 de
2789 3885 2892 3938 ista
2928 3881 3024 3937 Dei
3052 3881 3223 3952 gratia
3257 3881 3584 3943 reticuimus,
3615 3888 3739 3946 quam
3766 3883 3820 3922 ne-

2343 3979 2505 4034 fanda
2538 3978 2813 4048 impietate
2859 3985 3128 4049 conantur
3164 3975 3401 4031 auferre.
3445 3973 3660 4029 Diximus
3693 3965 3820 4034 quippe

2327 4069 2396 4125 in
2422 4071 2660 4125 secundo
2689 4069 2849 4135 libro,
2877 4084 2984 4123 non
3025 4067 3199 4123 solum
3240 4081 3461 4138 magna,
3492 4064 3577 4120 sed
3611 4061 3735 4117 etiam
3760 4053 3820 4107 mi-

2341 4163 2486 4218 nima
2525 4163 2664 4216 bona
2709 4176 2815 4215 non
2863 4175 3025 4230 posse
3069 4175 3210 4225 esse,
3239 4159 3345 4214 nisi
3387 4155 3563 4212 abillo
3588 4169 3612 4207 a
3639 4164 3719 4218 quo
3742 4151 3818 4198 sunt

2340 4256 2520 4311 omnia
2547 4257 2709 4319 bona,
2743 4255 2847 4309 hoc
2889 4263 2972 4308 est
3013 4252 3144 4308 Deo.
3183 4252 3251 4306 Et
3291 4250 3449 4321 paulo
3482 4254 3619 4320 post:
3643 4241 3817 4324 Virtutes.

2341 4350 2593 4418 inquam,
2644 4347 2840 4417 quibus
2887 4354 3032 4400 recte
3079 4345 3298 4408 vivitur,
3343 4356 3528 4412 magna
3562 4339 3676 4393 bona
3705 4337 3815 4385 simi:

2341 4441 2551 4511 species
2595 4447 2774 4493 autem
2818 4436 3182 4507 quorumlibet
3227 4448 3530 4506 corponim,
3557 4430 3656 4484 sine
3691 4421 3817 4492 quih'l‘

2341 4540 2488 4586 recte
2514 4532 2620 4585 vivi
2651 4539 2849 4599 potest,
2879 4527 3100 4582 minima
3129 4528 3270 4581 bona
3310 4534 3434 4582 sunt
3467 4542 3479 4577 :
3506 4527 3715 4592 potentue
3738 4521 3817 4562 vero

2340 4625 2528 4688 animi,
2561 4625 2677 4677 sine
2698 4622 2895 4692 quibus
2923 4629 3066 4675 recte
3091 4621 3198 4674 vivi
3223 4635 3330 4674 non
3361 4625 3550 4688 potest,
3571 4609 3710 4669 media
3730 4605 3816 4658 bum

2339 4724 2484 4770 sunt.
2529 4713 2832 4768 Virtutilms
2873 4725 3033 4766 nemo
3073 4711 3216 4766 male
3251 4711 3453 4775 utitur;
3487 4703 3670 4763 caeteris
3700 4703 3815 4749 autem

2336 4804 2513 4869 bonis,
2547 4803 2598 4858 id
2623 4811 2706 4858 est
2728 4802 2920 4857 mediis
2945 4810 3001 4857 et
3029 4801 3288 4864 minimis,
3315 4816 3422 4855 non
3442 4797 3600 4854 solum
3622 4793 3740 4848 bene.
3758 4779 3814 4835 θεά

2337 4895 2499 4948 etiam
2544 4892 2683 4947 male
2711 4893 2941 4962 quisque
2965 4892 3042 4946 uti
3071 4899 3270 4962 potest.
3301 4891 3366 4945 Et
3391 4889 3506 4944 ideo
3526 4885 3690 4939 virtute
3713 4881 3814 4928 nemo

2335 4984 2480 5040 male
2513 4984 2701 5049 utitur,
2727 4983 2851 5054 quia
2885 4997 3023 5053 opus
3052 4983 3269 5037 virtutis
3303 4989 3390 5036 est
3429 4981 3588 5034 bonus
3613 4984 3714 5027 usus
3733 4967 3813 5018 is"?

2337 5089 2476 5135 rum,
2517 5074 2714 5143 quibus
2756 5073 2920 5128 etiam
2969 5089 3075 5128 non
3111 5072 3248 5126 bene
3291 5071 3368 5125 uti
3407 5077 3691 5139 possumus:
3706 5063 3814 5148 uelli"

2333 5172 2515 5219 autem
2547 5164 2682 5219 bene
2723 5163 2946 5226 utendo,
2977 5161 3117 5216 male
3159 5162 3344 5215 utitur.
3375 5159 3543 5226 Quare
3575 5147 3812 5208 abundanti!

2332 5264 2388 5311 et
2427 5254 2741 5323 magnitudo
2784 5253 3041 5309 bonitatis
3081 5253 3175 5307 Dei
3223 5267 3324 5306 non
3371 5250 3533 5305 solum
3561 5227 3812 5309 magnast!tl

2329 5348 2494 5404 etiam
2543 5347 2719 5402 media
2758 5355 2812 5402 et
2857 5346 3076 5402 minima
3121 5347 3258 5401 bona
3297 5358 3420 5418 esse
3446 5325 3811 5412 ρπεειίιιιὶιεείε
3901 5349 3903 5418 l

2332 5440 2602 5496 laudanda
2628 5451 2713 5496 est
2739 5439 2954 5495 bonitas
2978 5440 3096 5510 ejus
3121 5439 3174 5493 in
3197 5437 3404 5508 magnis
3427 5447 3576 5504 quam
3600 5429 3642 5481 in
3665 5417 3807 5510 mediis

2332 5539 2388 5586 ει
2410 5529 2582 5600 magis
2604 5529 2657 5585 in
2684 5529 2876 5584 mediis
2895 5544 3056 5598 quam
3079 5528 3133 5582 in
3157 5525 3392 5582 minimis
3412 5521 3582 5583 bonis;
3605 5514 3680 5572 sed
3696 5502 3808 5600 mit“
3899 5535 3901 5600 ξ

2332 5623 2386 5678 in
2416 5597 2691 5686 omnibus,
2734 5637 2897 5692 quam
2914 5597 2971 5676 isi
3001 5637 3107 5678 non
3140 5619 3318 5675 omnia
3350 5615 3441 5688 [aL
3469 5609 3684 5668 omnibus
3706 5597 3806 5654 oni"

2330 5711 2482 5786 titur]
2503 5712 2755 5768 omnibus
2783 5711 3082 5770 tribuisset.
3754 5777 3762 5787 ι

2405 5806 2472 5860 Ει
2515 5805 2621 5861 alio
2667 5804 2826 5862 loco:
2862 5805 2941 5865 Tu
2990 5813 3217 5871 tantum,
3250 5804 3481 5874 inquam,
3510 5795 3720 5868 pietatem
3750 5789 3804 5834 ΙΙ⁹

3889 6273 3895 6293 J
