4064 6346
319 377 456 435 1105

1131 376 1219 431 DE
1255 371 1930 430 PREDESTlNATlONE
1963 372 2242 431 CONTRA
2283 371 2332 428 J.
2377 370 2676 430 SCOTUM.

3431 367 3569 424 1106

201 483 222 492 ’
316 509 634 551 concussam
668 503 806 556 tene,
836 500 896 546 ιιι
927 490 1132 547 ιιιιΙΙιιιιι
1163 491 1259 546 tibi
1285 491 1484 546 bonum
1510 488 1594 543 vel
1635 487 1888 543 sentienti
1917 491 1972 554 Α
1993 489 2118 559 quia
2145 497 2200 545 et
2227 487 2368 544 male
2396 486 2486 542 illo
2513 487 2591 541 uti
2622 498 2934 557 possumus;
2968 483 3063 540 sed
3103 491 3282 537 tamen
3316 481 3420 537 tale
3453 491 3565 547 est,

313 586 396 640 vel
426 584 761 656 intelligenti,
783 583 868 638 vel
895 597 1111 653 quoquo
1138 579 1297 636 modo
1327 579 1582 651 cogitanti
1618 586 1908 643 occurrat,:

313 677 458 748 quod
502 693 607 732 non
651 678 724 732 sit
767 692 834 731 ex
882 675 1012 731 Deo.
1045 673 1284 743 itemque
1305 671 1410 727 alio
1449 671 1567 726 loco
1595 669 1706 726 dixi
1739 687 1750 722 :
1783 667 1910 724 Sed:

312 768 568 838 quoniam
599 782 704 822 non
735 767 875 822 sicut
917 774 1107 836 sponte
1145 765 1306 820 homo
1342 763 1558 828 cecidit,
1603 763 1676 818 ita
1722 763 1890 817 etiam

310 869 506 930 sponte
555 872 776 930 surgere
830 867 1008 928 potest
1027 899 1042 924 ,
1098 863 1405 928 porrectam
1459 855 1612 909 nobis
1660 855 1914 923 desuper.

311 953 590 1009 dexteram
638 952 754 1018 Dei,
805 951 856 1006 id
913 960 996 1007 est
1045 949 1256 1006 Domini
1311 948 1482 1004 nostri
1523 947 1649 1002 Jesu
1687 945 1891 1001 Christi

311 1043 454 1116 (aL,
513 1043 797 1098 Dominum
839 1053 1082 1098 nostrum
1129 1040 1311 1096 Jesum
1361 1038 1668 1111 Christum]
1733 1039 1890 1092 ﬁrma

308 1134 419 1189 ﬁde
457 1143 756 1188 teneamus.
793 1133 856 1188 Et
905 1133 958 1187 in
1000 1133 1135 1188 libro
1165 1148 1246 1197 ιιι,
1272 1147 1396 1186 cum
1440 1131 1693 1185 dixissem
1735 1129 1914 1194 illud,.

308 1239 421 1294 quo
446 1223 721 1294 Pelagium
761 1223 826 1278 de
865 1223 1000 1278 meis
1044 1222 1316 1293 opusculis
1348 1237 1502 1276 usum
1545 1220 1708 1275 fuisse
1744 1233 1890 1274 com-

308 1314 627 1368 memoravi.
655 1313 787 1381 Quis
808 1313 950 1368 enim
979 1323 1165 1383 peccat
1197 1313 1250 1367 in
1283 1328 1351 1368 eo
1378 1313 1522 1382 quod
1545 1310 1688 1366 nullo
1729 1310 1890 1366 modo

251 1448 264 1458 .
308 1405 494 1460 caveri
526 1415 723 1480 potest.
746 1403 1011 1460 Peccatur
1035 1415 1214 1459 autem
1241 1422 1252 1458 :
1284 1404 1461 1458 caveri
1495 1403 1658 1472 igitur
1677 1409 1886 1472 potest;

307 1499 572 1553 continuo
593 1508 811 1553 secutus
838 1497 1054 1566 adjunxi
1079 1513 1093 1552 :
1127 1497 1194 1551 Et
1220 1507 1394 1552 tamen
1423 1495 1588 1550 etiam
1618 1512 1716 1566 per
1743 1497 1894 1566 igno-

308 1590 546 1644 rantiam
577 1590 718 1645 facta
761 1590 1003 1659 quaedam
1047 1589 1436 1660 improbantur,
1471 1595 1524 1642 et
1575 1586 1889 1657 corrigenda

299 1681 639 1751 iudicantur,
667 1680 807 1735 sicut
853 1680 922 1734 in.
956 1679 1152 1733 divinis
1193 1677 1605 1732 auctoritatibus
1642 1675 1912 1746 legimus-

307 1773 406 1827 Ait
436 1773 579 1827 enim
609 1771 900 1842 Apostolus
926 1789 938 1824 :
974 1769 1392 1824 Misericordiam
1419 1777 1724 1822 consecutus
1753 1782 1889 1831 sum,

1992 591 2053 638 ut
2095 582 2212 638 sine
2253 580 2344 636 illo
2387 589 2536 637 recte
2573 579 2756 635 vivere
2783 591 3134 648 nequeamus.
3165 575 3348 632 Bonus
3389 585 3570 632 autent

1991 689 2122 730 usus
2153 676 2272 747 ejus
2295 675 2407 745 jam
2455 674 2628 728 virtus
2651 680 2763 736 est,
2796 685 2918 741 quae
2955 671 3008 725 in
3055 668 3267 739 magnis
3305 667 3576 739 reperitur

1991 767 2182 833 bonis,
2217 768 2413 838 quibus
2440 765 2580 822 male
2600 764 2677 820 uti
2706 763 2887 820 nullus
2915 770 3112 834 potest.
3141 762 3209 817 Et
3233 761 3361 832 quia
3388 761 3573 816 omnia

1993 862 2133 916 bona
2153 902 2168 927 ,
2201 862 2343 917 sicut
2372 861 2578 916 dictum
2607 868 2718 921 est,
2748 867 2803 914 et
2829 873 3051 929 magna,
3079 865 3134 912 et
3159 857 3336 912 media
3356 896 3372 921 ,
3396 863 3452 912 et
3477 855 3578 910 mi-

1991 953 2170 1020 nima,
2199 969 2268 1008 ex
2313 953 2424 1007 Deo
2457 959 2614 1017 sunt,
2645 951 2892 1020 sequitur
2934 957 2994 1004 ut
3019 952 3104 1004 'ex
3150 948 3260 1004 Deo
3299 946 3372 1003 sit
3413 947 3577 1002 etiam

1991 1043 2165 1101 bonus
2189 1061 2319 1101 usus
2348 1045 2529 1100 libera:
2555 1043 2849 1100 voluntatis
2867 1085 2882 1110 ,
2911 1035 3036 1114 quae.
3055 1043 3230 1098 virtus
3250 1050 3338 1098 est
3358 1081 3372 1106 ,
3418 1050 3475 1096 et
3516 1041 3574 1096 in

1991 1136 2204 1206 magnis
2231 1145 2548 1191 numeratur
2574 1135 2750 1190 bonis.
2783 1136 2989 1191 Deinde
3007 1135 3210 1189 dictant
3240 1141 3356 1197 est,
3381 1147 3448 1187 ex
3467 1147 3577 1202 qua

1991 1227 2212 1282 miseria
2253 1228 2605 1297 peccantibus
2647 1227 2953 1296 justissime
3001 1224 3206 1280 inﬂicta
3251 1223 3448 1278 liberet
3485 1222 3579 1276 Del

1991 1320 2165 1390 gratia
2183 1361 2198 1385 ,
2226 1320 2352 1390 quia
2376 1328 2568 1390 sponte
2591 1320 2753 1374 homo
2769 1360 2784 1384 ,
2817 1319 2869 1374 id
2896 1326 2980 1373 est
3006 1317 3179 1372 libero
3199 1309 3426 1371 arbitrio
3446 1355 3460 1380 ,
3483 1330 3578 1368 ca-

1993 1411 2122 1466 dere
2146 1411 2347 1481 potuit,
2381 1427 2484 1466 non
2523 1411 2687 1466 etiam
2722 1423 2966 1480 surgere.
2998 1407 3078 1462 Ad
3105 1423 3269 1478 quam
3300 1405 3577 1461 miseriam

1985 1497 2148 1568 iustae
2179 1501 2543 1556 damnationis
2580 1501 2815 1571 pertinet
2845 1498 3169 1571 ignorantia,
3197 1505 3254 1552 et
3281 1495 3581 1551 difﬁcultas

1993 1607 2154 1662 quam
2178 1593 2380 1662 patitur
2399 1593 2578 1648 omnis
2601 1593 2762 1648 homo
2783 1592 2852 1646 ab
2875 1589 3100 1645 exordio
3120 1587 3420 1643 nativitatis
3434 1601 3576 1651 suae;

1992 1701 2094 1742 nec
2116 1687 2184 1742 ab
2205 1687 2308 1741 isto
2329 1687 2471 1741 malo
2493 1688 2800 1756 quisquam,
2828 1684 2931 1740 nisi
2961 1682 3062 1738 Dei
3083 1681 3257 1752 gratia
3279 1680 3576 1735 liberatur:

1994 1794 2158 1850 quam
2189 1779 2464 1834 miseriam
2511 1777 2785 1848 Pelagiani
2837 1775 3029 1830 nolunt
3072 1789 3139 1829 ex
3177 1771 3321 1841 justa
3351 1771 3581 1826 damna-

304 1867 436 1937 quia
467 1866 711 1936 ignorans
749 1863 847 1933 feci
877 1861 928 1934 (Ι
966 1860 1101 1915 Tim.
1136 1877 1174 1926 ι,
1220 1860 1341 1931 15);
1372 1859 1447 1913 ait
1489 1867 1544 1913 et
1583 1856 1847 1927 Propheta
1876 1874 1889 1910 :

2001 1875 2145 1926 tione
2192 1870 2558 1935 descendere,
2620 1877 2883 1939 negantes
2939 1866 3577 1938 originale.peccatum;

306 1959 516 2015 Delicta
541 1957 834 2028 juventutis
869 1965 918 2010 et
968 1954 1280 2024 ignorantia:
1315 1968 1442 2006 mete
1488 1967 1551 2004 ne
1596 1949 1889 2003 memineris

310 2052 490 2124 (Psat.
521 2067 670 2116 xxiv,
703 2049 778 2119 7).
811 2048 950 2104 Sunt
972 2047 1136 2102 etiam
1171 2045 1489 2102 necessitate
1515 2041 1658 2098 facta
1685 2041 1890 2112 impro-
1917 2083 1925 2094 ,

305 2143 512 2207 banda,
537 2141 625 2196 ubi
679 2139 793 2193 vult
844 2140 1004 2194 homo
1049 2146 1195 2192 recte
1235 2134 1434 2199 facere,
1467 2143 1522 2188 et
1551 2148 1656 2188 non
1693 2138 1888 2202 potest.

306 2233 448 2290 Nam
480 2233 620 2288 unde
646 2240 772 2286 sunt
794 2230 896 2285 illa:
922 2244 1083 2285 voces
1109 2247 1120 2281 :
1143 2229 1265 2283 Non
1292 2227 1428 2281 enim
1452 2226 1589 2296 quod
1611 2223 1724 2278 volo
1754 2221 1892 2291 facio

307 2324 525 2390 bonum,
555 2323 644 2378 sed
667 2322 806 2394 quod
830 2321 916 2375 odi
942 2319 1139 2375 malum
1161 2320 1259 2373 hoc
1286 2335 1384 2388 ago
1431 2315 1604 2388 (Rom.
1629 2331 1723 2378 vu,
1756 2310 1890 2383 15.).
1921 2361 1924 2364 .

305 2415 384 2470 Et
409 2413 535 2468 illud
564 2431 577 2468 :
616 2411 754 2467 Velle
778 2413 982 2483 adjacet
1014 2411 1163 2476 mihi,
1195 2409 1442 2480 perﬁcere
1469 2416 1643 2461 autem
1678 2404 1892 2468 bonum,

306 2527 419 2566 non
445 2509 596 2575 (lbid.
621 2525 676 2573 v,
705 2507 818 2578 18).
863 2507 930 2561 Et
968 2505 1097 2560 illud
1138 2523 1150 2557 :
1181 2503 1318 2559 Caro
1357 2502 1670 2571 concupiscit
1703 2499 1891 2552 adver-

305 2619 404 2657 sus
444 2601 706 2670 spiritum,
731 2599 947 2668 spiritus
989 2606 1163 2650 autem
1204 2594 1452 2648 adversus
1501 2606 1729 2644 carnem.
1763 2587 1893 2642 Hrec

305 2694 450 2748 enim
489 2691 585 2746 sibi
624 2691 840 2745 invicem
885 2688 1245 2758 adversantur,
1278 2692 1332 2737 ut
1362 2698 1466 2736 non
1497 2698 1557 2735 ea
1594 2695 1710 2750 qua:
1738 2677 1894 2733 vultis

307 2784 524 2856 faciatis
556 2780 698 2854 (Gal.
728 2797 780 2847 v,
803 2780 924 2850 .17).
959 2778 1064 2833 Sed
1093 2778 1208 2832 haec
1232 2775 1411 2830 omnia
1439 2772 1718 2828 hominum
1746 2777 1893 2834 sunt,

307 2892 382 2931 ex
409 2875 493 2928 illa
513 2873 702 2928 mortis
720 2870 1068 2927 damnatione
1081 2868 1440 2924 venientium.
1457 2865 1592 2919 Nam
1616 2865 1660 2919 si
1687 2877 1793 2918 non
1815 2870 1896 2916 est

309 2968 417 3022 ista
430 2981 587 3036 poma
608 2963 864 3029 hominis,
881 2963 976 3017 sed
992 2970 1206 3025 natura,
1221 2959 1366 3014 nulla
1384 2959 1487 3012 ista
1503 2964 1724 3026 peccata
1748 2965 1891 3010 sunt.

310 3057 374 3114 Si
413 3058 554 3112 enim
594 3072 700 3112 non
741 3054 1014 3110 receditur
1045 3053 1112 3106 ab
1147 3067 1212 3106 eo
1242 3049 1401 3105 modo
1433 3064 1540 3118 quo
1579 3044 1897 3100 naturaliter

309 3147 491 3203 factus
511 3157 614 3212 est,
631 3147 704 3201 ita
729 3155 787 3199 ut
813 3143 1006 3200 melius
1031 3155 1150 3197 esse
1172 3157 1277 3197 non
1307 3139 1496 3211 possit,
1514 3153 1578 3193 ea
1599 3152 1718 3207 quae
1739 3135 1896 3190 debet

1996 1963 2246 2033 quamvis
2270 1961 2572 2033 ignorantia
2597 1969 2654 2015 et
2684 1958 2978 2015 difﬁcultas
2996 1998 3010 2024 ,
3040 1955 3255 2012 etiamsi
3281 1965 3464 2010 essent
3484 1955 3584 2009 ho-

1994 2055 2157 2110 minis
2185 2054 2484 2125 primordia
2513 2052 2813 2117 naturalia;
2865 2066 2967 2107 nec
3007 2052 3087 2107 sic
3129 2049 3460 2120 culpandus,
3486 2047 3583 2103 sed

1995 2143 2292 2202 laudandus
2342 2146 2482 2202 Deus
2529 2153 2702 2210 esset,
2754 2145 2896 2200 sicut
2925 2144 2979 2198 in
3013 2144 3204 2200 eodem
3233 2141 3374 2197 libro
3419 2139 3584 2196 tertio

1995 2235 2430 2308 disputavimus.]
2597 2241 2607 2250 '

2064 2325 2104 2396 -ι-
2127 2324 2309 2392 Vides,
2327 2327 2515 2381 doctor
2532 2327 2782 2393 eximius,
2798 2326 3016 2397 quantis
3039 2333 3162 2381 tuas
3185 2338 3474 2395 perversae
3499 2323 3584 2378 in-

1997 2416 2505 2486 terpretatiunculas
2523 2418 2727 2474 viribus
2751 2426 3020 2484 conterat,
3046 2417 3139 2488 qui
3161 2417 3322 2471 toties
3353 2415 3583 2471 liberum

1996 2507 2293 2563 voluntatis
2321 2508 2604 2563 arbitrium
2626 2510 2986 2579 nuncupando
3005 2549 3019 2574 ,
3047 2517 3362 2578 motumque
3391 2505 3581 2570 animi,

1997 2607 2054 2653 et
2079 2599 2212 2653 nihil
2243 2598 2386 2653 aliud
2417 2599 2754 2664 deﬁniendo,
2788 2601 2893 2655 tuis
2921 2599 3242 2656 diﬁ‘erentiis
3280 2600 3415 2655 adeo
3439 2598 3582 2653 veri-

2004 2696 2114 2743 tate
2150 2689 2380 2742 vallatus
2405 2689 2654 2756 obsistit,
2680 2697 2740 2744 ut
2765 2703 2859 2744 eas
2884 2705 3106 2760 prorsus
3131 2689 3265 2744 nihil
3297 2703 3418 2744 esse
3451 2702 3583 2744 con-

1999 2779 2196 2835 ﬁrmet.
2219 2780 2298 2858 Tu
2315 2781 2429 2850 ipse
2443 2795 2656 2850 quoque
2669 2759 2997 2834 tantumitibi
3018 2779 3328 2835 contrarius
3366 2759 3576 2842 existis,

1998 2881 2174 2926 utaut
2201 2887 2308 2927 non
2335 2871 2562 2937 videris,
2592 2881 2684 2926 aut
2707 2873 2774 2925 ab
2801 2872 2924 2926 aliis
2965 2871 3187 2927 minime
3215 2871 3387 2926 videri
3419 2877 3578 2941 puta-

1997 2969 2144 3024 veris
2173 2977 2224 3025 te
2249 2977 2472 3023 eatenus
2505 2968 2733 3023 liberum
2759 2968 3050 3023 voluntatis
3081 2967 3366 3022 arbitrium
3393 2965 3581 3020 defen-

2000 3061 2172 3127 disse,
2225 3070 2283 3114 ut
2325 3060 2578 3115 deﬁnires
2623 3060 2849 3115 liberam
2893 3060 3224 3117 voluntatem
3263 3058 3584 3115 electionem

2003 3166 2124 3207 esse
2192 3151 2376 3207 liberae
2441 3151 2768 3216 voluntatis,
2833 3160 2887 3206 et
2946 3151 3246 3221 perdidisse
3311 3149 3583 3206 hominem

310 3241 468 3307 fac“.
504 3257 625 3296 cum
670 3240 786 3294 hinc
825 3237 972 3292 Ῑτιείι·
1014 3235 1072 3291 Si
1102 3243 1284 3289 autem
1319 3233 1489 3287 bonus
1525 3232 1686 3286 homo
1725 3238 1891 3295 εεδθιν
1924 3213 1971 3277 C
2001 3251 2249 3296 naturam
2301 3256 2484 3304 suam,
2540 3241 2586 3296 si
2646 3242 2872 3297 liberum
2941 3242 3238 3297 voluntatis
3301 3241 3586 3297 arbitrium

310 3334 474 3390 aliter
494 3342 657 3390 esset.
677 3330 832 3386 Nunc
860 3338 1064 3392 autem,
1087 3327 1213 3396 quia
1242 3326 1316 3379 ita
1342 3331 1445 3388 est,
1465 3337 1570 3376 non
1593 3329 1677 3376 est
1698 3321 1894 3384 bonus,

310 3439 421 3481 nec
446 3423 607 3479 habet
632 3423 682 3476 in
713 3427 979 3491 potestate
1007 3425 1067 3472 ut
1091 3418 1264 3471 bonus
1289 3415 1382 3479 sit,
1405 3414 1517 3468 sive
1539 3427 1644 3466 non
1668 3409 1898 3464 videndo

311 3515 492 3586 qualis
521 3529 641 3570 esse
664 3513 877 3576 debeat,
902 3511 1016 3567 sive
1037 3507 1288 3572 videndo,
1313 3515 1368 3562 et
1401 3521 1507 3560 non
1529 3503 1757 3558 valendo
1778 3515 1898 3557 esse

311 3604 531 3676 qualem
555 3605 750 3659 debere
771 3615 890 3658 esse
929 3615 990 3655 se
1013 3598 1179 3654 videt.
1196 3596 1420 3651 Ptenam
1449 3596 1607 3649 istam
1628 3608 1748 3648 esse
1779 3592 1900 3661 quis

314 3699 560 3755 dubitet?
599 3697 787 3754 Omnis
827 3703 1008 3751 autem
1046 3708 1207 3765 pinna
1253 3693 1299 3748 si
1340 3691 1485 3760 justa
1536 3700 1646 3755 est,
1693 3689 1900 3761 peccati

305 3805 480 3865 poena
507 3799 608 3855 est,
629 3798 683 3844 et
709 3787 1028 3862 supplicium
1051 3785 1383 3841 nominatur.
1413 3782 1469 3838 Si
1496 3793 1674 3837 autem
1698 3779 1900 3850 injusta

305 3895 481 3956 pana
512 3890 595 3937 est
615 3921 630 3944 ,
660 3878 914 3950 quoniam
943 3892 1163 3949 poenam
1203 3891 1323 3932 esse
1365 3891 1522 3930 nemo
1569 3873 1792 3942 ambigit
1821 3873 1902 3927 in-

297 3974 461 4048 justo
493 3973 672 4042 aliquo
715 3969 1024 4027 dominante
1072 3967 1276 4023 homini
1320 3964 1571 4035 imposita
1601 3971 1701 4018 est.
1735 3962 1904 4017 Porro

307 4069 449 4138 quia
471 4066 536 4121 de
554 4061 946 4134 omnipotentia
975 4060 1066 4114 Dei
1095 4068 1148 4114 et
1169 4058 1378 4130 iustitia
1407 4057 1654 4111 dubitare
1684 4055 1904 4109 demen-

308 4161 394 4220 tis
416 4167 528 4225 eSt,
549 4156 697 4227 justa
739 4156 855 4211 hzec
897 4168 1059 4225 paena
1085 4163 1201 4217 est,
1247 4159 1301 4205 et
1342 4165 1442 4220 pro
1470 4160 1695 4218 peccato
1724 4147 1904 4217 aliquo

307 4249 592 4323 penditur.
643 4244 760 4301 Non
799 4245 943 4299 enim
992 4243 1275 4313 quisquam
1325 4239 1554 4308 iniustus
1599 4238 1906 4294 dominator

310 4348 418 4395 aut
460 4339 739 4409 subripere
777 4335 1053 4391 hominem
1094 4333 1270 4405 potuit
1296 4331 1443 4387 velut
1473 4330 1736 4401 ignoranti
1760 4329 1903 4396 Deo,

312 4439 417 4488 aut
439 4440 763 4500 extorquere
797 4427 986 4492 invito,
1017 4434 1274 4496 tanquam
1310 4422 1634 4488 invalidiori,
1667 4421 1750 4476 vel
1791 4429 1904 4475 ter-

313 4522 530 4588 rendo,
557 4519 642 4575 vel
669 4517 1072 4582 conturbando,
1106 4525 1164 4569 ut
1201 4514 1475 4569 hominem
1515 4510 1710 4580 injusta
1743 4523 1905 4583 paena

311 4614 612 4672 cruciaret.
645 4610 988 4680 Relinquitur
1015 4621 1144 4677 ergo
1189 4614 1251 4660 ut
1290 4605 1404 4660 haec
1451 4619 1608 4675 poena
1646 4603 1792 4672 justa
1840 4604 1906 4659 de

316 4706 674 4766 damnatione
695 4703 930 4761 hominis
952 4701 1150 4756 veniat.
1173 4699 1241 4754 Et
1264 4699 1368 4753 alio
1391 4697 1509 4754 loco
1534 4717 1546 4751 :
1570 4696 1901 4769 Approbare,

317 4800 571 4868 inquam,
603 4797 737 4852 falsa
779 4810 878 4866 pro
907 4793 1054 4849 veris
1100 4801 1159 4846 ut
1213 4800 1359 4847 erret
1404 4790 1626 4854 invitus,
1673 4797 1726 4843 et
1774 4788 1908 4843 resi-

321 4897 508 4946 stente
583 4899 745 4958 atque
811 4891 1095 4955 torquente
1147 4881 1333 4938 dolore
1383 4878 1618 4936 carnalis
1675 4877 1904 4943 vinculi,

321 4999 436 5040 non
482 4982 651 5052 possit
687 4965 811 5054 [al.,
840 4977 1023 5051 posse]
1051 4994 1081 5032 a
1099 4975 1401 5033 libidinosis
1429 4972 1682 5043 operibus
1707 4982 1910 5042 tempe-

324 5092 484 5140 rare,
529 5090 634 5130 non
669 5083 752 5128 est
791 5082 984 5127 natura
1016 5070 1251 5127 instituti
1293 5067 1561 5129 hominis,
1607 5065 1700 5120 sed
1745 5077 1906 5134 poena

330 5169 595 5226 damnati.
646 5166 780 5222 Cum
833 5173 1010 5219 autem
1063 5164 1129 5218 de
1175 5162 1266 5216 illa
1306 5161 1583 5216 voluntate
1634 5165 1779 5213 recte
1829 5155 1906 5210 fa-

321 5261 506 5320 ciendi
536 5261 830 5331 loquimur,
869 5259 936 5314 de
962 5259 1053 5314 illa
1084 5258 1293 5314 scilicet
1335 5257 1514 5328 inqua
1544 5257 1704 5311 homo
1730 5251 1908 5308 factus

320 5363 412 5410 est
431 5394 446 5419 ,
480 5353 768 5424 loquimur.

401 5445 542 5502 Ecce
564 5454 672 5500 tam
693 5445 851 5515 longe
871 5453 1159 5514 antequam
1182 5444 1471 5517 Pelagiana
1495 5449 1718 5506 haeresis
1740 5447 1908 5504 exsti-

328 5538 487 5606 tisset
509 5537 586 5591 sic
611 5537 1032 5605 disputavimus,
1055 5535 1202 5590 velut
1221 5535 1336 5604 jam
1358 5548 1546 5593 contra
1575 5539 1693 5594 illos
1726 5540 1909 5609 dispu-

326 5637 592 5685 taremus.
621 5613 932 5683 Cumlenim
959 5626 1138 5682 omnia
1171 5627 1309 5683 bona
1345 5629 1654 5683 dicerentur
1679 5644 1750 5683 ex
1778 5630 1908 5696 Deo,

331 5723 388 5779 id
422 5730 507 5776 est
547 5729 601 5776 et
645 5736 866 5791 magna,
894 5728 950 5775 et
993 5719 1168 5774 media
1192 5761 1204 5784 ,
1232 5729 1287 5775 et
1319 5721 1538 5774 minima
1570 5740 1582 5774 :
1633 5723 1682 5776 in
1718 5723 1911 5777 mediis

335 5814 552 5894 .Luidem
573 5813 729 5870 bonis
751 5813 1023 5872 invenitur
1043 5811 1278 5875 liberum
1293 5812 1584 5870 voluntatis
1605 5815 1911 5889 arbitrium,

1999 3331 2324 3402 perdidisset
2360 3349 2372 3384 :
2415 3347 2558 3386 nunc
2607 3340 2818 3398 autem,
2866 3340 2961 3386 aut
2990 3333 3065 3388 tui
3101 3332 3328 3399 oblitus,
3377 3342 3471 3388 aut
3510 3331 3590 3388 le-

2001 3432 2190 3492 gentes
2211 3432 2300 3478 tua
2332 3423 2609 3480 ludiﬁcare
2637 3425 2873 3492 molitus,
2906 3435 3113 3480 motum
3140 3426 3305 3502 animi
3339 3442 3370 3480 a
3397 3425 3585 3483 volun-

2003 3521 2116 3569 tate
2141 3515 2356 3570 conaris
2379 3529 2685 3580 secernere,
2704 3515 2858 3586 quasi
2885 3515 3031 3572 aliud
3051 3517 3226 3585 possit
3243 3531 3365 3573 esse
3391 3516 3586 3570 anima

2003 3609 2209 3664 moveri
2238 3624 2400 3678 quam
2426 3609 2582 3666 velle.
2613 3609 2858 3666 Moretur
2879 3610 3025 3666 enim
3052 3609 3304 3676 valendo,
3331 3607 3588 3678 quemad-

2003 3699 2226 3754 modum
2273 3699 2434 3753 Pater
2475 3700 2843 3756 memorabilis
2882 3700 3161 3766 deﬁnivit,
3196 3700 3249 3754 in
3287 3707 3496 3754 tantum
3525 3706 3588 3752 ut

2004 3800 2186 3846 motus
2205 3791 2320 3860 ejus
2340 3807 2681 3861 nequaquam
2703 3791 2774 3846 sit
2793 3791 2938 3848 aliud
2961 3807 3124 3863 quam
3147 3791 3416 3847 voluntas.
3437 3789 3589 3844 Hanc

2006 3887 2169 3942 etiam
2201 3902 2232 3939 a
2263 3886 2490 3941 Domino
2516 3885 2810 3956 praeparari
2838 3895 2894 3942 et
2933 3886 3228 3956 Scripturae
3255 3885 3586 3950 auctoritas,

1992 3988 2063 4035 'et
2132 3986 2402 4032 tantorum
2468 3977 2690 4032 Patrum
2753 3992 3049 4034 consensus
3101 3978 3382 4033 evidenter
3425 3987 3590 4048 atque

2006 4069 2417 4125 immutabiliter
2483 4070 2670 4135 docet,
2740 4071 3029 4141 praedicat,
3097 4070 3207 4124 imo
3273 4069 3582 4125 conﬁrmat.

2007 4160 2088 4217 Tu
2133 4176 2261 4216 vero
2313 4175 2434 4216 cum
2469 4160 2522 4215 id
2569 4161 2830 4217 hactenus
2871 4161 3180 4233 negaveris,
3215 4171 3378 4232 atque
3406 4169 3467 4215 ut
3515 4161 3588 4214 ita

2010 4253 2238 4309 dixerim
2261 4251 2534 4308 inﬁciatus
2559 4251 2748 4318 fueris,
2775 4268 2916 4308 nova
2939 4253 3321 4308 adinventione
3345 4268 3510 4308 ausus
3530 4267 3591 4308 es

2007 4345 2218 4408 dicere,
2261 4355 2457 4398 motum
2489 4357 2639 4399 tuum
2678 4346 2968 4417 praeparari
2993 4362 3026 4398 a
3053 4344 3310 4407 Domino,
3352 4361 3457 4399 non
3501 4361 3591 4399 vo-

2009 4434 2297 4500 luntatem,
2335 4436 2477 4505 quod
2518 4437 2644 4506 quia
2684 4445 2740 4490 et
2779 4436 3066 4490 adversum
3097 4436 3345 4497 veritati,
3375 4444 3430 4490 et
3459 4450 3590 4490 con-

2008 4525 2240 4580 trarium
2267 4527 2572 4581 auctoritati
2613 4534 2974 4582 monstratum
3005 4534 3120 4592 est,
3161 4525 3450 4595 adjuvante
3477 4524 3589 4579 Do-

2009 4621 2158 4676 mino
2184 4619 2250 4674 ad
2291 4620 2397 4674 alia
2431 4603 3073 4675 calumniarum‘tuarum
3113 4634 3356 4685 venena,
3386 4626 3590 4688 quanta

2011 4715 2119 4770 sint
2137 4756 2152 4780 ,
2184 4715 2413 4769 videnda
2437 4722 2794 4770 transeamus.

2083 4807 2230 4862 Dicis
2274 4807 2409 4878 (cap.
2451 4808 2517 4872 8,
2548 4825 2599 4862 η.
2645 4806 2706 4872 5,
2754 4817 2879 4862 sect.
2930 4807 2982 4879 1)
3017 4825 3030 4862 :
3075 4807 3272 4862 Sancto
3301 4803 3594 4874 Augustino

2011 4901 2275 4955 multoties
2301 4901 2448 4955 nobis
2471 4900 2767 4955 iuculcante
2784 4941 2798 4965 ,
2823 4901 3146 4970 apertissime
3167 4897 3310 4953 credi
3332 4897 3596 4951 interioris

2013 4993 2240 5046 Itominis
2281 4992 2676 5046 substantialem
2698 4993 2984 5046 trinitatem
3016 4994 3067 5045 in
3091 4992 3172 5046 his
3195 4990 3389 5053 tribus,
3414 5006 3591 5043 essen-

2014 5083 2089 5136 tia
2112 5083 2365 5146 videlicet,
2387 5093 2433 5136 et
2464 5081 2746 5147 voluntate,
2770 5093 2815 5136 et
2844 5083 3062 5136 scientia
3084 5081 3357 5134 contineri.
3388 5079 3452 5133 Et
3477 5089 3595 5148 post

2013 5188 2184 5244 pauca
2214 5177 2350 5245 (cap.
2387 5175 2420 5229 8
2441 5215 2456 5239 ,
2488 5191 2538 5228 ιι.
2573 5176 2638 5238 6,
2665 5185 2790 5228 sect.
2815 5174 2870 5243 ‘2)
2912 5192 2923 5225 :
2955 5172 3084 5225 ΙΙαέ
3109 5172 3395 5241 igiturtria
3433 5189 3592 5224 unum

2013 5277 2166 5331 sunt,
2197 5275 2244 5320 et
2269 5283 2372 5320 una
2405 5276 2593 5320 natura
2636 5279 2654 5315 :
2695 5275 2803 5318 tota
2844 5264 3032 5317 deinde
3069 5264 3248 5316 anima
3292 5247 3484 5317 natura
3512 5281 3599 5317 vo-

2015 5356 2191 5410 luntas
2217 5369 2319 5421 est,
2344 5365 2448 5412 etc.
2485 5356 2615 5422 Quae
2638 5355 2798 5408 verba
2826 5364 2916 5420 tua
2949 5369 3111 5423 quam
3154 5354 3264 5408 sint
3289 5354 3599 5409 mendacio-

2015 5465 2136 5505 rum
2185 5451 2399 5505 nebulis
2445 5448 2710 5518 caligata,
2756 5444 2994 5514 ejusdem
3047 5441 3374 5502 sanctissimi
3419 5444 3601 5500 Patris

2016 5540 2302 5611 Augustini
2328 5540 2504 5594 verbis
2520 5538 2752 5602 eluceat,
2770 5538 2860 5606 qui
2883 5537 2935 5591 in
2960 5537 3098 5592 libro
3119 5537 3186 5593 de
3208 5546 3393 5592 sancta
3419 5537 3599 5597 Trini-

2020 5639 2130 5686 tate
2149 5640 2342 5685 octavo
2363 5631 2476 5701 (lib.
2495 5645 2584 5693 xv,
2601 5646 2716 5698 cap.
2735 5627 2789 5700 5)
2813 5629 2879 5683 ad
2900 5644 3021 5682 eam
3047 5628 3315 5684 veraciter
3335 5638 3597 5697 quantum

2022 5724 2343 5778 mortalibus
2373 5721 2685 5774 cnm'editur
2719 5720 3148 5790 cognoscendam
3169 5759 3183 5783 ,
3215 5733 3288 5773 .ta
3319 5717 3598 5775 lnvitando

2023 5821 2203 5882 docet.
2232 5813 2470 5868 docendo
2499 5811 2709 5884 invitat,
2741 5809 2824 5884 [ut
2851 5826 2947 5883 per
2967 5811 3252 5870 veritatem
3280 5823 3399 5882 quae
3432 5808 3604 5868 intel—
