4010 6352
511 350 648 406 “07

1471 345 1533 402 S.
1575 344 1948 404 PBUDENTII
1988 339 2369 400 TRECENSIS
2406 337 2721 395 EPISCOPI‘

3634 337 3778 391 H08

509 465 648 522 lecta
686 464 1041 534 conspicitur,
1081 473 1136 520 et
1162 479 1261 537 per
1287 465 1487 520 bonum
1515 476 1784 518 summum
1808 477 1840 515 a
1868 475 1976 530 quo
2003 459 2168 521 estA
2259 457 2300 528 1-
2327 456 2466 512 Ecce
2496 463 2575 510 tot
2602 453 2938 508 trinitatibus
2961 452 3230 522 sagaciter
3257 451 3521 516 inventis,
3557 451 3779 506 subtili-

508 573 670 613 omne
693 557 912 622 bonum,
941 565 1000 613 et
1015 572 1112 628 per
1134 555 1399 626 justitiam
1423 563 1643 626 propter
1662 568 1826 625 quam
1845 551 2090 623 diligitur

509 647 918 720 animusgustus
947 647 1016 702 ab
1041 646 1223 704 animo
1241 646 1406 701 etiam
1437 645 1676 701 nondum
1699 644 1868 715 justo,
1903 650 1965 696 ut
1992 656 2088 696 na-

510 749 636 798 tura
665 755 774 796 non
805 740 978 796 solum
1005 737 1388 810 incorporalis,
1419 753 1610 794 verum
1649 737 1810 792 etiam
1837 736 2090 790 immuta-
2119 749 2122 754 ·

509 829 655 896 bilis,
683 830 828 900 quod
851 839 934 886 est
961 830 1124 892 Deus,
1155 837 1419 899 quantum
1441 827 1558 884 ﬁeri
1584 835 1785 898 potest,
1817 823 2086 894 intellige-

511 933 684 988 retur,
714 922 968 980 admonui
998 961 1014 987 ,
1041 929 1098 978 et
1119 936 1216 990 per
1240 921 1582 983 cbaritatem,
1613 935 1732 990 qua:
1760 919 1816 974 in
1843 917 2090 988 Scriptu-

509 1014 586 1070 ris
611 1014 815 1070 sanctis
860 1013 1000 1069 Dens
1027 1013 1176 1070 dicta
1201 1024 1286 1069 est
1325 1011 1379 1082 (Ι
1408 1012 1567 1068 Joan.
1595 1027 1672 1078 iv,
1698 1011 1774 1080 8),
1807 1025 1906 1081 per
1925 1023 2108 1078 quam

508 1105 675 1174 coepit
701 1113 973 1174 utcunque
1003 1104 1170 1160 etiam
1201 1104 1440 1162 Trinitas
1467 1103 1888 1173 intelligentibus
1920 1115 2088 1172 appa-

510 1210 651 1260 rere,
687 1195 829 1249 sicut
868 1205 998 1251 sunt
1049 1211 1258 1260 amans,
1290 1193 1514 1264 etquod
1555 1205 1788 1257 amatur,
1821 1204 1875 1247 et
1911 1209 2108 1249 amor.

506 1287 565 1342 In
592 1303 754 1355 nono,
782 1289 850 1344 ad
873 1289 1162 1361 imaginem
1185 1289 1304 1353 Dei,
1329 1289 1470 1358 quod
1497 1296 1582 1344 est
1607 1289 1767 1343 homo
1794 1287 2112 1342 secundum-

509 1391 770 1447 mentem,
799 1383 1046 1452 pervenit
1075 1381 1398 1452 disputatio;
1441 1389 1496 1436 et
1524 1380 1579 1435 in
1616 1393 1678 1434 ea
1717 1381 1960 1448 quaedam
1995 1379 2090 1434 tria

507 1475 653 1530 nitas
681 1475 979 1540 invenitur,
1021 1474 1076 1530 id
1095 1481 1180 1529 est
1205 1488 1380 1538 mens,
1401 1480 1458 1528 et
1485 1471 1674 1526 notitia
1703 1486 1808 1540 qua
1830 1485 1890 1525 se
1916 1470 2088 1534 novit,

507 1573 564 1621 et
597 1578 751 1619 amor
792 1579 900 1634 quo
951 1578 1010 1620 se
1054 1563 1414 1634 notitiamque
1457 1577 1611 1618 suam
1645 1560 1847 1632 diligit;
1881 1569 1937 1614 ct
1976 1559 2092 1614 haec

514 1657 620 1712 tria
649 1655 879 1725 aequalia
904 1655 1047 1712 inter
1066 1669 1148 1720 se,
1175 1664 1230 1710 et
1257 1655 1414 1709 unius
1439 1653 1796 1710 ostenduntur
1821 1651 2088 1708 essentne.

505 1749 565 1805 In
605 1750 817 1806 decimo
847 1750 949 1806 hoc
978 1749 1120 1806 idem
1160 1749 1470 1820 diligentius
1498 1748 1859 1818 subtiliusque
1894 1755 2094 1803 tracta-

2191 559 2273 605 ter
2295 547 2674 620 pertractatis,
2707 561 2774 600 ea
2805 545 3060 601 nimirum
3095 543 3470 614 profunditate
3503 545 3781 598 inventio-

2189 656 2338 703 num,
2369 647 2430 694 ut
2480 637 2696 693 nonnisi
2731 637 3102 708 capacissimis
3135 636 3313 706 gratia
3341 635 3569 706 superni
3595 649 3788 690 mune-

2189 731 2267 786 ris
2298 727 2613 784 infundente
2647 727 2934 797 perspicua
2963 727 3090 791 sint,
3121 741 3389 795 nusquam
3417 727 3606 780 anima
3639 726 3788 784 dicta

2190 831 2334 886 sunt,
2372 835 2638 892 nusquam
2677 820 2874 875 anima:
2899 820 3134 876 essentia
3169 820 3472 891 appellatae,
3517 822 3616 875 sed
3648 822 3706 873 in
3729 836 3790 878 se

2189 921 2522 986 quaecunque
2554 913 2827 968 trinitates
2871 913 3105 967 inventae
3144 921 3271 967 sunt
3309 913 3470 966 unius
3503 915 3782 980 essentia,

2190 1005 2583 1079 qualiscunque
2609 1004 2724 1073 ipsa
2751 1003 2986 1058 essentia
3030 1002 3121 1067 sit,
3145 1003 3410 1057 exsistere
3440 1003 3787 1071 disputata

2191 1107 2351 1170 atque
2370 1104 2758 1166 pertractatum
2779 1103 2880 1150 est.
2897 1095 3032 1150 Esse
3055 1103 3235 1148 autem
3256 1108 3320 1148 ea
3349 1095 3402 1147 in
3427 1095 3647 1156 anima,
3684 1109 3792 1148 non

2189 1210 2322 1251 vero
2355 1197 2710 1252 substantiam
2744 1195 2956 1258 animae,
2987 1204 3043 1248 et
3064 1193 3178 1264 ipsa
3208 1200 3484 1252 tantorum
3518 1192 3794 1248 librorum

2191 1283 2511 1342 eilinsissima
2547 1284 2840 1354 disputatio
2877 1284 3152 1354 perdocet,
3201 1298 3303 1338 nec
3337 1283 3616 1337 ullatenus
3653 1283 3796 1336 ratio

2193 1379 2487 1434 dissuadet.
2528 1377 2646 1446 Quo
2674 1388 2854 1432 tamen
2881 1377 2934 1430 id
2969 1377 3132 1431 etiam
3159 1375 3592 1447 simplicioribus
3625 1376 3792 1445 liqui-

2193 1469 2312 1524 dius
2334 1477 2542 1538 pateat,
2565 1467 2805 1537 ejusdem
2836 1469 3172 1523 memorandi
3204 1479 3258 1522 et
3280 1469 3666 1526 memorabilis
3689 1469 3796 1523 Au-

2193 1561 2393 1631 gustini
2449 1562 2774 1616 sententiam
2829 1577 2896 1616 ex
2949 1562 3089 1616 libro
3135 1560 3376 1630 ejusdem
3429 1564 3623 1633 operis
3653 1579 3794 1633 pra:-

2194 1651 2400 1708 l‘erendi
2445 1655 2634 1722 quinto
2676 1654 2888 1708 decimo
2934 1669 3222 1724 ponamus,
3271 1671 3377 1725 qua
3427 1659 3662 1723 easdem
3700 1658 3796 1711 tri-

2195 1744 2393 1800 nitates
2445 1745 2513 1799 ab
2561 1745 2797 1802 essentia
2849 1747 3044 1802 animae
3095 1747 3364 1802 veraciter
3404 1749 3796 1819 subtiliterque

507 1850 620 1898 tum
668 1849 770 1906 est,
815 1850 978 1912 atque
1011 1842 1080 1897 ad
1123 1841 1173 1896 id
1207 1841 1550 1911 perductum,
1579 1848 1638 1894 ut
1670 1840 2005 1896 inveniretur
2031 1838 2086 1894 in
2116 1823 2164 1882 Β
2189 1837 2449 1902 secernit,
2486 1853 2605 1906 quae
2657 1839 2728 1893 ita
2774 1853 2833 1894 se
2883 1839 3042 1894 habet
3093 1840 3192 1911 (De
3227 1841 3372 1894 Trin.
3401 1839 3496 1893 lib.
3551 1856 3652 1904 xv,
3679 1857 3792 1909 top.

506 1939 690 1986 mente
717 1929 1020 1986 evidentior
1042 1931 1261 1986 trinitas
1287 1929 1436 2000 ejus,
1465 1929 1518 1986 in
1553 1929 1815 1986 memoria
1855 1929 2086 1994 scilicet,

506 2031 562 2084 et
604 2023 977 2095 intelligentia,
1025 2032 1082 2080 et
1123 2023 1422 2080 voluntate.
1470 2022 1579 2079 Sed
1604 2022 1860 2094 quoniam
1907 2031 1962 2078 et
1987 2023 2090 2079 hoc

505 2124 842 2187 compertum
867 2124 972 2182 est,
999 2117 1142 2186 quod
1168 2131 1321 2173 mens
1346 2131 1620 2186 nunquam
1648 2129 1772 2172 esse
1800 2114 1874 2170 ita
1900 2123 2092 2185 potue-

505 2207 597 2274 rit,
626 2217 685 2262 ut
712 2223 818 2263 non
849 2209 932 2264 sui
964 2207 1319 2273 meminisset,
1352 2223 1456 2262 non
1479 2223 1538 2262 se
1561 2207 1903 2279 intelligeret,
1926 2216 1983 2262 et
2010 2207 2088 2264 dio

505 2299 716 2372 liget-et,
731 2300 982 2370 quamvis
1007 2315 1112 2355 non
1140 2315 1356 2370 semper
1368 2315 1426 2356 se
1440 2301 1736 2372 cogitaret;
1760 2317 1884 2356 cum
1907 2310 2089 2356 autem

504 2404 564 2452 se
595 2391 882 2462 cogitaret,
913 2404 1020 2444 non
1051 2405 1110 2446 se
1140 2405 1167 2443 a
1196 2389 1569 2460 corporalibus
1599 2391 1760 2445 rebus
1787 2391 1974 2446 eadem
1999 2405 2092 2446 co-

504 2481 764 2553 gitatione
805 2482 1176 2538 discerneret:
1206 2483 1370 2537 dilata
1405 2491 1490 2538 est
1520 2485 1586 2538 de
1614 2482 1898 2550 Trinitate,
1937 2481 2114 2552 cujus-

506 2576 621 2632 haec
660 2575 839 2647 imago
863 2585 980 2643 est,
1010 2577 1334 2647 disputatio;
1367 2585 1430 2632 ut
1462 2577 1515 2630 in
1545 2576 1677 2647 ipsis
1709 2577 1873 2631 etiam
1899 2591 2092 2648 corpoo

403 2737 408 2742 δ
507 2664 710 2722 ralibus
741 2667 870 2722 visis
902 2667 1242 2723 inveniretur
1269 2666 1502 2733 trinitas,
1538 2674 1594 2722 et
1615 2665 1923 2721 distinctius
1948 2665 2000 2720 in
2023 2679 2090 2720 ea

505 2755 724 2812 lectoris
759 2766 1108 2823 exerceretur
1144 2757 1391 2812 intentio.
1425 2755 1484 2811 ln
1513 2755 1798 2812 undecimo
1825 2770 1954 2827 ergo
1981 2754 2090 2811 ele-

504 2853 624 2900 ctus
641 2854 727 2902 est
754 2862 946 2902 sensus
979 2846 1283 2913 oculorum,
1312 2847 1366 2902 in
1403 2862 1510 2918 quo
1541 2847 1592 2903 id
1628 2846 1768 2917 quod
1812 2846 2088 2901 inventum

504 2945 666 3002 esset,
702 2939 866 2994 etiam
892 2939 944 2992 in
979 2938 1190 2994 caeteris
1221 2946 1454 3007 quatuor
1478 2937 1727 2993 sensibus
1751 2937 1994 3008 corporis
2034 2945 2092 2992 et

506 3042 614 3082 non
643 3028 844 3084 dictum
892 3038 1074 3097 posset
1097 3030 1318 3101 agnosci
1346 3049 1358 3082 :
1393 3039 1557 3100 atque
1586 3030 1658 3084 ita
1686 3029 1972 3084 exterioris
1993 3028 2090 3084 ho-

506 3119 668 3174 minis
697 3120 910 3176 trinitas
937 3121 1112 3190 primo
1147 3121 1202 3178 in
1231 3122 1314 3177 his
1351 3138 1471 3192 quae
1495 3131 1792 3178 cernuntur
1823 3121 2089 3178 extrinse-

505 3225 620 3274 cus,
656 3225 722 3266 ex
753 3226 980 3280 corpore
1008 3213 1216 3268 scilicet
1248 3213 1390 3283 quod
1417 3212 1648 3278 videtur,
1679 3221 1734 3269 et
1768 3211 1940 3268 forma
1970 3227 2090 3282 qua
2116 3201 2161 3264 C

508 3300 632 3356 inde
661 3301 716 3356 in
745 3302 862 3358 acie
897 3305 1172 3358 cernentis
1201 3303 1560 3375 imprimitur,
1600 3313 1655 3359 et
1683 3313 1971 3375 utrumque
1995 3321 2082 3361 ρο·

507 3391 744 3460 palantis
787 3394 1084 3450 intentione
1125 3394 1438 3459 voluntatis,
1492 3398 1759 3466 apparuit.
1811 3396 1916 3453 Sed
1974 3398 2090 3453 ha:c

511 3483 615 3542 tria
647 3499 753 3540 non
785 3485 930 3541 inter
954 3477 1012 3541 Se
1036 3486 1286 3556 mqualia,
1313 3501 1413 3542 nec
1438 3488 1598 3544 unius
1623 3502 1742 3544 esse
1768 3490 2090 3544 substantiae

509 3576 839 3636 claruerunt.
873 3578 1079 3638 Deinde
1102 3580 1156 3636 in
1179 3581 1296 3650 ipso
1324 3581 1507 3636 animo
1536 3582 1604 3636 ab
1634 3581 1717 3636 his
1739 3596 1861 3651 quae
1881 3582 2092 3637 extrin-

507 3686 668 3732 secus
695 3685 854 3728 sensa
885 3681 1010 3728 sunt
1046 3672 1192 3726 velut
1215 3672 1524 3728 introducta
1555 3673 1772 3729 inventa
1810 3681 1895 3728 est
1919 3672 2090 3728 altera

507 3762 739 3828 trinitas,
773 3763 863 3820 ubi
903 3774 1225 3836 apparerent
1263 3765 1452 3821 eadem
1489 3766 1592 3821 tria
1631 3766 1790 3821 unius
1815 3779 1935 3822 esse
1963 3765 2092 3821 sub-

504 3857 718 3913 stantiae
758 3876 772 3913 :
810 3857 1124 3931 imaginatio
1167 3859 1426 3930 corporis,
1459 3875 1580 3930 quae
1614 3861 1670 3914 in
1697 3861 1958 3916 memoria
1983 3867 2090 3928 est,

506 3954 560 4002 et
584 3947 710 4002 inde
731 3947 1046 4004 informatio
1076 3965 1198 4006 cum
1228 3949 1294 4005 ad
1315 3963 1434 4004 eam
1458 3950 1688 4005 vertitur
1717 3948 1837 4022 [al.,
1865 3965 2092 4006 conver-

511 4037 662 4112 titur]
705 4039 850 4095 acies
880 4041 1190 4111 cogitantis,
1226 4049 1280 4096 et
1321 4048 1612 4112 utrumque
1641 4041 1978 4113 conjungens
2013 4041 2091 4096 in-

510 4129 680 4186 tentio
718 4130 1029 4186 voluntatis.
1065 4130 1172 4186 Sed
1212 4131 1330 4186 ideo
1370 4131 1473 4186 ista
1503 4131 1720 4190 trinitas
1760 4132 1826 4188 ad
1856 4132 2088 4188 exterio-

513 4235 628 4276 rem
649 4220 925 4276 hominem
948 4230 1159 4292 reperta
1180 4228 1265 4278 est
1285 4222 1582 4291 pertinere,
1605 4221 1733 4291 quia
1753 4221 1818 4276 de
1844 4223 2089 4292 corpori-

511 4308 613 4365 bus
637 4309 782 4364 illata
804 4319 910 4376 est,
945 4326 1064 4380 qua:
1085 4311 1392 4366 sentiuntur
1421 4311 1778 4366 extrinsecus.
1802 4310 1860 4366 In
1884 4313 2088 4368 duode-

508 4400 650 4456 cimo
677 4401 1029 4457 discernenda
1067 4402 1182 4458 visa
1211 4411 1295 4459 est
1325 4403 1589 4473 sapientia
1623 4403 1690 4458 ab
1713 4403 1937 4458 scientia
1964 4403 2090 4476 [al.,

507 4494 736 4552 scientia
772 4511 804 4549 a
830 4493 1145 4567 sapientia],
1175 4504 1231 4554 et
1270 4496 1324 4552 in
1363 4511 1428 4552 ea
1454 4510 1576 4565 quae
1605 4496 1825 4566 proprie
1860 4496 2092 4552 scientia

2189 1928 2242 1994 6,
2275 1929 2352 2000 7).
2390 1928 2574 2002 [EcCe.
2607 1930 2880 2001 inquiens,
2909 1947 3040 2003 ergo
3076 1933 3312 1998 trinitas,
3338 1933 3616 2003 sapientia
3647 1934 3796 1988 scili-

2190 2029 2300 2088 cet,
2342 2030 2399 2077 et
2429 2021 2621 2076 notitia
2673 2022 2785 2088 sui,
2818 2031 2873 2078 et
2901 2023 3119 2080 dilectio
3160 2025 3243 2080 sui
3274 2042 3288 2079 :
3325 2026 3406 2080 sic
3443 2025 3600 2080 enim
3643 2035 3702 2080 et
3743 2026 3796 2080 in

2187 2115 2406 2172 homine
2461 2117 2766 2173 invenimus
2807 2118 3122 2182 trinitatem,
3173 2118 3226 2173 id
3279 2127 3364 2174 est
3421 2127 3702 2184 mentem,
3747 2125 3798 2173 et

2189 2212 2459 2269 notitiam.
2489 2228 2595 2283 qua
2621 2227 2678 2267 se
2708 2213 2876 2278 novit,
2911 2221 2965 2266 et
3005 2212 3371 2276 dilectionem,
3422 2229 3536 2283 qua
3586 2228 3654 2267 se
3681 2211 3798 2266 dili-

2191 2307 2284 2376 git.
2321 2305 2426 2362 Sed
2471 2307 2588 2362 hacc
2625 2305 2727 2360 tria
2769 2306 2844 2360 ita
2888 2313 3013 2360 sunt
3047 2305 3101 2359 in
3147 2305 3387 2371 homine,
3436 2313 3498 2358 ut
3533 2320 3648 2359 non
3683 2306 3796 2374 ipsa

2191 2399 2298 2452 sint
2325 2398 2527 2452 homo:
2553 2398 2715 2452 homo
2741 2403 2823 2451 est
2847 2397 3010 2460 enim,
3047 2396 3187 2451 sicut
3204 2406 3419 2451 veteres
3431 2396 3795 2459 deﬁnierunt,

2191 2488 2391 2543 animal
2420 2487 2682 2542 rationale
2722 2485 2970 2541 mortale.
3015 2485 3107 2541 illa
3136 2501 3266 2556 ergo
3299 2485 3582 2540 excellunt
3611 2485 3672 2538 in
3701 2487 3798 2539 ho-

2193 2583 2359 2644 mine,
2389 2598 2498 2637 non
2544 2582 2658 2652 ipsa
2705 2588 2835 2636 sunt
2881 2581 3062 2645 homo,
3102 2589 3158 2636 et
3185 2594 3291 2634 una
3324 2591 3588 2649 persona,
3633 2577 3692 2630 io
3721 2583 3802 2629 est

2193 2677 2434 2748 singulos
2449 2678 2680 2748 quisque
2706 2677 2891 2741 homo,
2907 2677 3070 2732 habet
3090 2675 3179 2732 illa
3199 2676 3301 2730 tria
3327 2675 3380 2728 in
3401 2682 3617 2728 mente.
3642 2671 3812 2739 Quod

2194 2769 2238 2824 si
2267 2770 2430 2824 etiam
2458 2767 2781 2824 deiiniamus
2807 2767 3101 2833 hominem,
3133 2777 3192 2821 ut
3215 2766 3483 2827 dicamus,
3513 2766 3692 2819 homo
3723 2769 3800 2816 est

2193 2861 2492 2914 substantia
2537 2859 2812 2914 rationalis
2847 2869 3103 2915 constans
3129 2873 3196 2913 ex
3237 2857 3418 2913 anima
3448 2865 3508 2913 et
3538 2869 3796 2926 corpore,

2194 2965 2299 3006 non
2332 2958 2415 3005 est
2443 2951 2664 3005 dubium
2693 2950 2964 3006 hominem
3011 2951 3210 3005 habere
3255 2950 3498 3004 animam
3523 2964 3656 3018 qua
3689 2961 3798 3002 non

2191 3048 2275 3094 est
2309 3055 2523 3111 corpus,
2558 3041 2758 3095 habere
2803 3055 2998 3110 corpus
3023 3039 3166 3109 quod
3207 3055 3314 3095 non
3343 3048 3427 3094 est
3456 3038 3680 3093 anima.
3723 3037 3802 3091 Ac

2192 3147 2288 3202 per
2319 3133 2420 3187 hoc
2453 3131 2538 3186 illa
2572 3132 2674 3186 tria
2701 3147 2809 3186 non
2857 3131 3018 3186 homo
3050 3140 3198 3196 sunt,
3226 3131 3320 3186 sed
3351 3131 3597 3184 hominis
3647 3137 3796 3193 sunt,

2193 3224 2276 3280 vel
2309 3225 2361 3279 in
2392 3225 2610 3281 homine
2639 3233 2783 3280 sunt.
2830 3224 3086 3280 Detracta
3123 3223 3287 3278 etiam
3317 3237 3569 3292 corpore,
3603 3224 3658 3276 si
3687 3220 3798 3277 sola

2194 3321 2373 3376 anima
2407 3320 2694 3390 cogitetur,
2733 3317 2935 3388 aliquid
2985 3315 3101 3386 ejus
3149 3325 3237 3372 est
3293 3331 3446 3370 mens
3473 3356 3489 3380 ,
3525 3322 3800 3384 tanquam

2193 3422 2356 3482 caput
2390 3413 2522 3483 ejus,
2571 3411 2656 3466 vel
2701 3410 2892 3466 oculus
2937 3410 3021 3465 vel
3056 3409 3242 3474 facies,
3277 3408 3370 3463 sed
3413 3422 3526 3462 non
3575 3407 3706 3462 hac
3743 3411 3802 3461 ut

2194 3520 2421 3575 corpora
2453 3503 2734 3576 cogitanda
2762 3513 2907 3558 sunt.
2940 3500 3056 3558 Non
3083 3503 3250 3574 igitur
3274 3501 3476 3565 anima,
3502 3501 3606 3555 sed
3652 3500 3800 3571 quod

2192 3595 2404 3650 excellit
2455 3595 2508 3649 in
2557 3595 2777 3660 anima,
2822 3609 2973 3649 mens
3021 3603 3265 3649 vocatur.
3317 3590 3578 3663 Nunquid
3610 3601 3801 3648 autem

2193 3701 2482 3756 possumus
2513 3686 2693 3741 dicere
2734 3686 3031 3741 trinitatem
3059 3685 3138 3741 sic
3173 3700 3293 3740 esse
3331 3685 3385 3739 in
3432 3684 3549 3739 Deo
3597 3693 3668 3739 ut
3701 3683 3797 3739 ali-

2193 3777 2322 3846 quid
2351 3777 2446 3832 Dei
2470 3777 2560 3840 sit,
2575 3793 2676 3832 nec
2705 3777 2818 3846 ipse
2843 3774 2957 3848 [ul.,
2980 3774 3116 3848 ipsa]
3145 3776 3214 3831 sit
3237 3774 3414 3830 Deus?
3439 3774 3802 3846 Quapropter

2194 3871 2437 3942 singulus
2477 3872 2709 3942 quisque
2752 3870 2933 3935 homo,
2963 3871 3052 3940 qui
3101 3886 3205 3925 non
3252 3868 3556 3924 secundum
3607 3865 3802 3923 omnia

2194 3967 2314 4039 quae
2339 3967 2403 4022 ad
2428 3975 2676 4022 naturam
2704 3967 2980 4038 pertinent
3000 3964 3136 4034 ejus,
3162 3965 3255 4021 sed
3283 3963 3590 4020 secundum
3615 3964 3800 4018 solam

2194 4069 2431 4116 mentem
2481 4058 2660 4128 imago
2711 4057 2805 4113 Dei
2860 4057 3100 4124 dicitur,
3133 4071 3238 4110 una
3295 4071 3529 4126 persona
3585 4057 3814 4122 est,et'

2193 4153 2371 4222 imago
2401 4157 2486 4204 est
2511 4149 2769 4204 trinitatis
2802 4149 2855 4203 in
2887 4158 3087 4214 mente.
3133 4147 3375 4202 Trinitas
3393 4161 3530 4201 vero
3557 4145 3684 4213 illa,
3713 4157 3812 4202 cu-'

2185 4241 2278 4312 jus
2306 4243 2481 4313 imago
2521 4247 2624 4306 est,
2659 4240 2791 4295 nihil
2835 4239 2976 4294 aliud
3001 4249 3086 4294 est
3114 4247 3225 4294 tota
3262 4253 3427 4308 quam
3460 4237 3635 4304 Deos,
3663 4235 3804 4293 nihil

2197 4332 2341 4387 aliud
2366 4339 2449 4387 est
2471 4340 2579 4388 tota
2607 4347 2770 4401 quam
2795 4327 3051 4385 Trinitas.
3083 4328 3192 4384 Nec
3213 4327 3416 4400 aliquid
3437 4328 3504 4382 ad
3536 4337 3804 4383 naturam

2196 4425 2290 4480 Dei
2323 4426 2582 4496 pertinet,
2612 4425 2755 4494 quod
2802 4424 2868 4478 ad
2912 4423 3058 4478 illam
3097 4438 3202 4478 non
3252 4421 3527 4493 pertineat
3577 4421 3816 4476 trinita-'

2199 4527 2310 4573 tem
2345 4537 2358 4572 :
2397 4527 2454 4573 et
2480 4529 2590 4573 tres
2617 4532 2862 4588 personat
2887 4525 3014 4572 sunt
3034 4517 3194 4571 unius
3223 4513 3491 4581 essentia,
3519 4529 3631 4569 non
3658 4503 3820 4569 sicut

507 4595 869 4658 nuncupatur,
909 4586 1035 4656 quia
1062 4586 1284 4646 inferior
1312 4597 1415 4655 est,
1444 4588 1596 4660 prius
1621 4589 1865 4659 quaedam
1888 4589 1970 4644 sui
2001 4605 2093 4660 ge-

2204 4567 2309 4573 -----
2346 4567 2357 4572 -
2403 4567 2453 4573 -,
2483 4567 2587 4573 ---_
2617 4567 2860 4588 Pw---“
2888 4567 3012 4572 ηπ
3041 4567 3191 4571 _____-
3455 4567 3491 4581 ,,

2202 4608 2443 4680 singulus
2470 4608 2698 4679 quisque
2722 4607 2884 4662 homo
2912 4615 3018 4662 una
3043 4621 3294 4677 persona.
3326 4604 3575 4674 Itemque
3601 4605 3662 4658 in
3698 4605 3806 4659 hoc

507 4679 654 4735 neris
687 4680 904 4735 trinitas
933 4679 1254 4750 inquirenda
1295 4699 1307 4735 :
1340 4697 1464 4752 quae
1505 4683 1634 4740 licet
1678 4683 1745 4738 ad
1776 4683 2090 4740 interiorem

512 4770 788 4827 hominem
810 4769 926 4842 jam
952 4772 1243 4843 pertineat,
1289 4774 1529 4830 nondum
1563 4785 1744 4834 tamen
1786 4776 1965 4846 imago
1997 4775 2092 4832 Dei

505 4864 590 4920 vel
615 4864 930 4936 appellanda
951 4866 1043 4933 sit,
1071 4865 1155 4920 vel
1179 4868 1438 4938 putanda.
1463 4867 1530 4924 Et
1561 4869 1668 4926 hoc
1695 4869 1874 4941 agitur
1895 4869 1948 4924 in
1979 4877 2091 4924 ter-

507 4956 582 5014 tio
627 4956 838 5013 decimo
876 4972 976 5028 per
1013 4959 1537 5016 commendationem
1581 4959 1706 5015 ﬁdei
1744 4958 2089 5016 Christianae.

503 5046 562 5101 In
601 5058 796 5118 quarto
825 5050 1034 5106 decimo
1068 5059 1253 5107 autem
1278 5052 1345 5108 de
1379 5051 1639 5122 sapientia
1667 5053 1903 5109 hominis
1940 5067 2088 5119 vera,

504 5137 558 5192 id
582 5145 669 5194 est
702 5140 798 5195 Dei
825 5156 1048 5197 munere
1087 5141 1142 5196 in
1177 5142 1296 5212 ejus
1323 5143 1494 5213 ipsius
1534 5141 1632 5195 Dei
1679 5142 2091 5212 participatione

503 5227 704 5286 donato
741 5229 865 5302 [al.,
895 5233 961 5286 de
989 5248 1215 5288 munere
1240 5233 1357 5300 ejus
1383 5233 1438 5288 in
1464 5232 1632 5302 ipsius
1668 5232 1763 5288 Dei
1795 5232 2090 5303 participa-

504 5318 650 5374 tione
670 5319 916 5392 donata],
937 5338 1057 5393 quae
1083 5324 1152 5378 ab
1181 5323 1409 5404 scientia
1431 5323 1684 5380 distincta
1715 5332 1818 5388 est,
1848 5324 2090 5392 disputa-

503 5418 630 5476 tur;
669 5419 726 5466 et
765 5426 831 5467 eo
855 5415 1102 5482 pervenit
1140 5415 1452 5486 disputatio,
1479 5423 1538 5472 ut
1571 5417 1786 5472 trinitas
1827 5426 2086 5488 appareat

501 5500 558 5553 in
601 5498 836 5573 imagine
865 5502 984 5570 Dei,
1020 5506 1164 5574 quod
1187 5514 1271 5561 est
1299 5505 1463 5561 homo
1488 5507 1783 5563 secundum
1823 5515 2098 5574 mentem,

499 5603 619 5658 qute
644 5600 935 5648 renovatur
957 5593 1008 5648 in
1032 5595 1308 5666 agnitione
1343 5597 1438 5654 Dei
1465 5599 1764 5654 secundum
1795 5598 2086 5670 imaginem

499 5687 618 5755 ejus
641 5690 734 5757 qui
755 5692 961 5746 creavit
987 5693 1262 5749 hominem
1294 5697 1361 5750 ad
1389 5697 1678 5768 imaginem
1703 5713 1888 5765 suam,
1923 5708 1979 5754 et
2008 5701 2089 5756 sic

500 5787 732 5868 percipit
755 5791 1082 5856 sapientiam
1101 5795 1191 5852 ubi
1222 5797 1604 5878 contemplatio
1631 5809 1716 5856 est
1739 5811 2083 5868 aeternorum.

2127 5991 2156 6008 Δ

2200 4714 2393 4770 magna
2426 4697 2682 4754 distantia
2713 4707 2813 4762 est,
2845 4697 2989 4769 quod
3018 4699 3132 4752 sive
3155 4706 3394 4753 mentem
3423 4697 3684 4752 dicamus
3705 4696 3805 4751 ho-

2201 4792 2399 4846 minem
2427 4789 2550 4862 [ol.,
2581 4790 2634 4846 in
2665 4789 2906 4864 homine]
2930 4791 3153 4862 ejusque
3181 4789 3430 4844 notitiam
3460 4775 3514 4843 et
3547 4787 3808 4844 dilectio-

2201 4899 2348 4950 nem,
2386 4884 2499 4939 sive
2546 4885 2897 4951 memoriam,
2943 4883 3391 4955 intelligentiam,
3427 4881 3800 4948 voluntatem,

2200 4977 2336 5032 nihil
2376 4977 2577 5033 mentis
2617 4978 2961 5033 meminimus
3009 4977 3114 5032 nisi
3162 4991 3259 5047 per
3306 4967 3668 5040 memoriam,
3696 4987 3802 5028 nec

2198 5068 2545 5139 intelligimus
2570 5069 2672 5124 nisi
2697 5083 2795 5140 per
2825 5068 3260 5138 intelligentiam,
3281 5082 3381 5122 nec
3409 5082 3662 5121 amamus
3687 5062 3800 5120 nisi

2196 5180 2296 5235 per
2319 5164 2673 5219 voluntatem.
2705 5162 2775 5218 At
2795 5178 2924 5219 vero
2945 5163 2996 5218 in
3027 5161 3117 5217 illa
3148 5160 3419 5216 Trinitate
3441 5160 3566 5230 quis
3594 5159 3800 5213 audeat

2197 5254 2378 5309 dicere
2420 5253 2661 5320 Patrem,
2693 5267 2794 5308 nec
2835 5269 2895 5308 se
2926 5253 3124 5322 ipsum,
3153 5267 3252 5308 nec
3289 5250 3506 5316 Filium,
3532 5265 3636 5304 nec
3661 5241 3796 5319 Spi:

2194 5345 2358 5400 ritum
2402 5353 2650 5400 sanctum
2695 5343 2993 5416 intelligere
3021 5343 3125 5399 nisi
3151 5359 3246 5414 per
3282 5343 3501 5406 Filium,
3533 5341 3620 5395 vel
3662 5339 3795 5393 dili-

2195 5452 2323 5509 gere
2346 5437 2449 5492 nisi
2481 5453 2580 5507 per
2611 5421 2870 5507 Spiritum
2914 5444 3164 5492 sanctum
3195 5454 3208 5490 :
3237 5450 3336 5505 per
3370 5449 3429 5491 se
3459 5442 3640 5488 autem
3673 5445 3796 5486 me-

2195 5527 2420 5582 minisse
2449 5525 2824 5583 tantummodo
2873 5525 2956 5582 vel
2986 5525 3094 5593 sui,
3125 5523 3213 5581 vel
3237 5514 3384 5592 Filii,
3415 5523 3501 5579 vel
3547 5521 3790 5593 Spiritus

2195 5619 2390 5674 sancti.
2407 5617 2430 5692 ]
3421 5665 3430 5668 _

2266 5713 2307 5783 -ι-
2346 5711 2412 5766 Εῑ
2438 5719 2636 5766 caetera
2677 5726 2799 5780 qum
2843 5712 2908 5766 de
2934 5709 3587 5782 incomprehensibilitate
3616 5715 3786 5761 tanta:

2197 5802 2912 5880 majestatisgsubtilissimus
2942 5801 3246 5870 disputator
3291 5812 3347 5860 et
3396 5799 3786 5866 veracissimn
