4010 6352
279 363 422 420 1109

1093 359 1180 416 DE
1218 351 1892 416 PRIEDESTINATIONE
1931 357 2208 416 CONTRA
2249 355 2296 414 J.
2343 357 2644 418 SCOTUM.

3405 367 3546 426 Hl0

277 485 642 552 pertractator
672 475 888 548 copiose
913 473 1186 532 disseruit.
1225 476 1354 532 Item
1381 485 1504 547 post
1525 475 1692 530 multa
1727 491 1850 531 cum
1879 477 1926 538 Α
1957 485 2138 530 tuetur
2163 491 2260 546 per
2309 477 2750 547 intelligentiam,
2783 479 3126 550 amplectitur
3161 497 3260 552 per
3295 480 3543 540 dilectio-

293 569 346 626 le
373 569 600 624 scientia
623 567 718 624 Dei
743 567 1042 624 dissereret
1063 567 1250 640 (Ibid,
1277 585 1392 639 cap;
1427 567 1540 638 l5).

349 659 648 734 [Scriptum
685 669 768 716 est
795 699 812 728 ,
867 661 1044 732 inquit
1077 701 1090 728 ,
1123 661 1180 716 in
1229 660 1368 716 libro
1419 659 1806 716 Ecclesiastico
1837 677 1852 716 :

269 753 566 825 Antequam
594 761 917 820 crearentur,
937 755 1112 808 omnia
1143 763 1266 810 nota
1297 765 1416 808 sunt
1441 753 1539 820 illi,
1557 756 1632 808 sic
1645 763 1692 810 et
1721 763 1856 826 post-

265 861 428 916 quam
454 857 816 900 consummata
839 857 956 902 sunt
983 831 1172 919 (Eccli.
1197 863 1354 914 xxtn,
1387 845 1498 920 29).
1525 845 1633 912 Sic,
1660 847 1860 918 inquit,

265 955 379 994 non
407 937 584 1004 aliter,
609 947 664 994 et
689 949 968 1012 antequam
993 949 1316 1006 crearentur,
1341 949 1388 994 et
1419 952 1692 1012 postquam
1723 957 1853 994 con-

261 1043 530 1084 summota
551 1041 694 1096 sunt,
721 1031 796 1086 sic
823 1031 872 1086 ei
899 1041 1022 1086 nota
1047 1039 1188 1086 sunt.
1219 1031 1404 1102 Longe
1427 1041 1510 1088 est
1529 1031 1695 1104 igitur
1725 1030 1853 1087 huic

260 1123 510 1178 scientiae
533 1123 758 1180 scientia
778 1117 962 1180 ucstra
989 1125 1288 1180 dissimilis.
1317 1123 1448 1192 Quae
1469 1137 1648 1180 autem
1680 1125 1854 1180 scien-

263 1215 342 1271 tia
374 1217 470 1272 Dei
497 1227 602 1286 est,
635 1219 750 1288 ipsa
781 1225 837 1274 et
865 1219 1156 1291 sapientia;
1185 1227 1240 1276 et
1267 1235 1387 1292 qua:
1426 1219 1708 1290 sapientia,
1735 1219 1852 1290 ipsa

257 1310 502 1364 essentia
533 1309 646 1366 sive
673 1311 995 1366 substantia.
1043 1311 1178 1378 Quia
1203 1311 1256 1366 in
1301 1309 1446 1366 illius
1489 1317 1698 1365 natura}
1721 1311 1862 1365 sim-‘

259 1397 508 1468 plicitate
553 1399 786 1456 mirabili
819 1417 926 1458 non
971 1409 1056 1456 est
1081 1401 1228 1456 aliud
1275 1417 1486 1472 sapere,
1516 1399 1658 1456 aliud
1693 1413 1848 1466 esse;

255 1491 362 1546 sed
396 1491 538 1561 quod
575 1500 658 1548 est
683 1507 894 1564 sapere,
929 1494 1034 1550 hoc
1068 1503 1152 1550 est
1175 1503 1230 1550 et
1253 1509 1396 1560 esse,
1426 1494 1566 1550 sicut
1593 1501 1646 1548 et
1673 1495 1728 1548 in
1755 1507 1850 1548 su-

257 1583 574 1654 perioribus
617 1583 774 1640 libris
821 1599 962 1656 saepe
1007 1586 1118 1658 jam
1169 1586 1422 1642 diximus.
1481 1583 1677 1641 Nostra
1719 1597 1850 1640 vero

257 1673 490 1728 scientia
519 1675 572 1729 in
625 1677 786 1732 rebus
827 1677 1072 1746 plurimis
1115 1689 1398 1748 propterea
1429 1685 1484 1732 et
1534 1675 1850 1734 amissibilis

255 1777 348 1825 est
375 1779 429 1826 et
465 1773 816 1844 receptibilis,
845 1773 972 1844 quia
1003 1789 1107 1828 non
1134 1774 1236 1828 hoc
1265 1779 1346 1828 est
1371 1773 1528 1828 nobis
1557 1787 1678 1828 esse
1704 1771 1848 1842 quod

257 1863 407 1920 scire
439 1863 522 1920 vel
553 1879 746 1936 sapere
781 1885 792 1920 :
829 1867 1086 1938 quoniam
1130 1881 1248 1922 esse
1291 1881 1598 1936 possumus,
1629 1863 1846 1920 etiamsi

257 1957 588 2024 nesciamus,
619 1975 794 2030 neque
823 1959 1096 2030 sapiamus
1123 1975 1186 2014 ea
1233 1975 1352 2030 quae
1394 1959 1610 2012 aliunde
1651 1957 1846 2012 didici-

255 2064 406 2104 mus.
447 2049 676 2120 Propter
703 2051 826 2114 hoc,
855 2051 996 2106 sicut
1031 2059 1216 2107 nostra
1243 2051 1471 2107 scientia
1497 2051 1571 2106 illi
1605 2039 1866 2138 scientiae-

137 2165 156 2172 —
255 2137 378 2206 Dei,
404 2141 481 2196 sic
505 2149 560 2197 et
587 2149 832 2197 nostrum
863 2144 1087 2198 verbum
1111 2143 1254 2214 quod
1283 2143 1530 2200 nascitur
1570 2137 1638 2197 de
1661 2149 1848 2198 nostra

256 2237 512 2302 scientia,
555 2237 816 2296 dissimile
839 2247 923 2294 est
947 2239 1020 2294 illi
1051 2237 1228 2295 Verbo
1251 2239 1344 2295 Dei
1377 2237 1520 2310 quod
1551 2245 1736 2292 natum
1763 2245 1850 2292 est

257 2327 330 2384 de
357 2327 533 2384 Patris
575 2331 832 2386 essentia.
859 2327 990 2385 Tale
1019 2338 1104 2386 est
1129 2341 1308 2386 autem
1341 2345 1404 2386 ac
1427 2331 1472 2386 si
1511 2329 1750 2386 dicerem
1781 2329 1848 2386 de

255 2417 442 2476 Patris
484 2421 732 2488 scientia,
761 2423 828 2478 de
880 2421 1056 2478 Patris
1105 2421 1404 2494 sapientia;
1437 2421 1542 2488 vel,
1573 2421 1716 2492 quod
1765 2427 1854 2490 est

255 2513 588 2584 expressius,
621 2517 686 2570 de
733 2513 894 2570 Patre
934 2513 1182 2578 scientia,
1207 2513 1274 2568 de
1315 2511 1478 2566 Patre
1519 2509 1844 2584 sapientia.]

335 2607 374 2677 ἰ-
406 2607 538 2662 Item
563 2607 616 2662 in
645 2607 832 2662 eodem
859 2605 996 2680 (cap.
1025 2605 1118 2678 20)
1150 2623 1162 2660 :
1198 2603 1486 2680 [Quocirca
1515 2603 1736 2660 ridenda
1763 2595 1856 2660 est

257 2693 542 2754 dialectica
571 2697 841 2762 Eunomii,
871 2713 900 2752 a
927 2713 1036 2768 quo
1065 2693 1646 2780 Eunomianihterclici
1667 2692 1852 2748 exorti

256 2803 407 2860 sunt,
435 2791 526 2864 qui
559 2807 682 2849 cum
711 2807 818 2848 non
841 2791 1104 2864 potuisset
1135 2789 1459 2862 intelligere,
1485 2803 1587 2844 nec
1617 2786 1846 2842 credere

253 2883 542 2952 voluisset,
571 2883 912 2956 unigenitum
953 2883 1048 2938 Dei
1085 2883 1344 2948 Verbum,
1375 2897 1476 2952 per
1513 2879 1654 2951 quod
1699 2877 1846 2933 facta

257 2985 390 3032 sunt
416 2977 622 3046 omnia,
644 2975 838 3032 Filium
861 2975 956 3032 Dei
987 2991 1106 3032 esse
1133 2983 1346 3040 natura,
1371 2973 1476 3028 hoc
1503 2979 1608 3036 est,
1625 2971 1692 3026 de
1717 2967 1846 3026 sub-

255 3069 458 3124 stantia
505 3067 704 3136 Patris,
727 3069 986 3140 genitum,
1011 3083 1120 3124 non
1157 3075 1362 3122 naturae
1405 3063 1488 3120 vel
1525 3063 1844 3120 substantite

255 3175 371 3216 sua:
405 3159 518 3218 sive
539 3159 787 3216 essentia:
809 3145 946 3215 dixit
971 3174 1090 3216 esse
1121 3159 1314 3222 lilium,
1343 3157 1436 3212 sed
1461 3155 1630 3210 ﬁlium
1657 3155 1844 3211 volun-

257 3255 390 3311 tatis
441 3245 558 3324 Dei,
585 3255 918 3312 accidentcm
952 3255 1161 3312 scilicet
1211 3253 1324 3309 Deo
1369 3241 1556 3307 volens
1597 3263 1842 3306 asserere

255 3347 590 3422 voluntatem
611 3363 716 3418 qua
749 3349 994 3420 gigneret
1019 3345 1216 3400 Filium
1251 3363 1264 3400 :
1299 3343 1548 3400 videlicet
1570 3343 1692 3398 ideo
1715 3339 1842 3412 quia

257 3454 362 3496 nos
397 3439 600 3510 aliquid
631 3439 922 3512 aliquando
951 3437 1220 3504 volumus,
1250 3435 1396 3508 quod
1427 3443 1584 3490 antea
1613 3449 1718 3490 non
1745 3448 1842 3490 vo-

255 3531 538 3598 lebamus;
583 3531 736 3604 quasi
785 3547 892 3588 non
919 3537 1140 3602 propter
1163 3527 1266 3584 ista
1315 3525 1592 3582 mutabilis
1641 3521 1842 3579 intelli-

255 3631 418 3696 gatur
453 3633 640 3680 nostra
661 3631 880 3690 natura,
907 3621 1050 3694 quod
1072 3619 1216 3676 absit
1261 3627 1321 3674 ut
1343 3617 1398 3672 in
1429 3617 1542 3672 Deo
1571 3631 1692 3672 esse
1721 3629 1842 3671 cre-

253 3715 472 3772 damus.
505 3715 690 3786 Neque
718 3715 862 3770 enim
901 3715 972 3772 ob
1009 3713 1152 3768 aliud
1189 3711 1448 3784 scriptum
1491 3719 1576 3764 est
1610 3727 1624 3762 :
1657 3705 1842 3762 Multi:

253 3809 596 3880 cogitationes
627 3809 682 3864 in
712 3791 867 3862 corde
909 3807 1042 3876 viri,
1073 3804 1350 3860 consilium
1402 3813 1576 3858 autem
1629 3799 1842 3856 Domini

251 3881 762 3958 manetinwternum
783 3891 966 3974 (Prov.
993 3917 1106 3968 xix,
1121 3901 1236 3972 2i).
1263 3897 1378 3954 Nisi
1397 3909 1456 3954 ut
1479 3885 1842 3967 intelligamus

249 3985 374 4048 sive
387 3991 691 4060 credamus,
712 3993 1124 4048 sicutzeternum
1149 3989 1422 4054 Deum,ita
1443 3995 1704 4044 aeternum
1721 4001 1842 4042 esse

249 4083 544 4162 consilium
567 4081 703 4154 ejus,
723 4101 784 4140 ac
809 4100 906 4156 per
925 4085 1028 4152 hoc
1051 4080 1406 4146 immutabile,
1425 4079 1566 4134 sicut
1589 4077 1706 4150 ipse
1733 4087 1838 4162 est.

250 4159 414 4244 Quod
443 4186 620 4232 autem
652 4177 718 4231 de
745 4173 1178 4248 cogitationibus,
1209 4173 1314 4228 hoc
1340 4169 1506 4226 etiam
1535 4167 1602 4224 de
1643 4159 1838 4224 volun-

251 4251 464 4323 tatibus
497 4265 780 4324 verissime
829 4265 930 4323 dici
973 4273 1170 4336 potest.
1221 4261 1400 4318 Multae
1425 4261 1736 4317 voluntates
1785 4259 1838 4314 in

253 4359 425 4416 corde
456 4359 584 4428 viri,
606 4359 856 4416 voluntas
889 4367 1068 4414 autem
1117 4355 1334 4413 Domini
1373 4362 1560 4411 manet
1597 4355 1653 4410 in
1679 4351 1842 4408 teter-'-

249 4467 410 4512 num.
435 4449 458 4526 ]

1869 3203 1916 3266 C

1963 583 2110 636 nem,
2139 565 2382 640 profecto
2407 573 2610 642 reperit
2637 571 2782 628 illius
2811 587 3035 628 summae
3075 573 3366 632 Trinitatis
3401 577 3537 632 ima-

1957 661 2158 734 ginem.
2185 661 2266 740 Ad
2297 679 2462 732 quam
2509 679 2776 720 summam
2817 665 3142 722 Trinitatem
3189 655 3542 726 reminiscené

1959 753 2120 818 dam,
2169 747 2492 820 videndam,
2539 753 2887 827 diligendam,
2921 765 2980 811 ut
3025 771 3146 812 eam
3197 759 3516 814 recordetur

1957 857 2076 900 eam
2125 847 2544 918 contempletur,
2575 861 2638 902 ea
2672 849 2987 918 delectetur,
3021 861 3194 908 totum
3244 855 3404 910 debet
3451 871 3534 910 re-

1957 933 2100 992 ferre
2119 937 2260 1006 quod
2283 925 2434 992 vivit.
2469 935 2668 994 Verum
2691 954 2758 994 ne
2784 940 2924 996 hanc
2947 941 3234 1014 imaginem
3261 945 3328 1000 ab
3351 945 3542 1000 eadem

1959 1029 2224 1086 Trinitate
2265 1029 2460 1086 factam
2483 1071 2500 1098 ,
2529 1041 2586 1087 et
2619 1049 2716 1090 suo
2745 1033 2876 1090 vitio
2919 1034 2975 1090 in
3005 1035 3246 1092 deterius
3289 1053 3539 1094 commu-

1957 1128 2150 1188 tatam,
2173 1124 2248 1178 ita
2277 1123 2452 1180 eidem
2493 1135 2772 1196 comparet
2815 1126 3092 1192 Trinitati,
3125 1133 3184 1182 ut
3229 1127 3542 1184 omnimodo

1955 1217 2230 1274 existimet
2259 1217 2528 1283 similem;
2575 1219 2670 1276 sed
2716 1220 2900 1290 potius
2928 1221 2982 1276 in
3027 1221 3392 1293 qualicunque
3437 1223 3544 1278 ista-

1955 1309 2308 1366 similitudine
2331 1325 2582 1382 magnam
2633 1327 2846 1382 quoque
2867 1312 3362 1368 dissimilitudinem
3407 1329 3534 1370 cer-

1955 1409 2068 1468 nat,
2097 1411 2360 1472 quantum
2391 1403 2524 1456 satis
2553 1417 2676 1458 esse
2721 1403 3022 1468 videbatur,
3053 1403 3356 1476 admonui.)
3405 1405 3446 1474 ’ί-
3469 1403 3542 1460 Et

1953 1495 2124 1552 multa
2153 1495 2280 1560 alia,
2313 1495 2508 1564 quibus
2531 1495 2720 1552 doctor
2759 1496 3146 1552 subtilissimus
3173 1497 3364 1552 eadem
3415 1512 3540 1566 pru-

1954 1589 2146 1644 denter
2169 1587 2504 1658 exsequitur,
2535 1603 2654 1658 quae
2677 1589 2745 1644 ob
2767 1590 2850 1646 sui
2883 1587 3268 1660 longitudinem
3295 1589 3538 1645 inserere

1953 1679 2082 1734 huic
2105 1679 2258 1750 operi
2283 1680 2608 1736 devitamus.

2001 1769 2186 1840 ‘Qnid,
2203 1787 2236 1828 ο
2263 1773 2566 1840 dialectice,
2593 1773 3144 1840 facis?,Calumniaris
3165 1777 3540 1834 beatissimum

1877 1839 1925 1900 Β
1951 1839 2318 1934 Augustinum
2347 1865 2550 1920 dixisse
2593 1866 2794 1936 saepius
2819 1867 2962 1936 quod
2995 1883 3292 1938 nunquam,
3321 1869 3464 1924 sicut
3505 1883 3540 1924 a

1954 1963 2006 2010 te
2055 1953 2314 2022 tingitur,
2345 1955 2546 2010 dixisse
2595 1957 2904 2026 reperitur:
2949 1957 3026 2012 Tu
3075 1959 3204 2014 dicis
3257 1961 3538 2014 essentiam

1951 2047 2142 2101 anima:
2161 2046 2478 2102 voluntatem
2499 2055 2650 2118 atque
2669 2049 2940 2102 scientiam
2959 2050 3182 2116 ;beatus
3199 2051 3538 2122 Augustinus

1949 2137 2082 2192 dicit
2107 2135 2438 2192 voluntatem
2477 2139 2948 2208 atquescientiam
2973 2155 3080 2196 non
3103 2156 3224 2196 esse
3273 2141 3418 2196 illius
3447 2157 3530 2198 csa

1951 2227 2202 2284 sentiam.
2227 2227 2476 2284 Creando
2501 2229 2700 2300 quippe
2727 2229 2868 2286 Deus
2889 2231 3260 2288 universitatis
3283 2233 3532 2290 conditor

1951 2321 2146 2375 anima:
2179 2321 2429 2376 rationali
2459 2321 2686 2378 contulit
2707 2331 2768 2378 ut
2801 2325 3158 2392 meminisset,
3187 2325 3534 2398 intelligeret,

1951 2411 2130 2478 vellet,
2162 2412 2352 2478 sciret,
2379 2421 2617 2484 saperet,
2645 2413 2908 2486 diligeret,
2941 2425 3148 2486 posset,
3177 2417 3532 2482 discerneret,

1949 2511 2006 2558 et
2033 2503 2136 2557 alia
2167 2503 2466 2574 complura,
2493 2520 2828 2578 quaecunque
2859 2507 3187 2578 sempiterna
3217 2507 3358 2564 illius
3382 2509 3538 2564 honia

1951 2607 2033 2652 tas
2063 2595 2112 2651 ci
2141 2595 2466 2652 conferenda
2485 2595 2770 2666 judicavit.
2805 2600 2882 2654 Ac
2903 2613 2999 2668 per
3027 2599 3130 2656 hoc
3159 2599 3293 2656 falsa
3317 2599 3536 2656 indubi-

1953 2675 2130 2744 tanter
2177 2689 2522 2744 convincitur
2553 2691 2782 2746 assertio
2822 2699 2936 2758 tua,
2965 2706 3068 2760 qua
3116 2689 3420 2762 Pelagianis
3449 2689 3536 2746 fa-

1949 2793 2104 2844 vens,
2131 2779 2554 2850 eorumdemque
2581 2795 2796 2836 errores
2821 2779 3182 2850 pervicaciter
3211 2779 3530 2848 conferens,

1951 2879 2160 2926 tantum
2215 2861 2476 2926 voluntati
2525 2873 2774 2928 humanae
2823 2873 3060 2930 tribuere
3111 2875 3530 2946 praesumpsisti,

1949 2973 2212 3034 quantum
2239 2981 2340 3020 nec
2365 2965 2464 3036 ipsi
2499 2963 2796 3038 Pelagiani,
2825 2983 2926 3024 nec
2959 2967 3098 3024 alius
3141 2969 3408 3040 quispiam
3437 2969 3530 3024 tri-

1951 3055 2130 3110 huisse
2157 3057 2448 3128 reperitur.
2493 3055 2740 3112 llaeccine
2763 3067 2846 3114 est
2875 3059 3050 3114 oratio
3083 3067 3196 3126 tua,
3224 3075 3328 3130 qua
3377 3060 3532 3116 initio

1949 3143 2106 3216 hujus
2137 3149 2416 3220 peric0pes
2453 3149 2590 3222 (cap.
2625 3149 2675 3214 8,
2705 3169 2758 3204 η.
2809 3152 2864 3218 7,
2893 3160 3020 3206 sect.
3065 3153 3116 3222 l)
3177 3151 3272 3208 Dei
3323 3153 3536 3210 miseri-

1947 3239 2190 3294 cordiam
2241 3239 2458 3322 dixeras
2505 3241 2906 3312 postulandam,
2937 3253 2996 3298 ut
3045 3253 3098 3300 te
3147 3243 3202 3298 in
3249 3253 3528 3300 tantorum

1947 3347 2194 3388 errorum
2247 3331 2616 3406 labyrinthum
2643 3335 2968 3394 induceres?
3013 3335 3278 3394 Nimirum
3309 3339 3532 3410 impleta

1943 3431 2029 3506 est
2065 3423 2359 3495 apostolica
2389 3429 2730 3496 protestatio,
2759 3445 2880 3500 quae
2905 3427 3038 3486 dicit
3071 3449 3084 3484 :
3113 3428 3322 3496 Petitis,
3343 3441 3392 3486 et
3422 3447 3528 3486 non

1943 3515 2220 3587 accipitis,
2255 3535 2314 3574 eo
2349 3519 2488 3590 quod
2534 3519 2670 3576 male
2717 3521 2890 3591 petitis
2933 3519 3076 3594 (Jac.
3123 3521 3322 3594 1v,'5).
3373 3521 3536 3578 Vide-

1869 3609 1872 3612 ’
1943 3613 2030 3660 rat
2077 3607 2223 3662 enim
2264 3609 2790 3680 omnipotentissimo
2853 3627 2952 3668 suo
3005 3611 3202 3668 intuitu
3248 3611 3532 3680 Dominus,

1871 3699 1874 3702 ’
1945 3699 2112 3754 sciens
2133 3701 2472 3772 cogitationes
2492 3701 2762 3756 hominum
2780 3703 3028 3772 quoniam
3053 3719 3199 3756 vanae
3213 3711 3332 3756 sunt
3351 3700 3528 3774 (Psal.

1849 3779 1872 3800 ”
1943 3805 2108 3857 xcut,
2155 3789 2276 3862 ll),
2325 3791 2678 3848 intentionem
2725 3793 2894 3846 animi
2945 3791 3022 3846 tui
3069 3791 3298 3846 vanitati
3347 3791 3540 3848 deser-t

1943 3881 2266 3952 vire‘potius
2316 3897 2478 3954 quam
2508 3883 2758 3949 veritati;
2792 3881 2995 3938 idcirco
3037 3883 3234 3938 avertit
3283 3883 3530 3942 auditum

1945 3973 2244 4030 clementiae
2269 3991 2300 4030 a
2339 3989 2498 4046 prece
2525 3975 2830 4044 dementire,
2860 3975 3118 4047 quoniam
3145 3977 3426 4034 voluntate
3471 3985 3532 4034 et

1944 4063 2172 4126 veritate
2201 4059 2416 4127 deserta
2459 4071 2513 4126 in
2541 4073 2656 4128 haec
2693 4081 2801 4128 tam
2831 4071 2992 4144 impia
3023 4073 3204 4144 lapsus
3251 4087 3330 4128 es.
3356 4085 3382 4113 α
3410 4073 3544 4150 Au-_

1947 4161 2193 4232 gustinus
2217 4159 2628 4220 Confessionum
2671 4163 2762 4220 lib.
2787 4181 2886 4220 xm
2911 4165 3048 4236 (cap.
3071 4163 3166 4236 ‘20)
3199 4181 3212 4218 :
3249 4161 3377 4236 [Aut
3403 4159 3536 4233 quid

1947 4245 2000 4310 te
2027 4257 2325 4324 promeruit
2354 4255 2628 4314 inchoatio
2665 4267 2928 4314 creaturae
2957 4257 3236 4330 spiritalis,
3257 4265 3318 4312 ut
3338 4255 3532 4312 saltem

1949 4348 2231 4404 tenebrosa
2263 4347 2496 4405 ﬂuitaret
2521 4349 2712 4406 similis
2748 4349 2946 4424 abysso
2991 4350 3068 4406 tui
3095 4349 3392 4416 dissimilis,
3425 4345 3534 4404 nisi

1947 4457 2046 4522 per
2075 4441 2216 4498 idem
2243 4441 2478 4500 Verbum
2501 4453 2912 4502 converteretur
2935 4445 3002 4502 ad
3031 4445 3174 4502 idem
3197 4461 3226 4500 a
3251 4459 3358 4514 quo
3383 4443 3530 4498 facta

333 4545 372 4616 -ι-
407 4511 474 4600 Et
493 4551 616 4616 post
633 4558 802 4615 pauca
819 4543 868 4617 (Ι
877 4543 1008 4616 bid.)
1043 4561 1056 4596 :
1093 4541 1193 4614 [De
1213 4549 1463 4598 creatura
1489 4539 1654 4596 etiam
1679 4511 1924 4630 quani!”
1949 4511 2049 4606 est,
2089 4527 2250 4612 atque
2271 4529 2340 4596 ab
2367 4555 2432 4596 eo
2463 4539 2762 4598 illuminata
2787 4541 2880 4596 lux
2923 4539 3100 4624 fieret,
3124 4511 3403 4630 quamvis;
3417 4551 3530 4630 non

255 4631 392 4696 fecit
413 4637 578 4706 Deus,
605 4647 866 4710 quantum
891 4637 1182 4702 valuimus,
1217 4633 1600 4692 admonuimus
1627 4646 1722 4688 eos
1749 4629 1844 4702 qui

255 4736 524 4794 rationem
547 4736 614 4792 de
637 4735 801 4792 rebus
826 4733 1020 4790 talibus
1043 4741 1294 4802 poscunt,
1311 4739 1372 4786 ut
1393 4727 1682 4786 invisibilia
1705 4727 1842 4796 ejus,

253 4811 359 4902 per
379 4845 442 4884 ea
467 4843 585 4900 quae
615 4827 758 4906 facta
787 4835 934 4896 sunt,
964 4827 1106 4884 sicut
1137 4833 1380 4898 possent,
1401 4823 1676 4878 intellecta
1695 4837 1842 4902 con-

257 4919 552 4992 spicerent,
575 4929 630 4976 et
653 4919 886 4974 maxime
915 4933 1014 4990 per
1039 4915 1360 4974 rationalem
1385 4913 1470 4970 vel
1495 4911 1852 4992 intellectua-_

257 5014 372 5070 lem
391 5021 720 5078 creaturam,
744 5027 866 5082 quae
883 5011 1024 5066 facta
1055 5017 1138 5068 est
1175 5009 1242 5066 ad
1277 5007 1570 5080 imaginem
1603 5005 1720 5072 Dei,
1743 5017 1842 5090 per

261 5105 410 5176 quod
439 5105 586 5160 velut
627 5103 924 5176 speculum,
961 5111 1218 5174 quantum
1247 5107 1490 5174 possent,
1515 5098 1560 5154 si
1599 5103 1842 5168 possent,

259 5193 880 5252 cernereutTrinitatem
897 5195 1064 5250 Deum
1081 5195 1134 5250 in
1149 5201 1336 5250 nostra
1352 5191 1638 5256 memoria,
1655 5187 1846 5244 intelli-

263 5291 468 5363 gentia,
495 5291 792 5348 voluntate.
831 5287 962 5358 Quae
981 5289 1080 5344 tria
1113 5288 1166 5342 in
1187 5303 1282 5344 sua
1309 5293 1488 5342 mente
1515 5282 1848 5340 naturaliter

263 5383 527 5438 divinitus
569 5381 816 5438 instituta
875 5379 1122 5452 quisquis
1165 5380 1428 5436 vivaciter
1467 5377 1746 5450 perspicit,
1791 5385 1850 5434 et

263 5489 430 5546 quam
467 5489 718 5546 magnum
749 5473 820 5528 sit
853 5473 908 5528 in
936 5488 1022 5539 ea,
1053 5471 1194 5528 unde
1237 5477 1418 5542 potest
1449 5471 1614 5526 etiam
1643 5469 1846 5540 sempi-

265 5545 424 5620 térna
473 5545 928 5636 immutabilisque
961 5571 1152 5618 natura
1202 5561 1388 5629 recoli,
1425 5563 1698 5634 conspici,
1731 5577 1846 5617 am-

267 5657 454 5730 plecti,
495 5657 826 5730 concupisci,
859 5655 1226 5714 reminiscitur
1261 5669 1362 5728 per
1389 5655 1728 5724 memoriam,
1754 5655 1845 5712 in-

343 5825 372 5858 ι
408 5813 704 5875 Additioin
729 5815 875 5876 calce
901 5817 1134 5892 paginae:
1165 5903 1202 5918 ν,
1259 5907 1268 5912 _
1309 5903 1340 5914 ,,
1473 5895 1484 5912 ._
1641 5903 1662 5914 .,

1945 4631 2246 4704 aequaliter,
2267 4641 2446 4690 tamen
2468 4631 2762 4688 conformis
2783 4631 2972 4690 forma:
2999 4631 3190 4703 aequali
3229 4630 3342 4686 tibi.
3371 4627 3528 4684 Sicut

1945 4724 2092 4780 enim
2120 4723 2332 4794 corpori
2367 4739 2472 4778 non
2505 4725 2608 4780 hoc
2635 4731 2860 4782 estesse
2891 4707 3032 4794 quod
3067 4705 3352 4794 pulchrum
3383 4731 3528 4784 esse,

1946 4815 2182 4888 alioquin
2211 4817 2452 4874 deforme
2491 4833 2610 4874 esse
2639 4835 2745 4874 non
2787 4825 2972 4890 posset
3001 4835 3016 4872 :
3051 4817 3124 4872 ita
3149 4814 3312 4868 etiam
3341 4819 3526 4868 creato

1945 4907 2162 4978 spiritui
2212 4922 2320 4962 non
2347 4907 2401 4962 id
2429 4915 2512 4962 est
2559 4905 2762 4976 vivere,
2799 4907 2942 4980 quod
2989 4907 3260 4978 sapienter
3304 4903 3524 4968 vivere;

1949 4997 2186 5072 alioquin
2236 4998 2750 5056 incommutabiliter
2797 5008 3028 5069 saperet.
3083 4995 3292 5050 Bonum
3341 5001 3526 5048 autem

1951 5089 2024 5160 illi
2054 5097 2138 5146 est
2163 5089 2369 5148 haerere
2397 5091 2492 5148 tibi
2513 5107 2752 5162 semper,
2781 5105 2848 5146 ne
2877 5089 3018 5160 quod
3048 5087 3274 5156 adeptus
3294 5093 3378 5140 est
3397 5097 3530 5138 con-

1949 5184 2228 5252 versione,
2261 5184 2540 5242 aversione
2565 5183 2748 5240 lumen
2797 5181 3032 5244 amittat,
3059 5189 3114 5234 et
3161 5176 3434 5233 relabatur
3473 5175 3534 5230 in

1949 5269 2116 5336 vitam
2149 5279 2448 5336 tenebrosae
2467 5279 2648 5351 abyssi
2669 5273 2948 5348 similem.]
2973 5275 3012 5346 -ι-
3039 5271 3278 5330 lsidorus
3309 5271 3362 5326 in
3393 5270 3536 5324 libro

1951 5371 2410 5446 Etymologiarum
2459 5373 2632 5446 (Orig.
2683 5371 2774 5426 lib.
2813 5385 2910 5434 vn,
2955 5387 3072 5442 cap.
3113 5369 3188 5440 l).
3223 5365 3534 5448 [Dicuntur

1955 5449 2136 5520 autem
2159 5473 2216 5522 et
2245 5465 2346 5522 alia
2375 5465 2592 5522 nomina
2623 5463 2870 5534 quaedam
2913 5463 2966 5520 in
3001 5463 3170 5518 Deum
3197 5457 3532 5516 substantia-

1953 5559 2118 5616 liter:
2155 5561 2380 5632 simplex
2409 5567 2588 5614 autem
2631 5559 2832 5614 dicitur
2867 5559 2980 5614 sive
3007 5573 3114 5614 non
3141 5553 3440 5612 amittendo
3477 5550 3532 5608 id

1951 5653 2096 5724 quod
2119 5653 2302 5720 habet,
2317 5667 2412 5710 seu
2437 5651 2564 5726 quia
2591 5667 2698 5710 non
2726 5649 2872 5708 aliud
2893 5657 2977 5708 est
3005 5649 3122 5724 ipse
3147 5657 3202 5705 et
3221 5645 3366 5704 aliud
3389 5641 3534 5716 quod
