4010 6352
501 375 634 433 1111

1495 375 1552 429 S.
1595 369 1961 428 PRUDENTII
2004 362 2385 422 ’l‘RECENSlS
2429 358 2736 420 EPISCOPl

3639 357 3781 412 1111

499 495 552 547 in
587 493 700 562 ipso
725 498 828 555 est,
858 490 998 546 sicut
1019 489 1072 544 in
1107 486 1343 554 homine,
1394 487 1556 556 culus.
1579 495 1663 542 est
1689 483 1834 540 aliud
1858 498 1996 549 esse,
2022 487 2076 538 et
2101 478 2157 540 Δ
2179 479 2273 534 sed
2308 477 2638 534 necessitate
2670 469 3098 546 imperfectionis
3135 472 3321 546 lapsus
3354 487 3486 530 esse
3516 473 3783 532 dicendus

495 581 641 638 aliud
671 597 880 658 sapere.
903 579 924 653 ]

567 675 608 744 -ι-
646 671 936 729 Videamus
965 672 1123 727 aliam
1154 671 1442 727 falsitatem
1472 680 1619 726 tuam
1643 669 1876 742 qualiter
1902 685 2072 724 mem-

495 765 594 820 bra
623 767 866 820 carnium
888 765 1182 819 Behemoth
1214 764 1313 819 sibi
1342 766 1669 829 cohaereant,
1697 771 1752 819 et
1773 775 2072 834 squammae

495 857 665 912 altera
693 857 844 912 alteri
885 855 1276 926 conjungatur;
1317 856 1453 911 dicis
1478 855 1626 911 enim
1662 869 1677 909 :

1043 985 1268 1026 ιοΔΝΝεε
1301 986 1516 1027 SCOTUS,

567 1081 716 1153 (Cap.
744 1080 867 1146 8,n.
900 1081 950 1143 8,
984 1088 1119 1135 sect.
1150 1079 1228 1150 5.)
1257 1088 1298 1136 8
1322 1078 1688 1150 Ideoprimum
1712 1075 1938 1132 animale
1956 1092 2072 1130 cor-

490 1191 588 1242 pus
609 1173 834 1227 hominis
863 1181 984 1226 ante
1021 1181 1312 1242 peccatum,
1339 1171 1463 1242 quia
1501 1172 1675 1225 adhuc
1721 1169 1898 1224 deerat
1930 1168 2070 1238 quod

492 1267 539 1320 ei
566 1263 1032 1335 propterprwcepti
1060 1263 1350 1316 custodiam
1374 1262 1550 1332 fuerat
1572 1260 1893 1323 addendum,
1918 1261 1971 1313 id
1993 1268 2068 1312 est

490 1355 746 1427 spiritale.
779 1356 852 1410 Ac
875 1371 966 1425 per
985 1354 1080 1409 hoc
1117 1371 1180 1409 ea:
1205 1370 1265 1409 eo
1293 1353 1432 1424 quod
1465 1351 1667 1423 aliquid
1697 1369 1729 1405 a
1756 1351 2071 1422 perfectione

490 1460 693 1502 natura:
720 1448 1032 1516 defuit,erat
1047 1446 1296 1510 animale,
1311 1461 1374 1499 ex
1395 1461 1453 1499 eo
1469 1444 1608 1516 quod
1631 1442 1760 1497 nihil
1781 1443 1826 1496 ei
1849 1443 2068 1508 deesset,

489 1541 727 1612 futurum
755 1539 1010 1612 spiritale.
1041 1538 1199 1604 Hinc,
1223 1538 1498 1608 inquiens,
1523 1536 1687 1589 datur
1705 1532 1926 1603 intelligi
1957 1535 2068 1604 pri—

487 1650 628 1688 mam
675 1633 900 1687 hominis
930 1631 1248 1687 voluntatem
1289 1629 1506 1684 liberam
1548 1626 1863 1681 naturaliter
1909 1625 2070 1696 fuisse

487 1734 739 1790 creatam,
757 1725 843 1780 cui
865 1735 1036 1778 tamen
1058 1722 1258 1791 aliquid
1273 1721 1555 1776 adderetur
1574 1719 1619 1773 si
1641 1726 1952 1788 jirteceptum
1975 1716 2071 1770 Dei

444 1866 455 1875 .
494 1833 703 1872 servare
739 1815 906 1879 vellet,
949 1825 1005 1868 ut
1047 1815 1180 1868 sicut
1229 1811 1458 1866 animale
1487 1827 1675 1880 corpus
1713 1807 1882 1878 potuit
1910 1807 2064 1870 mori,

487 1908 611 1973 quia
634 1907 806 1961 adhuc
833 1921 936 1959 non
957 1915 1066 1958 erat
1089 1903 1394 1973 perfectum,
1419 1901 1492 1954 ita
1514 1896 1753 1954 voluntas
1779 1897 1942 1950 libera
1967 1897 2069 1951 ad-

487 2001 590 2054 huc
634 1998 877 2052 animalis
906 1997 1113 2060 merito,
1147 1997 1270 2066 quia
1312 1991 1586 2056 mortalis,
1628 1991 1795 2062 potuit
1833 2005 2065 2058 peccare,

486 2092 612 2162 quia
653 2089 823 2143 adhuc
853 2105 955 2142 non
1001 2097 1110 2143 erat
1141 2085 1402 2156 perfecta;
1439 2099 1556 2153 qua:
1602 2083 1780 2152 utique
1821 2079 2068 2150 perfectio

486 2181 742 2236 libertatis
771 2190 882 2250 post
927 2177 1161 2232 mandati
1190 2175 1482 2230 custodiam
1513 2172 1841 2244 impleretur,
1867 2171 1996 2225 dum
2021 2169 2068 2224 ei

485 2271 738 2342 peccandi
767 2269 1001 2325 voluntas
1025 2271 1229 2340 penitus
1260 2269 1579 2340 auferretur.

1115 2396 1436 2437 CORRECTIO.

521 2495 524 2498 ’
556 2499 598 2569 -Ῐ-
629 2498 842 2554 Videris
871 2498 1168 2568 primorum
1199 2497 1368 2552 nostri
1398 2497 1613 2566 generis
1648 2509 2067 2568 propagatorum

483 2592 638 2662 sequi
664 2589 1009 2654 sententiam,
1047 2589 1136 2658 qui
1167 2604 1290 2644 cum
1317 2588 1592 2643 voluntate
1624 2588 1842 2659 propria
1873 2602 2066 2656 pecca-

486 2683 710 2747 vissent,
743 2695 962 2737 causam
996 2681 1049 2734 in
1080 2680 1248 2734 Deum
1283 2679 1681 2734 contumaciter
1709 2687 2064 2734 retorserunt.

481 2775 618 2830 Nam
654 2775 982 2844 interrogata
1019 2773 1213 2828 mulier
1251 2771 1529 2842 respondit
1565 2791 1578 2826 :
1617 2769 1840 2842 Serpens
1870 2768 2069 2841 decepit

481 2875 585 2934 uie,
624 2879 671 2924 et
716 2868 916 2922 comedi
968 2863 1119 2937 (Gen.
1173 2881 1255 2931 ιιι,
1308 2865 1418 2932 14).
1453 2863 1548 2918 Vir
1593 2873 1772 2918 autem
1817 2882 1828 2918 :
1877 2863 2069 2917 Mulier

481 2979 640 3032 quam
667 2959 854 3016 dediin
869 2959 996 3013 mihi
1016 2958 1232 3024 sociant,
1259 2958 1401 3012 dedit
1421 2958 1550 3012 mihi
1575 2967 1622 3010 et
1645 2957 1845 3010 comedi
1877 2955 2018 3027 (Ibid
2028 2995 2064 3020 .,

481 3053 616 3124 42).
670 3052 934 3106 Nimirum
994 3065 1060 3104 eo
1094 3065 1206 3106 suae
1251 3048 1619 3120 responsionis
1667 3048 2067 3103 contumaciam

481 3146 844 3216 puri-igentes,
879 3153 939 3198 ut
971 3159 1078 3198 non
1125 3159 1234 3198 suae
1268 3141 1530 3197 voluntati
1561 3142 1774 3212 culpam
1811 3139 2069 3210 primari-

2179 583 2238 624 es
2245 577 2282 623 ι.

2248 659 2469 716 Constat
2516 658 2683 730 igitur
2739 657 3167 726 imperfectionis
3213 664 3424 712 auctori
3486 657 3785 726 deputetur

2176 751 2436 824 quidquid
2485 749 2912 821 imperfectionis
2960 751 3284 805 necessitate
3316 757 3620 820 peccatum
3658 759 3782 803 est:

2172 845 2318 915 quod
2347 843 2476 913 quia
2518 841 3008 908 absurdissimum,
3053 841 3160 895 imo
3205 838 3482 895 nefarium
3531 847 3626 894 est
3674 855 3786 893 cre-

2176 937 2324 1001 dere,
2372 943 2544 990 restat
2585 943 2643 988 ut
2681 933 2956 988 hominem
2985 943 3039 985 et
3065 930 3366 1002 perfectum
3402 930 3702 984 conditum
3737 939 3788 983 et

2173 1028 2472 1083 voluntatis
2515 1027 2768 1082 libertate
2809 1025 3053 1080 mandati
3096 1024 3398 1079 custodiam
3451 1023 3789 1094 praevarica-

2175 1133 2288 1180 tum
2324 1119 2444 1180 esse
2479 1121 2770 1178 fateamur.
2803 1120 2862 1176 Si
2892 1121 3038 1176 enim
3067 1119 3385 1191 imperfecta
3419 1118 3669 1174 libertas
3701 1133 3790 1170 vo-

2174 1219 2400 1274 luntatis
2451 1225 2534 1273 est
2559 1218 2708 1282 data,
2741 1229 2964 1286 prorsus
3002 1228 3104 1268 nec
3134 1213 3304 1268 libera
3347 1221 3428 1268 est
3482 1211 3728 1266 dicenda
3773 1228 3786 1262 :

2173 1310 2352 1364 omnis
2394 1307 2538 1363 enim
2581 1306 2720 1362 liber
2747 1313 2841 1360 aut
2871 1303 3112 1375 perfecte
3151 1303 3286 1358 liber
3322 1311 3428 1367 est,
3470 1311 3575 1356 aut
3602 1302 3650 1356 si
3687 1318 3786 1355 non

2171 1401 2432 1473 perfecte,
2483 1399 2726 1472 profecto
2776 1413 2878 1454 nec
2924 1397 3062 1452 liber
3096 1415 3108 1452 :
3142 1397 3416 1466 quomodo
3463 1396 3624 1450 enim
3656 1394 3792 1448 liber

2173 1501 2280 1558 est,
2320 1493 2411 1564 qui
2443 1491 2623 1563 aliqua
2651 1491 2733 1546 sui
2781 1501 2936 1562 parte
2964 1498 3047 1545 est
3089 1488 3491 1560 imperfectus?
3534 1487 3666 1541 Non
3709 1495 3788 1542 est

2173 1586 2340 1658 igitur
2356 1584 2710 1640 dubitandum
2739 1583 3040 1654 perfectum
3066 1583 3303 1653 primum
3337 1581 3636 1636 hominem
3661 1595 3787 1635 eon-

2172 1677 2366 1743 ditum,
2416 1675 2549 1732 nulli
2607 1677 2784 1731 adhuc
2832 1675 3002 1730 morti'
3039 1674 3358 1737 obnoxium,
3414 1687 3544 1742 quae
3602 1671 3684 1726 illi
3721 1670 3789 1726 ob

2173 1769 2385 1840 peccati
2432 1767 2818 1822 admissionem
2853 1767 3000 1837 juste
3039 1775 3124 1820 est
3155 1764 3460 1828 retributa;
3507 1779 3642 1818 cum
3671 1771 3788 1832 post

2096 1849 2144 1908 Β
2170 1859 2380 1928 peccati
2437 1859 2787 1914 commissum
2833 1855 2944 1928 jam
2993 1857 3152 1911 morti
3202 1855 3474 1912 obnoxios
3534 1854 3784 1924 legamus

2173 1951 2466 2007 secundum
2483 1951 2769 2022 quemdam
2794 1949 3014 2004 modum
3036 1965 3157 2004 esse
3177 1947 3488 2019 perfectos;
3513 1949 3782 2018 scriptum

2171 2051 2256 2098 est
2281 2043 2424 2098 enim
2471 2042 2524 2096 in
2559 2039 2755 2096 Genesi
2788 2056 2802 2094 :
2831 2040 2946 2095 Noe
2981 2043 3061 2096 vir
3089 2042 3270 2112 justus
3313 2050 3476 2110 atque
3514 2040 3784 2110 perfectas

2173 2131 2326 2198 (Gen.
2372 2149 2448 2196 γι,
2494 2131 2582 2203 9);
2645 2141 2701 2186 et
2747 2131 3009 2186 Dominus
3062 2133 3113 2185 in
3165 2131 3469 2201 Evangelia
3521 2140 3722 2186 monet
3769 2150 3782 2184 :

2172 2226 2352 2281 Estote
2386 2225 2599 2296 perfecti
2632 2225 2766 2278 sicut
2808 2234 2852 2278 et
2889 2221 3054 2278 Pater
3077 2233 3242 2278 uester
3264 2223 3491 2278 caelestis
3513 2223 3784 2293 perfectus

2171 2326 2246 2372 est
2296 2315 2511 2386 (Matth.
2560 2331 2612 2382 v,
2657 2316 2789 2385 48);
2852 2323 2906 2370 et
2950 2313 3287 2385 Apostolus:
3322 2313 3604 2384 Quotquot
3665 2331 3783 2385 ergo

2169 2407 2384 2482 perfecti
2417 2424 2622 2472 sumus,
2648 2408 2745 2461 hoc
2771 2417 3038 2461 teneamus
3076 2405 3245 2476 (Phil.
3277 2421 3375 2470 ut,
3409 2405 3533 2476 l5),
3561 2415 3625 2460 et.
3651 2407 3780 2460 neli—

2170 2517 2297 2571 qua.
2347 2498 2572 2556 Constat
2603 2508 2784 2553 autem
2823 2499 3198 2568 superioribus
3228 2497 3485 2554 infaustae
3522 2500 3780 2570 disputa.

2171 2581 2336 2646 tionis
2361 2599 2466 2644 tua:
2485 2591 2734 2661 partibus
2758 2599 2809 2645 te
2830 2589 3095 2661 sategisse
3115 2599 3176 2644 ut
3197 2591 3451 2645 rationali
3482 2600 3783 2656 creatura,

2171 2683 2224 2738 id
2271 2692 2354 2738 est
2403 2691 2459 2738 et
2499 2681 2707 2752 angelis
2745 2689 2802 2736 et
2853 2682 3186 2747 hominibus,
3237 2682 3466 2738 liberam
3523 2682 3784 2737 volunta-

2174 2783 2303 2841 tem,
2343 2775 2398 2830 id
2437 2783 2521 2829 est
2567 2773 2797 2828 liberum
2842 2773 3128 2828 arbitrium
3178 2774 3480 2828 secundum
3530 2783 3585 2828 te
3628 2790 3784 2829 crea-

2172 2875 2284 2922 tum
2313 2867 2570 2922 divinitus
2597 2867 2926 2938 approbares
2949 2906 2964 2929 ,
2997 2865 3143 2936 quod
3176 2873 3357 2920 tamen
3390 2867 3601 2921 donum
3633 2867 3784 2921 inde-

2170 2959 2295 3015 bita:
2322 2960 2588 3032 largitatis
2624 2959 2720 3015 Dei
2759 2974 2879 3014 cum
2920 2959 3055 3014 fides
3097 2957 3366 3014 catholica
3414 2958 3783 3013 intellectuali

2169 3062 2451 3119 creaturae,
2502 3061 2556 3107 et
2605 3052 2860 3123 angelicze
2905 3051 3156 3108 videlicet
3204 3061 3260 3107 et
3309 3052 3569 3107 humanae
3609 3053 3784 3108 colla—

2171 3151 2287 3198 tum
2309 3143 2588 3213 prmdicet,
2631 3142 2894 3197 nimirum
2922 3143 3169 3212 sequitur
3193 3149 3254 3194 ut
3281 3141 3535 3196 eamdem
3581 3142 3787 3212 imper-

483 3214 747 3300 eationis,
785 3234 878 3288 sed
904 3231 1243 3304 dispositioni
1266 3231 1575 3288 Conditoris
1599 3232 1952 3297 ascriberent,
1975 3231 2069 3301 qui
2097 3214 2144 3278 (ἶ
2175 3234 2426 3290 lectionis
2455 3242 2640 3288 notam
2680 3233 2940 3304 angelicae
2977 3241 3242 3288 creaturte
3275 3232 3500 3286 aduras.
3537 3230 3600 3286 Si
3635 3233 3786 3286 enim

481 3327 570 3382 vel
596 3335 900 3396 serpentem
926 3325 1177 3396 paradiso
1199 3325 1500 3390 admiserit,
1529 3325 1614 3379 vel
1647 3324 1929 3380 mulierem
1957 3325 2073 3378 viro

482 3417 688 3474 sociam
722 3415 962 3481 dederit;
998 3415 1152 3484 quasi
1197 3423 1444 3469 creatura
1493 3414 1746 3483 quaelibet
1771 3454 1784 3478 ,
1823 3429 1929 3468 non
1975 3429 2075 3468 ua-

481 3509 619 3564 tnrae
667 3509 914 3564 conditor
957 3517 1254 3578 auctorque
1286 3508 1542 3578 praecepti
1583 3507 1730 3562 solus
1773 3507 2074 3562 audiendus

482 3600 899 3671 sequendusque
931 3598 1300 3654 indubitanter
1326 3599 1498 3663 foret,
1526 3614 1650 3654 cum
1686 3598 2072 3668 transgressio—
2100 3591 2102 3594 ’

482 3695 570 3750 nis
595 3711 782 3750 eorum
812 3709 971 3748 causa
1005 3692 1150 3748 nulla
1182 3693 1253 3747 sit
1279 3692 1384 3746 alia
1411 3707 1574 3762 quam
1607 3691 1793 3746 libera:
1815 3690 2070 3746 volunta-

485 3787 557 3842 tis
607 3797 904 3857 spontanea
932 3787 985 3841 in
1012 3785 1267 3841 inferiora
1297 3783 1544 3840 deﬂexio.
1571 3784 1650 3838 Τιι
1674 3792 1918 3849 econtra,
1943 3783 2071 3855 quia

485 3890 716 3936 mortem
731 3879 942 3948 corpori
962 3886 1122 3948 atque
1147 3877 1341 3932 animm
1364 3885 1588 3948 propter
1608 3875 2070 3946 imperfectionem

486 3973 570 4025 sui
615 3970 900 4026 obvenisse
948 3969 1108 4034 dicis,
1138 3985 1356 4024 causam
1403 3968 1595 4022 mortis
1639 3967 1750 4022 Deo
1802 3968 2070 4038 assignas,

487 4067 581 4137 qui
615 4067 888 4122 hominem
933 4063 1123 4121 fecerit
1164 4061 1560 4134 imperfectum.
1597 4061 1652 4118 Si
1683 4062 1827 4117 enim
1869 4075 2069 4116 secun-

486 4159 614 4211 dum
641 4168 690 4212 te
714 4155 1064 4226 imperfectus
1089 4163 1174 4211 est
1207 4155 1476 4219 conditus,
1499 4137 1762 4223 'sequitur
1795 4161 1853 4206 ut
1888 4151 2071 4222 lapsus

485 4247 604 4318 ejus
653 4249 719 4303 de
766 4247 1174 4318 imperfectione
1205 4248 1450 4310 veniens,
1489 4262 1596 4311 non
1629 4245 1728 4314 ipsi
1760 4243 2068 4313 deputetur,

487 4341 582 4398 sed
613 4341 721 4395 Deo
751 4358 763 4392 :
800 4339 941 4410 quod
968 4352 1132 4410 quam
1175 4340 1247 4394 sit
1279 4339 1502 4409 impium
1530 4346 1585 4391 et
1619 4352 1649 4390 a
1677 4336 1906 4390 veritate
1934 4337 2070 4392 alie-

487 4450 639 4498 num,
673 4431 912 4503 perfecto
951 4431 1080 4485 nulli
1119 4431 1366 4486 dubitare
1390 4429 1736 4500 permittitur.
1782 4429 1945 4486 Fides
1974 4445 2072 4485 au-

488 4534 598 4580 tem
631 4523 896 4578 catholica
944 4523 1263 4578 inconcusse
1295 4529 1440 4578 tenet
1471 4528 1526 4576 et
1551 4521 1827 4592 praedicat,
1873 4521 2070 4577 huma-

487 4629 613 4671 nam
658 4625 910 4670 naturam
959 4620 1164 4669 rectam
1209 4619 1372 4683 atque
1413 4611 1705 4682 perfectam
1753 4598 2074 4669 a'Creatore

491 4722 701 4762 summe
730 4714 785 4762 et
820 4703 1164 4776 singulariter
1192 4703 1334 4760 bono
1365 4704 1659 4769 conditam,
1689 4704 2073 4775 omnibusque,

491 4800 688 4870 quibus
720 4815 837 4852 eam
861 4797 1157 4854 secundum
1193 4805 1478 4868 utramque
1505 4797 1863 4854 substantiam
1891 4799 2073 4854 consi-

488 4900 632 4947 stere
667 4889 950 4958 judicavit,
993 4889 1147 4944 bonis
1178 4889 1430 4944 donatam
1465 4907 1478 4942 :
1519 4889 1716 4961 quippe
1747 4890 1834 4945 cui
1876 4905 2072 4945 secun-

489 4985 615 5039 dum
661 4997 856 5052 corpus
885 4983 1018 5037 nihil
1056 4981 1269 5037 honesti
1305 4981 1495 5046 defuit,
1541 4990 1596 5035 et
1635 4983 1931 5037 secundum
1959 4982 2075 5038 ani-

491 5091 637 5129 mam
665 5075 796 5129 nihil
821 5074 1030 5129 decoris
1056 5071 1244 5134 abfuit,
1271 5071 1406 5127 adeo
1427 5080 1486 5126 ut
1501 5071 1776 5127 liberrima"
1797 5071 2074 5128 voluntate

435 5209 444 5214 .
491 5167 686 5222 donata
719 5182 931 5238 semper
952 5167 1182 5221 haberet
1207 5164 1437 5220 liberum
1466 5163 1730 5219 inhaerere
1761 5165 2038 5220 Conditori
2058 5207 2073 5231 ,

489 5249 536 5313 si
586 5258 824 5312 mandati
879 5256 1174 5312 custodiam
1223 5256 1541 5312 obedienter
1591 5257 1965 5310 servavisset:
2009 5249 2103 5311 ac

490 5363 592 5420 per
635 5349 740 5404 hoc
791 5347 932 5402 nulla
976 5349 1338 5414 necessitate,
1385 5346 1479 5403 sed
1525 5347 1816 5402 voluntatis
1852 5348 2071 5416 propria

489 5443 742 5498 libertate
785 5442 1048 5512 peccavit,
1095 5457 1255 5512 quam
1297 5441 1600 5495 nullatenus
1625 5439 1801 5510 potuit
1845 5441 2068 5508 evitare,

492 5536 617 5605 quia
646 5539 939 5590 sccundmu
968 5546 1018 5590 te
1046 5534 1392 5604 imperfectus
1422 5545 1504 5590 est
1535 5533 1786 5590 conditus
1821 5551 1834 5586 :
1875 5534 2070 5604 imper-

494 5625 657 5680 fectio
699 5643 828 5696 ergo
854 5630 966 5695 ipsa
1001 5628 1308 5681 necessario
1355 5627 1562 5696 impulit
1595 5629 1660 5681 ad
1693 5628 2024 5696 peccandum
2056 5647 2068 5682 :

497 5715 588 5784 qui
635 5717 776 5768 enim
823 5716 1230 5785 imperfectione
1273 5717 1583 5770 mandatum
1629 5720 1867 5773 auctoris
1903 5729 2076 5772 trans-

499 5804 656 5877 gredi
700 5805 1007 5877 compulsus
1045 5813 1151 5876 est,
1182 5805 1298 5880 jam
1336 5822 1446 5867 non
1475 5806 1726 5870 libertate
1760 5809 2076 5886 voluntatis,

2176 3335 2424 3397 uterque,
2487 3325 2709 3396 angelus
2745 3325 2952 3381 scilicet
2999 3333 3055 3380 et
3103 3325 3287 3391 homo,
3341 3323 3582 3379 liberum
3644 3326 3789 3380 arbi-

2177 3414 2341 3472 trium
2363 3415 2614 3487 largitate
2636 3414 2948 3470 Conditoris
2963 3423 3403 3480 estconseculus,
3431 3430 3674 3471 necesse
3706 3425 3788 3471 est

2175 3519 2270 3565 aut
2293 3517 2584 3577 utrumque
2605 3505 2978 3577 imperfectum
3000 3522 3233 3573 asseras,
3255 3515 3348 3562 aut
3372 3522 3480 3562 non
3494 3507 3788 3578 :equaliter

2175 3600 2388 3656 arbitrii
2431 3598 2684 3656 libertate
2722 3599 3005 3665 donatum,
3034 3599 3177 3669 quod
3214 3607 3268 3654 te
3311 3597 3636 3654 nullatenus
3663 3615 3787 3655 reor

2177 3710 2459 3759 ausurum,
2505 3694 2596 3763 qui
2642 3693 2800 3748 toties
2845 3693 3072 3748 liberam
3119 3692 3450 3748 voluntatem
3489 3693 3786 3764 utriusque

2175 3786 2458 3842 rationalis
2499 3796 2763 3842 creatura:
2800 3787 2963 3842 etiam
3004 3785 3126 3858 plus
3149 3802 3313 3858 quam
3337 3788 3655 3842 necessitas
3684 3803 3784 3859 po-

2176 3881 2355 3938 secret
2381 3881 2680 3936 astruxisti.
2717 3879 2774 3935 Si
2805 3897 2934 3952 ergo
2954 3889 3168 3937 constat
3196 3889 3491 3950 utrumque
3523 3880 3785 3936 libertate

2176 3976 2458 4040 donatum,
2482 3983 2692 4030 constat
2720 3985 3010 4046 utrumque
3035 3990 3162 4039 non,
3190 3982 3250 4029 ut
3276 3974 3542 4038 somnias,
3573 3973 3782 4044 imper-

2174 4065 2336 4134 fecte,
2361 4067 2474 4134 sed,
2505 4075 2564 4122 ut
2605 4068 2768 4123 habet
2799 4069 3000 4124 veritas
3019 4108 3033 4133 ,
3066 4067 3304 4138 perfecte
3333 4077 3606 4123 creatum.
3647 4065 3783 4122 Per-

2176 4158 2377 4215 fectum
2400 4175 2530 4216 vero
2560 4159 2808 4232 angelum
2837 4159 3265 4231 primordialiter
3289 4160 3571 4215 conditum
3605 4167 3782 4214 testa-

2174 4258 2266 4306 tur
2294 4251 2555 4323 propheta
2581 4292 2594 4317 ,
2624 4251 2714 4321 qui
2742 4250 2910 4322 lapsui
2936 4249 3052 4319 ejus
3091 4249 3398 4306 voluntario
3429 4253 3779 4320 exprobrans

2176 4343 2254 4398 ait
2289 4358 2305 4398 :
2345 4342 2422 4396 Tu
2441 4341 2768 4413 signaculum
2791 4341 3150 4398 similitudinis
3176 4342 3274 4397 Dei
3298 4343 3566 4413 perfectus
3589 4346 3780 4399 decore

2173 4435 2231 4489 in
2275 4433 2474 4488 deliciis
2527 4433 2764 4504 paradisi
2805 4432 2907 4486 Dei
2941 4432 3089 4501 fuisti
3131 4429 3348 4502 (Ezech.
3393 4448 3597 4498 ιινιιι,
3647 4433 3772 4505 12);

2177 4533 2234 4580 et
2256 4525 2517 4579 Dominus
2545 4524 2614 4578 ad
2642 4523 2740 4578 Job
2775 4565 2786 4576 .
2825 4521 2945 4592 Ipse
2977 4531 3049 4576 est
3089 4523 3401 4593 principium
3437 4525 3648 4578 viarum
3677 4525 3776 4579 Dei

2179 4617 2300 4690 (Job
2330 4631 2428 4681 XL,
2457 4615 2547 4684 14)
2575 4655 2592 4680 ,
2625 4629 2855 4684 quorum
2887 4613 3315 4682 explanationem
3346 4615 3538 4670 beatus
3567 4616 3776 4685 Grego-

2178 4708 2290 4762 rius
2309 4706 2361 4760 in
2381 4707 2520 4761 libro
2545 4704 2822 4760 Moralium
2855 4718 3005 4758 xxx"
3030 4703 3381 4775 (cap.18).lta
3398 4707 3727 4775 exsequitur
3753 4723 3770 4761 :

2251 4797 2432 4871 [Velut
2478 4797 2521 4852 si
2554 4805 2742 4868 aperte
2775 4796 3018 4851 diceret:
3068 4794 3276 4850 Idcirco
3322 4795 3389 4849 ad
3437 4806 3548 4849 tam
3599 4797 3769 4852 multa

2178 4889 2396 4945 fortiter
2425 4886 2642 4955 sufficit,
2678 4887 2804 4959 quia
2837 4888 2888 4942 in
2921 4897 3110 4941 natura
3158 4900 3336 4941 rerum
3361 4887 3506 4942 hunc
3530 4891 3770 4944 creando

2177 4999 2276 5056 per
2304 4983 2660 5039 substantiam
2694 4981 2954 5037 Conditor
2975 4981 3208 5050 primum
3242 4981 3392 5036 fecit.
3449 4983 3591 5048 Quid
3619 4984 3766 5038 enim

2175 5075 2294 5131 vias
2323 5075 2535 5130 Domini
2569 5074 2671 5129 nisi
2703 5072 2818 5142 ejus
2850 5073 3093 5129 actiones
3120 5073 3443 5144 accipimus,
3469 5075 3538 5130 de
3569 5077 3767 5146 quibus

2173 5181 2274 5238 per
2295 5167 2612 5236 prophetam
2651 5161 2780 5218 dicit
2811 5183 2823 5217 :
2869 5163 2991 5217 Non
3029 5165 3165 5218 enim
3191 5173 3311 5218 sunt
3346 5164 3442 5219 via:
3477 5182 3610 5220 mete
3631 5168 3766 5220 sicut

2174 5261 2272 5313 vim
2308 5269 2490 5314 vestrae
2533 5256 2668 5328 (Isa.
2700 5273 2784 5321 ιν,
2828 5255 2905 5327 8).
2940 5255 3007 5310 Εῑ
3043 5257 3368 5326 principium
3405 5258 3620 5312 viarum
3669 5257 3764 5313 Dei

2173 5353 2473 5408 Behemoth
2507 5352 2724 5418 dicitur,
2757 5350 2882 5420 quia
2911 5350 3168 5405 nimirum
3191 5364 3313 5405 cum
3345 5360 3538 5406 cuncta
3573 5365 3765 5407 creatis

2177 5452 2382 5516 ageret,
2415 5445 2556 5508 hunc
2583 5443 2814 5513 primum
2837 5441 3094 5508 condidit,
3121 5456 3282 5512 quem
3311 5439 3539 5512 reliquis
3560 5443 3763 5512 angelis

2179 5534 2594 5590 eminentiorem
2630 5533 2796 5589 fecit.
2849 5532 3018 5602 Hujus
3083 5534 3351 5602 primatus
3410 5533 3758 5590 eminentiam

2180 5625 2447 5696 conspicit
2491 5624 2753 5695 propheta
2800 5638 2924 5678 cum
2978 5622 3335 5678 dicit:Cedri
3398 5641 3502 5679 non
3553 5625 3760 5695 fuerunt

2179 5717 2390 5770 altiores
2435 5714 2527 5769 illo
2569 5714 2623 5766 in
2654 5712 2902 5783 paradiso
2949 5712 3082 5778 Dei;
3128 5714 3318 5768 abietes
3369 5733 3474 5769 non
3516 5717 3759 5786 adaqua-

2179 5817 2364 5870 verunt
2788 5801 2941 5887 ejus,-
2979 5803 3185 5881 platani
3217 5823 3320 5866 non
3363 5807 3582 5882 [uerum
3604 5821 3758 5883 aqua

3985 4739 3987 4816 ι

3985 5283 3987 5408 l
