4010 6352
240 423 384 494 ms

1093 415 1181 471 DE
1219 407 1890 471 PBEDESTINATIONE
1931 405 2208 464 CONTRA
2247 405 2298 463 Ι.
2344 403 2640 462 SCOTUM.

3360 398 3496 456 HM

237 535 515 608 frondibus
566 531 729 587 illius.
765 528 931 586 Omne
968 529 1163 600 lignum
1201 528 1438 596 paradisi
1466 526 1564 582 Dei
1607 543 1711 581 non
1739 534 1813 580 est
1841 524 1897 586 Α
1919 523 2179 590 diximus,
2203 524 2352 595 regio
2373 522 2509 593 lapis
2536 521 2672 576 ﬁxus
2693 526 2960 574 maneret.
2985 516 3182 572 Habuit
3207 531 3336 588 ergo
3361 517 3498 587 lapis

235 625 588 684 assimilatum
612 622 690 676 illi
709 633 754 677 et
778 620 1156 693 pulchritudini
1185 619 1324 689 ejus,
1351 617 1595 689 quoniam
1620 617 1817 686 specio-

232 736 354 775 sum
419 717 539 787 fecit
599 732 715 770 eum
772 715 826 769 in
877 713 1055 768 multis
1115 711 1490 780 condensisque
1541 709 1815 780 frondibus

233 811 456 883 (Ezech.
499 823 652 873 xm,
684 807 734 870 8,
767 808 844 879 9).
893 805 995 872 Qui
1026 819 1256 873 namque
1303 802 1470 872 accipi
1518 800 1572 854 in
1617 799 1814 864 cedria,

233 903 508 958 abietibus
545 909 598 956 et
624 900 856 971 platanis
884 903 1129 970 possunt,
1154 895 1258 950 nisi
1297 893 1388 949 illa
1417 893 1678 948 virtutum
1708 905 1818 946 caa-

229 995 450 1051 lestium
501 1008 739 1064 procera:
784 989 1121 1047 celsitudinis
1179 985 1428 1058 agmina,
1481 984 1535 1038 in
1598 991 1816 1037 aeternae

227 1086 435 1142 laetitiae
485 1083 758 1139 viriditate
812 1079 1089 1150 plantata?
1133 1092 1254 1147 qua:
1306 1073 1558 1147 quamvis
1605 1071 1820 1128 excelsa

228 1179 348 1234 sint
395 1174 632 1238 condita,
685 1172 812 1228 huic
859 1179 1038 1226 tamen
1091 1183 1190 1224 nec
1242 1166 1460 1238 praelata
1513 1172 1660 1229 sunt,
1716 1177 1820 1217 nec

225 1276 466 1340 :Bquata.
497 1265 596 1332 Qui
628 1265 907 1334 speciosus
935 1260 1110 1316 factus
1135 1260 1190 1314 in
1224 1257 1407 1314 multis
1428 1254 1820 1324 condensisque

228 1358 523 1413 frondibus
551 1355 772 1417 dicitur,
795 1353 921 1422 quia
950 1351 1228 1423 praelatum
1257 1348 1471 1405 caeteris
1491 1346 1814 1418 legionibus,

226 1457 390 1504 tanto
438 1446 586 1501 illum
643 1445 852 1515 species
899 1442 1264 1513 pulchriorem
1305 1439 1560 1502 reddidit,
1616 1446 1820 1507 quanto

229 1539 359 1612 [al.,
383 1537 606 1610 quantal
650 1546 706 1592 et
751 1535 1026 1606 supposita
1067 1533 1380 1603 angelorum
1410 1525 1698 1586 multitudo
1727 1529 1819 1584 de-

227 1632 463 1687 coravit.
496 1631 602 1685 ista
656 1628 819 1683 arbor
860 1628 914 1682 in
952 1627 1204 1698 paradiso
1233 1626 1328 1679 Dei
1378 1632 1457 1679 tot
1485 1623 1641 1694 quasi
1689 1637 1820 1678 con-

226 1721 433 1776 densas
465 1721 680 1774 frondes
703 1718 910 1783 habuit,
943 1725 1073 1787 quot
1103 1717 1203 1772 sub
1236 1731 1295 1770 se
1320 1715 1524 1786 positas
1557 1725 1821 1784 supernoL

227 1827 359 1868 rum
407 1812 691 1882 spirituum
749 1810 988 1880 legiones
1042 1807 1291 1862 attendit.
1356 1806 1458 1874 Qui
1509 1814 1563 1861 et
1617 1805 1820 1859 idcirco

1919 619 2021 676 iste
2037 619 2326 683 foramina,
2348 618 2442 673 sed
2455 630 2552 688 per
2571 613 3034 686 superbirevitium
3057 610 3338 666 charitatis
3364 625 3498 664 auro

1917 727 2023 767 non
2047 719 2175 766 sunt
2209 709 2430 787 repleta.
2456 707 2590 762 Nam
2623 706 2748 777 quia
2787 705 2988 760 idcirco
3016 703 3337 774 colligantur
3365 712 3498 756 a‘uro

1918 821 1989 860 ne
2008 805 2220 867 cadant,
2252 803 2454 858 idcirco
2479 802 2580 856 iste
2610 797 2831 863 cecidit,
2854 799 2978 868 quia
3009 798 3170 853 etiam
3192 795 3498 865 perforatus

1918 911 2082 950 manu
2127 893 2381 955 artificis,
2421 891 2623 947 amoris
2667 889 2897 946 vinculis
2948 889 3102 960 tigari
3151 885 3497 952 contempsit.

1919 985 2073 1041 Nunc
2100 995 2278 1040 autem
2305 985 2484 1041 caeteri
2509 983 2734 1054 lapides,
2761 982 2850 1052 qui
2871 981 3001 1036 huic
3021 979 3270 1034 similiter
3292 977 3503 1032 fuerant

1918 1079 2198 1151 perforati,
2220 1086 2540 1150 penetrante
2563 1091 2622 1131 se
2646 1075 2876 1130 invicem
2907 1071 3170 1128 charitate
3189 1070 3338 1141 ligati
3355 1076 3499 1131 sunt,

1920 1179 2084 1240 atque
2113 1171 2216 1224 hoc
2261 1169 2318 1223 in
2363 1183 2610 1233 munere,
2650 1167 2754 1222 isto
2793 1165 3038 1226 cadente,
3087 1169 3402 1218 meruerunt
3444 1167 3504 1214 ut

1919 1276 2263 1332 nequaquam
2285 1260 2399 1329 jam
2443 1260 2509 1314 de
2542 1265 2867 1314 ornamento
2908 1256 3056 1326 regio
3100 1253 3342 1309 cadendo
3391 1250 3501 1306 sol-

1919 1363 2136 1410 vantur.
2188 1352 2362 1423 Hujus
2385 1351 2717 1422 principatus
2742 1347 3115 1404 celsitudinem
3148 1345 3324 1399 adhuc
3363 1343 3503 1396 idem

1918 1447 2182 1517 propheta
2233 1445 2470 1507 intuens,
2514 1439 2755 1512 adjungit
2787 1457 2799 1492 :
2836 1437 2915 1491 Tu
2953 1436 3142 1491 clterub
3184 1444 3420 1488 extentus
3457 1440 3506 1485 et

1918 1553 2189 1613 protegens
2218 1539 2271 1592 in
2298 1545 2676 1614 montesancto
2701 1531 2819 1595 Dei,
2847 1531 2901 1584 in
2921 1529 3090 1584 medio
3113 1527 3346 1598 lapidum
3375 1524 3509 1594 igni-

1921 1643 2094 1687 torum
2123 1630 2382 1702 perfectus
2411 1626 2721 1682 ambulastis
2748 1623 2980 1696 (Ezech.
3007 1636 3204 1684 xxvnt,
3237 1619 3348 1690 Η).
3375 1617 3510 1672 Che-

1921 1723 2018 1778 rub
2040 1723 2234 1793 quippe
2251 1720 2522 1790 plenitudo
2545 1717 2776 1773 scientice
2801 1715 3205 1783 interpretatur,
3230 1719 3283 1764 et
3306 1709 3507 1763 idcirco

1921 1815 2028 1870 iste
2077 1811 2280 1867 cherub
2345 1810 2587 1873 dicitur,
2643 1807 2769 1876 quia
2829 1802 3231 1859 transcendisse
3284 1807 3508 1854 cunctos

225 1921 469 1978 peccans
492 1905 608 1960 sine
637 1904 791 1958 venia
820 1904 1107 1957 damnatus
1149 1910 1250 1965 est,
1293 1899 1418 1970 quia
1449 1912 1678 1970 magnus
1710 1897 1828 1951 sine
1855 1896 1904 1956 B
1931 1905 2156 1964 scientia
2193 1921 2298 1959 ηοη
2327 1901 2624 1963 dubitatur,
2655 1897 2746 1968 qui
2794 1897 2848 1952 in
2888 1895 3064 1950 medio
3093 1892 3327 1963 lapidum
3372 1889 3512 1960 igni-

227 1995 639 2066 comparatione
693 1993 868 2048 fuerat
918 1999 1153 2048 creatus.
1201 1989 1338 2045 Hinc
1375 1989 1424 2044 ei
1466 2003 1678 2043 rursum
1727 2001 1824 2057 per

227 2087 484 2142 eumdem
523 2085 842 2156 prophetam
870 2085 1068 2139 dicitur
1099 2100 1112 2136 :
1163 2080 1239 2134 Tu
1271 2079 1602 2151 signaculum
1629 2077 1820 2134 simili-

228 2183 436 2238 tudinis
475 2181 596 2248 Dei,
628 2180 811 2252 plenus
839 2179 1098 2248 sapientia
1144 2186 1192 2231 et
1221 2175 1478 2245 perfectus
1519 2174 1722 2240 decore,
1765 2175 1822 2229 in

227 2273 437 2330 deliciis
463 2273 698 2346 paradisi
720 2272 818 2326 Dei
855 2271 1003 2342 fuisti
1029 2269 1246 2340 (Ezeclt.
1283 2283 1476 2332 xxvut,
1514 2267 1631 2345 l2).
1657 2266 1822 2321 Multa

228 2368 382 2424 enim
435 2368 500 2422 de
539 2367 655 2438 ejus
687 2365 1057 2436 magnitudine
1106 2363 1408 2426 locuturus,
1451 2340 1631 2432 primo.
1655 2361 1821 2415 verbo

231 2468 431 2515 cuncta
453 2459 766 2529 complexus
785 2465 885 2512 est.
919 2456 1056 2524 Quid
1078 2468 1312 2524 namque
1329 2453 1455 2508 boni
1483 2467 1588 2506 non
1613 2452 1819 2516 habuit,

232 2549 282 2604 si
322 2549 657 2621 signaculum
707 2545 803 2602 Dei
843 2544 1214 2601 similitudinis
1256 2542 1390 2596 fuit?
1429 2543 1502 2597 De
1547 2540 1824 2610 signaculo

233 2643 360 2718 [al.,
388 2643 583 2716 sigillo]
613 2643 811 2714 quippe
841 2640 1026 2695 annuli
1074 2639 1198 2694 talis
1227 2637 1524 2693 similitudo
1557 2635 1823 2706 imagina-

231 2736 365 2792 liter
391 2736 734 2807 exprimitur,
761 2733 936 2804 qualis
963 2733 1014 2787 in
1037 2730 1214 2803 sigillo
1242 2731 1433 2786 eodem
1458 2727 1824 2783 essentialiter

233 2826 485 2882 habetur.
523 2827 589 2880 Et
611 2827 736 2881 licet
757 2827 918 2880 homo
948 2824 1014 2878 ad
1045 2822 1453 2878 similitudinem
1485 2820 1582 2874 Dei
1603 2827 1824 2875 creatus

234 2917 332 2982 sit,
359 2915 548 2987 angelo
583 2924 762 2970 tamen
791 2913 946 2985 quasi
975 2909 1153 2982 majus
1180 2895 1382 2980 aliquid
1413 2909 1680 2973 tribuens,
1713 2925 1822 2964 non

235 3024 363 3065 eum
414 3007 481 3062 ad
537 3007 941 3063 similitudinem
995 3005 1093 3060 Dei
1141 3002 1438 3066 conditum,
1501 3003 1594 3057 sed
1649 3003 1824 3072 ipsum

237 3101 577 3176 signaculum
619 3101 711 3156 Dei
751 3098 1122 3156 similitudinis
1152 3097 1302 3164 dicit,
1349 3102 1409 3150 nt
1437 3111 1546 3166 quo
1577 3095 1828 3151 subtilior

237 3206 326 3254 est
352 3196 407 3250 in
438 3203 653 3259 natura,
682 3208 747 3248 eo
782 3192 838 3247 in
867 3191 962 3246 illo
1007 3189 1302 3246 similitudo
1334 3187 1429 3243 Dei
1457 3187 1672 3257 plenius
1702 3184 1822 3258 [al.,

1933 2007 2110 2054 torum
2161 1994 2436 2067 perfectus
2480 1990 2804 2052 ambulavit,
2846 1987 2970 2056 quia
3013 1985 3154 2039 inter
3197 1982 3510 2052 angelorum

1931 2092 2097 2146 corda
2127 2085 2410 2144 charitatis
2456 2084 2581 2154 igne
2609 2093 2868 2136 succensa
2907 2077 3086 2132 clarus
3124 2074 3292 2143 gloria
3317 2070 3508 2126 condi-

1931 2180 2094 2236 tionis
2121 2176 2348 2231 exstitit.
2385 2173 2556 2239 Quem
2583 2172 2722 2226 bene
2748 2176 3028 2223 extentum
3051 2179 3116 2220 ac
3141 2170 3511 2234 protegentem

1930 2271 2080 2328 dicit.
2132 2267 2303 2325 Omne
2340 2266 2486 2320 enim
2529 2261 2673 2334 quod
2701 2259 2902 2316 extenti
2941 2249 3292 2328 protegimus.
3323 2254 3512 2308 obum-

1928 2366 2170 2420 bramus.
2214 2361 2281 2415 Et
2302 2359 2426 2428 quia
2449 2354 2854 2424 comparatione
2881 2348 3151 2406 claritatis
3181 2361 3292 2403 suae
3319 2346 3514 2400 obum-

1929 2457 2120 2512 brasse
2151 2460 2468 2508 czeterorum
2497 2447 2798 2502 claritatem
2821 2443 3083 2508 creditur,
3126 2441 3242 2511 ipse
3264 2444 3515 2493 extentus

1929 2556 1986 2601 et
2007 2553 2297 2616 protegens
2325 2541 2492 2595 fuisse
2521 2537 2858 2609 perhibetur.
2892 2533 3150 2602 Reliquos
3175 2530 3320 2585 enim
3358 2525 3514 2598 quasi

1929 2635 2306 2694 obumbrando
2337 2631 2568 2702 cperuit,
2601 2629 2693 2698 qui
2730 2641 2918 2681 eorum
2945 2621 3371 2692 magnitudinem
3412 2631 3514 2670 cx-

1929 2727 2182 2788 cellentia
2199 2725 2404 2793 majore
2421 2719 2768 2777 transcendit.
2793 2713 2946 2783 Quod
2966 2727 3096 2784 ergo
3118 2711 3223 2765 illic
3236 2707 3514 2778 speciosus

1929 2823 1987 2879 in
2021 2820 2206 2876 multis
2233 2815 2536 2891 frondibus,
2557 2811 2701 2882 quod
2726 2808 2834 2863 illic
2854 2803 3189 2877 signaculum
3213 2795 3515 2855 similitudi-

1929 2919 2036 2983 nis,
2051 2915 2195 2987 quod
2217 2913 2326 2969 illic
2347 2909 2572 2971 cherub,
2587 2904 2732 2976 quod
2753 2902 2860 2957 illic
2871 2907 3160 2972 protegens
3182 2891 3516 2956 dicitur,hoc

1930 2979 2184 3062 hicvoce
2211 3000 2495 3057 Dominica
2521 2988 2819 3052 Behemoth
2859 2991 2960 3045 iste
2999 2987 3210 3042 viarum
3239 2982 3333 3037 Dei
3364 2979 3518 3050 prin-

1931 3100 2130 3170 cipium
2162 3103 2409 3151 vocatur.
2443 3090 2518 3144 De
2545 3103 2653 3158 quo
2681 3085 2885 3141 idcirco
2915 3091 3024 3137 tam
3052 3077 3188 3134 mira
3225 3076 3277 3129 in
3324 3073 3518 3142 quibus

1932 3161 2036 3246 fuit
2063 3197 2114 3244 et
2151 3201 2270 3257 quae
2316 3181 2498 3238 amisit
2537 3177 2794 3240 insinuat,
2843 3181 2905 3227 ut
2951 3169 3141 3224 territo
3187 3161 3392 3219 homini
3431 3175 3534 3215 os-.

240 3285 485 3359 penitus]
521 3287 776 3341 credatur
805 3298 1082 3354 expressa.
1112 3281 1250 3337 Hinc
1277 3251 1524 3351 estquod
1565 3251 1830 3350 primatus
1857 3253 1904 3317 (ἶ
1937 3281 2120 3338 tendat
2143 3251 2271 3348 quid
2297 3275 2432 3345 ipse,
2460 3271 2505 3326 si
2527 3267 2820 3339 superbiat,
2847 3264 2913 3318 de
2942 3259 3192 3316 elationis
3223 3271 3332 3311 sua:
3361 3251 3518 3321 culpa

237 3377 358 3448 ejus
380 3376 675 3446 potentiam
707 3374 883 3428 adhuc
913 3373 1194 3428 insinuans
1239 3371 1381 3425 idem
1411 3369 1672 3440 propheta
1699 3367 1828 3423 sub-

233 3473 414 3546 jungit
454 3488 472 3529 :
519 3471 701 3527 Omnis
748 3471 880 3542 lapis
932 3471 1188 3542 pretiosus
1233 3467 1608 3538 operimentum
1658 3473 1826 3528 tuum,

239 3566 474 3630 cardius,
506 3573 554 3619 et
599 3565 858 3635 topazius,
887 3573 934 3618 et
969 3563 1162 3634 jaspis,
1194 3558 1561 3632 chrysolithus,
1593 3570 1751 3625 onyx,
1781 3560 1830 3608 et

241 3655 480 3721 berillus,
504 3656 805 3726 sappltirus,
835 3653 1188 3709 carbunculus
1219 3659 1266 3707 et
1289 3648 1605 3719 smaragdus
1633 3645 1786 3717 (ibid.
1811 3685 1828 3711 ,

241 3749 316 3807 15
346 3754 388 3824 ).
457 3747 658 3802 Novem
713 3746 848 3802 dixit
913 3760 1110 3816 genera
1165 3741 1423 3814 lapidum,
1483 3739 1608 3810 quia
1667 3736 1832 3792 nimi-

243 3862 369 3900 rum
401 3858 592 3900 novem
639 3847 766 3896 sunt
794 3839 1014 3894 ordines
1056 3835 1389 3907 angelorum.
1418 3830 1555 3886 Nam
1584 3845 1706 3885 cum
1735 3843 1834 3900 per

241 3939 364 4010 ipsa
403 3952 558 3992 sacra
593 3933 807 4004 eloquia
859 3931 1060 4002 angeli,
1096 3924 1447 3996 archangeli,
1489 3921 1693 3986 throni,
1739 3921 1834 3975 do-

244 4029 594 4092 minationes,
625 4026 878 4088 virtutes,
903 4020 1262 4093 principatus,
1285 4022 1598 4088 potestates,
1632 4013 1833 4068 cheru-

243 4127 362 4185 bim
386 4135 545 4195 atque
579 4121 848 4192 seraphim
872 4126 1058 4188 aperta
1098 4113 1408 4170 narratione
1439 4115 1830 4173 memorantur,

244 4233 609 4291 supernorum
641 4214 838 4271 civium
861 4219 1078 4282 quanta:
1109 4207 1221 4263 sint
1247 4204 1620 4261 distinctiones
1648 4208 1835 4255 osten-

246 4290 416 4366 ditur.
454 4308 658 4376 Quibus
703 4315 880 4359 tamen
919 4298 1215 4356 Bebemoth
1255 4297 1356 4352 iste
1403 4301 1626 4364 opertus
1669 4290 1837 4344 fuisse

249 4401 611 4464 describitur;
636 4396 761 4467 quia
800 4409 894 4450 eos
922 4390 1079 4462 quasi
1121 4397 1326 4443 vestem
1363 4386 1430 4440 ad
1454 4389 1836 4438 ornamentum

251 4509 411 4551 suum
439 4492 647 4555 habuit,
670 4501 900 4559 quorum
924 4484 1050 4538 dum
1076 4480 1375 4535 claritatem
1403 4472 1834 4532 transcenderet,

251 4602 326 4642 ex
349 4601 534 4642 eorum
585 4579 988 4651 comparatione
1017 4573 1217 4629 clarior
1260 4569 1381 4624 fuit.
1427 4569 1504 4622 De
1544 4565 1699 4634 cujus
1727 4561 1836 4616 illic

252 4680 436 4734 adhuc
459 4676 823 4746 descriptione
869 4669 1144 4739 subjungit
1185 4685 1198 4720 :
1241 4668 1442 4718 Aurum
1471 4676 1600 4731 opus
1633 4656 1835 4712 decoris

255 4772 358 4837 tui,
388 4780 436 4824 et
467 4769 729 4838 foramina
751 4776 842 4820 tua
863 4765 918 4819 in
939 4764 1023 4817 die
1048 4778 1152 4832 qua
1173 4759 1410 4812 conditus
1437 4771 1511 4820 es,
1537 4759 1836 4824 praeparata

255 4873 378 4919 sunt
413 4859 598 4934 (Ibid.)
626 4860 827 4912 Aurum
857 4870 994 4926 opus
1019 4851 1230 4908 decoris
1258 4847 1375 4918 ejus
1429 4845 1656 4907 exstitit,
1705 4841 1838 4912 quia

257 4953 540 5023 sapientiae
561 4950 804 5004 claritate
831 4945 1073 5009 canduit,
1093 4957 1256 5013 quam
1287 4942 1425 4995 bene
1447 4943 1664 4993 creatus
1687 4948 1839 4988 acce-

259 5046 361 5118 pit.
396 5041 683 5097 Foramiua
711 5053 838 5094 vero
859 5037 1060 5092 idcirco
1083 5035 1136 5088 in
1163 5031 1429 5102 lapidibus
1458 5028 1613 5091 ﬁunt,
1639 5033 1699 5079 ut
1721 5024 1841 5078 vin-

259 5139 424 5196 culati
457 5153 590 5192 auro
621 5136 673 5190 in
695 5131 998 5188 ornamenti
1029 5125 1420 5198 compositione
1439 5122 1754 5192 jungantur,
1787 5123 1844 5171 et

260 5245 603 5300 nequaquam
636 5244 664 5281 a
697 5242 755 5282 se
785 5223 1102 5286 dissideant,
1135 5233 1270 5290 quos
1300 5213 1622 5271 interfusum
1651 5223 1844 5282 aurum

263 5299 488 5392 repletis
537 5317 895 5375 foraminibus
939 5314 1088 5384 ligat.
1145 5309 1315 5381 Hujus
1357 5320 1489 5376 ergo
1539 5301 1734 5374 lapidis
1789 5299 1845 5354 in

265 5416 355 5470 die
381 5413 705 5469 conditionis
735 5425 844 5465 sua:
893 5405 1157 5463 foramina
1195 5411 1441 5472 reparata
1481 5396 1601 5470 [al.,
1640 5409 1848 5465 praepa-

267 5507 410 5580 rata]
439 5516 584 5570 sunt,
617 5507 744 5578 quia
778 5503 1028 5558 videlicet
1049 5514 1221 5569 capax
1243 5493 1524 5552 charitatis
1555 5501 1636 5546 est
1661 5487 1850 5545 condi-

268 5609 376 5654 tus.
403 5597 518 5666 Qua
565 5599 611 5651 si
643 5594 836 5666 repleri
864 5591 1143 5652 voluisset,
1177 5585 1444 5640 stantibus
1491 5581 1696 5650 angelis
1724 5586 1849 5632 tan-

268 5707 431 5762 quam
464 5690 650 5760 positis
679 5689 733 5742 in
777 5686 918 5756 regis
946 5687 1262 5737 ornamento
1295 5676 1558 5748 lapidibus
1589 5673 1852 5744 potuisset

271 5784 556 5838 ittlncrcre.
602 5781 660 5835 Si
681 5780 824 5834 enim
856 5772 1138 5830 charitatis
1161 5785 1293 5824 auro
1314 5782 1432 5822 sese
1458 5765 1848 5836 penetrabilem

269 5874 614 5949 prrebuisset,
637 5873 839 5931 sanctis
861 5866 1064 5943 angelis
1084 5863 1344 5930 sociatus,
1360 5861 1420 5924 in.
1440 5867 1854 5928 ornamentoth

1861 4611 1915 4670 D

1932 3385 2192 3444 passurus
2234 3369 2327 3431 sit,
2367 3365 2414 3421 si
2455 3361 2696 3420 feriendo
2724 3359 2798 3413 illi
2847 3370 3072 3428 parcere
3114 3351 3306 3414 noluit,
3355 3360 3516 3418 quem

1935 3439 2170 3522 creando
2195 3461 2246 3515 in
2275 3458 2442 3530 gloria
2469 3463 2630 3511 tanta:
2657 3449 2919 3508 claritatis
2936 3445 3185 3503 elevavit.
3203 3439 3521 3496 Consideret

1934 3573 2062 3630 ergo
2085 3557 2248 3612 homo
2272 3552 2401 3624 quid
2429 3549 2602 3606 elatus
2638 3549 2692 3603 in
2723 3555 2866 3602 terra
2897 3548 3189 3602 mereatur,
3230 3535 3274 3590 si
3306 3542 3361 3588 et
3382 3544 3520 3601 prae-

1933 3619 2076 3704 laius
2117 3619 2322 3716 angelis
2347 3640 2572 3712 angelus
2601 3639 2652 3693 in
2684 3635 2822 3692 caelo
2861 3628 3236 3702 prosternitur.
3288 3619 3440 3676 Unde
3466 3625 3522 3674 et

1935 3741 2076 3796 bene
2104 3709 2217 3810 per.
2239 3709 2555 3806 prophetam
2601 3729 2836 3785 dicitur:
2864 3722 3162 3778 Inebriatus
3203 3724 3276 3771 est
3308 3715 3362 3768 in
3391 3709 3519 3764 caelo

1935 3807 2143 3904 gladius
2170 3843 2315 3883 meus
2343 3825 2488 3898 (lsa.
2514 3819 2814 3904 XXXIV,.5).
2840 3816 2922 3871 Ac
2967 3813 3012 3869 si
3060 3817 3246 3882 aperte
3276 3807 3479 3862 diceret
3503 3820 3516 3856 :

1936 3890 2054 3990 Qua
2099 3922 2178 3976 ira
2218 3890 2406 3972 feriam
2450 3890 2712 3984 superbos
2754 3917 2912 3964 terra:
2939 3900 3276 3975 perpendite,
3304 3896 3350 3952 si
3377 3895 3522 3965 ipsos

1937 3988 2102 4070 etiam
2133 4024 2268 4081 quos
2296 4009 2350 4064 in
2383 4007 2521 4063 coelo
2551 4005 2708 4075 juxta
2752 4015 2840 4056 me
2866 3997 3102 4062 condidi,
3137 4008 3238 4066 pro
3267 3988 3519 4047 elationis

1938 4105 2074 4161 vitio
2103 4109 2387 4174 percutere
2421 4114 2526 4153 non
2562 4089 2836 4167 peperci.]

2011 4199 2050 4269 -ι-
2078 4172 2284 4264 Quibus
2307 4191 2718 4248 auctoritatibus
2734 4180 3110 4256 suspiciendis,
3135 4193 3198 4234 ac
3218 4191 3317 4248 per
3339 4172 3523 4230 omnia

1938 4266 2280 4352 venerandis,
2312 4284 2423 4340 sole
2462 4281 2692 4336 lucidius
2742 4277 2910 4333 claret
2958 4284 3013 4328 et
3051 4270 3301 4344 angelum
3327 4277 3376 4324 et
3422 4266 3520 4320 ho-

1939 4381 2141 4436 minem
2171 4377 2441 4448 perfectos
2467 4370 2736 4435 conditos,
2764 4356 3084 4434 ruinamqué
3109 4375 3296 4418 eorum
3320 4372 3426 4414 non
3457 4355 3524 4410 de

1942 4468 2350 4542 imperfectione
2372 4473 2600 4528 natura},
2629 4460 2726 4518 sed
2751 4460 2816 4515 de
2837 4457 3099 4512 abusione
3121 4454 3305 4508 libera:
3336 4448 3525 4504 volun-

1943 4563 2074 4618 tatis
2114 4559 2398 4616 accidisse.
2442 4555 2596 4622 Quod
2640 4553 2685 4607 si
2731 4563 2931 4620 corpus
2963 4546 3198 4602 hominis
3237 4541 3358 4598 ideo
3385 4537 3524 4594 mori

1938 4651 2114 4725 potuit
2134 4649 2262 4720 quia
2292 4645 2664 4718 imperfectum
2691 4641 2810 4707 fuit,
2835 4649 2891 4696 et
2918 4639 3099 4692 anima
3139 4647 3369 4706 peccare
3396 4631 3524 4700 quia

1941 4722 2258 4816 imperfecta
2291 4743 2430 4796 facta
2458 4747 2564 4804 est,
2589 4736 2700 4805 jam
2734 4749 2842 4789 non
2865 4733 2972 4788 erit
2998 4743 3162 4786 causa
3189 4725 3380 4781 mortis
3408 4722 3526 4792 ejus

1941 4809 2242 4909 peccatoris
2269 4832 2538 4893 voluntas,
2567 4829 2662 4884 sed
2689 4821 2998 4882 Conditoris
3023 4815 3201 4889 (quod
3228 4811 3401 4883 absit)
3430 4809 3527 4864 ini-

1944 4905 2148 4999 quitas,
2184 4924 2453 4988 videlicet,
2493 4921 2584 4992 qui
2621 4919 2742 4974 ideo
2783 4914 2974 4972 fecerit
3027 4905 3426 4980 imperfectum,
3469 4910 3530 4956 ut

1946 4992 2255 5079 necessario
2291 5023 2546 5088 peccaret
2586 5011 2916 5083 perindeque
2963 5007 3282 5059 moreretur.
3327 4996 3395 5050 Et
3434 4992 3526 5049 ubi

1946 5122 2027 5170 est
2069 5111 2214 5182 quod
2265 5085 2553 5180 Apostolus
2602 5104 2725 5158 ait:
2776 5094 3031 5168 Nunquid
3084 5085 3526 5182 iniquitasapud

1947 5177 2115 5262 om...
2165 5177 2356 5275 (Rom.
2383 5196 2704 5268 tx,l4)?et
2740 5190 2885 5262 quod
2927 5178 3426 5275 adjungitzdbsit?
3470 5177 3530 5275 si

1947 5314 2100 5370 ergo,
2129 5267 2190 5352 ul
2236 5293 2400 5350 habet
2455 5267 2698 5350 veritas,
2753 5281 2899 5338 nulla
2947 5286 3033 5334 est
3080 5273 3336 5344 iniquitas
3388 5267 3530 5367 apud

1950 5355 2142 5454 Deitm,
2171 5392 2384 5442 constat
2409 5382 2537 5454 quia
2565 5377 2742 5433 nullas
2786 5369 3138 5428 necessitates
3181 5355 3525 5419 intellectuali

1951 5488 2216 5537 creaturae
2258 5473 2538 5532 condendo
2589 5465 2864 5529 indixerit,
2916 5461 3113 5533 quibus
3154 5455 3322 5512 invita
3366 5460 3529 5519 atque

1953 5575 2164 5645 captiva
2194 5578 2416 5642 peccato
2469 5579 2588 5620 sese
2629 5561 2880 5616 addicere
2925 5561 3228 5626 cogeretur.
3279 5545 3450 5614 Quod,
3484 5541 3528 5596 si

1953 5670 2093 5724 hanc
2140 5661 2604 5735 intperfectionem
2655 5651 2971 5709 mortalitati
3017 5647 3280 5717 assignas,
3333 5651 3530 5706 nequa-

1954 5779 2116 5833 quam
2148 5760 2213 5813 ab
2241 5757 2426 5811 ca-lem
2475 5749 2749 5819 impietate
2802 5742 3036 5807 recedis,
3077 5735 3330 5810 quoniam
3386 5738 3440 5785 et
3485 5727 3531 5782 si

1955 5831 2116 5912 litn‘no
2148 5854 2218 5906 ita
2260 5844 2677 5920 primordialiter
2729 5837 2906 5895 factus
2943 5842 3049 5903 est,
3105 5837 3162 5886 ut
3209 5831 3393 5903 posset
3423 5835 3531 5880 non
