4010 6352
534 373 671 434 1115
1526 367 1584 424 S.
1625 365 1998 424 PRUDENTII
2037 361 2421 420 TRECENSIS
2456 361 2766 421 EPISCOPI
3675 367 3812 426 1116

529 491 666 546 mori
690 489 740 568 si
770 503 878 543 non
901 495 1171 558 peccaret,
1203 492 1385 555 posset
1409 483 1574 538 etiam
1599 483 1736 538 mori
1765 483 1807 537 si
1835 488 2104 552 peccaret,
2137 485 2184 544 Α
2213 475 2401 544 (Rom.
2435 494 2473 541 ι,
2499 477 2586 548 5).
2611 475 2827 533 Gabriel
2853 491 3088 548 quoque,
3120 478 3172 533 in
3210 477 3400 534 eadem
3435 479 3812 544 consentiens,

527 596 636 636 non
661 579 782 635 ideo
811 576 1158 649 imperfectus
1183 575 1441 631 dicendus
1461 586 1568 638 est,
1602 576 1724 645 quia
1754 589 1978 644 peccare
2011 588 2109 644 po-

529 671 666 736 tuit;
720 668 847 724 fecit
891 669 1037 724 enim
1083 667 1225 738 quod
1269 665 1468 732 voluit,
1531 680 1636 720 non
1696 663 2108 736 imperfectione

527 759 770 825 adactus,
797 757 891 814 sed
944 757 1216 813 voluntate
1260 756 1522 823 allectus;
1566 771 1666 812 nec
1709 757 1826 811 ideo
1863 765 2109 812 mortuus

527 853 655 922 quia
693 851 857 907 fuerit
900 849 1414 922 imperfectus,.cum
1443 859 1494 905 et
1536 866 1682 912 mors
1725 858 1944 920 propter
1981 864 2109 920 pec-

528 952 731 1009 catum,
757 951 812 998 et
838 951 1115 1014 peccatum
1157 951 1376 1013 propter
1419 941 1600 997 liberte
1630 942 1920 997 voluntatis
1952 957 2102 997 aver-

526 1033 732 1088 sionem
760 1041 1134 1103 spontaneam,
1157 1033 1402 1102 peccanti
1425 1032 1762 1088 acciderunt.

595 1121 768 1178 Faves
807 1123 1027 1178 omnino
1070 1121 1391 1191 Pelagianis,
1432 1138 1497 1178 ac
1542 1138 1637 1194 per
1681 1123 1784 1178 hoc
1827 1122 1914 1177 dic
1945 1122 2108 1178 etiam

524 1229 647 1270 cum
673 1214 774 1280 eis,
794 1214 968 1272 Adam
992 1215 1106 1271 sive
1131 1225 1404 1287 peccaret,
1426 1216 1540 1272 sive
1567 1232 1672 1270 non
1693 1224 1943 1287 peccaret
1970 1231 2112 1271 mor-

525 1304 687 1360 talem
733 1305 936 1362 factum
985 1315 1039 1361 et
1085 1308 1428 1374 moriturum,
1459 1307 1598 1378 quod
1628 1315 1796 1362 totum
1841 1308 2110 1362 catholica

525 1395 768 1453 Ecclesia
808 1398 1198 1469 praedamnavit
1243 1398 1434 1471 (Cone.
1492 1399 1659 1470 Afric.
1715 1417 1827 1470 cap.
1859 1400 1920 1472 1)
1950 1419 1962 1454 :
1993 1399 2108 1470 qui,

527 1492 771 1562 inquam,
806 1493 879 1548 ita
909 1505 994 1549 est
1022 1494 1294 1559 conditus,
1323 1503 1383 1548 ut
1419 1493 1587 1564 possit
1616 1509 1720 1547 non
1766 1492 1899 1547 mori
1928 1493 1972 1548 si
2004 1508 2111 1547 non

522 1593 794 1653 peccaret,
823 1586 1091 1658 colligitur
1120 1595 1178 1640 ut
1204 1602 1310 1641 non
1355 1585 1700 1656 imperfectus
1743 1586 1953 1640 dicatur
1978 1601 2112 1640 con~

529 1675 694 1742 ditus,
721 1677 815 1732 sed
844 1677 1113 1748 perfectus
1141 1695 1156 1746 ;
1187 1679 1384 1749 quippe
1409 1679 1494 1733 cui
1527 1679 1592 1732 ad
1615 1679 1694 1734 sui
1724 1678 2110 1749 perfectionem

524 1765 661 1821 nihil
699 1767 911 1824 deesset
958 1768 1004 1825 si
1045 1785 1149 1824 non
1189 1777 1478 1838 peccaret:
1513 1783 1707 1837 nempe
1751 1768 1953 1839 absque
2002 1767 2110 1822 ulla

2211 569 2381 626 beatae
2428 569 2607 624 Maria:
2637 570 2831 641 virgini
2868 570 3127 626 nuntians
3157 590 3169 625 :
3207 571 3273 626 Et
3319 572 3488 636 dabit,
3525 572 3731 642 inquit,
3771 573 3820 626 ei

2212 662 2466 717 Dominus
2507 662 2649 717 Deus
2677 663 2849 718 sedem
2883 663 3053 718 David
3081 667 3246 735 patris
3268 666 3382 732 ejus
3409 663 3580 735 (Luc.
3608 680 3650 727 ι,
3687 664 3814 734 52).

2211 752 2328 824 lpsc
2375 753 2537 808 etiam
2585 753 2844 808 Dominus
2891 753 3233 824 interrogans
3277 754 3611 817 Phariszeos,
3667 753 3821 820 cujus

2215 844 2384 900 ﬁlium
2433 845 2674 900 dicerent
2723 860 2846 900 esse
2895 843 3214 912 Christum;
3266 855 3320 900 et
3353 845 3820 917 respondentibus

2214 935 2408 1002 David,
2436 937 2692 992 continuo
2737 935 3019 1005 adiunxit:
3054 936 3114 992 Si
3163 956 3285 1009 ergo
3341 939 3490 1008 ﬁlius
3548 937 3674 1007 ejus
3726 948 3822 998 est.

2213 1030 2472 1101 quomodo
2513 1039 2659 1084 vocat
2705 1047 2824 1084 eum
2867 1029 3148 1085 Dominum
3194 1029 3423 1101 (Matth.
3471 1045 3624 1090 xm,
3667 1028 3820 1092 «ΕΗ

2217 1119 2318 1177 Ubi
2350 1137 2472 1175 cum
2518 1135 2706 1175 eorum
2756 1121 3092 1190 responsioni
3124 1121 3445 1191 astipulans,
3487 1136 3619 1175 sese
3653 1119 3818 1176 ﬁlium

2215 1213 2406 1278 David,
2456 1213 2508 1268 id
2552 1221 2636 1269 est
2666 1212 2940 1269 hominem
2995 1229 3063 1268 ex
3122 1213 3342 1267 homine
3395 1228 3503 1266 non
3567 1220 3820 1280 negaret,

2216 1307 2512 1362 divinitatis
2539 1322 2650 1362 sua:
2676 1305 3024 1361 eminentiam
3049 1304 3260 1370 extulit,
3293 1305 3385 1375 qui
3407 1320 3467 1358 sc
3505 1303 3692 1373 patris
3723 1303 3822 1370 sui,

2217 1398 2269 1453 id
2294 1408 2372 1453 est
2416 1397 2584 1452 David
2614 1396 2899 1452 Dominum
2930 1397 3340 1466 comprobavit:
3371 1394 3662 1466 quomodo
3685 1393 3826 1446 enim

2218 1506 2404 1546 semen
2443 1490 2754 1556 Abraham,
2803 1499 2858 1545 et
2907 1490 3051 1548 ﬁlius
3081 1490 3272 1556 David,
3314 1490 3416 1544 nisi
3457 1489 3635 1543 homo
3667 1502 3828 1542 verus

2223 1593 2386 1654 atque
2409 1581 2680 1653 perfectus
2709 1597 2776 1637 ex
2806 1583 3121 1639 hominibus
3161 1585 3304 1638 veris
3333 1592 3501 1650 atque
3529 1579 3828 1651 perfectis?

2217 1676 2353 1732 Hinc
2390 1687 2446 1732 et
2472 1676 2803 1748 Apostolus:
2848 1677 3135 1748 Nunquam
3183 1679 3322 1732 enim
3371 1675 3598 1746 angelos
3639 1692 3826 1748 appre-

2217 1769 2417 1835 hendit,
2463 1769 2553 1824 sed
2603 1786 2778 1824 semen
2816 1767 3042 1824 Abrahae
3083 1769 3442 1840 apprehendit.
3469 1765 3636 1821 Unde
3658 1777 3712 1820 et
3737 1766 3826 1820 de-

524 1858 718 1914 mortis
749 1868 845 1914 aut
873 1861 1046 1916 morbi
1078 1860 1559 1923 contaminatione,
1608 1859 1736 1927 ligni
1768 1858 1890 1913 vitae
1912 1857 2109 1928 pabulo
2140 1851 2185 1911 B
2215 1861 2322 1914 buit
2348 1877 2440 1930 per
2465 1862 2644 1915 omnia
2673 1861 2925 1930 fratribus
2965 1860 3214 1926 similari,
3246 1861 3477 1915 tentatu‘s
3521 1876 3623 1929 per
3652 1858 3828 1912 omnis

523 1949 839 2006 salutariter
874 1951 1102 2019 cibatus,
1132 1951 1386 2023 angelica:
1415 1951 1693 2006 societatis
1721 1949 1904 2005 unitus
1932 1949 2105 2004 beatio

525 2041 646 2106 tati,
672 2041 729 2096 in
755 2052 1072 2114 perpetuum
1098 2043 1410 2100 exsultaret.
1460 2042 1609 2098 Hanc
1640 2041 2108 2113 imperfectionem

518 2133 566 2190 si
587 2134 838 2192 humanae
868 2145 1074 2192 natura:
1094 2137 1341 2206 deputas,
1371 2150 1593 2191 necesse
1621 2143 1699 2190 est
1727 2144 1786 2189 ut
1813 2135 2104 2190 Dominum

518 2232 765 2280 nostrum
808 2225 992 2283 Jesum
1025 2226 1301 2282 Christum
1343 2228 1518 2282 eidem
1555 2226 1946 2297 imperfectioni
1977 2226 2106 2282 sub-

511 2311 667 2384 iuges
696 2332 710 2369 :
745 2315 867 2385 quis
912 2323 1093 2372 autem
1126 2317 1325 2370 audeat
1363 2317 1545 2372 dicere
1589 2317 1962 2386 imperfectam
1990 2317 2116 2390 ejus.

516 2419 638 2460 esse
687 2415 960 2473 naturam,
1010 2409 1076 2463 de
1115 2423 1222 2478 quo
1277 2407 1512 2464 ﬁdeliter
1553 2409 1820 2475 canimus,
1871 2410 1995 2479 quia
2035 2410 2107 2465 sit

514 2502 788 2572 perfectus
828 2504 990 2571 Deus,
1031 2505 1304 2576 perfectus
1344 2507 1506 2562 homo
1549 2521 1615 2561 ex
1640 2507 1818 2562 anima
1850 2505 2103 2560 rationali

515 2604 570 2650 et
594 2595 828 2652 humana
854 2613 1019 2654 carne
1049 2598 1395 2654 subsistens?
1424 2597 1609 2670 Neque
1633 2600 1780 2654 enim
1819 2597 1904 2653 vel
1937 2597 2100 2668 Apol-

513 2684 702 2741 linaris
757 2689 1054 2746 audiendus
1102 2698 1208 2755 est,
1239 2689 1331 2760 qui
1382 2706 1504 2745 eum
1563 2691 1816 2745 habuisse
1865 2691 2102 2744 animam

511 2786 694 2848 negat.
727 2778 914 2835 dicens
938 2780 1195 2851 quidquid
1226 2781 1421 2836 anima:
1449 2781 1624 2836 fuerat
1649 2789 1929 2850 operatam
1957 2781 2010 2836 in
2035 2797 2100 2837 eo

516 2868 855 2925 divinitatem
884 2886 1036 2926 suam
1065 2888 1080 2938 ;
1109 2887 1286 2942 neque
1307 2871 1608 2938 Manichaei,
1633 2872 1724 2942 qui
1751 2888 1872 2927 eum
1903 2888 2101 2942 corpus

511 2964 874 3034 assumpsisse
893 2965 1290 3034 phantasticum
1320 2965 1552 3020 delirant
1581 2983 1594 3019 :
1628 2966 1720 3021 sed
1751 2966 1854 3021 ﬁde
1900 2965 2100 3037 plenis-

511 3055 650 3110 sima
677 3065 733 3112 et
755 3058 1078 3130 auctoritate
1106 3057 1484 3114 fundatissima
1510 3059 1877 3115 conﬁtendum
1907 3075 2097 3140 verum

512 3145 770 3201 habuisse
815 3153 871 3202 et
896 3147 1097 3202 habere
1138 3162 1356 3218 corpus,
1389 3163 1570 3204 veram
1619 3159 1675 3204 et
1718 3151 1980 3216 animam,
2017 3151 2098 3206 ni-

514 3237 698 3308 hilque
743 3238 822 3293 illi
856 3238 1194 3309 aliquatenus
1221 3217 1455 3297 defuisse
1477 3241 1620 3311 quod
1650 3241 1966 3313 perfectioni
1997 3244 2098 3298 hu-
2125 3217 2169 3278 C

512 3343 688 3384 mana:
731 3329 1069 3399 primordiali
1119 3332 1428 3388 conditione
1479 3332 1593 3403 ipse
1652 3349 1776 3388 cum
1831 3334 1990 3389 Patre
2044 3345 2100 3391 et

512 3431 700 3476 sancto
728 3419 933 3493 Spiritu
973 3424 1328 3494 omnipotenti
1355 3425 1599 3482 bonitate
1624 3427 1948 3482 contulerat.
1985 3427 2098 3485 [loc

512 3520 806 3583 utramque
865 3514 1132 3570 veraciter
1183 3531 1307 3571 eum
1360 3519 1718 3588 assumpsisse
1762 3519 1928 3575 Isaias
1975 3537 2100 3591 pro—

511 3603 676 3673 pheta
707 3611 961 3670 testatur,
994 3620 1118 3660 cum
1144 3605 1311 3660 dicit:
1341 3604 1476 3662 Ecce
1501 3608 1642 3678 virgo
1685 3609 1740 3662 in
1779 3618 1925 3664 utero
1969 3627 2097 3665 con-

510 3697 684 3768 cipiet,
713 3707 762 3753 et
805 3700 970 3770 pariet
999 3699 1186 3768 ﬁlium,
1219 3710 1267 3754 et
1308 3700 1560 3756 uocabunt
1595 3719 1782 3780 nomen
1808 3703 1924 3772 ejus
1967 3703 2098 3758 Em-

518 3789 767 3855 manuel;
791 3790 1030 3862 butyrum
1067 3801 1115 3846 et
1157 3791 1258 3847 mel
1296 3793 1545 3858 comedet,
1579 3803 1634 3848 ut
1669 3795 1800 3849 sciat
1823 3795 2100 3865 reprobare

511 3879 733 3949 malum,
763 3890 812 3936 et
854 3882 1042 3954 eligere
1077 3885 1268 3938 bonum
1289 3883 1435 3956 (lsa.
1465 3902 1563 3951 vn,
1597 3885 1719 3958 14).
1750 3885 1934 3957 Neque
1954 3871 2112 3943 enim.

515 3971 742 4039 femina,
779 3989 900 4044 qua:
943 3984 1028 4032 est
1057 3976 1236 4036 homo,
1276 3975 1422 4032 aliud
1461 3977 1750 4048 concipere
1777 3987 1871 4033 aut
1906 3994 2101 4048 parere

511 4063 712 4132 potuit,
743 4063 848 4119 nisi
874 4065 1018 4134 quod
1044 4073 1180 4130 erat,
1208 4065 1262 4120 id
1287 4075 1368 4120 est
1404 4066 1682 4121 hominem
1712 4109 1725 4134 ,
1759 4083 1934 4136 neque
1967 4068 2100 4124 Em-

512 4153 743 4220 manuel,
785 4154 840 4210 id
875 4163 958 4210 est
1001 4155 1268 4218 nobiscum
1321 4155 1480 4220 Deus,
1510 4155 1656 4211 aliud
1700 4157 1957 4228 appellari
2004 4174 2102 4228 po-

515 4250 674 4308 terat,
727 4244 830 4300 nisi
877 4245 1038 4300 homo
1077 4260 1258 4311 verus,
1291 4247 1383 4316 qui
1431 4255 1577 4302 esset
1624 4256 1679 4302 et
1728 4249 1893 4303 Deus.
1915 4247 2102 4319 Neque

515 4333 758 4404 butyrum
801 4347 850 4392 et
881 4337 1002 4403 mel,
1034 4339 1228 4410 quibus
1255 4353 1446 4394 omnes
1479 4340 1716 4395 humano
1752 4342 1964 4412 corpori
1993 4342 2102 4398 cibi

515 4428 807 4482 necessarii
828 4429 1376 4499 comprehenduntur,
1405 4431 1692 4487 comedere
1720 4441 1958 4502 poterat,
1993 4433 2100 4490 nisi

515 4532 742 4588 corpus;
771 4532 951 4588 neque
977 4519 1210 4576 cadaver
1238 4520 1475 4576 inanima
1499 4521 1583 4577 vel
1614 4523 1773 4590 scire,
1817 4524 1901 4581 vel
1935 4541 2102 4597 appe-

517 4620 651 4676 tere,
707 4611 794 4667 vel
843 4619 1138 4668 attrectare
1179 4614 1355 4679 cibos,
1395 4615 1500 4670 nisi
1547 4631 1644 4687 per
1689 4617 1925 4674 animam
1981 4636 2104 4676 sese

515 4715 877 4775 vegetamen),
911 4706 980 4762 de
1001 4721 1110 4776 quo
1137 4718 1192 4762 et
1217 4707 1376 4763 .idem
1419 4709 1679 4778 propheta
1702 4709 1780 4764 ait
1800 4725 1815 4766 :
1839 4709 2104 4776 Quiescite

515 4797 579 4852 ab
602 4797 832 4865 homine,
865 4798 1018 4868 cujus
1044 4799 1257 4868 spiritus
1288 4799 1340 4853 in
1365 4801 1581 4855 naribus
1600 4801 1715 4871 ejus
1738 4800 1874 4872 (lsa.
1906 4802 2097 4874 11,22).

518 4889 618 4947 Ubi
680 4901 968 4964 utramque
1026 4897 1271 4948 naturam
1346 4892 1580 4948 hominis
1646 4896 2104 4965 comprehensam

515 5000 675 5041 nemo
695 4985 924 5042 dubitat.
959 4987 1035 5042 De
1072 5001 1180 5057 quo
1204 4986 1271 5040 ad
1299 4986 1573 5042 Abraham
1599 4988 1776 5042 divina
1817 4989 2105 5059 promissio

515 5078 755 5150 loquitur
800 5079 987 5138 dicens
1017 5095 1036 5133 :
1065 5077 1142 5133 In-
1170 5078 1366 5134 semine
1405 5087 1495 5131 tuo
1536 5077 1902 5134 benedicentur
1925 5097 2104 5137 omnes

516 5168 684 5222 tribus
717 5179 872 5224 teme
915 5166 1078 5241 (Gen.
1107 5184 1246 5233 xm,
1275 5167 1374 5238 18)
1401 5186 1415 5234 ;
1447 5178 1506 5224 et
1543 5169 1717 5229 Moses
1745 5172 1812 5226 ad
1852 5171 1994 5228 ﬁlios
2035 5171 2107 5229 ls-

518 5259 630 5314 raél
659 5277 672 5313 :
707 5259 1024 5330 Prophetam
1036 5260 1309 5314 suscitabit
1332 5260 1472 5314 vobis
1491 5260 1747 5316 Dominus
1770 5261 1911 5318 Deus
1942 5273 2108 5318 vester

518 5350 582 5406 de
631 5350 885 5422 fratribus
933 5352 1150 5416 vestris,
1203 5362 1456 5417 tanquam
1511 5367 1591 5406 me
1643 5353 1811 5422 ipsum
1875 5355 2105 5412 audietis

517 5441 697 5513 (Deut.
727 5455 883 5508 xvrn,
909 5442 1008 5515 18)
1043 5461 1056 5496 :
1089 5443 1218 5512 quid
1257 5444 1400 5498 enim
1443 5453 1527 5498 est
1576 5454 1823 5514 tanquam
1859 5462 1960 5510 me,
1999 5447 2105 5504 nisi

518 5532 795 5588 hominem
816 5534 959 5589 sicut
991 5548 1089 5604 ego
1115 5550 1234 5588 sum
1263 5533 1456 5599 homo;
1489 5543 1542 5590 et
1567 5535 1632 5590 ad
1663 5536 1829 5590 David
1862 5537 1978 5607 ipse
2001 5539 2106 5596 Do-

521 5625 700 5681 minus
727 5643 740 5681 :
771 5625 850 5680 De
889 5626 1064 5696 fructu
1123 5628 1310 5684 ventris
1354 5627 1432 5682 tui
1483 5645 1675 5697 ponam
1723 5645 1878 5700 super
1931 5632 2104 5689 sedem

523 5723 670 5769 tuam
700 5713 1016 5786 (Pl.cxxxl,
1045 5718 1174 5787 11);
1199 5717 1285 5772 cui
1310 5717 1601 5787 Apostolus
1625 5720 1861 5774 concinit
1886 5722 2102 5780 dicens:

2212 1951 2405 2022 absque
2432 1960 2642 2022 peccato
2667 1950 2863 2021 (Hebr.
2896 1968 2956 2018 ιι,
2983 1951 3070 2016 16,
3100 1952 3194 2016 17;
3229 1967 3302 2018 tv,
3333 1951 3456 2020 15).

2283 2043 2384 2111 Qui
2411 2044 2576 2114 igitur
2607 2059 2796 2099 omnes
2823 2044 3152 2099 tentaliones
3181 2044 3418 2098 hominis
3445 2045 3670 2113 absque
3693 2058 3822 2114 pec-

2210 2143 2333 2190 cato
2385 2135 2571 2200 subiit,
2623 2135 2868 2205 profecto
2918 2134 3135 2205 plenum
3190 2145 3352 2206 atque
3393 2135 3720 2204 perfectum
3775 2149 3830 2190 se

2212 2225 2489 2282 hominem
2539 2227 2855 2282 declaravit.
2901 2225 3075 2280 Habet
3117 2236 3297 2281 autem
3350 2226 3488 2282 ﬁdes
3547 2227 3828 2282 catholica

2210 2321 2497 2375 Dominum
2531 2330 2779 2376 nostrum
2809 2319 2989 2375 Jcsum
3027 2318 3306 2380 Christum
3335 2320 3455 2390 ejus
3481 2321 3830 2376 conditionis

2210 2410 2484 2466 hominem
2515 2425 2580 2464 ex
2625 2411 2947 2464 intemerato
2993 2409 3218 2479 virginis
3265 2420 3420 2465 utero
3467 2411 3526 2464 in
3555 2412 3826 2466 unitatem

2207 2517 2337 2566 suae,
2367 2501 2420 2557 id
2446 2511 2529 2557 est
2556 2501 2677 2556 Filii
2708 2501 2824 2567 Dei,
2853 2517 3098 2573 personae
3131 2505 3448 2572 sumpsisse,
3481 2504 3542 2556 in
3577 2521 3694 2575 qua
3721 2505 3829 2574 pri-

2207 2609 2355 2649 mum
2391 2595 2665 2650 hominem
2707 2595 2819 2665 ipse
2845 2595 3173 2650 condiderat
3210 2611 3224 2648 :
3265 2595 3410 2665 quod
3453 2595 3501 2649 si
3560 2596 3828 2666 imperfe-

2205 2686 2384 2740 ctione
2406 2694 2676 2740 mortuum
2699 2687 2931 2756 primum
2951 2689 3223 2743 hominem
3241 2703 3552 2752 asseveras,
3573 2691 3828 2758 sequitur

2207 2786 2264 2831 ut
2287 2786 2342 2832 et
2371 2777 2670 2833 secundum
2708 2778 3008 2844 hominem,
3060 2779 3112 2834 id
3167 2787 3251 2834 est
3278 2779 3585 2843 Christum,
3625 2784 3824 2835 eadem

2205 2870 2616 2941 imperfectione
2653 2880 2925 2926 mortuum
2971 2887 3272 2928 asseveras.
3314 2873 3480 2942 Atqui
3537 2889 3653 2928 non
3715 2875 3816 2928 imo

2203 2962 2559 3032 perfectione,
2612 2963 2705 3018 sed
2744 2972 3010 3034 potestate
3048 2975 3102 3019 et
3147 2964 3428 3019 voluntate
3468 2967 3713 3036 propria
3765 2982 3822 3021 se

2203 3063 2476 3109 mortuum
2503 3069 2622 3110 esse
2653 3061 2903 3122 testatur,
2943 3071 3068 3110 cum
3091 3056 3262 3111 dicit:
3297 3053 3630 3112 Potestatem
3651 3059 3820 3112 habeo

2201 3146 2427 3215 ponendi
2457 3147 2690 3202 animam
2723 3164 2910 3214 meam,
2951 3158 2998 3201 et
3043 3157 3354 3218 potestatem
3403 3149 3578 3202 habeo
3616 3150 3818 3203 iterum

2201 3239 2441 3293 sumendi
2470 3256 2604 3293 eam.
2656 3239 2825 3295 Nemo
2862 3240 2994 3294 tollit
3021 3258 3138 3296 eam
3175 3261 3209 3296 a
3250 3259 3352 3308 me,
3383 3243 3475 3296 sed
3519 3260 3618 3313 ego
3673 3260 3814 3314 pono

2199 3346 2337 3395 eam,
2370 3340 2416 3384 et
2441 3331 2630 3384 iterum
2654 3348 2802 3386 sumo
2833 3349 2948 3386 eam
2980 3333 3167 3404 (Joan.
3201 3351 3254 3399 x,
3299 3333 3420 3404 18).
3459 3333 3528 3388 Et
3555 3334 3812 3407 Evange-

2200 3424 2323 3480 lista
2367 3426 2432 3480 de
2473 3424 2603 3479 illo:
2637 3423 2707 3480 Et
2754 3425 3004 3480 inclinato
3054 3427 3222 3496 capite
3262 3427 3482 3480 tradidit
3547 3429 3806 3498 spiritum

2201 3516 2394 3588 (Joan.
2427 3533 2540 3582 XIX,
2563 3517 2686 3589 50).
2711 3516 2812 3585 Qui
2853 3517 3018 3588 igitur
3045 3533 3203 3588 posse
3232 3533 3291 3572 se
3319 3517 3566 3572 animam
3597 3534 3810 3590 ponere

2201 3609 2524 3679 demumquc
2552 3625 2827 3666 resumere
2865 3617 3113 3676 testatur,
3136 3609 3380 3679 profecto
3408 3626 3520 3665 non
3563 3612 3810 3666 necessi.

2205 3709 2314 3755 tate
2346 3703 2791 3773 imper-factionis,
2824 3703 2916 3758 sed
2947 3711 3211 3773 potestate
3235 3703 3467 3773 propria:
3500 3703 3810 3758 voluntatis

2202 3801 2434 3847 mortem
2463 3808 2522 3848 se
2560 3793 2772 3850 subisse
2801 3791 3156 3848 demonstrat.
3203 3790 3280 3845 Ac
3329 3792 3425 3861 phr
3471 3793 3586 3847 hoc
3637 3793 3691 3848 si
3726 3794 3807 3847 di—

2207 3885 2468 3939 stantiam
2499 3883 2750 3939 animalis
2780 3883 3013 3938 hominis
3037 3882 3105 3937 ab
3132 3883 3359 3954 spiritali
3381 3886 3812 3939 monstrandam

2202 3977 2570 4032 necessarium
2611 3978 2872 4044 duxeras,
2924 3975 3176 4031 insolenti
3231 3975 3488 4030 nimirum
3539 3977 3817 4034 vocabulo

2202 4087 2335 4127 usus
2363 4087 2442 4135 es,
2482 4080 2542 4125 ut
2569 4070 2950 4141 imperfectum
2977 4072 3184 4126 diceres
3221 4085 3317 4140 pro
3363 4071 3610 4126 nondum
3651 4072 3822 4143 spiri-

2204 4161 2315 4225 tali,
2341 4162 2430 4231 qui
2457 4171 2670 4217 servata
2708 4163 2948 4218 mandati
2990 4161 3238 4216 custodia
3271 4162 3602 4233 expletoque
3643 4180 3818 4219 cursu

2203 4253 2326 4308 vitae
2353 4253 2742 4320 mundissimzc,
2764 4254 3038 4309 voluntate
3063 4253 3155 4308 Dei
3180 4253 3325 4327 ligno
3349 4256 3473 4311 vitae
3487 4257 3816 4329 degustato,

2203 4343 2523 4400 beatitudini
2547 4361 2610 4401 ac
2637 4343 2822 4417 gloria:
2850 4346 3106 4418 angelicae
3129 4355 3458 4403 necteretur.

2277 4435 2509 4506 Explosa
2539 4436 2701 4508 igitur
2730 4438 3057 4494 necessitate
3083 4439 3532 4510 imperfectionis,
3569 4441 3820 4498 fatemur

2205 4544 2328 4584 eum
2369 4528 2617 4584 libertate
2644 4529 2940 4585 voluntatis
2981 4533 3312 4602 peccavisse,
3342 4534 3653 4605 meritoque
3689 4552 3820 4606 pec—

2207 4619 2338 4684 cati,
2379 4634 2485 4674 non
2513 4619 2937 4690 impcrfectionis
2966 4621 3310 4688 necessitate,
3357 4624 3554 4680 mortis
3594 4629 3816 4698 suppli-

2207 4713 2350 4769 cium
2377 4713 2663 4783 recepisse.
2709 4713 2814 4770 Sed
2838 4731 2958 4770 cum
2983 4716 3184 4771 asseris
3223 4733 3242 4774 :
3276 4716 3404 4771 Ideo
3434 4734 3626 4789 corpus
3676 4721 3821 4774 mori

2207 4807 2458 4877 potuisse,
2477 4808 2600 4878 quia
2622 4808 2841 4862 necdum
2864 4809 3102 4880 spiritale
3120 4811 3320 4880 factum
3332 4822 3464 4876 erat,
3483 4814 3816 4866 contradici:

2211 4899 2452 4964 veritati,
2497 4914 2616 4968 quae
2661 4914 2760 4968 per
2792 4901 3067 4972 egregium
3099 4901 3507 4972 praedicatorem
3551 4901 3815 4957 clamat:

2211 4991 2414 5064 Corpus
2429 4994 2640 5062 quidem
2662 5003 2929 5048 mortuum
2958 5005 3032 5050 est
3063 5004 3276 5065 propter
3301 5007 3576 5066 peccatum
3624 4995 3790 5066 (Rom

2209 5099 2325 5148 vul,
2361 5082 2481 5152 10);
2515 5091 2569 5137 et
2619 5083 2744 5137 item
2782 5101 2796 5136 :
2827 5081 3026 5153 Infelix
3069 5101 3162 5156 ego
3191 5085 3368 5151 homo,
3399 5087 3515 5153 quis
3566 5103 3650 5137 me
3677 5086 3818 5138 Iibe-

2212 5174 2345 5230 rabit
2377 5175 2441 5229 de
2463 5191 2676 5244 corpore
2714 5176 2893 5230 mortis
2921 5177 3119 5246 hujus?
3158 5177 3333 5249 (Rom.
3379 5193 3480 5243 vn,
3519 5178 3642 5248 21.)
3695 5178 3820 5236 Hoc

2211 5283 2427 5338 semper
2469 5275 2524 5322 et
2553 5269 2721 5323 sensit
2770 5276 2824 5322 et
2873 5269 3056 5324 docuit
3084 5270 3350 5326 catholica
3396 5270 3666 5334 Ecclesia,
3703 5273 3817 5327 hoc

2211 5359 2472 5422 adversus
2521 5357 2840 5429 Pelagianos
2885 5357 3178 5431 fortissime
3233 5360 3506 5426 defendit,
3568 5363 3818 5416 veracis-

2212 5452 2347 5507 simc
2378 5451 2683 5514 vindicavit,
2715 5451 3069 5508 invictissime
3096 5455 3350 5509 astruxit.
3383 5454 3496 5509 Non
3525 5456 3672 5509 enim
3709 5470 3816 5511 ne-

2211 5544 2464 5599 cessitate
2527 5543 2779 5614 ingeniun
2832 5543 3136 5616 fragilitatis
3195 5549 3428 5604 humana
3492 5557 3686 5602 natura
3753 5549 3812 5603 in

2213 5635 2403 5705 primis
2430 5635 2543 5688 suis
2564 5636 3012 5706 propagatoribus
3034 5639 3307 5710 compulsa
3338 5650 3422 5694 est
3451 5639 3505 5693 in
3525 5649 3806 5704 mortem,

2213 5727 2306 5781 sed
2333 5727 2524 5781 merito
2546 5727 2629 5782 sui
2657 5729 2938 5797 spontanei
2973 5727 3248 5795 facinoris,
3277 5731 3530 5802 aequitate
3563 5730 3806 5786 districti

527 5805 632 5878 Qui
654 5805 826 5874 {actus
859 5818 934 5862 est
979 5810 1025 5864 ei
1054 5825 1119 5864 ea:
1149 5810 1342 5864 semine
1366 5808 1537 5864 David
1575 5811 1856 5868 secundum
1895 5831 2108 5878 carnem
2206 5816 2408 5890 judicis
2465 5818 2699 5874 addicta.
2751 5816 2951 5875 Verum
3003 5822 3092 5894 qui
3143 5824 3522 5879 necessitatem
3577 5819 3806 5896 penitus

2137 6027 2150 6053 τ
