  <div class='ocr_page' id='page_1' title='image "/cluster/home/n/w/nwhite01/storage/ocr_20150623/115/hvd.32044015466873/562.png"; bbox 0 0 4010 6352; ppageno 0'>
   <div class='ocr_carea' id='block_1_1' title="bbox 1071 285 2665 362">
    <p class='ocr_par' dir='ltr' id='par_1_1' title="bbox 1071 285 2665 362">
     <span class='ocr_line' id='line_1_1' title="bbox 1071 285 2665 362; baseline 0.014 -22"><span class='ocrx_word' id='word_1_1' title='bbox 1071 285 1158 340; x_wconf 84' lang='lat' dir='ltr'><strong>DE</strong></span> <span class='ocrx_word' id='word_1_2' title='bbox 1197 285 1876 348; x_wconf 65' lang='lat' dir='ltr'><strong>PREDESTINATIONE</strong></span> <span class='ocrx_word' id='word_1_3' title='bbox 1912 293 2188 354; x_wconf 78' lang='lat' dir='ltr'><strong>CONTRA</strong></span> <span class='ocrx_word' id='word_1_4' title='bbox 2229 297 2278 354; x_wconf 78' lang='lat' dir='ltr'><strong>J.</strong></span> <span class='ocrx_word' id='word_1_5' title='bbox 2322 299 2621 358; x_wconf 82' lang='lat' dir='ltr'><strong>SCOTUM.</strong></span> <span class='ocrx_word' id='word_1_6' title='bbox 2656 351 2665 362; x_wconf 58' lang='grc' dir='ltr'><strong>ς</strong></span> 
     </span>
    </p>
   </div>
   <div class='ocr_carea' id='block_1_2' title="bbox 197 389 3462 493">
    <p class='ocr_par' dir='ltr' id='par_1_2' title="bbox 197 389 3462 493">
     <span class='ocr_line' id='line_1_2' title="bbox 197 389 3462 493; baseline 0.006 -35"><span class='ocrx_word' id='word_1_7' title='bbox 197 400 418 459; x_wconf 85' lang='lat' dir='ltr'><strong>naturis</strong></span> <span class='ocrx_word' id='word_1_8' title='bbox 441 399 638 456; x_wconf 88' lang='lat' dir='ltr'><strong>creatis</strong></span> <span class='ocrx_word' id='word_1_9' title='bbox 661 401 912 472; x_wconf 75' lang='lat' dir='ltr'><strong>abrogas,</strong></span> <span class='ocrx_word' id='word_1_10' title='bbox 957 403 1154 456; x_wconf 89' lang='lat' dir='ltr'><strong>mirum</strong></span> <span class='ocrx_word' id='word_1_11' title='bbox 1183 412 1266 459; x_wconf 90' lang='lat' dir='ltr'><strong>est</strong></span> <span class='ocrx_word' id='word_1_12' title='bbox 1304 419 1402 458; x_wconf 88' lang='lat' dir='ltr'><strong>cur</strong></span> <span class='ocrx_word' id='word_1_13' title='bbox 1431 418 1536 460; x_wconf 90' lang='lat' dir='ltr'><strong>non</strong></span> <span class='ocrx_word' id='word_1_14' title='bbox 1581 389 1782 461; x_wconf 86' lang='lat' dir='ltr'><strong>videris</strong></span> <span class='ocrx_word' id='word_1_15' title='bbox 1807 413 1856 468; x_wconf 81' lang='grc' dir='ltr'><strong>Α</strong></span> <span class='ocrx_word' id='word_1_16' title='bbox 1884 411 2132 480; x_wconf 76' lang='lat' dir='ltr'><strong>insipiens</strong></span> <span class='ocrx_word' id='word_1_17' title='bbox 2154 429 2243 466; x_wconf 86' lang='lat' dir='ltr'><strong>cor</strong></span> <span class='ocrx_word' id='word_1_18' title='bbox 2271 431 2470 469; x_wconf 87' lang='lat' dir='ltr'><strong>eorum.</strong></span> <span class='ocrx_word' id='word_1_19' title='bbox 2497 415 2734 472; x_wconf 85' lang='lat' dir='ltr'><strong>Dicentcs</strong></span> <span class='ocrx_word' id='word_1_20' title='bbox 2776 418 2914 472; x_wconf 88' lang='lat' dir='ltr'><strong>enim</strong></span> <span class='ocrx_word' id='word_1_21' title='bbox 2953 435 3008 474; x_wconf 90' lang='lat' dir='ltr'><strong>se</strong></span> <span class='ocrx_word' id='word_1_22' title='bbox 3030 435 3141 476; x_wconf 80' lang='lat' dir='ltr'><strong>esse</strong></span> <span class='ocrx_word' id='word_1_23' title='bbox 3183 424 3462 493; x_wconf 80' lang='lat' dir='ltr'><strong>sapientes,</strong></span> 
     </span>
    </p>
   </div>
   <div class='ocr_carea' id='block_1_3' title="bbox 198 491 1783 567">
    <p class='ocr_par' dir='ltr' id='par_1_3' title="bbox 198 491 1783 567">
     <span class='ocr_line' id='line_1_3' title="bbox 198 491 1783 567; baseline -0.001 -16"><span class='ocrx_word' id='word_1_24' title='bbox 198 496 336 567; x_wconf 88' lang='lat' dir='ltr'><strong>quia</strong></span> <span class='ocrx_word' id='word_1_25' title='bbox 387 495 513 550; x_wconf 90' lang='lat' dir='ltr'><strong>dum</strong></span> <span class='ocrx_word' id='word_1_26' title='bbox 549 491 952 564; x_wconf 88' lang='lat' dir='ltr'><strong>imperfectione</strong></span> <span class='ocrx_word' id='word_1_27' title='bbox 993 494 1076 549; x_wconf 89' lang='lat' dir='ltr'><strong>sui</strong></span> <span class='ocrx_word' id='word_1_28' title='bbox 1131 503 1380 548; x_wconf 88' lang='lat' dir='ltr'><strong>naturam</strong></span> <span class='ocrx_word' id='word_1_29' title='bbox 1413 495 1632 550; x_wconf 82' lang='lat' dir='ltr'><strong>humani</strong></span> <span class='ocrx_word' id='word_1_30' title='bbox 1659 510 1783 566; x_wconf 89' lang='lat' dir='ltr'><strong>pec-</strong></span> 
     </span>
    </p>
   </div>
   <div class='ocr_carea' id='block_1_4' title="bbox 198 585 1784 660">
    <p class='ocr_par' dir='ltr' id='par_1_4' title="bbox 198 585 1784 660">
     <span class='ocr_line' id='line_1_4' title="bbox 198 585 1784 660; baseline 0.001 -17"><span class='ocrx_word' id='word_1_31' title='bbox 198 602 356 651; x_wconf 88' lang='lat' dir='ltr'><strong>care,</strong></span> <span class='ocrx_word' id='word_1_32' title='bbox 387 600 450 640; x_wconf 90' lang='lat' dir='ltr'><strong>ac</strong></span> <span class='ocrx_word' id='word_1_33' title='bbox 477 599 574 655; x_wconf 89' lang='lat' dir='ltr'><strong>per</strong></span> <span class='ocrx_word' id='word_1_34' title='bbox 618 585 720 660; x_wconf 83' lang='lat' dir='ltr'><strong>hoc</strong></span> <span class='ocrx_word' id='word_1_35' title='bbox 762 585 898 640; x_wconf 91' lang='lat' dir='ltr'><strong>mori</strong></span> <span class='ocrx_word' id='word_1_36' title='bbox 925 585 1161 656; x_wconf 84' lang='lat' dir='ltr'><strong>potuisse</strong></span> <span class='ocrx_word' id='word_1_37' title='bbox 1189 587 1406 650; x_wconf 88' lang='lat' dir='ltr'><strong>asseris,</strong></span> <span class='ocrx_word' id='word_1_38' title='bbox 1451 601 1572 642; x_wconf 91' lang='lat' dir='ltr'><strong>eam</strong></span> <span class='ocrx_word' id='word_1_39' title='bbox 1613 586 1784 654; x_wconf 84' lang='lat' dir='ltr'><strong>inevi-</strong></span> 
     </span>
    </p>
   </div>
   <div class='ocr_carea' id='block_1_5' title="bbox 201 675 1778 752">
    <p class='ocr_par' dir='ltr' id='par_1_5' title="bbox 201 675 1778 752">
     <span class='ocr_line' id='line_1_5' title="bbox 201 675 1778 752; baseline -0.001 -18"><span class='ocrx_word' id='word_1_40' title='bbox 201 677 391 735; x_wconf 89' lang='lat' dir='ltr'><strong>tabilis</strong></span> <span class='ocrx_word' id='word_1_41' title='bbox 432 675 564 748; x_wconf 77' lang='lat' dir='ltr'><strong>jugo</strong></span> <span class='ocrx_word' id='word_1_42' title='bbox 605 675 946 752; x_wconf 77' lang='lat' dir='ltr'><strong>necessitatis</strong></span> <span class='ocrx_word' id='word_1_43' title='bbox 999 675 1350 746; x_wconf 82' lang='lat' dir='ltr'><strong>substernas;</strong></span> <span class='ocrx_word' id='word_1_44' title='bbox 1411 684 1468 730; x_wconf 91' lang='lat' dir='ltr'><strong>ut</strong></span> <span class='ocrx_word' id='word_1_45' title='bbox 1517 675 1634 731; x_wconf 90' lang='lat' dir='ltr'><strong>ideo</strong></span> <span class='ocrx_word' id='word_1_46' title='bbox 1679 690 1778 732; x_wconf 91' lang='lat' dir='ltr'><strong>nec</strong></span> 
     </span>
    </p>
   </div>
   <div class='ocr_carea' id='block_1_6' title="bbox 197 767 1782 842">
    <p class='ocr_par' dir='ltr' id='par_1_6' title="bbox 197 767 1782 842">
     <span class='ocr_line' id='line_1_6' title="bbox 197 767 1782 842; baseline -0.003 -16"><span class='ocrx_word' id='word_1_47' title='bbox 197 779 507 842; x_wconf 84' lang='lat' dir='ltr'><strong>peccatum,</strong></span> <span class='ocrx_word' id='word_1_48' title='bbox 533 783 630 823; x_wconf 89' lang='lat' dir='ltr'><strong>nec</strong></span> <span class='ocrx_word' id='word_1_49' title='bbox 670 767 786 838; x_wconf 85' lang='lat' dir='ltr'><strong>ejus</strong></span> <span class='ocrx_word' id='word_1_50' title='bbox 834 767 1105 833; x_wconf 88' lang='lat' dir='ltr'><strong>meritum,</strong></span> <span class='ocrx_word' id='word_1_51' title='bbox 1147 767 1199 822; x_wconf 89' lang='lat' dir='ltr'><strong>id</strong></span> <span class='ocrx_word' id='word_1_52' title='bbox 1229 777 1311 822; x_wconf 90' lang='lat' dir='ltr'><strong>cst</strong></span> <span class='ocrx_word' id='word_1_53' title='bbox 1342 775 1572 822; x_wconf 90' lang='lat' dir='ltr'><strong>mortem</strong></span> <span class='ocrx_word' id='word_1_54' title='bbox 1607 767 1782 822; x_wconf 89' lang='lat' dir='ltr'><strong>vitare</strong></span> 
     </span>
    </p>
   </div>
   <div class='ocr_carea' id='block_1_7' title="bbox 200 857 1780 932">
    <p class='ocr_par' dir='ltr' id='par_1_7' title="bbox 200 857 1780 932">
     <span class='ocr_line' id='line_1_7' title="bbox 200 857 1780 932; baseline -0.002 -17"><span class='ocrx_word' id='word_1_55' title='bbox 200 860 470 932; x_wconf 87' lang='lat' dir='ltr'><strong>potuerit,</strong></span> <span class='ocrx_word' id='word_1_56' title='bbox 529 858 784 928; x_wconf 86' lang='lat' dir='ltr'><strong>quoniam</strong></span> <span class='ocrx_word' id='word_1_57' title='bbox 837 858 1242 928; x_wconf 84' lang='lat' dir='ltr'><strong>imperfectione</strong></span> <span class='ocrx_word' id='word_1_58' title='bbox 1285 857 1620 914; x_wconf 86' lang='lat' dir='ltr'><strong>Conditionis</strong></span> <span class='ocrx_word' id='word_1_59' title='bbox 1669 869 1780 913; x_wconf 89' lang='lat' dir='ltr'><strong>tam</strong></span> 
     </span>
    </p>
   </div>
   <div class='ocr_carea' id='block_1_8' title="bbox 201 947 1778 1004">
    <p class='ocr_par' dir='ltr' id='par_1_8' title="bbox 201 947 1778 1004">
     <span class='ocr_line' id='line_1_8' title="bbox 201 947 1778 1004; baseline 0 0"><span class='ocrx_word' id='word_1_60' title='bbox 201 947 567 1004; x_wconf 73' lang='lat' dir='ltr'><strong>inextricabili</strong></span> <span class='ocrx_word' id='word_1_61' title='bbox 626 947 937 1004; x_wconf 88' lang='lat' dir='ltr'><strong>necessitati</strong></span> <span class='ocrx_word' id='word_1_62' title='bbox 993 949 1264 1004; x_wconf 86' lang='lat' dir='ltr'><strong>substrata</strong></span> <span class='ocrx_word' id='word_1_63' title='bbox 1321 947 1504 1002; x_wconf 88' lang='lat' dir='ltr'><strong>fuerit.</strong></span> <span class='ocrx_word' id='word_1_64' title='bbox 1564 948 1778 1004; x_wconf 87' lang='lat' dir='ltr'><strong>Videris</strong></span> 
     </span>
    </p>
   </div>
   <div class='ocr_carea' id='block_1_9' title="bbox 201 1037 1778 1108">
    <p class='ocr_par' dir='ltr' id='par_1_9' title="bbox 201 1037 1778 1108">
     <span class='ocr_line' id='line_1_9' title="bbox 201 1037 1778 1108; baseline -0.001 -14"><span class='ocrx_word' id='word_1_65' title='bbox 201 1039 390 1108; x_wconf 86' lang='lat' dir='ltr'><strong>itaque</strong></span> <span class='ocrx_word' id='word_1_66' title='bbox 421 1038 548 1094; x_wconf 89' lang='lat' dir='ltr'><strong>mihi</strong></span> <span class='ocrx_word' id='word_1_67' title='bbox 572 1039 626 1094; x_wconf 89' lang='lat' dir='ltr'><strong>in</strong></span> <span class='ocrx_word' id='word_1_68' title='bbox 655 1037 864 1094; x_wconf 90' lang='lat' dir='ltr'><strong>duobus</strong></span> <span class='ocrx_word' id='word_1_69' title='bbox 901 1052 1006 1092; x_wconf 92' lang='lat' dir='ltr'><strong>nou</strong></span> <span class='ocrx_word' id='word_1_70' title='bbox 1047 1037 1321 1093; x_wconf 82' lang='lat' dir='ltr'><strong>ferendam</strong></span> <span class='ocrx_word' id='word_1_71' title='bbox 1346 1037 1621 1094; x_wconf 88' lang='lat' dir='ltr'><strong>Conditori</strong></span> <span class='ocrx_word' id='word_1_72' title='bbox 1655 1038 1778 1093; x_wconf 91' lang='lat' dir='ltr'><strong>uni-</strong></span> 
     </span>
    </p>
   </div>
   <div class='ocr_carea' id='block_1_10' title="bbox 197 1115 1779 1198">
    <p class='ocr_par' dir='ltr' id='par_1_10' title="bbox 197 1115 1779 1198">
     <span class='ocr_line' id='line_1_10' title="bbox 197 1115 1779 1198; baseline -0.002 -12"><span class='ocrx_word' id='word_1_73' title='bbox 197 1131 480 1187; x_wconf 86' lang='lat' dir='ltr'><strong>versitatis</strong></span> <span class='ocrx_word' id='word_1_74' title='bbox 523 1127 724 1185; x_wconf 88' lang='lat' dir='ltr'><strong>inferre</strong></span> <span class='ocrx_word' id='word_1_75' title='bbox 771 1115 1060 1198; x_wconf 87' lang='lat' dir='ltr'><strong>injuriam;</strong></span> <span class='ocrx_word' id='word_1_76' title='bbox 1131 1128 1382 1184; x_wconf 83' lang='lat' dir='ltr'><strong>videlicet</strong></span> <span class='ocrx_word' id='word_1_77' title='bbox 1435 1129 1488 1184; x_wconf 91' lang='lat' dir='ltr'><strong>in</strong></span> <span class='ocrx_word' id='word_1_78' title='bbox 1540 1130 1779 1184; x_wconf 80' lang='lat' dir='ltr'><strong>bonitate</strong></span> 
     </span>
    </p>
   </div>
   <div class='ocr_carea' id='block_1_11' title="bbox 199 1219 1778 1292">
    <p class='ocr_par' dir='ltr' id='par_1_11' title="bbox 199 1219 1778 1292">
     <span class='ocr_line' id='line_1_11' title="bbox 199 1219 1778 1292; baseline -0.001 -14"><span class='ocrx_word' id='word_1_79' title='bbox 199 1231 371 1292; x_wconf 86' lang='lat' dir='ltr'><strong>atque</strong></span> <span class='ocrx_word' id='word_1_80' title='bbox 408 1219 614 1292; x_wconf 90' lang='lat' dir='ltr'><strong>justitia</strong></span> <span class='ocrx_word' id='word_1_81' title='bbox 665 1237 679 1272; x_wconf 89' lang='lat'><strong>:</strong></span> <span class='ocrx_word' id='word_1_82' title='bbox 739 1234 864 1274; x_wconf 92' lang='lat' dir='ltr'><strong>nam</strong></span> <span class='ocrx_word' id='word_1_83' title='bbox 918 1219 1042 1274; x_wconf 91' lang='lat' dir='ltr'><strong>dum</strong></span> <span class='ocrx_word' id='word_1_84' title='bbox 1090 1226 1370 1289; x_wconf 86' lang='lat' dir='ltr'><strong>peccatum</strong></span> <span class='ocrx_word' id='word_1_85' title='bbox 1425 1220 1491 1274; x_wconf 92' lang='lat' dir='ltr'><strong>ad</strong></span> <span class='ocrx_word' id='word_1_86' title='bbox 1549 1230 1778 1276; x_wconf 87' lang='lat' dir='ltr'><strong>mortem</strong></span> 
     </span>
    </p>
   </div>
   <div class='ocr_carea' id='block_1_12' title="bbox 199 1311 1778 1384">
    <p class='ocr_par' dir='ltr' id='par_1_12' title="bbox 199 1311 1778 1384">
     <span class='ocr_line' id='line_1_12' title="bbox 199 1311 1778 1384; baseline -0.002 -12"><span class='ocrx_word' id='word_1_87' title='bbox 199 1315 442 1372; x_wconf 87' lang='lat' dir='ltr'><strong>hominis</strong></span> <span class='ocrx_word' id='word_1_88' title='bbox 463 1311 854 1384; x_wconf 87' lang='lat' dir='ltr'><strong>imperfectioni</strong></span> <span class='ocrx_word' id='word_1_89' title='bbox 891 1327 1001 1367; x_wconf 80' lang='lat' dir='ltr'><strong>suae</strong></span> <span class='ocrx_word' id='word_1_90' title='bbox 1019 1313 1268 1381; x_wconf 89' lang='lat' dir='ltr'><strong>ascribis,</strong></span> <span class='ocrx_word' id='word_1_91' title='bbox 1291 1313 1519 1368; x_wconf 87' lang='lat' dir='ltr'><strong>bonitati</strong></span> <span class='ocrx_word' id='word_1_92' title='bbox 1543 1313 1778 1369; x_wconf 87' lang='lat' dir='ltr'><strong>auctoris</strong></span> 
     </span>
    </p>
   </div>
   <div class='ocr_carea' id='block_1_13' title="bbox 197 1402 1779 1476">
    <p class='ocr_par' dir='ltr' id='par_1_13' title="bbox 197 1402 1779 1476">
     <span class='ocr_line' id='line_1_13' title="bbox 197 1402 1779 1476; baseline -0.001 -14"><span class='ocrx_word' id='word_1_93' title='bbox 197 1406 492 1462; x_wconf 88' lang='lat' dir='ltr'><strong>immodice</strong></span> <span class='ocrx_word' id='word_1_94' title='bbox 517 1402 863 1469; x_wconf 88' lang='lat' dir='ltr'><strong>contradicis,</strong></span> <span class='ocrx_word' id='word_1_95' title='bbox 894 1404 988 1472; x_wconf 90' lang='lat' dir='ltr'><strong>qui</strong></span> <span class='ocrx_word' id='word_1_96' title='bbox 1011 1405 1174 1475; x_wconf 89' lang='lat' dir='ltr'><strong>(quod</strong></span> <span class='ocrx_word' id='word_1_97' title='bbox 1195 1405 1355 1476; x_wconf 90' lang='lat' dir='ltr'><strong>absit)</strong></span> <span class='ocrx_word' id='word_1_98' title='bbox 1383 1405 1617 1462; x_wconf 88' lang='lat' dir='ltr'><strong>noluerit</strong></span> <span class='ocrx_word' id='word_1_99' title='bbox 1652 1421 1779 1476; x_wconf 88' lang='lat' dir='ltr'><strong>pcr-</strong></span> 
     </span>
    </p>
   </div>
   <div class='ocr_carea' id='block_1_14' title="bbox 199 1495 1780 1564">
    <p class='ocr_par' dir='ltr' id='par_1_14' title="bbox 199 1495 1780 1564">
     <span class='ocr_line' id='line_1_14' title="bbox 199 1495 1780 1564; baseline -0.003 -11"><span class='ocrx_word' id='word_1_100' title='bbox 199 1499 403 1554; x_wconf 87' lang='lat' dir='ltr'><strong>l&#39;ectum</strong></span> <span class='ocrx_word' id='word_1_101' title='bbox 430 1495 681 1557; x_wconf 90' lang='lat' dir='ltr'><strong>condere,</strong></span> <span class='ocrx_word' id='word_1_102' title='bbox 710 1510 868 1564; x_wconf 89' lang='lat' dir='ltr'><strong>quem</strong></span> <span class='ocrx_word' id='word_1_103' title='bbox 894 1495 1171 1551; x_wconf 90' lang='lat' dir='ltr'><strong>conditum</strong></span> <span class='ocrx_word' id='word_1_104' title='bbox 1208 1496 1436 1552; x_wconf 86' lang='lat' dir='ltr'><strong>haberet</strong></span> <span class='ocrx_word' id='word_1_105' title='bbox 1459 1496 1600 1552; x_wconf 90' lang='lat' dir='ltr'><strong>unde</strong></span> <span class='ocrx_word' id='word_1_106' title='bbox 1628 1497 1780 1552; x_wconf 84' lang='lat' dir='ltr'><strong>dam-</strong></span> 
     </span>
    </p>
   </div>
   <div class='ocr_carea' id='block_1_15' title="bbox 199 1588 1776 1659">
    <p class='ocr_par' dir='ltr' id='par_1_15' title="bbox 199 1588 1776 1659">
     <span class='ocr_line' id='line_1_15' title="bbox 199 1588 1776 1659; baseline -0.001 -12"><span class='ocrx_word' id='word_1_107' title='bbox 199 1599 375 1647; x_wconf 89' lang='lat' dir='ltr'><strong>naret.</strong></span> <span class='ocrx_word' id='word_1_108' title='bbox 414 1588 648 1644; x_wconf 84' lang='lat' dir='ltr'><strong>Rursum</strong></span> <span class='ocrx_word' id='word_1_109' title='bbox 671 1588 796 1642; x_wconf 91' lang='lat' dir='ltr'><strong>dum</strong></span> <span class='ocrx_word' id='word_1_110' title='bbox 817 1602 1058 1659; x_wconf 77' lang='lat' dir='ltr'><strong>ptenam,</strong></span> <span class='ocrx_word' id='word_1_111' title='bbox 1081 1589 1132 1644; x_wconf 94' lang='lat' dir='ltr'><strong>id</strong></span> <span class='ocrx_word' id='word_1_112' title='bbox 1158 1599 1244 1644; x_wconf 88' lang='lat' dir='ltr'><strong>est</strong></span> <span class='ocrx_word' id='word_1_113' title='bbox 1266 1603 1494 1645; x_wconf 89' lang='lat' dir='ltr'><strong>mortem</strong></span> <span class='ocrx_word' id='word_1_114' title='bbox 1521 1591 1776 1659; x_wconf 87' lang='lat' dir='ltr'><strong>hominis,</strong></span> 
     </span>
    </p>
   </div>
   <div class='ocr_carea' id='block_1_16' title="bbox 199 1679 1780 1755">
    <p class='ocr_par' dir='ltr' id='par_1_16' title="bbox 199 1679 1780 1755">
     <span class='ocr_line' id='line_1_16' title="bbox 199 1679 1780 1755; baseline 0.001 -19"><span class='ocrx_word' id='word_1_115' title='bbox 199 1679 626 1752; x_wconf 87' lang='lat' dir='ltr'><strong>imperfectionis</strong></span> <span class='ocrx_word' id='word_1_116' title='bbox 660 1679 969 1734; x_wconf 82' lang='lat' dir='ltr'><strong>necessitati</strong></span> <span class='ocrx_word' id='word_1_117' title='bbox 1019 1680 1264 1751; x_wconf 88' lang='lat' dir='ltr'><strong>deputas,</strong></span> <span class='ocrx_word' id='word_1_118' title='bbox 1317 1682 1585 1752; x_wconf 87' lang='lat' dir='ltr'><strong>justitiam</strong></span> <span class='ocrx_word' id='word_1_119' title='bbox 1635 1683 1780 1755; x_wconf 89' lang='lat' dir='ltr'><strong>judi-</strong></span> 
     </span>
    </p>
   </div>
   <div class='ocr_carea' id='block_1_17' title="bbox 199 1769 1857 1845">
    <p class='ocr_par' dir='ltr' id='par_1_17' title="bbox 199 1769 1857 1845">
     <span class='ocr_line' id='line_1_17' title="bbox 199 1769 1857 1845; baseline -0.001 -14"><span class='ocrx_word' id='word_1_120' title='bbox 199 1776 380 1832; x_wconf 89' lang='lat' dir='ltr'><strong>cautis</strong></span> <span class='ocrx_word' id='word_1_121' title='bbox 427 1774 674 1845; x_wconf 87' lang='lat' dir='ltr'><strong>abjuras;</strong></span> <span class='ocrx_word' id='word_1_122' title='bbox 725 1782 818 1829; x_wconf 91' lang='lat' dir='ltr'><strong>aut</strong></span> <span class='ocrx_word' id='word_1_123' title='bbox 873 1782 1018 1830; x_wconf 90' lang='lat' dir='ltr'><strong>certe</strong></span> <span class='ocrx_word' id='word_1_124' title='bbox 1061 1774 1173 1830; x_wconf 88' lang='lat' dir='ltr'><strong>fato</strong></span> <span class='ocrx_word' id='word_1_125' title='bbox 1227 1776 1342 1832; x_wconf 90' lang='lat' dir='ltr'><strong>sive</strong></span> <span class='ocrx_word' id='word_1_126' title='bbox 1387 1775 1615 1834; x_wconf 76' lang='lat' dir='ltr'><strong>fortunae</strong></span> <span class='ocrx_word' id='word_1_127' title='bbox 1655 1795 1779 1834; x_wconf 93' lang='lat' dir='ltr'><strong>cum</strong></span> <span class='ocrx_word' id='word_1_128' title='bbox 1808 1769 1857 1830; x_wconf 90' lang='lat' dir='ltr'><strong>B</strong></span> 
     </span>
    </p>
   </div>
   <div class='ocr_carea' id='block_1_18' title="bbox 199 1865 1783 1940">
    <p class='ocr_par' dir='ltr' id='par_1_18' title="bbox 199 1865 1783 1940">
     <span class='ocr_line' id='line_1_18' title="bbox 199 1865 1783 1940; baseline 0.003 -16"><span class='ocrx_word' id='word_1_129' title='bbox 199 1868 429 1940; x_wconf 78' lang='lat' dir='ltr'><strong>paganis</strong></span> <span class='ocrx_word' id='word_1_130' title='bbox 479 1865 631 1922; x_wconf 90' lang='lat' dir='ltr'><strong>frena</strong></span> <span class='ocrx_word' id='word_1_131' title='bbox 677 1866 887 1933; x_wconf 83' lang='lat' dir='ltr'><strong>laxans,</strong></span> <span class='ocrx_word' id='word_1_132' title='bbox 934 1867 1029 1923; x_wconf 86' lang='lat' dir='ltr'><strong>Dei</strong></span> <span class='ocrx_word' id='word_1_133' title='bbox 1087 1869 1482 1938; x_wconf 87' lang='lat' dir='ltr'><strong>providentiam</strong></span> <span class='ocrx_word' id='word_1_134' title='bbox 1540 1871 1783 1929; x_wconf 91' lang='lat' dir='ltr'><strong>funditus</strong></span> 
     </span>
    </p>
   </div>
   <div class='ocr_carea' id='block_1_19' title="bbox 199 1960 1778 2033">
    <p class='ocr_par' dir='ltr' id='par_1_19' title="bbox 199 1960 1778 2033">
     <span class='ocr_line' id='line_1_19' title="bbox 199 1960 1778 2033; baseline 0.003 -17"><span class='ocrx_word' id='word_1_135' title='bbox 199 1961 474 2026; x_wconf 84' lang='lat' dir='ltr'><strong>absumis;</strong></span> <span class='ocrx_word' id='word_1_136' title='bbox 519 1975 637 2030; x_wconf 65' lang='lat' dir='ltr'><strong>quae</strong></span> <span class='ocrx_word' id='word_1_137' title='bbox 684 1965 846 2030; x_wconf 78' lang='lat' dir='ltr'><strong>quam</strong></span> <span class='ocrx_word' id='word_1_138' title='bbox 876 1960 984 2016; x_wconf 89' lang='lat' dir='ltr'><strong>sint</strong></span> <span class='ocrx_word' id='word_1_139' title='bbox 1034 1961 1315 2028; x_wconf 61' lang='lat' dir='ltr'><strong>catholicas</strong></span> <span class='ocrx_word' id='word_1_140' title='bbox 1364 1963 1487 2020; x_wconf 90' lang='lat' dir='ltr'><strong>ﬁdei</strong></span> <span class='ocrx_word' id='word_1_141' title='bbox 1527 1965 1778 2033; x_wconf 90' lang='lat' dir='ltr'><strong>adversa,</strong></span> 
     </span>
    </p>
   </div>
   <div class='ocr_carea' id='block_1_20' title="bbox 202 2051 1779 2124">
    <p class='ocr_par' dir='ltr' id='par_1_20' title="bbox 202 2051 1779 2124">
     <span class='ocr_line' id='line_1_20' title="bbox 202 2051 1779 2124; baseline 0.003 -16"><span class='ocrx_word' id='word_1_142' title='bbox 202 2051 383 2110; x_wconf 90' lang='lat' dir='ltr'><strong>nullus</strong></span> <span class='ocrx_word' id='word_1_143' title='bbox 409 2051 491 2108; x_wconf 90' lang='lat' dir='ltr'><strong>vel</strong></span> <span class='ocrx_word' id='word_1_144' title='bbox 525 2051 775 2117; x_wconf 85' lang='lat' dir='ltr'><strong>tenuiter,</strong></span> <span class='ocrx_word' id='word_1_145' title='bbox 810 2061 988 2108; x_wconf 85' lang='lat' dir='ltr'><strong>tamen</strong></span> <span class='ocrx_word' id='word_1_146' title='bbox 1016 2051 1265 2119; x_wconf 89' lang='lat' dir='ltr'><strong>ﬁdeliter,</strong></span> <span class='ocrx_word' id='word_1_147' title='bbox 1299 2052 1610 2124; x_wconf 87' lang='lat' dir='ltr'><strong>Scripturas</strong></span> <span class='ocrx_word' id='word_1_148' title='bbox 1657 2072 1779 2112; x_wconf 91' lang='lat' dir='ltr'><strong>san-</strong></span> 
     </span>
    </p>
   </div>
   <div class='ocr_carea' id='block_1_21' title="bbox 201 2145 1726 2222">
    <p class='ocr_par' dir='ltr' id='par_1_21' title="bbox 201 2145 1726 2222">
     <span class='ocr_line' id='line_1_21' title="bbox 201 2145 1726 2222; baseline -0.006 -19"><span class='ocrx_word' id='word_1_149' title='bbox 201 2155 322 2203; x_wconf 87' lang='lat' dir='ltr'><strong>ctas</strong></span> <span class='ocrx_word' id='word_1_150' title='bbox 349 2145 648 2217; x_wconf 78' lang='lat' dir='ltr'><strong>intelligens</strong></span> <span class='ocrx_word' id='word_1_151' title='bbox 683 2145 914 2214; x_wconf 68' lang='lat' dir='ltr'><strong>ignorat.</strong></span> <span class='ocrx_word' id='word_1_152' title='bbox 1723 2219 1726 2222; x_wconf 9' lang='lat' dir='ltr'><strong>q</strong></span> 
     </span>
    </p>
   </div>
   <div class='ocr_carea' id='block_1_22' title="bbox 273 2236 1782 2306">
    <p class='ocr_par' dir='ltr' id='par_1_22' title="bbox 273 2236 1782 2306">
     <span class='ocr_line' id='line_1_22' title="bbox 273 2236 1782 2306; baseline 0.002 -12"><span class='ocrx_word' id='word_1_153' title='bbox 273 2236 391 2294; x_wconf 80' lang='lat' dir='ltr'><strong>Jam</strong></span> <span class='ocrx_word' id='word_1_154' title='bbox 419 2251 548 2292; x_wconf 87' lang='lat' dir='ltr'><strong>vero</strong></span> <span class='ocrx_word' id='word_1_155' title='bbox 569 2236 712 2306; x_wconf 91' lang='lat' dir='ltr'><strong>quod</strong></span> <span class='ocrx_word' id='word_1_156' title='bbox 741 2237 1170 2293; x_wconf 83' lang='lat' dir='ltr'><strong>extraordinarie</strong></span> <span class='ocrx_word' id='word_1_157' title='bbox 1211 2237 1278 2294; x_wconf 88' lang='lat' dir='ltr'><strong>de</strong></span> <span class='ocrx_word' id='word_1_158' title='bbox 1307 2238 1543 2295; x_wconf 86' lang='lat' dir='ltr'><strong>hominis</strong></span> <span class='ocrx_word' id='word_1_159' title='bbox 1592 2241 1782 2297; x_wconf 84' lang='lat' dir='ltr'><strong>volun-</strong></span> 
     </span>
    </p>
   </div>
   <div class='ocr_carea' id='block_1_23' title="bbox 204 2329 1778 2403">
    <p class='ocr_par' dir='ltr' id='par_1_23' title="bbox 204 2329 1778 2403">
     <span class='ocr_line' id='line_1_23' title="bbox 204 2329 1778 2403; baseline 0.004 -19"><span class='ocrx_word' id='word_1_160' title='bbox 204 2337 314 2384; x_wconf 87' lang='lat' dir='ltr'><strong>tate</strong></span> <span class='ocrx_word' id='word_1_161' title='bbox 342 2336 465 2384; x_wconf 87' lang='lat' dir='ltr'><strong>ante</strong></span> <span class='ocrx_word' id='word_1_162' title='bbox 495 2335 772 2399; x_wconf 84' lang='lat' dir='ltr'><strong>peccatum</strong></span> <span class='ocrx_word' id='word_1_163' title='bbox 819 2329 986 2398; x_wconf 72' lang='lat' dir='ltr'><strong>quaeri</strong></span> <span class='ocrx_word' id='word_1_164' title='bbox 1033 2331 1233 2386; x_wconf 89' lang='lat' dir='ltr'><strong>asseris</strong></span> <span class='ocrx_word' id='word_1_165' title='bbox 1285 2331 1424 2403; x_wconf 85' lang='lat' dir='ltr'><strong>(cap.</strong></span> <span class='ocrx_word' id='word_1_166' title='bbox 1455 2334 1508 2400; x_wconf 90' lang='lat'><strong>8,</strong></span> <span class='ocrx_word' id='word_1_167' title='bbox 1551 2351 1696 2390; x_wconf 88' lang='lat' dir='ltr'><strong>num.</strong></span> <span class='ocrx_word' id='word_1_168' title='bbox 1721 2335 1778 2403; x_wconf 88' lang='lat'><strong>9,</strong></span> 
     </span>
    </p>
   </div>
   <div class='ocr_carea' id='block_1_24' title="bbox 203 2420 1782 2494">
    <p class='ocr_par' dir='ltr' id='par_1_24' title="bbox 203 2420 1782 2494">
     <span class='ocr_line' id='line_1_24' title="bbox 203 2420 1782 2494; baseline 0.004 -18"><span class='ocrx_word' id='word_1_169' title='bbox 203 2420 293 2486; x_wconf 81' lang='grc'><strong>10,</strong></span> <span class='ocrx_word' id='word_1_170' title='bbox 317 2428 440 2476; x_wconf 87' lang='lat' dir='ltr'><strong>sect.</strong></span> <span class='ocrx_word' id='word_1_171' title='bbox 468 2420 547 2490; x_wconf 90' lang='lat'><strong>7),</strong></span> <span class='ocrx_word' id='word_1_172' title='bbox 569 2420 691 2490; x_wconf 89' lang='lat' dir='ltr'><strong>quis</strong></span> <span class='ocrx_word' id='word_1_173' title='bbox 719 2435 824 2475; x_wconf 93' lang='lat' dir='ltr'><strong>non</strong></span> <span class='ocrx_word' id='word_1_174' title='bbox 854 2421 1034 2475; x_wconf 88' lang='lat' dir='ltr'><strong>videat</strong></span> <span class='ocrx_word' id='word_1_175' title='bbox 1062 2431 1261 2492; x_wconf 88' lang='lat' dir='ltr'><strong>quanta</strong></span> <span class='ocrx_word' id='word_1_176' title='bbox 1299 2423 1630 2494; x_wconf 85' lang='lat' dir='ltr'><strong>absurditate</strong></span> <span class='ocrx_word' id='word_1_177' title='bbox 1660 2436 1782 2484; x_wconf 89' lang='lat' dir='ltr'><strong>tuas</strong></span> 
     </span>
    </p>
   </div>
   <div class='ocr_carea' id='block_1_25' title="bbox 201 2511 1782 2586">
    <p class='ocr_par' dir='ltr' id='par_1_25' title="bbox 201 2511 1782 2586">
     <span class='ocr_line' id='line_1_25' title="bbox 201 2511 1782 2586; baseline 0.005 -18"><span class='ocrx_word' id='word_1_178' title='bbox 201 2512 586 2582; x_wconf 79' lang='lat' dir='ltr'><strong>disputationes</strong></span> <span class='ocrx_word' id='word_1_179' title='bbox 614 2511 922 2578; x_wconf 85' lang='lat' dir='ltr'><strong>involveris,</strong></span> <span class='ocrx_word' id='word_1_180' title='bbox 949 2521 1006 2568; x_wconf 90' lang='lat' dir='ltr'><strong>ut</strong></span> <span class='ocrx_word' id='word_1_181' title='bbox 1026 2515 1116 2584; x_wconf 90' lang='lat' dir='ltr'><strong>qui</strong></span> <span class='ocrx_word' id='word_1_182' title='bbox 1141 2515 1398 2586; x_wconf 84' lang='lat' dir='ltr'><strong>hactenus</strong></span> <span class='ocrx_word' id='word_1_183' title='bbox 1423 2517 1488 2574; x_wconf 91' lang='lat' dir='ltr'><strong>de</strong></span> <span class='ocrx_word' id='word_1_184' title='bbox 1507 2517 1782 2576; x_wconf 88' lang='lat' dir='ltr'><strong>voluntate</strong></span> 
     </span>
    </p>
   </div>
   <div class='ocr_carea' id='block_1_26' title="bbox 201 2603 1778 2674">
    <p class='ocr_par' dir='ltr' id='par_1_26' title="bbox 201 2603 1778 2674">
     <span class='ocr_line' id='line_1_26' title="bbox 201 2603 1778 2674; baseline 0.007 -17"><span class='ocrx_word' id='word_1_185' title='bbox 201 2613 324 2673; x_wconf 90' lang='lat' dir='ltr'><strong>post</strong></span> <span class='ocrx_word' id='word_1_186' title='bbox 349 2613 628 2674; x_wconf 86' lang='lat' dir='ltr'><strong>peccatum</strong></span> <span class='ocrx_word' id='word_1_187' title='bbox 667 2603 830 2660; x_wconf 89' lang='lat' dir='ltr'><strong>etiam</strong></span> <span class='ocrx_word' id='word_1_188' title='bbox 883 2603 1052 2660; x_wconf 90' lang='lat' dir='ltr'><strong>libera</strong></span> <span class='ocrx_word' id='word_1_189' title='bbox 1102 2609 1439 2672; x_wconf 88' lang='lat' dir='ltr'><strong>tractaveris,</strong></span> <span class='ocrx_word' id='word_1_190' title='bbox 1496 2612 1676 2666; x_wconf 90' lang='lat' dir='ltr'><strong>subito</strong></span> <span class='ocrx_word' id='word_1_191' title='bbox 1711 2613 1778 2668; x_wconf 90' lang='lat' dir='ltr'><strong>ad</strong></span> 
     </span>
    </p>
   </div>
   <div class='ocr_carea' id='block_1_27' title="bbox 199 2693 1780 2767">
    <p class='ocr_par' dir='ltr' id='par_1_27' title="bbox 199 2693 1780 2767">
     <span class='ocr_line' id='line_1_27' title="bbox 199 2693 1780 2767; baseline 0.008 -19"><span class='ocrx_word' id='word_1_192' title='bbox 199 2693 444 2750; x_wconf 88' lang='lat' dir='ltr'><strong>eamdem</strong></span> <span class='ocrx_word' id='word_1_193' title='bbox 475 2703 598 2748; x_wconf 88' lang='lat' dir='ltr'><strong>ante</strong></span> <span class='ocrx_word' id='word_1_194' title='bbox 625 2703 906 2766; x_wconf 89' lang='lat' dir='ltr'><strong>peccatum</strong></span> <span class='ocrx_word' id='word_1_195' title='bbox 938 2696 1115 2767; x_wconf 89' lang='lat' dir='ltr'><strong>qualis</strong></span> <span class='ocrx_word' id='word_1_196' title='bbox 1155 2696 1318 2754; x_wconf 89' lang='lat' dir='ltr'><strong>fuerit</strong></span> <span class='ocrx_word' id='word_1_197' title='bbox 1349 2699 1669 2758; x_wconf 89' lang='lat' dir='ltr'><strong>evolaveris.</strong></span> <span class='ocrx_word' id='word_1_198' title='bbox 1703 2703 1780 2761; x_wconf 91' lang='lat' dir='ltr'><strong>De</strong></span> 
     </span>
    </p>
   </div>
   <div class='ocr_carea' id='block_1_28' title="bbox 200 2783 1776 2866">
    <p class='ocr_par' dir='ltr' id='par_1_28' title="bbox 200 2783 1776 2866">
     <span class='ocr_line' id='line_1_28' title="bbox 200 2783 1776 2866; baseline 0.008 -28"><span class='ocrx_word' id='word_1_199' title='bbox 200 2801 306 2855; x_wconf 88' lang='lat' dir='ltr'><strong>qua</strong></span> <span class='ocrx_word' id='word_1_200' title='bbox 329 2800 451 2840; x_wconf 91' lang='lat' dir='ltr'><strong>cum</strong></span> <span class='ocrx_word' id='word_1_201' title='bbox 499 2783 677 2840; x_wconf 89' lang='lat' dir='ltr'><strong>nullus</strong></span> <span class='ocrx_word' id='word_1_202' title='bbox 707 2785 930 2850; x_wconf 89' lang='lat' dir='ltr'><strong>dubitet,</strong></span> <span class='ocrx_word' id='word_1_203' title='bbox 959 2798 1050 2841; x_wconf 89' lang='lat' dir='ltr'><strong>aut</strong></span> <span class='ocrx_word' id='word_1_204' title='bbox 1093 2791 1442 2858; x_wconf 77' lang='lat' dir='ltr'><strong>quaerendum</strong></span> <span class='ocrx_word' id='word_1_205' title='bbox 1479 2792 1776 2866; x_wconf 55' lang='lat' dir='ltr'><strong>egistimet,</strong></span> 
     </span>
    </p>
   </div>
   <div class='ocr_carea' id='block_1_29' title="bbox 204 2875 1778 2958">
    <p class='ocr_par' dir='ltr' id='par_1_29' title="bbox 204 2875 1778 2958">
     <span class='ocr_line' id='line_1_29' title="bbox 204 2875 1778 2958; baseline 0.008 -28"><span class='ocrx_word' id='word_1_206' title='bbox 204 2875 513 2931; x_wconf 87' lang='lat' dir='ltr'><strong>verbositati</strong></span> <span class='ocrx_word' id='word_1_207' title='bbox 539 2885 700 2946; x_wconf 90' lang='lat' dir='ltr'><strong>atque</strong></span> <span class='ocrx_word' id='word_1_208' title='bbox 735 2875 1007 2945; x_wconf 83' lang='lat' dir='ltr'><strong>jactantiae</strong></span> <span class='ocrx_word' id='word_1_209' title='bbox 1055 2889 1108 2934; x_wconf 91' lang='lat' dir='ltr'><strong>te</strong></span> <span class='ocrx_word' id='word_1_210' title='bbox 1149 2879 1422 2958; x_wconf 83' lang='lat' dir='ltr'><strong>studuisse</strong></span> <span class='ocrx_word' id='word_1_211' title='bbox 1452 2886 1778 2954; x_wconf 80' lang='lat' dir='ltr'><strong>procacissi-</strong></span> 
     </span>
    </p>
   </div>
   <div class='ocr_carea' id='block_1_30' title="bbox 202 2968 1778 3048">
    <p class='ocr_par' dir='ltr' id='par_1_30' title="bbox 202 2968 1778 3048">
     <span class='ocr_line' id='line_1_30' title="bbox 202 2968 1778 3048; baseline 0.008 -25"><span class='ocrx_word' id='word_1_212' title='bbox 202 2985 324 3024; x_wconf 89' lang='lat' dir='ltr'><strong>mus</strong></span> <span class='ocrx_word' id='word_1_213' title='bbox 354 2969 595 3025; x_wconf 90' lang='lat' dir='ltr'><strong>innuisti.</strong></span> <span class='ocrx_word' id='word_1_214' title='bbox 628 2968 734 3026; x_wconf 91' lang='lat' dir='ltr'><strong>Sed</strong></span> <span class='ocrx_word' id='word_1_215' title='bbox 757 2972 867 3027; x_wconf 92' lang='lat' dir='ltr'><strong>Deo</strong></span> <span class='ocrx_word' id='word_1_216' title='bbox 883 2973 1091 3044; x_wconf 80' lang='lat' dir='ltr'><strong>agimus</strong></span> <span class='ocrx_word' id='word_1_217' title='bbox 1115 2975 1342 3045; x_wconf 74' lang='lat' dir='ltr'><strong>gratias,</strong></span> <span class='ocrx_word' id='word_1_218' title='bbox 1366 2977 1459 3048; x_wconf 86' lang='lat' dir='ltr'><strong>qui</strong></span> <span class='ocrx_word' id='word_1_219' title='bbox 1492 2986 1544 3034; x_wconf 91' lang='lat' dir='ltr'><strong>te</strong></span> <span class='ocrx_word' id='word_1_220' title='bbox 1573 2991 1778 3036; x_wconf 90' lang='lat' dir='ltr'><strong>motum</strong></span> 
     </span>
    </p>
   </div>
   <div class='ocr_carea' id='block_1_31' title="bbox 203 3059 1776 3140">
    <p class='ocr_par' dir='ltr' id='par_1_31' title="bbox 203 3059 1776 3140">
     <span class='ocr_line' id='line_1_31' title="bbox 203 3059 1776 3140; baseline 0.009 -26"><span class='ocrx_word' id='word_1_221' title='bbox 203 3059 416 3126; x_wconf 63' lang='lat' dir='ltr'><strong>animai,</strong></span> <span class='ocrx_word' id='word_1_222' title='bbox 449 3075 610 3131; x_wconf 91' lang='lat' dir='ltr'><strong>quam</strong></span> <span class='ocrx_word' id='word_1_223' title='bbox 651 3075 751 3117; x_wconf 89' lang='lat' dir='ltr'><strong>nos</strong></span> <span class='ocrx_word' id='word_1_224' title='bbox 778 3061 1106 3119; x_wconf 87' lang='lat' dir='ltr'><strong>voluntatem</strong></span> <span class='ocrx_word' id='word_1_225' title='bbox 1139 3065 1280 3122; x_wconf 89' lang='lat' dir='ltr'><strong>illius</strong></span> <span class='ocrx_word' id='word_1_226' title='bbox 1308 3083 1416 3122; x_wconf 90' lang='lat' dir='ltr'><strong>non</strong></span> <span class='ocrx_word' id='word_1_227' title='bbox 1447 3069 1776 3140; x_wconf 88' lang='lat' dir='ltr'><strong>dubitamus,</strong></span> 
     </span>
    </p>
   </div>
   <div class='ocr_carea' id='block_1_32' title="bbox 1885 503 3463 587">
    <p class='ocr_par' dir='ltr' id='par_1_32' title="bbox 1885 503 3463 587">
     <span class='ocr_line' id='line_1_32' title="bbox 1885 503 3463 587; baseline 0.011 -30"><span class='ocrx_word' id='word_1_228' title='bbox 1885 503 2030 557; x_wconf 77' lang='lat' dir='ltr'><strong>stulti</strong></span> <span class='ocrx_word' id='word_1_229' title='bbox 2055 506 2182 575; x_wconf 86' lang='lat' dir='ltr'><strong>facti</strong></span> <span class='ocrx_word' id='word_1_230' title='bbox 2209 518 2352 574; x_wconf 86' lang='lat' dir='ltr'><strong>sunt,</strong></span> <span class='ocrx_word' id='word_1_231' title='bbox 2375 518 2424 563; x_wconf 89' lang='lat' dir='ltr'><strong>et</strong></span> <span class='ocrx_word' id='word_1_232' title='bbox 2459 519 2784 566; x_wconf 84' lang='lat' dir='ltr'><strong>mutaverunt</strong></span> <span class='ocrx_word' id='word_1_233' title='bbox 2810 511 3031 582; x_wconf 78' lang='lat' dir='ltr'><strong>gloriam</strong></span> <span class='ocrx_word' id='word_1_234' title='bbox 3055 515 3463 587; x_wconf 85' lang='lat' dir='ltr'><strong>incorruptibilis</strong></span> 
     </span>
    </p>
   </div>
   <div class='ocr_carea' id='block_1_33' title="bbox 1882 595 3463 674">
    <p class='ocr_par' dir='ltr' id='par_1_33' title="bbox 1882 595 3463 674">
     <span class='ocr_line' id='line_1_33' title="bbox 1882 595 3463 674; baseline 0.01 -25"><span class='ocrx_word' id='word_1_235' title='bbox 1882 595 1982 650; x_wconf 97' lang='lat' dir='ltr'><strong>Dei</strong></span> <span class='ocrx_word' id='word_1_236' title='bbox 2005 598 2058 652; x_wconf 92' lang='lat' dir='ltr'><strong>in</strong></span> <span class='ocrx_word' id='word_1_237' title='bbox 2079 599 2472 655; x_wconf 76' lang='lat' dir='ltr'><strong>similitudinem</strong></span> <span class='ocrx_word' id='word_1_238' title='bbox 2511 603 2755 674; x_wconf 79' lang='lat' dir='ltr'><strong>imaginis</strong></span> <span class='ocrx_word' id='word_1_239' title='bbox 2788 606 3134 674; x_wconf 79' lang='lat' dir='ltr'><strong>corruptibilis</strong></span> <span class='ocrx_word' id='word_1_240' title='bbox 3164 607 3386 664; x_wconf 83' lang='lat' dir='ltr'><strong>hominis</strong></span> <span class='ocrx_word' id='word_1_241' title='bbox 3415 622 3463 665; x_wconf 85' lang='lat' dir='ltr'><strong>et</strong></span> 
     </span>
    </p>
   </div>
   <div class='ocr_carea' id='block_1_34' title="bbox 1884 688 3466 770">
    <p class='ocr_par' dir='ltr' id='par_1_34' title="bbox 1884 688 3466 770">
     <span class='ocr_line' id='line_1_34' title="bbox 1884 688 3466 770; baseline 0.006 -26"><span class='ocrx_word' id='word_1_242' title='bbox 1884 688 2172 756; x_wconf 83' lang='lat' dir='ltr'><strong>volucrum,</strong></span> <span class='ocrx_word' id='word_1_243' title='bbox 2213 700 2260 746; x_wconf 89' lang='lat' dir='ltr'><strong>et</strong></span> <span class='ocrx_word' id='word_1_244' title='bbox 2303 693 2733 764; x_wconf 85' lang='lat' dir='ltr'><strong>quadrupedum,</strong></span> <span class='ocrx_word' id='word_1_245' title='bbox 2782 705 2830 750; x_wconf 85' lang='lat' dir='ltr'><strong>et</strong></span> <span class='ocrx_word' id='word_1_246' title='bbox 2873 705 3189 765; x_wconf 84' lang='lat' dir='ltr'><strong>serpentum.</strong></span> <span class='ocrx_word' id='word_1_247' title='bbox 3245 695 3466 770; x_wconf 85' lang='lat' dir='ltr'><strong>Propter</strong></span> 
     </span>
    </p>
   </div>
   <div class='ocr_carea' id='block_1_35' title="bbox 1882 771 3459 856">
    <p class='ocr_par' dir='ltr' id='par_1_35' title="bbox 1882 771 3459 856">
     <span class='ocr_line' id='line_1_35' title="bbox 1882 771 3459 856; baseline 0.008 -23"><span class='ocrx_word' id='word_1_248' title='bbox 1882 771 2032 852; x_wconf 86' lang='lat' dir='ltr'><strong>quod</strong></span> <span class='ocrx_word' id='word_1_249' title='bbox 2069 784 2288 838; x_wconf 86' lang='lat' dir='ltr'><strong>tradidit</strong></span> <span class='ocrx_word' id='word_1_250' title='bbox 2325 783 2445 840; x_wconf 90' lang='lat' dir='ltr'><strong>illos</strong></span> <span class='ocrx_word' id='word_1_251' title='bbox 2487 785 2628 841; x_wconf 85' lang='lat' dir='ltr'><strong>Deus</strong></span> <span class='ocrx_word' id='word_1_252' title='bbox 2664 789 2719 841; x_wconf 90' lang='lat' dir='ltr'><strong>in</strong></span> <span class='ocrx_word' id='word_1_253' title='bbox 2763 788 3022 842; x_wconf 86' lang='lat' dir='ltr'><strong>desideria</strong></span> <span class='ocrx_word' id='word_1_254' title='bbox 3061 789 3232 843; x_wconf 82' lang='lat' dir='ltr'><strong>cordis</strong></span> <span class='ocrx_word' id='word_1_255' title='bbox 3259 807 3459 856; x_wconf 88' lang='lat' dir='ltr'><strong>eorum,</strong></span> 
     </span>
    </p>
   </div>
   <div class='ocr_carea' id='block_1_36' title="bbox 1880 873 3465 952">
    <p class='ocr_par' dir='ltr' id='par_1_36' title="bbox 1880 873 3465 952">
     <span class='ocr_line' id='line_1_36' title="bbox 1880 873 3465 952; baseline 0.006 -26"><span class='ocrx_word' id='word_1_256' title='bbox 1880 873 1938 928; x_wconf 88' lang='lat' dir='ltr'><strong>in</strong></span> <span class='ocrx_word' id='word_1_257' title='bbox 1999 876 2423 943; x_wconf 84' lang='lat' dir='ltr'><strong>immunditiam,</strong></span> <span class='ocrx_word' id='word_1_258' title='bbox 2483 887 2541 932; x_wconf 89' lang='lat' dir='ltr'><strong>ut</strong></span> <span class='ocrx_word' id='word_1_259' title='bbox 2588 879 2914 934; x_wconf 84' lang='lat' dir='ltr'><strong>contumeliis</strong></span> <span class='ocrx_word' id='word_1_260' title='bbox 2960 879 3186 950; x_wconf 73' lang='lat' dir='ltr'><strong>afficiant</strong></span> <span class='ocrx_word' id='word_1_261' title='bbox 3245 899 3465 952; x_wconf 83' lang='lat' dir='ltr'><strong>corpora</strong></span> 
     </span>
    </p>
   </div>
   <div class='ocr_carea' id='block_1_37' title="bbox 1881 968 3463 1040">
    <p class='ocr_par' dir='ltr' id='par_1_37' title="bbox 1881 968 3463 1040">
     <span class='ocr_line' id='line_1_37' title="bbox 1881 968 3463 1040; baseline 0.006 -21"><span class='ocrx_word' id='word_1_262' title='bbox 1881 982 1977 1020; x_wconf 85' lang='lat' dir='ltr'><strong>sua</strong></span> <span class='ocrx_word' id='word_1_263' title='bbox 2028 968 2080 1020; x_wconf 84' lang='lat' dir='ltr'><strong>in</strong></span> <span class='ocrx_word' id='word_1_264' title='bbox 2107 969 2412 1038; x_wconf 81' lang='lat' dir='ltr'><strong>semetipsis,</strong></span> <span class='ocrx_word' id='word_1_265' title='bbox 2438 970 2528 1040; x_wconf 85' lang='lat' dir='ltr'><strong>qui</strong></span> <span class='ocrx_word' id='word_1_266' title='bbox 2573 981 3020 1026; x_wconf 81' lang='lat' dir='ltr'><strong>commutaverunt</strong></span> <span class='ocrx_word' id='word_1_267' title='bbox 3069 974 3335 1028; x_wconf 79' lang='lat' dir='ltr'><strong>veritatem</strong></span> <span class='ocrx_word' id='word_1_268' title='bbox 3370 973 3463 1028; x_wconf 88' lang='lat' dir='ltr'><strong>Dei</strong></span> 
     </span>
    </p>
   </div>
   <div class='ocr_carea' id='block_1_38' title="bbox 1881 1059 3461 1124">
    <p class='ocr_par' dir='ltr' id='par_1_38' title="bbox 1881 1059 3461 1124">
     <span class='ocr_line' id='line_1_38' title="bbox 1881 1059 3461 1124; baseline 0.003 -12"><span class='ocrx_word' id='word_1_269' title='bbox 1881 1059 1937 1112; x_wconf 89' lang='lat' dir='ltr'><strong>in</strong></span> <span class='ocrx_word' id='word_1_270' title='bbox 1981 1059 2329 1124; x_wconf 85' lang='lat' dir='ltr'><strong>mendacium,</strong></span> <span class='ocrx_word' id='word_1_271' title='bbox 2372 1069 2421 1113; x_wconf 90' lang='lat' dir='ltr'><strong>et</strong></span> <span class='ocrx_word' id='word_1_272' title='bbox 2459 1059 2730 1114; x_wconf 85' lang='lat' dir='ltr'><strong>coluerunt</strong></span> <span class='ocrx_word' id='word_1_273' title='bbox 2777 1069 2824 1114; x_wconf 90' lang='lat' dir='ltr'><strong>et</strong></span> <span class='ocrx_word' id='word_1_274' title='bbox 2877 1062 3164 1116; x_wconf 80' lang='lat' dir='ltr'><strong>servierunt</strong></span> <span class='ocrx_word' id='word_1_275' title='bbox 3200 1073 3461 1118; x_wconf 72' lang='lat' dir='ltr'><strong>creatura:</strong></span> 
     </span>
    </p>
   </div>
   <div class='ocr_carea' id='block_1_39' title="bbox 1866 1145 3460 1228">
    <p class='ocr_par' dir='ltr' id='par_1_39' title="bbox 1866 1145 3460 1228">
     <span class='ocr_line' id='line_1_39' title="bbox 1866 1145 3460 1228; baseline 0.003 -29"><span class='ocrx_word' id='word_1_276' title='bbox 1866 1145 2046 1228; x_wconf 79' lang='lat' dir='ltr'><strong>potius</strong></span> <span class='ocrx_word' id='word_1_277' title='bbox 2085 1163 2244 1216; x_wconf 87' lang='lat' dir='ltr'><strong>quam</strong></span> <span class='ocrx_word' id='word_1_278' title='bbox 2271 1146 2534 1212; x_wconf 78' lang='lat' dir='ltr'><strong>Creatori,</strong></span> <span class='ocrx_word' id='word_1_279' title='bbox 2577 1149 2666 1218; x_wconf 86' lang='lat' dir='ltr'><strong>qui</strong></span> <span class='ocrx_word' id='word_1_280' title='bbox 2714 1159 2787 1204; x_wconf 89' lang='lat' dir='ltr'><strong>est</strong></span> <span class='ocrx_word' id='word_1_281' title='bbox 2834 1150 3130 1204; x_wconf 86' lang='lat' dir='ltr'><strong>benedictus</strong></span> <span class='ocrx_word' id='word_1_282' title='bbox 3159 1152 3214 1205; x_wconf 87' lang='lat' dir='ltr'><strong>in</strong></span> <span class='ocrx_word' id='word_1_283' title='bbox 3243 1151 3460 1217; x_wconf 78' lang='lat' dir='ltr'><strong>stecula,</strong></span> 
     </span>
    </p>
   </div>
   <div class='ocr_carea' id='block_1_40' title="bbox 1879 1236 3459 1312">
    <p class='ocr_par' dir='ltr' id='par_1_40' title="bbox 1879 1236 3459 1312">
     <span class='ocr_line' id='line_1_40' title="bbox 1879 1236 3459 1312; baseline 0.004 -23"><span class='ocrx_word' id='word_1_284' title='bbox 1879 1253 2050 1292; x_wconf 80' lang='lat' dir='ltr'><strong>auten.</strong></span> <span class='ocrx_word' id='word_1_285' title='bbox 2119 1236 2400 1308; x_wconf 85' lang='lat' dir='ltr'><strong>Propterea</strong></span> <span class='ocrx_word' id='word_1_286' title='bbox 2456 1240 2675 1294; x_wconf 85' lang='lat' dir='ltr'><strong>tradidit</strong></span> <span class='ocrx_word' id='word_1_287' title='bbox 2720 1239 2839 1295; x_wconf 88' lang='lat' dir='ltr'><strong>illos</strong></span> <span class='ocrx_word' id='word_1_288' title='bbox 2903 1241 3048 1296; x_wconf 88' lang='lat' dir='ltr'><strong>Deus</strong></span> <span class='ocrx_word' id='word_1_289' title='bbox 3090 1243 3146 1296; x_wconf 90' lang='lat' dir='ltr'><strong>in</strong></span> <span class='ocrx_word' id='word_1_290' title='bbox 3191 1243 3459 1312; x_wconf 83' lang='lat' dir='ltr'><strong>passiones</strong></span> 
     </span>
    </p>
   </div>
   <div class='ocr_carea' id='block_1_41' title="bbox 1878 1327 3458 1399">
    <p class='ocr_par' dir='ltr' id='par_1_41' title="bbox 1878 1327 3458 1399">
     <span class='ocr_line' id='line_1_41' title="bbox 1878 1327 3458 1399; baseline 0.002 -20"><span class='ocrx_word' id='word_1_291' title='bbox 1878 1327 2179 1397; x_wconf 73' lang='lat' dir='ltr'><strong>ignominia:</strong></span> <span class='ocrx_word' id='word_1_292' title='bbox 2242 1347 2259 1383; x_wconf 86' lang='lat'><strong><em>:</em></strong></span> <span class='ocrx_word' id='word_1_293' title='bbox 2326 1346 2447 1383; x_wconf 88' lang='lat' dir='ltr'><strong>nam</strong></span> <span class='ocrx_word' id='word_1_294' title='bbox 2511 1330 2718 1399; x_wconf 76' lang='lat' dir='ltr'><strong>femina:</strong></span> <span class='ocrx_word' id='word_1_295' title='bbox 2793 1349 2974 1388; x_wconf 88' lang='lat' dir='ltr'><strong>eorum</strong></span> <span class='ocrx_word' id='word_1_296' title='bbox 3057 1334 3458 1387; x_wconf 78' lang='lat' dir='ltr'><strong>immutavcrun.</strong></span> 
     </span>
    </p>
   </div>
   <div class='ocr_carea' id='block_1_42' title="bbox 1879 1419 3467 1496">
    <p class='ocr_par' dir='ltr' id='par_1_42' title="bbox 1879 1419 3467 1496">
     <span class='ocr_line' id='line_1_42' title="bbox 1879 1419 3467 1496; baseline 0.004 -25"><span class='ocrx_word' id='word_1_297' title='bbox 1879 1419 2172 1474; x_wconf 86' lang='lat' dir='ltr'><strong>naturalem</strong></span> <span class='ocrx_word' id='word_1_298' title='bbox 2208 1437 2360 1474; x_wconf 82' lang='lat' dir='ltr'><strong>nsunt</strong></span> <span class='ocrx_word' id='word_1_299' title='bbox 2412 1423 2466 1476; x_wconf 89' lang='lat' dir='ltr'><strong>in</strong></span> <span class='ocrx_word' id='word_1_300' title='bbox 2490 1439 2608 1476; x_wconf 80' lang='lat' dir='ltr'><strong>eum</strong></span> <span class='ocrx_word' id='word_1_301' title='bbox 2639 1441 2790 1478; x_wconf 86' lang='lat' dir='ltr'><strong>usum</strong></span> <span class='ocrx_word' id='word_1_302' title='bbox 2821 1425 2911 1496; x_wconf 85' lang='lat' dir='ltr'><strong>qui</strong></span> <span class='ocrx_word' id='word_1_303' title='bbox 2963 1435 3036 1480; x_wconf 88' lang='lat' dir='ltr'><strong>est</strong></span> <span class='ocrx_word' id='word_1_304' title='bbox 3075 1437 3256 1480; x_wconf 87' lang='lat' dir='ltr'><strong>contra</strong></span> <span class='ocrx_word' id='word_1_305' title='bbox 3305 1435 3467 1479; x_wconf 88' lang='lat' dir='ltr'><strong>natu-</strong></span> 
     </span>
    </p>
   </div>
   <div class='ocr_carea' id='block_1_43' title="bbox 1878 1511 3458 1580">
    <p class='ocr_par' dir='ltr' id='par_1_43' title="bbox 1878 1511 3458 1580">
     <span class='ocr_line' id='line_1_43' title="bbox 1878 1511 3458 1580; baseline 0.004 -17"><span class='ocrx_word' id='word_1_306' title='bbox 1878 1526 1992 1564; x_wconf 83' lang='lat' dir='ltr'><strong>ram</strong></span> <span class='ocrx_word' id='word_1_307' title='bbox 2018 1527 2035 1575; x_wconf 88' lang='lat'><strong><em>;</em></strong></span> <span class='ocrx_word' id='word_1_308' title='bbox 2065 1511 2309 1566; x_wconf 86' lang='lat' dir='ltr'><strong>similiter</strong></span> <span class='ocrx_word' id='word_1_309' title='bbox 2337 1522 2586 1568; x_wconf 86' lang='lat' dir='ltr'><strong>autemet</strong></span> <span class='ocrx_word' id='word_1_310' title='bbox 2612 1515 2852 1580; x_wconf 87' lang='lat' dir='ltr'><strong>masculi,</strong></span> <span class='ocrx_word' id='word_1_311' title='bbox 2883 1517 3062 1570; x_wconf 84' lang='lat' dir='ltr'><strong>relicto</strong></span> <span class='ocrx_word' id='word_1_312' title='bbox 3096 1515 3331 1570; x_wconf 83' lang='lat' dir='ltr'><strong>naturali</strong></span> <span class='ocrx_word' id='word_1_313' title='bbox 3357 1532 3458 1571; x_wconf 86' lang='lat' dir='ltr'><strong>usu</strong></span> 
     </span>
    </p>
   </div>
   <div class='ocr_carea' id='block_1_44' title="bbox 1879 1600 3468 1670">
    <p class='ocr_par' dir='ltr' id='par_1_44' title="bbox 1879 1600 3468 1670">
     <span class='ocr_line' id='line_1_44' title="bbox 1879 1600 3468 1670; baseline 0.004 -18"><span class='ocrx_word' id='word_1_314' title='bbox 1879 1600 2086 1670; x_wconf 75' lang='lat' dir='ltr'><strong>feminte</strong></span> <span class='ocrx_word' id='word_1_315' title='bbox 2108 1613 2415 1657; x_wconf 73' lang='lat' dir='ltr'><strong>exarserunt</strong></span> <span class='ocrx_word' id='word_1_316' title='bbox 2435 1604 2490 1656; x_wconf 88' lang='lat' dir='ltr'><strong>in</strong></span> <span class='ocrx_word' id='word_1_317' title='bbox 2514 1604 2786 1660; x_wconf 84' lang='lat' dir='ltr'><strong>desideriis</strong></span> <span class='ocrx_word' id='word_1_318' title='bbox 2815 1605 2964 1660; x_wconf 80' lang='lat' dir='ltr'><strong>suis:</strong></span> <span class='ocrx_word' id='word_1_319' title='bbox 2994 1606 3210 1660; x_wconf 82' lang='lat' dir='ltr'><strong>invicem</strong></span> <span class='ocrx_word' id='word_1_320' title='bbox 3245 1604 3468 1660; x_wconf 88' lang='lat' dir='ltr'><strong>masculi</strong></span> 
     </span>
    </p>
   </div>
   <div class='ocr_carea' id='block_1_45' title="bbox 1880 1693 3468 1766">
    <p class='ocr_par' dir='ltr' id='par_1_45' title="bbox 1880 1693 3468 1766">
     <span class='ocr_line' id='line_1_45' title="bbox 1880 1693 3468 1766; baseline 0.003 -20"><span class='ocrx_word' id='word_1_321' title='bbox 1880 1693 1933 1746; x_wconf 87' lang='lat' dir='ltr'><strong>in</strong></span> <span class='ocrx_word' id='word_1_322' title='bbox 1952 1693 2210 1747; x_wconf 85' lang='lat' dir='ltr'><strong>masculos</strong></span> <span class='ocrx_word' id='word_1_323' title='bbox 2225 1695 2600 1764; x_wconf 86' lang='lat' dir='ltr'><strong>turpitudinem</strong></span> <span class='ocrx_word' id='word_1_324' title='bbox 2614 1707 2905 1766; x_wconf 86' lang='lat' dir='ltr'><strong>operantes,</strong></span> <span class='ocrx_word' id='word_1_325' title='bbox 2921 1706 2968 1750; x_wconf 91' lang='lat' dir='ltr'><strong>et</strong></span> <span class='ocrx_word' id='word_1_326' title='bbox 2983 1697 3295 1761; x_wconf 88' lang='lat' dir='ltr'><strong>mercedem,</strong></span> <span class='ocrx_word' id='word_1_327' title='bbox 3308 1712 3468 1766; x_wconf 88' lang='lat' dir='ltr'><strong>quam</strong></span> 
     </span>
    </p>
   </div>
   <div class='ocr_carea' id='block_1_46' title="bbox 1885 1785 3466 1859">
    <p class='ocr_par' dir='ltr' id='par_1_46' title="bbox 1885 1785 3466 1859">
     <span class='ocr_line' id='line_1_46' title="bbox 1885 1785 3466 1859; baseline 0.004 -22"><span class='ocrx_word' id='word_1_328' title='bbox 1885 1785 2138 1854; x_wconf 87' lang='lat' dir='ltr'><strong>oportuit,</strong></span> <span class='ocrx_word' id='word_1_329' title='bbox 2167 1787 2358 1840; x_wconf 89' lang='lat' dir='ltr'><strong>erroris</strong></span> <span class='ocrx_word' id='word_1_330' title='bbox 2385 1788 2466 1841; x_wconf 88' lang='lat' dir='ltr'><strong>sui</strong></span> <span class='ocrx_word' id='word_1_331' title='bbox 2497 1789 2553 1841; x_wconf 89' lang='lat' dir='ltr'><strong>in</strong></span> <span class='ocrx_word' id='word_1_332' title='bbox 2580 1789 2866 1859; x_wconf 86' lang='lat' dir='ltr'><strong>semetipsis</strong></span> <span class='ocrx_word' id='word_1_333' title='bbox 2892 1790 3213 1859; x_wconf 86' lang='lat' dir='ltr'><strong>recipientes.</strong></span> <span class='ocrx_word' id='word_1_334' title='bbox 3240 1787 3308 1844; x_wconf 88' lang='lat' dir='ltr'><strong>Et</strong></span> <span class='ocrx_word' id='word_1_335' title='bbox 3333 1791 3466 1844; x_wconf 85' lang='lat' dir='ltr'><strong>sicut</strong></span> 
     </span>
    </p>
   </div>
   <div class='ocr_carea' id='block_1_47' title="bbox 1884 1878 3466 1947">
    <p class='ocr_par' dir='ltr' id='par_1_47' title="bbox 1884 1878 3466 1947">
     <span class='ocr_line' id='line_1_47' title="bbox 1884 1878 3466 1947; baseline 0.004 -17"><span class='ocrx_word' id='word_1_336' title='bbox 1884 1893 1986 1932; x_wconf 92' lang='lat' dir='ltr'><strong>non</strong></span> <span class='ocrx_word' id='word_1_337' title='bbox 2036 1878 2379 1947; x_wconf 86' lang='lat' dir='ltr'><strong>probaverunt</strong></span> <span class='ocrx_word' id='word_1_338' title='bbox 2427 1879 2599 1936; x_wconf 89' lang='lat' dir='ltr'><strong>Deum</strong></span> <span class='ocrx_word' id='word_1_339' title='bbox 2645 1882 2833 1937; x_wconf 87' lang='lat' dir='ltr'><strong>habere</strong></span> <span class='ocrx_word' id='word_1_340' title='bbox 2884 1884 2938 1936; x_wconf 90' lang='lat' dir='ltr'><strong>in</strong></span> <span class='ocrx_word' id='word_1_341' title='bbox 2986 1884 3191 1947; x_wconf 86' lang='lat' dir='ltr'><strong>notitia,</strong></span> <span class='ocrx_word' id='word_1_342' title='bbox 3243 1883 3466 1936; x_wconf 87' lang='lat' dir='ltr'><strong>tradidit</strong></span> 
     </span>
    </p>
   </div>
   <div class='ocr_carea' id='block_1_48' title="bbox 1883 1967 3468 2042">
    <p class='ocr_par' dir='ltr' id='par_1_48' title="bbox 1883 1967 3468 2042">
     <span class='ocr_line' id='line_1_48' title="bbox 1883 1967 3468 2042; baseline 0.003 -20"><span class='ocrx_word' id='word_1_343' title='bbox 1883 1967 2002 2023; x_wconf 83' lang='lat' dir='ltr'><strong>illos</strong></span> <span class='ocrx_word' id='word_1_344' title='bbox 2034 1968 2188 2024; x_wconf 62' lang='lat' dir='ltr'><strong>Deus.</strong></span> <span class='ocrx_word' id='word_1_345' title='bbox 2205 1971 2259 2024; x_wconf 90' lang='lat' dir='ltr'><strong>in</strong></span> <span class='ocrx_word' id='word_1_346' title='bbox 2283 1971 2556 2040; x_wconf 88' lang='lat' dir='ltr'><strong>reprobum</strong></span> <span class='ocrx_word' id='word_1_347' title='bbox 2581 1989 2814 2038; x_wconf 89' lang='lat' dir='ltr'><strong>sensum,</strong></span> <span class='ocrx_word' id='word_1_348' title='bbox 2834 1983 2892 2026; x_wconf 88' lang='lat' dir='ltr'><strong>ut</strong></span> <span class='ocrx_word' id='word_1_349' title='bbox 2913 1973 3112 2042; x_wconf 85' lang='lat' dir='ltr'><strong>faciant</strong></span> <span class='ocrx_word' id='word_1_350' title='bbox 3139 1990 3200 2027; x_wconf 89' lang='lat' dir='ltr'><strong>ea</strong></span> <span class='ocrx_word' id='word_1_351' title='bbox 3221 1988 3338 2042; x_wconf 74' lang='lat' dir='ltr'><strong>qua:</strong></span> <span class='ocrx_word' id='word_1_352' title='bbox 3362 1988 3468 2026; x_wconf 89' lang='lat' dir='ltr'><strong>non</strong></span> 
     </span>
    </p>
   </div>
   <div class='ocr_carea' id='block_1_49' title="bbox 1882 2060 3469 2133">
    <p class='ocr_par' dir='ltr' id='par_1_49' title="bbox 1882 2060 3469 2133">
     <span class='ocr_line' id='line_1_49' title="bbox 1882 2060 3469 2133; baseline 0.001 -19"><span class='ocrx_word' id='word_1_353' title='bbox 1882 2061 2223 2126; x_wconf 84' lang='lat' dir='ltr'><strong>conveniunt;</strong></span> <span class='ocrx_word' id='word_1_354' title='bbox 2254 2061 2469 2130; x_wconf 87' lang='lat' dir='ltr'><strong>repletos</strong></span> <span class='ocrx_word' id='word_1_355' title='bbox 2494 2064 2636 2117; x_wconf 88' lang='lat' dir='ltr'><strong>omni</strong></span> <span class='ocrx_word' id='word_1_356' title='bbox 2662 2063 2952 2133; x_wconf 87' lang='lat' dir='ltr'><strong>iniquitate,</strong></span> <span class='ocrx_word' id='word_1_357' title='bbox 2983 2063 3207 2127; x_wconf 87' lang='lat' dir='ltr'><strong>malitia,</strong></span> <span class='ocrx_word' id='word_1_358' title='bbox 3236 2060 3469 2129; x_wconf 85' lang='lat' dir='ltr'><strong>fornica-</strong></span> 
     </span>
    </p>
   </div>
   <div class='ocr_carea' id='block_1_50' title="bbox 1882 2150 3464 2225">
    <p class='ocr_par' dir='ltr' id='par_1_50' title="bbox 1882 2150 3464 2225">
     <span class='ocr_line' id='line_1_50' title="bbox 1882 2150 3464 2225; baseline -0.001 -19"><span class='ocrx_word' id='word_1_359' title='bbox 1882 2153 2042 2218; x_wconf 88' lang='lat' dir='ltr'><strong>tione,</strong></span> <span class='ocrx_word' id='word_1_360' title='bbox 2082 2153 2326 2219; x_wconf 89' lang='lat' dir='ltr'><strong>avaritia,</strong></span> <span class='ocrx_word' id='word_1_361' title='bbox 2377 2154 2628 2225; x_wconf 85' lang='lat' dir='ltr'><strong>nequitia,</strong></span> <span class='ocrx_word' id='word_1_362' title='bbox 2669 2153 2847 2225; x_wconf 87' lang='lat' dir='ltr'><strong>plenos</strong></span> <span class='ocrx_word' id='word_1_363' title='bbox 2892 2153 3113 2220; x_wconf 83' lang='lat' dir='ltr'><strong>invidia,</strong></span> <span class='ocrx_word' id='word_1_364' title='bbox 3159 2150 3464 2217; x_wconf 85' lang='lat' dir='ltr'><strong>homicidio,</strong></span> 
     </span>
    </p>
   </div>
   <div class='ocr_carea' id='block_1_51' title="bbox 1882 2237 3467 2316">
    <p class='ocr_par' dir='ltr' id='par_1_51' title="bbox 1882 2237 3467 2316">
     <span class='ocr_line' id='line_1_51' title="bbox 1882 2237 3467 2316; baseline 0 -20"><span class='ocrx_word' id='word_1_365' title='bbox 1882 2246 2229 2313; x_wconf 89' lang='lat' dir='ltr'><strong>contentione,</strong></span> <span class='ocrx_word' id='word_1_366' title='bbox 2281 2244 2422 2312; x_wconf 89' lang='lat' dir='ltr'><strong>dolo,</strong></span> <span class='ocrx_word' id='word_1_367' title='bbox 2481 2243 2823 2316; x_wconf 86' lang='lat' dir='ltr'><strong>malignitate,</strong></span> <span class='ocrx_word' id='word_1_368' title='bbox 2874 2261 3188 2300; x_wconf 87' lang='lat' dir='ltr'><strong>susurrones</strong></span> <span class='ocrx_word' id='word_1_369' title='bbox 3216 2237 3467 2310; x_wconf 59' lang='grc' dir='ltr'><strong>,Λανα-</strong></span> 
     </span>
    </p>
   </div>
   <div class='ocr_carea' id='block_1_52' title="bbox 1883 2332 3466 2406">
    <p class='ocr_par' dir='ltr' id='par_1_52' title="bbox 1883 2332 3466 2406">
     <span class='ocr_line' id='line_1_52' title="bbox 1883 2332 3466 2406; baseline -0.003 -16"><span class='ocrx_word' id='word_1_370' title='bbox 1883 2347 2070 2400; x_wconf 89' lang='lat' dir='ltr'><strong>ctores,</strong></span> <span class='ocrx_word' id='word_1_371' title='bbox 2101 2335 2206 2390; x_wconf 90' lang='lat' dir='ltr'><strong>Deo</strong></span> <span class='ocrx_word' id='word_1_372' title='bbox 2256 2335 2492 2401; x_wconf 88' lang='lat' dir='ltr'><strong>odibiles,</strong></span> <span class='ocrx_word' id='word_1_373' title='bbox 2523 2337 2946 2403; x_wconf 86' lang='lat' dir='ltr'><strong>contumeliosos,</strong></span> <span class='ocrx_word' id='word_1_374' title='bbox 2975 2335 3246 2406; x_wconf 87' lang='lat' dir='ltr'><strong>superbos,</strong></span> <span class='ocrx_word' id='word_1_375' title='bbox 3279 2332 3466 2398; x_wconf 82' lang='lat' dir='ltr'><strong>elatos,</strong></span> 
     </span>
    </p>
   </div>
   <div class='ocr_carea' id='block_1_53' title="bbox 1881 2422 3470 2496">
    <p class='ocr_par' dir='ltr' id='par_1_53' title="bbox 1881 2422 3470 2496">
     <span class='ocr_line' id='line_1_53' title="bbox 1881 2422 3470 2496; baseline -0.002 -16"><span class='ocrx_word' id='word_1_376' title='bbox 1881 2427 2171 2480; x_wconf 82' lang='lat' dir='ltr'><strong>inventores</strong></span> <span class='ocrx_word' id='word_1_377' title='bbox 2195 2425 2477 2490; x_wconf 89' lang='lat' dir='ltr'><strong>malorum,</strong></span> <span class='ocrx_word' id='word_1_378' title='bbox 2513 2429 2813 2496; x_wconf 83' lang='lat' dir='ltr'><strong>parentibus</strong></span> <span class='ocrx_word' id='word_1_379' title='bbox 2847 2445 2950 2482; x_wconf 91' lang='lat' dir='ltr'><strong>non</strong></span> <span class='ocrx_word' id='word_1_380' title='bbox 2989 2427 3303 2490; x_wconf 88' lang='lat' dir='ltr'><strong>obedientes,</strong></span> <span class='ocrx_word' id='word_1_381' title='bbox 3341 2422 3470 2478; x_wconf 84' lang='lat' dir='ltr'><strong>insi-</strong></span> 
     </span>
    </p>
   </div>
   <div class='ocr_carea' id='block_1_54' title="bbox 1881 2513 3466 2586">
    <p class='ocr_par' dir='ltr' id='par_1_54' title="bbox 1881 2513 3466 2586">
     <span class='ocr_line' id='line_1_54' title="bbox 1881 2513 3466 2586; baseline -0.001 -19"><span class='ocrx_word' id='word_1_382' title='bbox 1881 2515 2101 2584; x_wconf 86' lang='lat' dir='ltr'><strong>pientes,</strong></span> <span class='ocrx_word' id='word_1_383' title='bbox 2143 2515 2536 2584; x_wconf 87' lang='lat' dir='ltr'><strong>incompositos,</strong></span> <span class='ocrx_word' id='word_1_384' title='bbox 2559 2516 2670 2570; x_wconf 83' lang='lat' dir='ltr'><strong>sine</strong></span> <span class='ocrx_word' id='word_1_385' title='bbox 2694 2517 2988 2586; x_wconf 70' lang='lat' dir='ltr'><strong>a/fectione,</strong></span> <span class='ocrx_word' id='word_1_386' title='bbox 3019 2516 3211 2586; x_wconf 88' lang='lat' dir='ltr'><strong>absque</strong></span> <span class='ocrx_word' id='word_1_387' title='bbox 3255 2513 3466 2584; x_wconf 75' lang='lat' dir='ltr'><strong>foedere,</strong></span> 
     </span>
    </p>
   </div>
   <div class='ocr_carea' id='block_1_55' title="bbox 1883 2603 3470 2676">
    <p class='ocr_par' dir='ltr' id='par_1_55' title="bbox 1883 2603 3470 2676">
     <span class='ocr_line' id='line_1_55' title="bbox 1883 2603 3470 2676; baseline -0.001 -18"><span class='ocrx_word' id='word_1_388' title='bbox 1883 2605 1994 2660; x_wconf 86' lang='lat' dir='ltr'><strong>sine</strong></span> <span class='ocrx_word' id='word_1_389' title='bbox 2019 2605 2398 2660; x_wconf 82' lang='lat' dir='ltr'><strong>misericordia.</strong></span> <span class='ocrx_word' id='word_1_390' title='bbox 2427 2603 2530 2671; x_wconf 84' lang='lat' dir='ltr'><strong>Qui</strong></span> <span class='ocrx_word' id='word_1_391' title='bbox 2548 2622 2664 2660; x_wconf 89' lang='lat' dir='ltr'><strong>cum</strong></span> <span class='ocrx_word' id='word_1_392' title='bbox 2680 2605 2946 2675; x_wconf 87' lang='lat' dir='ltr'><strong>justitiam</strong></span> <span class='ocrx_word' id='word_1_393' title='bbox 2968 2605 3068 2660; x_wconf 89' lang='lat' dir='ltr'><strong>Dei</strong></span> <span class='ocrx_word' id='word_1_394' title='bbox 3088 2604 3470 2676; x_wconf 87' lang='lat' dir='ltr'><strong>cognovissent,</strong></span> 
     </span>
    </p>
   </div>
   <div class='ocr_carea' id='block_1_56' title="bbox 1883 2695 3469 2769">
    <p class='ocr_par' dir='ltr' id='par_1_56' title="bbox 1883 2695 3469 2769">
     <span class='ocr_line' id='line_1_56' title="bbox 1883 2695 3469 2769; baseline -0.003 -19"><span class='ocrx_word' id='word_1_395' title='bbox 1883 2713 1987 2752; x_wconf 88' lang='lat' dir='ltr'><strong>non</strong></span> <span class='ocrx_word' id='word_1_396' title='bbox 2007 2695 2375 2751; x_wconf 71' lang='lat' dir='ltr'><strong>intellexerunt</strong></span> <span class='ocrx_word' id='word_1_397' title='bbox 2405 2697 2652 2767; x_wconf 87' lang='lat' dir='ltr'><strong>quoniam</strong></span> <span class='ocrx_word' id='word_1_398' title='bbox 2681 2697 2769 2769; x_wconf 89' lang='lat' dir='ltr'><strong>qui</strong></span> <span class='ocrx_word' id='word_1_399' title='bbox 2803 2696 2932 2751; x_wconf 88' lang='lat' dir='ltr'><strong>talia</strong></span> <span class='ocrx_word' id='word_1_400' title='bbox 2983 2706 3144 2767; x_wconf 86' lang='lat' dir='ltr'><strong>agunt</strong></span> <span class='ocrx_word' id='word_1_401' title='bbox 3173 2695 3318 2766; x_wconf 87' lang='lat' dir='ltr'><strong>digni</strong></span> <span class='ocrx_word' id='word_1_402' title='bbox 3347 2702 3469 2748; x_wconf 88' lang='lat' dir='ltr'><strong>sunt</strong></span> 
     </span>
    </p>
   </div>
   <div class='ocr_carea' id='block_1_57' title="bbox 1883 2788 3468 2860">
    <p class='ocr_par' dir='ltr' id='par_1_57' title="bbox 1883 2788 3468 2860">
     <span class='ocr_line' id='line_1_57' title="bbox 1883 2788 3468 2860; baseline -0.003 -16"><span class='ocrx_word' id='word_1_403' title='bbox 1883 2799 2066 2855; x_wconf 84' lang='lat' dir='ltr'><strong>morte,</strong></span> <span class='ocrx_word' id='word_1_404' title='bbox 2087 2806 2192 2844; x_wconf 88' lang='lat' dir='ltr'><strong>non</strong></span> <span class='ocrx_word' id='word_1_405' title='bbox 2215 2788 2384 2844; x_wconf 78' lang='lat' dir='ltr'><strong>soluat</strong></span> <span class='ocrx_word' id='word_1_406' title='bbox 2405 2789 2493 2860; x_wconf 90' lang='lat' dir='ltr'><strong>qui</strong></span> <span class='ocrx_word' id='word_1_407' title='bbox 2517 2789 2719 2859; x_wconf 87' lang='lat' dir='ltr'><strong>faciunt</strong></span> <span class='ocrx_word' id='word_1_408' title='bbox 2743 2807 2825 2854; x_wconf 87' lang='lat' dir='ltr'><strong>ea,</strong></span> <span class='ocrx_word' id='word_1_409' title='bbox 2841 2790 2930 2844; x_wconf 89' lang='lat' dir='ltr'><strong>sed</strong></span> <span class='ocrx_word' id='word_1_410' title='bbox 2954 2790 3111 2844; x_wconf 88' lang='lat' dir='ltr'><strong>etiam</strong></span> <span class='ocrx_word' id='word_1_411' title='bbox 3137 2789 3228 2860; x_wconf 89' lang='lat' dir='ltr'><strong>qui</strong></span> <span class='ocrx_word' id='word_1_412' title='bbox 3247 2802 3468 2842; x_wconf 86' lang='lat' dir='ltr'><strong>consen-</strong></span> 
     </span>
    </p>
   </div>
   <div class='ocr_carea' id='block_1_58' title="bbox 1883 2879 3457 2952">
    <p class='ocr_par' dir='ltr' id='par_1_58' title="bbox 1883 2879 3457 2952">
     <span class='ocr_line' id='line_1_58' title="bbox 1883 2879 3457 2952; baseline -0.001 -19"><span class='ocrx_word' id='word_1_413' title='bbox 1883 2880 2017 2934; x_wconf 88' lang='lat' dir='ltr'><strong>tiunt</strong></span> <span class='ocrx_word' id='word_1_414' title='bbox 2068 2879 2376 2948; x_wconf 83' lang='lat' dir='ltr'><strong>facientibus</strong></span> <span class='ocrx_word' id='word_1_415' title='bbox 2431 2879 2626 2951; x_wconf 85' lang='lat' dir='ltr'><strong>(Rom.</strong></span> <span class='ocrx_word' id='word_1_416' title='bbox 2671 2897 2712 2946; x_wconf 87' lang='grc' dir='ltr'><strong>ι,</strong></span> <span class='ocrx_word' id='word_1_417' title='bbox 2752 2881 2981 2952; x_wconf 70' lang='grc'><strong>21-52).</strong></span> <span class='ocrx_word' id='word_1_418' title='bbox 3029 2880 3098 2935; x_wconf 87' lang='lat' dir='ltr'><strong>Et</strong></span> <span class='ocrx_word' id='word_1_419' title='bbox 3143 2879 3457 2952; x_wconf 78' lang='lat' dir='ltr'><strong>Propheta;</strong></span> 
     </span>
    </p>
   </div>
   <div class='ocr_carea' id='block_1_59' title="bbox 1882 2971 3469 3046">
    <p class='ocr_par' dir='ltr' id='par_1_59' title="bbox 1882 2971 3469 3046">
     <span class='ocr_line' id='line_1_59' title="bbox 1882 2971 3469 3046; baseline -0.001 -18"><span class='ocrx_word' id='word_1_420' title='bbox 1882 2973 2072 3042; x_wconf 71' lang='lat' dir='ltr'><strong>E/fusa</strong></span> <span class='ocrx_word' id='word_1_421' title='bbox 2103 2983 2178 3030; x_wconf 88' lang='lat' dir='ltr'><strong>est</strong></span> <span class='ocrx_word' id='word_1_422' title='bbox 2209 2973 2446 3044; x_wconf 80' lang='lat' dir='ltr'><strong>confusio</strong></span> <span class='ocrx_word' id='word_1_423' title='bbox 2465 2991 2622 3044; x_wconf 83' lang='lat' dir='ltr'><strong>super</strong></span> <span class='ocrx_word' id='word_1_424' title='bbox 2653 2975 2908 3046; x_wconf 86' lang='lat' dir='ltr'><strong>principes</strong></span> <span class='ocrx_word' id='word_1_425' title='bbox 2941 2982 2988 3029; x_wconf 88' lang='lat' dir='ltr'><strong>et</strong></span> <span class='ocrx_word' id='word_1_426' title='bbox 3015 2989 3195 3027; x_wconf 89' lang='lat' dir='ltr'><strong>errare</strong></span> <span class='ocrx_word' id='word_1_427' title='bbox 3224 2971 3342 3042; x_wconf 91' lang='lat' dir='ltr'><strong>fecit</strong></span> <span class='ocrx_word' id='word_1_428' title='bbox 3382 2987 3469 3026; x_wconf 85' lang='lat' dir='ltr'><strong>eos</strong></span> 
     </span>
    </p>
   </div>
   <div class='ocr_carea' id='block_1_60' title="bbox 1883 3064 3471 3140">
    <p class='ocr_par' dir='ltr' id='par_1_60' title="bbox 1883 3064 3471 3140">
     <span class='ocr_line' id='line_1_60' title="bbox 1883 3064 3471 3140; baseline -0.002 -20"><span class='ocrx_word' id='word_1_429' title='bbox 1883 3068 1940 3121; x_wconf 88' lang='lat' dir='ltr'><strong>in</strong></span> <span class='ocrx_word' id='word_1_430' title='bbox 1966 3068 2126 3133; x_wconf 84' lang='lat' dir='ltr'><strong>invio,</strong></span> <span class='ocrx_word' id='word_1_431' title='bbox 2155 3077 2200 3124; x_wconf 90' lang='lat' dir='ltr'><strong>et</strong></span> <span class='ocrx_word' id='word_1_432' title='bbox 2225 3084 2326 3121; x_wconf 91' lang='lat' dir='ltr'><strong>non</strong></span> <span class='ocrx_word' id='word_1_433' title='bbox 2345 3067 2398 3122; x_wconf 88' lang='lat' dir='ltr'><strong>in</strong></span> <span class='ocrx_word' id='word_1_434' title='bbox 2421 3067 2500 3122; x_wconf 80' lang='lat' dir='ltr'><strong>via</strong></span> <span class='ocrx_word' id='word_1_435' title='bbox 2525 3064 2695 3139; x_wconf 60' lang='lat' dir='ltr'><strong>(Psnl.</strong></span> <span class='ocrx_word' id='word_1_436' title='bbox 2721 3083 2826 3132; x_wconf 75' lang='grc' dir='ltr'><strong>ενι,</strong></span> <span class='ocrx_word' id='word_1_437' title='bbox 2851 3066 2964 3137; x_wconf 68' lang='grc'><strong>40).</strong></span> <span class='ocrx_word' id='word_1_438' title='bbox 2991 3067 3057 3122; x_wconf 88' lang='lat' dir='ltr'><strong>Et</strong></span> <span class='ocrx_word' id='word_1_439' title='bbox 3077 3066 3191 3136; x_wconf 90' lang='lat' dir='ltr'><strong>ipse</strong></span> <span class='ocrx_word' id='word_1_440' title='bbox 3211 3065 3471 3140; x_wconf 78' lang='lat' dir='ltr'><strong>Dominus</strong></span> 
     </span>
    </p>
   </div>
   <div class='ocr_carea' id='block_1_61' title="bbox 202 3150 3472 3232">
    <p class='ocr_par' dir='ltr' id='par_1_61' title="bbox 202 3150 3472 3232">
     <span class='ocr_line' id='line_1_61' title="bbox 202 3150 3472 3232; baseline 0.005 -25"><span class='ocrx_word' id='word_1_441' title='bbox 202 3153 449 3224; x_wconf 87' lang='lat' dir='ltr'><strong>quamvis</strong></span> <span class='ocrx_word' id='word_1_442' title='bbox 485 3153 590 3208; x_wconf 93' lang='lat' dir='ltr'><strong>alio</strong></span> <span class='ocrx_word' id='word_1_443' title='bbox 618 3154 967 3212; x_wconf 89' lang='lat' dir='ltr'><strong>intentionem</strong></span> <span class='ocrx_word' id='word_1_444' title='bbox 995 3167 1139 3214; x_wconf 89' lang='lat' dir='ltr'><strong>tuam</strong></span> <span class='ocrx_word' id='word_1_445' title='bbox 1175 3163 1504 3230; x_wconf 80' lang='lat' dir='ltr'><strong>porrexeris,</strong></span> <span class='ocrx_word' id='word_1_446' title='bbox 1538 3179 1568 3218; x_wconf 89' lang='lat' dir='ltr'><strong>a</strong></span> <span class='ocrx_word' id='word_1_447' title='bbox 1601 3179 1682 3231; x_wconf 91' lang='lat' dir='ltr'><strong>se,</strong></span> <span class='ocrx_word' id='word_1_448' title='bbox 1722 3166 1778 3222; x_wconf 92' lang='lat' dir='ltr'><strong>id</strong></span> <span class='ocrx_word' id='word_1_449' title='bbox 1805 3150 1849 3213; x_wconf 82' lang='lat' dir='ltr'>C</span> <span class='ocrx_word' id='word_1_450' title='bbox 1880 3175 1978 3232; x_wconf 80' lang='lat' dir='ltr'><strong>per</strong></span> <span class='ocrx_word' id='word_1_451' title='bbox 2003 3160 2322 3230; x_wconf 75' lang='lat' dir='ltr'><strong>prophetam</strong></span> <span class='ocrx_word' id='word_1_452' title='bbox 2351 3179 2362 3212; x_wconf 78' lang='grc' dir='ltr'>ε</span> <span class='ocrx_word' id='word_1_453' title='bbox 2399 3157 2532 3214; x_wconf 80' lang='lat' dir='ltr'><strong>Cum</strong></span> <span class='ocrx_word' id='word_1_454' title='bbox 2560 3161 2808 3214; x_wconf 70' lang='lat' dir='ltr'><strong>erraverit</strong></span> <span class='ocrx_word' id='word_1_455' title='bbox 2828 3158 3078 3230; x_wconf 69' lang='grc' dir='ltr'><strong>ρνοριιεια</strong></span> <span class='ocrx_word' id='word_1_456' title='bbox 3103 3157 3226 3224; x_wconf 67' lang='lat' dir='ltr'><strong>ille;</strong></span> <span class='ocrx_word' id='word_1_457' title='bbox 3248 3174 3340 3229; x_wconf 73' lang='lat'><strong>€90</strong></span> <span class='ocrx_word' id='word_1_458' title='bbox 3369 3155 3472 3210; x_wconf 78' lang='grc' dir='ltr'><strong>Πο-</strong></span> 
     </span>
    </p>
   </div>
   <div class='ocr_carea' id='block_1_62' title="bbox 202 3246 1780 3326">
    <p class='ocr_par' dir='ltr' id='par_1_62' title="bbox 202 3246 1780 3326">
     <span class='ocr_line' id='line_1_62' title="bbox 202 3246 1780 3326; baseline 0.008 -24"><span class='ocrx_word' id='word_1_459' title='bbox 202 3255 280 3302; x_wconf 90' lang='lat' dir='ltr'><strong>esl</strong></span> <span class='ocrx_word' id='word_1_460' title='bbox 315 3247 446 3313; x_wconf 88' lang='lat' dir='ltr'><strong>Deo,</strong></span> <span class='ocrx_word' id='word_1_461' title='bbox 469 3246 606 3312; x_wconf 89' lang='lat' dir='ltr'><strong>ﬁeri,</strong></span> <span class='ocrx_word' id='word_1_462' title='bbox 633 3249 846 3304; x_wconf 92' lang='lat' dir='ltr'><strong>tandem</strong></span> <span class='ocrx_word' id='word_1_463' title='bbox 878 3250 1164 3320; x_wconf 91' lang='lat' dir='ltr'><strong>aliquando</strong></span> <span class='ocrx_word' id='word_1_464' title='bbox 1193 3252 1373 3310; x_wconf 87' lang='lat' dir='ltr'><strong>facere</strong></span> <span class='ocrx_word' id='word_1_465' title='bbox 1405 3253 1658 3326; x_wconf 76' lang='lat' dir='ltr'><strong>dignatus</strong></span> <span class='ocrx_word' id='word_1_466' title='bbox 1695 3267 1780 3314; x_wconf 90' lang='lat' dir='ltr'><strong>est</strong></span> 
     </span>
    </p>
   </div>
   <div class='ocr_carea' id='block_1_63' title="bbox 203 3338 1781 3417">
    <p class='ocr_par' dir='ltr' id='par_1_63' title="bbox 203 3338 1781 3417">
     <span class='ocr_line' id='line_1_63' title="bbox 203 3338 1781 3417; baseline 0.004 -21"><span class='ocrx_word' id='word_1_467' title='bbox 203 3338 469 3398; x_wconf 80' lang='lat' dir='ltr'><strong>conﬁteri.</strong></span> <span class='ocrx_word' id='word_1_468' title='bbox 523 3338 678 3396; x_wconf 81' lang='lat' dir='ltr'><strong>Unde</strong></span> <span class='ocrx_word' id='word_1_469' title='bbox 719 3349 773 3396; x_wconf 93' lang='lat' dir='ltr'><strong>et</strong></span> <span class='ocrx_word' id='word_1_470' title='bbox 803 3339 1081 3412; x_wconf 88' lang='lat' dir='ltr'><strong>Scriptura</strong></span> <span class='ocrx_word' id='word_1_471' title='bbox 1123 3343 1322 3400; x_wconf 83' lang='lat' dir='ltr'><strong>clamat</strong></span> <span class='ocrx_word' id='word_1_472' title='bbox 1371 3363 1385 3399; x_wconf 93' lang='lat'>:</span> <span class='ocrx_word' id='word_1_473' title='bbox 1436 3342 1781 3417; x_wconf 76' lang='lat' dir='ltr'><strong>Praeparetur</strong></span> 
     </span>
    </p>
   </div>
   <div class='ocr_carea' id='block_1_64' title="bbox 204 3433 1782 3512">
    <p class='ocr_par' dir='ltr' id='par_1_64' title="bbox 204 3433 1782 3512">
     <span class='ocr_line' id='line_1_64' title="bbox 204 3433 1782 3512; baseline 0.004 -24"><span class='ocrx_word' id='word_1_474' title='bbox 204 3433 441 3489; x_wconf 77' lang='lat' dir='ltr'><strong>voluntas</strong></span> <span class='ocrx_word' id='word_1_475' title='bbox 473 3453 506 3490; x_wconf 88' lang='lat' dir='ltr'><strong>a</strong></span> <span class='ocrx_word' id='word_1_476' title='bbox 543 3435 766 3490; x_wconf 88' lang='lat' dir='ltr'><strong>Domino</strong></span> <span class='ocrx_word' id='word_1_477' title='bbox 803 3434 988 3507; x_wconf 85' lang='lat' dir='ltr'><strong>(Prov.</strong></span> <span class='ocrx_word' id='word_1_478' title='bbox 1017 3452 1133 3500; x_wconf 85' lang='lat' dir='ltr'><strong>vm,</strong></span> <span class='ocrx_word' id='word_1_479' title='bbox 1166 3455 1268 3494; x_wconf 87' lang='lat' dir='ltr'><strong>sec.</strong></span> <span class='ocrx_word' id='word_1_480' title='bbox 1315 3437 1524 3512; x_wconf 80' lang='lat' dir='ltr'><strong>LXX);</strong></span> <span class='ocrx_word' id='word_1_481' title='bbox 1559 3451 1616 3495; x_wconf 87' lang='lat' dir='ltr'><strong>et</strong></span> <span class='ocrx_word' id='word_1_482' title='bbox 1638 3441 1782 3512; x_wconf 83' lang='lat' dir='ltr'><strong>Apo-</strong></span> 
     </span>
    </p>
   </div>
   <div class='ocr_carea' id='block_1_65' title="bbox 205 3525 1782 3600">
    <p class='ocr_par' dir='ltr' id='par_1_65' title="bbox 205 3525 1782 3600">
     <span class='ocr_line' id='line_1_65' title="bbox 205 3525 1782 3600; baseline 0.005 -20"><span class='ocrx_word' id='word_1_483' title='bbox 205 3525 374 3582; x_wconf 86' lang='lat' dir='ltr'><strong>stolus</strong></span> <span class='ocrx_word' id='word_1_484' title='bbox 401 3543 414 3579; x_wconf 90' lang='lat'><strong>:</strong></span> <span class='ocrx_word' id='word_1_485' title='bbox 442 3525 584 3581; x_wconf 89' lang='lat' dir='ltr'><strong>Deus</strong></span> <span class='ocrx_word' id='word_1_486' title='bbox 614 3536 698 3598; x_wconf 85' lang='lat' dir='ltr'><strong>est</strong></span> <span class='ocrx_word' id='word_1_487' title='bbox 727 3527 862 3582; x_wconf 88' lang='lat' dir='ltr'><strong>enim</strong></span> <span class='ocrx_word' id='word_1_488' title='bbox 893 3528 983 3598; x_wconf 86' lang='lat' dir='ltr'><strong>qui</strong></span> <span class='ocrx_word' id='word_1_489' title='bbox 1016 3539 1260 3600; x_wconf 87' lang='lat' dir='ltr'><strong>operatur</strong></span> <span class='ocrx_word' id='word_1_490' title='bbox 1296 3531 1352 3586; x_wconf 90' lang='lat' dir='ltr'><strong>in</strong></span> <span class='ocrx_word' id='word_1_491' title='bbox 1390 3531 1529 3586; x_wconf 83' lang='lat' dir='ltr'><strong>vobis</strong></span> <span class='ocrx_word' id='word_1_492' title='bbox 1577 3544 1624 3586; x_wconf 88' lang='lat' dir='ltr'><strong>et</strong></span> <span class='ocrx_word' id='word_1_493' title='bbox 1641 3531 1782 3600; x_wconf 75' lang='lat' dir='ltr'><strong>uelle</strong></span> 
     </span>
    </p>
   </div>
   <div class='ocr_carea' id='block_1_66' title="bbox 205 3616 1783 3692">
    <p class='ocr_par' dir='ltr' id='par_1_66' title="bbox 205 3616 1783 3692">
     <span class='ocr_line' id='line_1_66' title="bbox 205 3616 1783 3692; baseline 0.006 -22"><span class='ocrx_word' id='word_1_494' title='bbox 205 3625 253 3672; x_wconf 86' lang='lat' dir='ltr'><strong>et</strong></span> <span class='ocrx_word' id='word_1_495' title='bbox 307 3618 509 3687; x_wconf 87' lang='lat' dir='ltr'><strong>operari</strong></span> <span class='ocrx_word' id='word_1_496' title='bbox 556 3634 653 3687; x_wconf 88' lang='lat' dir='ltr'><strong>pro</strong></span> <span class='ocrx_word' id='word_1_497' title='bbox 699 3616 1133 3686; x_wconf 74' lang='lat' dir='ltr'><strong>bonaualuntate</strong></span> <span class='ocrx_word' id='word_1_498' title='bbox 1184 3618 1404 3692; x_wconf 86' lang='lat' dir='ltr'><strong>(Philip.</strong></span> <span class='ocrx_word' id='word_1_499' title='bbox 1463 3637 1523 3690; x_wconf 85' lang='lat' dir='ltr'><strong>tt,</strong></span> <span class='ocrx_word' id='word_1_500' title='bbox 1571 3621 1681 3692; x_wconf 75' lang='grc'><strong>15).</strong></span> <span class='ocrx_word' id='word_1_501' title='bbox 1713 3622 1783 3680; x_wconf 81' lang='lat' dir='ltr'><strong>Et</strong></span> 
     </span>
    </p>
   </div>
   <div class='ocr_carea' id='block_1_67' title="bbox 203 3706 1816 3779">
    <p class='ocr_par' dir='ltr' id='par_1_67' title="bbox 203 3706 1816 3779">
     <span class='ocr_line' id='line_1_67' title="bbox 203 3706 1816 3779; baseline 0.006 -18"><span class='ocrx_word' id='word_1_502' title='bbox 203 3721 392 3762; x_wconf 90' lang='lat' dir='ltr'><strong>omnes</strong></span> <span class='ocrx_word' id='word_1_503' title='bbox 421 3706 672 3763; x_wconf 87' lang='lat' dir='ltr'><strong>catholici</strong></span> <span class='ocrx_word' id='word_1_504' title='bbox 713 3716 1036 3766; x_wconf 90' lang='lat' dir='ltr'><strong>tractatores</strong></span> <span class='ocrx_word' id='word_1_505' title='bbox 1084 3713 1451 3779; x_wconf 85' lang='lat' dir='ltr'><strong>consentiunt,</strong></span> <span class='ocrx_word' id='word_1_506' title='bbox 1494 3722 1550 3769; x_wconf 92' lang='lat' dir='ltr'><strong>et</strong></span> <span class='ocrx_word' id='word_1_507' title='bbox 1579 3723 1783 3770; x_wconf 62' lang='lat' dir='ltr'><strong>sanctas</strong></span> <span class='ocrx_word' id='word_1_508' title='bbox 1813 3743 1816 3745; x_wconf 54' lang='grc' dir='ltr'>λ</span> 
     </span>
    </p>
   </div>
   <div class='ocr_carea' id='block_1_68' title="bbox 205 3799 1784 3878">
    <p class='ocr_par' dir='ltr' id='par_1_68' title="bbox 205 3799 1784 3878">
     <span class='ocr_line' id='line_1_68' title="bbox 205 3799 1784 3878; baseline 0.006 -23"><span class='ocrx_word' id='word_1_509' title='bbox 205 3799 462 3855; x_wconf 77' lang='lat' dir='ltr'><strong>Ecclesia:</strong></span> <span class='ocrx_word' id='word_1_510' title='bbox 492 3799 625 3855; x_wconf 90' lang='lat' dir='ltr'><strong>ﬁdes</strong></span> <span class='ocrx_word' id='word_1_511' title='bbox 653 3801 950 3858; x_wconf 87' lang='lat' dir='ltr'><strong>orthodoxa</strong></span> <span class='ocrx_word' id='word_1_512' title='bbox 975 3819 1082 3864; x_wconf 88' lang='lat' dir='ltr'><strong>non</strong></span> <span class='ocrx_word' id='word_1_513' title='bbox 1111 3811 1275 3872; x_wconf 90' lang='lat' dir='ltr'><strong>tacet,</strong></span> <span class='ocrx_word' id='word_1_514' title='bbox 1305 3821 1406 3863; x_wconf 92' lang='lat' dir='ltr'><strong>nec</strong></span> <span class='ocrx_word' id='word_1_515' title='bbox 1429 3823 1666 3878; x_wconf 90' lang='lat' dir='ltr'><strong>unquam</strong></span> <span class='ocrx_word' id='word_1_516' title='bbox 1701 3816 1784 3864; x_wconf 89' lang='lat' dir='ltr'><strong>est</strong></span> 
     </span>
    </p>
   </div>
   <div class='ocr_carea' id='block_1_69' title="bbox 204 3888 753 3946">
    <p class='ocr_par' dir='ltr' id='par_1_69' title="bbox 204 3888 753 3946">
     <span class='ocr_line' id='line_1_69' title="bbox 204 3888 753 3946; baseline 0.004 -3"><span class='ocrx_word' id='word_1_517' title='bbox 204 3888 474 3946; x_wconf 88' lang='lat' dir='ltr'><strong>ullatenus</strong></span> <span class='ocrx_word' id='word_1_518' title='bbox 505 3890 753 3945; x_wconf 89' lang='lat' dir='ltr'><strong>tacitura.</strong></span> 
     </span>
    </p>
   </div>
   <div class='ocr_carea' id='block_1_70' title="bbox 273 3982 1780 4066">
    <p class='ocr_par' dir='ltr' id='par_1_70' title="bbox 273 3982 1780 4066">
     <span class='ocr_line' id='line_1_70' title="bbox 273 3982 1780 4066; baseline 0.008 -28"><span class='ocrx_word' id='word_1_519' title='bbox 273 3982 554 4040; x_wconf 88' lang='lat' dir='ltr'><strong>Postremo</strong></span> <span class='ocrx_word' id='word_1_520' title='bbox 576 4002 696 4042; x_wconf 86' lang='lat' dir='ltr'><strong>cum</strong></span> <span class='ocrx_word' id='word_1_521' title='bbox 718 4003 904 4043; x_wconf 89' lang='lat' dir='ltr'><strong>eorum</strong></span> <span class='ocrx_word' id='word_1_522' title='bbox 933 3989 1262 4046; x_wconf 90' lang='lat' dir='ltr'><strong>dementiam</strong></span> <span class='ocrx_word' id='word_1_523' title='bbox 1289 4007 1585 4066; x_wconf 75' lang='lat' dir='ltr'><strong>exaggeras</strong></span> <span class='ocrx_word' id='word_1_524' title='bbox 1613 3987 1780 4063; x_wconf 89' lang='lat' dir='ltr'><strong>(num.</strong></span> 
     </span>
    </p>
   </div>
   <div class='ocr_carea' id='block_1_71' title="bbox 204 4077 1784 4154">
    <p class='ocr_par' dir='ltr' id='par_1_71' title="bbox 204 4077 1784 4154">
     <span class='ocr_line' id='line_1_71' title="bbox 204 4077 1784 4154; baseline 0.005 -20"><span class='ocrx_word' id='word_1_525' title='bbox 204 4077 300 4143; x_wconf 78' lang='lat' dir='ltr'><strong>ll,</strong></span> <span class='ocrx_word' id='word_1_526' title='bbox 335 4087 457 4133; x_wconf 84' lang='lat' dir='ltr'><strong>sect.</strong></span> <span class='ocrx_word' id='word_1_527' title='bbox 489 4077 567 4149; x_wconf 88' lang='lat'><strong>9),</strong></span> <span class='ocrx_word' id='word_1_528' title='bbox 621 4079 712 4149; x_wconf 88' lang='lat' dir='ltr'><strong>qui</strong></span> <span class='ocrx_word' id='word_1_529' title='bbox 776 4095 969 4136; x_wconf 89' lang='lat' dir='ltr'><strong>causas</strong></span> <span class='ocrx_word' id='word_1_530' title='bbox 1021 4092 1364 4152; x_wconf 85' lang='lat' dir='ltr'><strong>peccatorum</strong></span> <span class='ocrx_word' id='word_1_531' title='bbox 1412 4084 1784 4154; x_wconf 88' lang='lat' dir='ltr'><strong>inevitabiles,</strong></span> 
     </span>
    </p>
   </div>
   <div class='ocr_carea' id='block_1_72' title="bbox 203 4171 1786 4245">
    <p class='ocr_par' dir='ltr' id='par_1_72' title="bbox 203 4171 1786 4245">
     <span class='ocr_line' id='line_1_72' title="bbox 203 4171 1786 4245; baseline 0.004 -18"><span class='ocrx_word' id='word_1_532' title='bbox 203 4171 590 4242; x_wconf 80' lang='lat' dir='ltr'><strong>coactivasqne</strong></span> <span class='ocrx_word' id='word_1_533' title='bbox 625 4173 978 4232; x_wconf 86' lang='lat' dir='ltr'><strong>necessitates</strong></span> <span class='ocrx_word' id='word_1_534' title='bbox 1005 4175 1060 4230; x_wconf 89' lang='lat' dir='ltr'><strong>in</strong></span> <span class='ocrx_word' id='word_1_535' title='bbox 1101 4175 1574 4245; x_wconf 68' lang='lat' dir='ltr'><strong>prmdestinatione</strong></span> <span class='ocrx_word' id='word_1_536' title='bbox 1605 4176 1786 4233; x_wconf 88' lang='lat' dir='ltr'><strong>divina</strong></span> 
     </span>
    </p>
   </div>
   <div class='ocr_carea' id='block_1_73' title="bbox 202 4261 1788 4339">
    <p class='ocr_par' dir='ltr' id='par_1_73' title="bbox 202 4261 1788 4339">
     <span class='ocr_line' id='line_1_73' title="bbox 202 4261 1788 4339; baseline 0.004 -21"><span class='ocrx_word' id='word_1_537' title='bbox 202 4261 531 4330; x_wconf 85' lang='lat' dir='ltr'><strong>falsissime,</strong></span> <span class='ocrx_word' id='word_1_538' title='bbox 597 4273 658 4324; x_wconf 85' lang='lat' dir='ltr'><strong>ut</strong></span> <span class='ocrx_word' id='word_1_539' title='bbox 715 4267 950 4332; x_wconf 82' lang='lat' dir='ltr'><strong>asseris,</strong></span> <span class='ocrx_word' id='word_1_540' title='bbox 1013 4266 1264 4339; x_wconf 76' lang='lat' dir='ltr'><strong>ﬁngunt,</strong></span> <span class='ocrx_word' id='word_1_541' title='bbox 1319 4267 1788 4338; x_wconf 82' lang='lat' dir='ltr'><strong>impudentissime</strong></span> 
     </span>
    </p>
   </div>
   <div class='ocr_carea' id='block_1_74' title="bbox 200 4358 1788 4432">
    <p class='ocr_par' dir='ltr' id='par_1_74' title="bbox 200 4358 1788 4432">
     <span class='ocr_line' id='line_1_74' title="bbox 200 4358 1788 4432; baseline -0.001 -14"><span class='ocrx_word' id='word_1_542' title='bbox 200 4365 472 4422; x_wconf 76' lang='lat' dir='ltr'><strong>nstruont,</strong></span> <span class='ocrx_word' id='word_1_543' title='bbox 505 4359 755 4428; x_wconf 88' lang='lat' dir='ltr'><strong>quodque</strong></span> <span class='ocrx_word' id='word_1_544' title='bbox 784 4359 854 4414; x_wconf 89' lang='lat' dir='ltr'><strong>sit</strong></span> <span class='ocrx_word' id='word_1_545' title='bbox 881 4358 1036 4414; x_wconf 84' lang='lat' dir='ltr'><strong>valde</strong></span> <span class='ocrx_word' id='word_1_546' title='bbox 1075 4359 1388 4432; x_wconf 87' lang='lat' dir='ltr'><strong>dolendum,</strong></span> <span class='ocrx_word' id='word_1_547' title='bbox 1424 4359 1631 4430; x_wconf 88' lang='lat' dir='ltr'><strong>seipsos</strong></span> <span class='ocrx_word' id='word_1_548' title='bbox 1654 4375 1788 4416; x_wconf 79' lang='lat' dir='ltr'><strong>cou-</strong></span> 
     </span>
    </p>
   </div>
   <div class='ocr_carea' id='block_1_75' title="bbox 201 4448 1786 4523">
    <p class='ocr_par' dir='ltr' id='par_1_75' title="bbox 201 4448 1786 4523">
     <span class='ocr_line' id='line_1_75' title="bbox 201 4448 1786 4523; baseline 0.004 -18"><span class='ocrx_word' id='word_1_549' title='bbox 201 4448 608 4523; x_wconf 79' lang='lat' dir='ltr'><strong>sentientesque</strong></span> <span class='ocrx_word' id='word_1_550' title='bbox 663 4451 767 4512; x_wconf 89' lang='lat' dir='ltr'><strong>sibi</strong></span> <span class='ocrx_word' id='word_1_551' title='bbox 819 4451 886 4506; x_wconf 90' lang='lat' dir='ltr'><strong>ad</strong></span> <span class='ocrx_word' id='word_1_552' title='bbox 942 4460 1216 4523; x_wconf 82' lang='lat' dir='ltr'><strong>perpetuae</strong></span> <span class='ocrx_word' id='word_1_553' title='bbox 1265 4451 1458 4508; x_wconf 91' lang='lat' dir='ltr'><strong>mortis</strong></span> <span class='ocrx_word' id='word_1_554' title='bbox 1505 4452 1786 4512; x_wconf 80' lang='lat' dir='ltr'><strong>interitum</strong></span> 
     </span>
    </p>
   </div>
   <div class='ocr_carea' id='block_1_76' title="bbox 201 4538 1786 4614">
    <p class='ocr_par' dir='ltr' id='par_1_76' title="bbox 201 4538 1786 4614">
     <span class='ocr_line' id='line_1_76' title="bbox 201 4538 1786 4614; baseline 0.004 -20"><span class='ocrx_word' id='word_1_555' title='bbox 201 4538 402 4600; x_wconf 81' lang='lat' dir='ltr'><strong>merito</strong></span> <span class='ocrx_word' id='word_1_556' title='bbox 422 4541 624 4598; x_wconf 90' lang='lat' dir='ltr'><strong>erroris</strong></span> <span class='ocrx_word' id='word_1_557' title='bbox 669 4542 992 4606; x_wconf 88' lang='lat' dir='ltr'><strong>detrudunt;</strong></span> <span class='ocrx_word' id='word_1_558' title='bbox 1025 4543 1196 4600; x_wconf 88' lang='lat' dir='ltr'><strong>miror</strong></span> <span class='ocrx_word' id='word_1_559' title='bbox 1235 4558 1334 4599; x_wconf 92' lang='lat' dir='ltr'><strong>cur</strong></span> <span class='ocrx_word' id='word_1_560' title='bbox 1363 4559 1470 4600; x_wconf 89' lang='lat' dir='ltr'><strong>non</strong></span> <span class='ocrx_word' id='word_1_561' title='bbox 1503 4552 1556 4600; x_wconf 86' lang='lat' dir='ltr'><strong>te</strong></span> <span class='ocrx_word' id='word_1_562' title='bbox 1607 4545 1786 4614; x_wconf 88' lang='lat' dir='ltr'><strong>ipsum</strong></span> 
     </span>
    </p>
   </div>
   <div class='ocr_carea' id='block_1_77' title="bbox 198 4629 1784 4704">
    <p class='ocr_par' dir='ltr' id='par_1_77' title="bbox 198 4629 1784 4704">
     <span class='ocr_line' id='line_1_77' title="bbox 198 4629 1784 4704; baseline 0.003 -18"><span class='ocrx_word' id='word_1_563' title='bbox 198 4629 357 4701; x_wconf 89' lang='lat' dir='ltr'><strong>prius</strong></span> <span class='ocrx_word' id='word_1_564' title='bbox 379 4631 691 4698; x_wconf 89' lang='lat' dir='ltr'><strong>attenderis,</strong></span> <span class='ocrx_word' id='word_1_565' title='bbox 725 4633 817 4704; x_wconf 84' lang='lat' dir='ltr'><strong>qui</strong></span> <span class='ocrx_word' id='word_1_566' title='bbox 867 4633 1295 4704; x_wconf 88' lang='lat' dir='ltr'><strong>imperfectionis</strong></span> <span class='ocrx_word' id='word_1_567' title='bbox 1323 4634 1681 4690; x_wconf 84' lang='lat' dir='ltr'><strong>necessitates</strong></span> <span class='ocrx_word' id='word_1_568' title='bbox 1708 4633 1784 4690; x_wconf 86' lang='lat' dir='ltr'><strong>ita</strong></span> 
     </span>
    </p>
   </div>
   <div class='ocr_carea' id='block_1_78' title="bbox 197 4725 1785 4793">
    <p class='ocr_par' dir='ltr' id='par_1_78' title="bbox 197 4725 1785 4793">
     <span class='ocr_line' id='line_1_78' title="bbox 197 4725 1785 4793; baseline 0.005 -15"><span class='ocrx_word' id='word_1_569' title='bbox 197 4736 379 4778; x_wconf 86' lang='lat' dir='ltr'><strong>novus</strong></span> <span class='ocrx_word' id='word_1_570' title='bbox 430 4731 668 4782; x_wconf 82' lang='lat' dir='ltr'><strong>assertor</strong></span> <span class='ocrx_word' id='word_1_571' title='bbox 716 4725 1028 4793; x_wconf 75' lang='lat' dir='ltr'><strong>induxeris,</strong></span> <span class='ocrx_word' id='word_1_572' title='bbox 1087 4735 1147 4782; x_wconf 91' lang='lat' dir='ltr'><strong>ut</strong></span> <span class='ocrx_word' id='word_1_573' title='bbox 1196 4741 1262 4788; x_wconf 86' lang='lat' dir='ltr'><strong>ea</strong></span> <span class='ocrx_word' id='word_1_574' title='bbox 1308 4733 1364 4782; x_wconf 87' lang='lat' dir='ltr'><strong>et</strong></span> <span class='ocrx_word' id='word_1_575' title='bbox 1409 4734 1684 4782; x_wconf 88' lang='lat' dir='ltr'><strong>mortuum</strong></span> <span class='ocrx_word' id='word_1_576' title='bbox 1727 4734 1785 4786; x_wconf 79' lang='lat' dir='ltr'><strong>et</strong></span> 
     </span>
    </p>
   </div>
   <div class='ocr_carea' id='block_1_79' title="bbox 195 4818 1796 4890">
    <p class='ocr_par' dir='ltr' id='par_1_79' title="bbox 195 4818 1796 4890">
     <span class='ocr_line' id='line_1_79' title="bbox 195 4818 1796 4890; baseline 0.005 -21"><span class='ocrx_word' id='word_1_577' title='bbox 195 4829 466 4886; x_wconf 83' lang='lat' dir='ltr'><strong>peccasse</strong></span> <span class='ocrx_word' id='word_1_578' title='bbox 483 4818 716 4886; x_wconf 89' lang='lat' dir='ltr'><strong>primum</strong></span> <span class='ocrx_word' id='word_1_579' title='bbox 742 4819 1014 4876; x_wconf 89' lang='lat' dir='ltr'><strong>hominem</strong></span> <span class='ocrx_word' id='word_1_580' title='bbox 1061 4820 1266 4890; x_wconf 88' lang='lat' dir='ltr'><strong>absque</strong></span> <span class='ocrx_word' id='word_1_581' title='bbox 1295 4820 1636 4876; x_wconf 85' lang='lat' dir='ltr'><strong>auctoritatis</strong></span> <span class='ocrx_word' id='word_1_582' title='bbox 1661 4835 1796 4876; x_wconf 88' lang='lat' dir='ltr'><strong>mu-.</strong></span> 
     </span>
    </p>
   </div>
   <div class='ocr_carea' id='block_1_80' title="bbox 197 4905 1781 4980">
    <p class='ocr_par' dir='ltr' id='par_1_80' title="bbox 197 4905 1781 4980">
     <span class='ocr_line' id='line_1_80' title="bbox 197 4905 1781 4980; baseline 0.005 -20"><span class='ocrx_word' id='word_1_583' title='bbox 197 4905 410 4962; x_wconf 84' lang='lat' dir='ltr'><strong>uimine</strong></span> <span class='ocrx_word' id='word_1_584' title='bbox 435 4909 780 4978; x_wconf 75' lang='lat' dir='ltr'><strong>prtedicares.</strong></span> <span class='ocrx_word' id='word_1_585' title='bbox 810 4909 944 4966; x_wconf 82' lang='lat' dir='ltr'><strong>Nam</strong></span> <span class='ocrx_word' id='word_1_586' title='bbox 974 4911 1117 4980; x_wconf 90' lang='lat' dir='ltr'><strong>quod</strong></span> <span class='ocrx_word' id='word_1_587' title='bbox 1150 4927 1255 4967; x_wconf 91' lang='lat' dir='ltr'><strong>non</strong></span> <span class='ocrx_word' id='word_1_588' title='bbox 1289 4911 1781 4980; x_wconf 69' lang='lat' dir='ltr'><strong>praedestinationis</strong></span> 
     </span>
    </p>
   </div>
   <div class='ocr_carea' id='block_1_81' title="bbox 198 4999 1802 5074">
    <p class='ocr_par' dir='ltr' id='par_1_81' title="bbox 198 4999 1802 5074">
     <span class='ocr_line' id='line_1_81' title="bbox 198 4999 1802 5074; baseline 0.001 -18"><span class='ocrx_word' id='word_1_589' title='bbox 198 4999 550 5068; x_wconf 83' lang='lat' dir='ltr'><strong>necessitate,</strong></span> <span class='ocrx_word' id='word_1_590' title='bbox 617 5002 710 5058; x_wconf 89' lang='lat' dir='ltr'><strong>sed</strong></span> <span class='ocrx_word' id='word_1_591' title='bbox 749 5000 898 5071; x_wconf 86' lang='lat' dir='ltr'><strong>justo</strong></span> <span class='ocrx_word' id='word_1_592' title='bbox 945 5003 1279 5074; x_wconf 89' lang='lat' dir='ltr'><strong>perindeque</strong></span> <span class='ocrx_word' id='word_1_593' title='bbox 1326 5001 1629 5058; x_wconf 87' lang='lat' dir='ltr'><strong>inevitabili</strong></span> <span class='ocrx_word' id='word_1_594' title='bbox 1689 5001 1802 5060; x_wconf 81' lang='lat' dir='ltr'><strong>Dei-</strong></span> 
     </span>
    </p>
   </div>
   <div class='ocr_carea' id='block_1_82' title="bbox 190 5090 1798 5166">
    <p class='ocr_par' dir='ltr' id='par_1_82' title="bbox 190 5090 1798 5166">
     <span class='ocr_line' id='line_1_82' title="bbox 190 5090 1798 5166; baseline 0.001 -18"><span class='ocrx_word' id='word_1_595' title='bbox 190 5090 406 5163; x_wconf 86' lang='lat' dir='ltr'><strong>judicio</strong></span> <span class='ocrx_word' id='word_1_596' title='bbox 457 5099 582 5162; x_wconf 81' lang='lat' dir='ltr'><strong>post</strong></span> <span class='ocrx_word' id='word_1_597' title='bbox 623 5093 893 5164; x_wconf 72' lang='lat' dir='ltr'><strong>primaeva:</strong></span> <span class='ocrx_word' id='word_1_598' title='bbox 937 5093 1391 5166; x_wconf 74' lang='lat' dir='ltr'><strong>transgressionis</strong></span> <span class='ocrx_word' id='word_1_599' title='bbox 1429 5093 1798 5164; x_wconf 77' lang='lat' dir='ltr'><strong>iustissimam</strong></span> 
     </span>
    </p>
   </div>
   <div class='ocr_carea' id='block_1_83' title="bbox 197 5183 1790 5256">
    <p class='ocr_par' dir='ltr' id='par_1_83' title="bbox 197 5183 1790 5256">
     <span class='ocr_line' id='line_1_83' title="bbox 197 5183 1790 5256; baseline 0 -16"><span class='ocrx_word' id='word_1_600' title='bbox 197 5183 610 5240; x_wconf 89' lang='lat' dir='ltr'><strong>damnationem</strong></span> <span class='ocrx_word' id='word_1_601' title='bbox 640 5199 842 5244; x_wconf 86' lang='lat' dir='ltr'><strong>omnes.</strong></span> <span class='ocrx_word' id='word_1_602' title='bbox 857 5184 971 5256; x_wconf 86' lang='lat' dir='ltr'><strong>(illo</strong></span> <span class='ocrx_word' id='word_1_603' title='bbox 1021 5201 1128 5242; x_wconf 91' lang='lat' dir='ltr'><strong>uno</strong></span> <span class='ocrx_word' id='word_1_604' title='bbox 1153 5183 1510 5256; x_wconf 81' lang='lat' dir='ltr'><strong>singulariter</strong></span> <span class='ocrx_word' id='word_1_605' title='bbox 1541 5191 1790 5254; x_wconf 84' lang='lat' dir='ltr'><strong>excepto,</strong></span> 
     </span>
    </p>
   </div>
   <div class='ocr_carea' id='block_1_84' title="bbox 199 5269 1796 5347">
    <p class='ocr_par' dir='ltr' id='par_1_84' title="bbox 199 5269 1796 5347">
     <span class='ocr_line' id='line_1_84' title="bbox 199 5269 1796 5347; baseline 0.002 -19"><span class='ocrx_word' id='word_1_606' title='bbox 199 5274 262 5328; x_wconf 89' lang='lat' dir='ltr'><strong>in</strong></span> <span class='ocrx_word' id='word_1_607' title='bbox 281 5287 392 5344; x_wconf 91' lang='lat' dir='ltr'><strong>quo</strong></span> <span class='ocrx_word' id='word_1_608' title='bbox 420 5269 552 5328; x_wconf 84' lang='lat' dir='ltr'><strong>nihil</strong></span> <span class='ocrx_word' id='word_1_609' title='bbox 581 5273 770 5329; x_wconf 88' lang='lat' dir='ltr'><strong>habuit</strong></span> <span class='ocrx_word' id='word_1_610' title='bbox 794 5275 1048 5345; x_wconf 88' lang='lat' dir='ltr'><strong>princeps</strong></span> <span class='ocrx_word' id='word_1_611' title='bbox 1069 5275 1230 5347; x_wconf 86' lang='lat' dir='ltr'><strong>hujus</strong></span> <span class='ocrx_word' id='word_1_612' title='bbox 1253 5273 1462 5346; x_wconf 90' lang='lat' dir='ltr'><strong>mundi)</strong></span> <span class='ocrx_word' id='word_1_613' title='bbox 1489 5272 1796 5331; x_wconf 85' lang='lat' dir='ltr'><strong>voluntarie</strong></span> 
     </span>
    </p>
   </div>
   <div class='ocr_carea' id='block_1_85' title="bbox 197 5362 1788 5434">
    <p class='ocr_par' dir='ltr' id='par_1_85' title="bbox 197 5362 1788 5434">
     <span class='ocr_line' id='line_1_85' title="bbox 197 5362 1788 5434; baseline -0.001 -15"><span class='ocrx_word' id='word_1_614' title='bbox 197 5363 348 5419; x_wconf 83' lang='lat' dir='ltr'><strong>servi</strong></span> <span class='ocrx_word' id='word_1_615' title='bbox 383 5363 590 5434; x_wconf 86' lang='lat' dir='ltr'><strong>peccati</strong></span> <span class='ocrx_word' id='word_1_616' title='bbox 627 5363 826 5429; x_wconf 66' lang='lat' dir='ltr'><strong>effecti,</strong></span> <span class='ocrx_word' id='word_1_617' title='bbox 870 5365 936 5420; x_wconf 91' lang='lat' dir='ltr'><strong>ad</strong></span> <span class='ocrx_word' id='word_1_618' title='bbox 981 5366 1312 5434; x_wconf 89' lang='lat' dir='ltr'><strong>peccandum</strong></span> <span class='ocrx_word' id='word_1_619' title='bbox 1361 5365 1526 5420; x_wconf 88' lang='lat' dir='ltr'><strong>etiam</strong></span> <span class='ocrx_word' id='word_1_620' title='bbox 1554 5362 1788 5433; x_wconf 90' lang='lat' dir='ltr'><strong>compel-</strong></span> 
     </span>
    </p>
   </div>
   <div class='ocr_carea' id='block_1_86' title="bbox 199 5441 1792 5525">
    <p class='ocr_par' dir='ltr' id='par_1_86' title="bbox 199 5441 1792 5525">
     <span class='ocr_line' id='line_1_86' title="bbox 199 5441 1792 5525; baseline 0.003 -19"><span class='ocrx_word' id='word_1_621' title='bbox 199 5451 408 5519; x_wconf 88' lang='lat' dir='ltr'><strong>lantur,</strong></span> <span class='ocrx_word' id='word_1_622' title='bbox 455 5461 510 5508; x_wconf 92' lang='lat' dir='ltr'><strong>et</strong></span> <span class='ocrx_word' id='word_1_623' title='bbox 537 5467 698 5523; x_wconf 89' lang='lat' dir='ltr'><strong>supra</strong></span> <span class='ocrx_word' id='word_1_624' title='bbox 727 5455 860 5510; x_wconf 85' lang='lat' dir='ltr'><strong>satis</strong></span> <span class='ocrx_word' id='word_1_625' title='bbox 912 5463 1095 5510; x_wconf 89' lang='lat' dir='ltr'><strong>actum</strong></span> <span class='ocrx_word' id='word_1_626' title='bbox 1120 5464 1225 5519; x_wconf 90' lang='lat' dir='ltr'><strong>est,</strong></span> <span class='ocrx_word' id='word_1_627' title='bbox 1257 5464 1312 5510; x_wconf 90' lang='lat' dir='ltr'><strong>et</strong></span> <span class='ocrx_word' id='word_1_628' title='bbox 1349 5441 1641 5525; x_wconf 84' lang='lat' dir='ltr'><strong>Apostolus</strong></span> <span class='ocrx_word' id='word_1_629' title='bbox 1673 5469 1792 5510; x_wconf 86' lang='lat' dir='ltr'><strong>ma-</strong></span> 
     </span>
    </p>
   </div>
   <div class='ocr_carea' id='block_1_87' title="bbox 201 5542 1791 5616">
    <p class='ocr_par' dir='ltr' id='par_1_87' title="bbox 201 5542 1791 5616">
     <span class='ocr_line' id='line_1_87' title="bbox 201 5542 1791 5616; baseline 0.003 -18"><span class='ocrx_word' id='word_1_630' title='bbox 201 5542 431 5598; x_wconf 86' lang='lat' dir='ltr'><strong>nifestat</strong></span> <span class='ocrx_word' id='word_1_631' title='bbox 475 5545 699 5602; x_wconf 87' lang='lat' dir='ltr'><strong>dicens:</strong></span> <span class='ocrx_word' id='word_1_632' title='bbox 736 5545 874 5611; x_wconf 84' lang='lat' dir='ltr'><strong>Quia</strong></span> <span class='ocrx_word' id='word_1_633' title='bbox 921 5562 1041 5601; x_wconf 88' lang='lat' dir='ltr'><strong>cum</strong></span> <span class='ocrx_word' id='word_1_634' title='bbox 1085 5547 1439 5616; x_wconf 81' lang='lat' dir='ltr'><strong>cognovissent</strong></span> <span class='ocrx_word' id='word_1_635' title='bbox 1469 5546 1660 5613; x_wconf 88' lang='lat' dir='ltr'><strong>Deum,</strong></span> <span class='ocrx_word' id='word_1_636' title='bbox 1685 5564 1791 5604; x_wconf 88' lang='lat' dir='ltr'><strong>non</strong></span> 
     </span>
    </p>
   </div>
   <div class='ocr_carea' id='block_1_88' title="bbox 201 5635 1792 5709">
    <p class='ocr_par' dir='ltr' id='par_1_88' title="bbox 201 5635 1792 5709">
     <span class='ocr_line' id='line_1_88' title="bbox 201 5635 1792 5709; baseline 0.006 -21"><span class='ocrx_word' id='word_1_637' title='bbox 201 5635 344 5689; x_wconf 85' lang='lat' dir='ltr'><strong>sicut</strong></span> <span class='ocrx_word' id='word_1_638' title='bbox 367 5635 534 5692; x_wconf 83' lang='lat' dir='ltr'><strong>Deum</strong></span> <span class='ocrx_word' id='word_1_639' title='bbox 573 5637 997 5708; x_wconf 77' lang='lat' dir='ltr'><strong>gloriﬁcaverunt</strong></span> <span class='ocrx_word' id='word_1_640' title='bbox 1040 5649 1130 5691; x_wconf 86' lang='lat' dir='ltr'><strong>aut</strong></span> <span class='ocrx_word' id='word_1_641' title='bbox 1173 5637 1372 5707; x_wconf 86' lang='lat' dir='ltr'><strong>gratias</strong></span> <span class='ocrx_word' id='word_1_642' title='bbox 1411 5651 1645 5709; x_wconf 86' lang='lat' dir='ltr'><strong>egerunt,</strong></span> <span class='ocrx_word' id='word_1_643' title='bbox 1697 5641 1792 5696; x_wconf 85' lang='lat' dir='ltr'><strong>sed</strong></span> 
     </span>
    </p>
   </div>
   <div class='ocr_carea' id='block_1_89' title="bbox 201 5727 1793 5806">
    <p class='ocr_par' dir='ltr' id='par_1_89' title="bbox 201 5727 1793 5806">
     <span class='ocr_line' id='line_1_89' title="bbox 201 5727 1793 5806; baseline 0.005 -26"><span class='ocrx_word' id='word_1_644' title='bbox 201 5728 529 5788; x_wconf 69' lang='lat' dir='ltr'><strong>evanuerunt</strong></span> <span class='ocrx_word' id='word_1_645' title='bbox 569 5728 626 5806; x_wconf 79' lang='lat' dir='ltr'><strong>in</strong></span> <span class='ocrx_word' id='word_1_646' title='bbox 677 5727 1076 5802; x_wconf 80' lang='lat' dir='ltr'><strong>cogitationibus</strong></span> <span class='ocrx_word' id='word_1_647' title='bbox 1116 5727 1226 5782; x_wconf 89' lang='lat' dir='ltr'><strong>suis</strong></span> <span class='ocrx_word' id='word_1_648' title='bbox 1263 5736 1311 5782; x_wconf 89' lang='lat' dir='ltr'><strong>et</strong></span> <span class='ocrx_word' id='word_1_649' title='bbox 1351 5727 1684 5785; x_wconf 81' lang='lat' dir='ltr'><strong>obscuratum</strong></span> <span class='ocrx_word' id='word_1_650' title='bbox 1714 5741 1793 5794; x_wconf 85' lang='lat' dir='ltr'><strong>est</strong></span> 
     </span>
    </p>
   </div>
   <div class='ocr_carea' id='block_1_90' title="bbox 1814 4512 1864 4573">
    <p class='ocr_par' dir='ltr' id='par_1_90' title="bbox 1814 4512 1864 4573">
     <span class='ocr_line' id='line_1_90' title="bbox 1814 4512 1864 4573; baseline 0 0"><span class='ocrx_word' id='word_1_651' title='bbox 1814 4512 1864 4573; x_wconf 89' lang='lat' dir='ltr'><strong>D</strong></span> 
     </span>
    </p>
   </div>
   <div class='ocr_carea' id='block_1_91' title="bbox 1882 3247 3464 3322">
    <p class='ocr_par' dir='ltr' id='par_1_91' title="bbox 1882 3247 3464 3322">
     <span class='ocr_line' id='line_1_91' title="bbox 1882 3247 3464 3322; baseline -0.002 -16"><span class='ocrx_word' id='word_1_652' title='bbox 1882 3252 2054 3306; x_wconf 82' lang='lat' dir='ltr'><strong>minus</strong></span> <span class='ocrx_word' id='word_1_653' title='bbox 2081 3251 2266 3306; x_wconf 70' lang='lat' dir='ltr'><strong>seduxi</strong></span> <span class='ocrx_word' id='word_1_654' title='bbox 2295 3267 2414 3306; x_wconf 87' lang='lat' dir='ltr'><strong>eum</strong></span> <span class='ocrx_word' id='word_1_655' title='bbox 2447 3249 2663 3322; x_wconf 70' lang='lat' dir='ltr'><strong>(Ezech.</strong></span> <span class='ocrx_word' id='word_1_656' title='bbox 2689 3266 2802 3316; x_wconf 79' lang='lat' dir='ltr'><strong>xw,</strong></span> <span class='ocrx_word' id='word_1_657' title='bbox 2829 3250 2906 3322; x_wconf 90' lang='lat'><strong>9).</strong></span> <span class='ocrx_word' id='word_1_658' title='bbox 2936 3251 3002 3306; x_wconf 87' lang='lat' dir='ltr'><strong>Et</strong></span> <span class='ocrx_word' id='word_1_659' title='bbox 3046 3250 3114 3306; x_wconf 92' lang='lat' dir='ltr'><strong>de</strong></span> <span class='ocrx_word' id='word_1_660' title='bbox 3150 3249 3340 3305; x_wconf 83' lang='lat' dir='ltr'><strong>Achab</strong></span> <span class='ocrx_word' id='word_1_661' title='bbox 3367 3247 3464 3303; x_wconf 90' lang='lat' dir='ltr'><strong>de-</strong></span> 
     </span>
    </p>
   </div>
   <div class='ocr_carea' id='block_1_92' title="bbox 1884 3339 3468 3412">
    <p class='ocr_par' dir='ltr' id='par_1_92' title="bbox 1884 3339 3468 3412">
     <span class='ocr_line' id='line_1_92' title="bbox 1884 3339 3468 3412; baseline -0.002 -14"><span class='ocrx_word' id='word_1_662' title='bbox 1884 3342 2153 3412; x_wconf 81' lang='lat' dir='ltr'><strong>cipienda,</strong></span> <span class='ocrx_word' id='word_1_663' title='bbox 2211 3351 2272 3396; x_wconf 92' lang='lat' dir='ltr'><strong>ut</strong></span> <span class='ocrx_word' id='word_1_664' title='bbox 2324 3343 2427 3398; x_wconf 88' lang='lat' dir='ltr'><strong>iret</strong></span> <span class='ocrx_word' id='word_1_665' title='bbox 2473 3350 2526 3396; x_wconf 87' lang='lat' dir='ltr'><strong>et</strong></span> <span class='ocrx_word' id='word_1_666' title='bbox 2570 3342 2794 3399; x_wconf 87' lang='lat' dir='ltr'><strong>caderet</strong></span> <span class='ocrx_word' id='word_1_667' title='bbox 2841 3342 2895 3398; x_wconf 90' lang='lat' dir='ltr'><strong>in</strong></span> <span class='ocrx_word' id='word_1_668' title='bbox 2952 3342 3187 3398; x_wconf 83' lang='lat' dir='ltr'><strong>Ramoth</strong></span> <span class='ocrx_word' id='word_1_669' title='bbox 3242 3339 3468 3408; x_wconf 89' lang='lat' dir='ltr'><strong>Galaad,</strong></span> 
     </span>
    </p>
   </div>
   <div class='ocr_carea' id='block_1_93' title="bbox 1883 3433 3473 3507">
    <p class='ocr_par' dir='ltr' id='par_1_93' title="bbox 1883 3433 3473 3507">
     <span class='ocr_line' id='line_1_93' title="bbox 1883 3433 3473 3507; baseline 0.001 -19"><span class='ocrx_word' id='word_1_670' title='bbox 1883 3434 2108 3489; x_wconf 88' lang='lat' dir='ltr'><strong>audiens</strong></span> <span class='ocrx_word' id='word_1_671' title='bbox 2135 3434 2312 3504; x_wconf 90' lang='lat' dir='ltr'><strong>potius</strong></span> <span class='ocrx_word' id='word_1_672' title='bbox 2343 3433 2613 3490; x_wconf 81' lang='lat' dir='ltr'><strong>fanaticos</strong></span> <span class='ocrx_word' id='word_1_673' title='bbox 2643 3450 2795 3501; x_wconf 89' lang='lat' dir='ltr'><strong>suos,</strong></span> <span class='ocrx_word' id='word_1_674' title='bbox 2832 3451 2996 3507; x_wconf 91' lang='lat' dir='ltr'><strong>quam</strong></span> <span class='ocrx_word' id='word_1_675' title='bbox 3036 3435 3317 3507; x_wconf 54' lang='lat' dir='ltr'><strong>propheta</strong></span> <span class='ocrx_word' id='word_1_676' title='bbox 3367 3435 3473 3489; x_wconf 86' lang='lat' dir='ltr'><strong>Do-</strong></span> 
     </span>
    </p>
   </div>
   <div class='ocr_carea' id='block_1_94' title="bbox 1883 3525 3470 3598">
    <p class='ocr_par' dir='ltr' id='par_1_94' title="bbox 1883 3525 3470 3598">
     <span class='ocr_line' id='line_1_94' title="bbox 1883 3525 3470 3598; baseline -0.001 -17"><span class='ocrx_word' id='word_1_677' title='bbox 1883 3525 2015 3581; x_wconf 91' lang='lat' dir='ltr'><strong>mini</strong></span> <span class='ocrx_word' id='word_1_678' title='bbox 2041 3526 2417 3596; x_wconf 88' lang='lat' dir='ltr'><strong>acquiescens,</strong></span> <span class='ocrx_word' id='word_1_679' title='bbox 2447 3526 2670 3597; x_wconf 89' lang='lat' dir='ltr'><strong>spiritus</strong></span> <span class='ocrx_word' id='word_1_680' title='bbox 2692 3528 2896 3584; x_wconf 88' lang='lat' dir='ltr'><strong>erroris</strong></span> <span class='ocrx_word' id='word_1_681' title='bbox 2918 3537 3195 3598; x_wconf 62' lang='lat' dir='ltr'><strong>quaerente</strong></span> <span class='ocrx_word' id='word_1_682' title='bbox 3219 3526 3470 3591; x_wconf 89' lang='lat' dir='ltr'><strong>Domino,</strong></span> 
     </span>
    </p>
   </div>
   <div class='ocr_carea' id='block_1_95' title="bbox 1884 3615 3484 3689">
    <p class='ocr_par' dir='ltr' id='par_1_95' title="bbox 1884 3615 3484 3689">
     <span class='ocr_line' id='line_1_95' title="bbox 1884 3615 3484 3689; baseline -0.001 -17"><span class='ocrx_word' id='word_1_683' title='bbox 1884 3619 2006 3689; x_wconf 90' lang='lat' dir='ltr'><strong>quis</strong></span> <span class='ocrx_word' id='word_1_684' title='bbox 2033 3617 2136 3674; x_wconf 91' lang='lat' dir='ltr'><strong>iret</strong></span> <span class='ocrx_word' id='word_1_685' title='bbox 2177 3619 2244 3673; x_wconf 91' lang='lat' dir='ltr'><strong>ad</strong></span> <span class='ocrx_word' id='word_1_686' title='bbox 2275 3619 2654 3688; x_wconf 89' lang='lat' dir='ltr'><strong>decipiendum</strong></span> <span class='ocrx_word' id='word_1_687' title='bbox 2703 3619 2872 3683; x_wconf 92' lang='lat' dir='ltr'><strong>illum,</strong></span> <span class='ocrx_word' id='word_1_688' title='bbox 2906 3634 3030 3674; x_wconf 93' lang='lat' dir='ltr'><strong>cum</strong></span> <span class='ocrx_word' id='word_1_689' title='bbox 3081 3618 3323 3673; x_wconf 89' lang='lat' dir='ltr'><strong>diceret:</strong></span> <span class='ocrx_word' id='word_1_690' title='bbox 3353 3615 3484 3686; x_wconf 85' lang='lat' dir='ltr'><strong>Ego-</strong></span> 
     </span>
    </p>
   </div>
   <div class='ocr_carea' id='block_1_96' title="bbox 1884 3707 3472 3783">
    <p class='ocr_par' dir='ltr' id='par_1_96' title="bbox 1884 3707 3472 3783">
     <span class='ocr_line' id='line_1_96' title="bbox 1884 3707 3472 3783; baseline -0.006 -15"><span class='ocrx_word' id='word_1_691' title='bbox 1884 3729 1972 3768; x_wconf 88' lang='lat' dir='ltr'><strong>ero</strong></span> <span class='ocrx_word' id='word_1_692' title='bbox 1990 3713 2204 3783; x_wconf 84' lang='lat' dir='ltr'><strong>spiritus</strong></span> <span class='ocrx_word' id='word_1_693' title='bbox 2224 3713 2453 3768; x_wconf 73' lang='lat' dir='ltr'><strong>mendax</strong></span> <span class='ocrx_word' id='word_1_694' title='bbox 2476 3713 2531 3766; x_wconf 89' lang='lat' dir='ltr'><strong>in</strong></span> <span class='ocrx_word' id='word_1_695' title='bbox 2549 3729 2636 3768; x_wconf 89' lang='lat' dir='ltr'><strong>ore</strong></span> <span class='ocrx_word' id='word_1_696' title='bbox 2651 3711 2886 3766; x_wconf 89' lang='lat' dir='ltr'><strong>omnium</strong></span> <span class='ocrx_word' id='word_1_697' title='bbox 2919 3709 3290 3780; x_wconf 87' lang='lat' dir='ltr'><strong>prophetarum</strong></span> <span class='ocrx_word' id='word_1_698' title='bbox 3319 3707 3472 3776; x_wconf 84' lang='lat' dir='ltr'><strong>ejus;</strong></span> 
     </span>
    </p>
   </div>
   <div class='ocr_carea' id='block_1_97' title="bbox 1885 3797 3466 3873">
    <p class='ocr_par' dir='ltr' id='par_1_97' title="bbox 1885 3797 3466 3873">
     <span class='ocr_line' id='line_1_97' title="bbox 1885 3797 3466 3873; baseline -0.005 -15"><span class='ocrx_word' id='word_1_699' title='bbox 1885 3804 2038 3858; x_wconf 90' lang='lat' dir='ltr'><strong>audis</strong></span> <span class='ocrx_word' id='word_1_700' title='bbox 2065 3803 2133 3858; x_wconf 92' lang='lat' dir='ltr'><strong>ab</strong></span> <span class='ocrx_word' id='word_1_701' title='bbox 2155 3803 2244 3858; x_wconf 91' lang='lat' dir='ltr'><strong>illo</strong></span> <span class='ocrx_word' id='word_1_702' title='bbox 2263 3819 2282 3857; x_wconf 88' lang='lat'><strong><em>:</em></strong></span> <span class='ocrx_word' id='word_1_703' title='bbox 2313 3803 2550 3873; x_wconf 86' lang='lat' dir='ltr'><strong>Decipies</strong></span> <span class='ocrx_word' id='word_1_704' title='bbox 2575 3812 2622 3856; x_wconf 89' lang='lat' dir='ltr'><strong>et</strong></span> <span class='ocrx_word' id='word_1_705' title='bbox 2646 3808 2652 3815; x_wconf 87' lang='lat'>&#39;</span> <span class='ocrx_word' id='word_1_706' title='bbox 2673 3799 2998 3872; x_wconf 75' lang='lat' dir='ltr'><strong>prwvalebis,</strong></span> <span class='ocrx_word' id='word_1_707' title='bbox 3027 3799 3269 3870; x_wconf 87' lang='lat' dir='ltr'><strong>egredere</strong></span> <span class='ocrx_word' id='word_1_708' title='bbox 3297 3808 3344 3852; x_wconf 90' lang='lat' dir='ltr'><strong>et</strong></span> <span class='ocrx_word' id='word_1_709' title='bbox 3378 3797 3466 3866; x_wconf 88' lang='lat' dir='ltr'><strong>fac</strong></span> 
     </span>
    </p>
   </div>
   <div class='ocr_carea' id='block_1_98' title="bbox 1887 3887 3468 3966">
    <p class='ocr_par' dir='ltr' id='par_1_98' title="bbox 1887 3887 3468 3966">
     <span class='ocr_line' id='line_1_98' title="bbox 1887 3887 3468 3966; baseline -0.003 -19"><span class='ocrx_word' id='word_1_710' title='bbox 1887 3893 2002 3962; x_wconf 85' lang='lat' dir='ltr'><strong>(III</strong></span> <span class='ocrx_word' id='word_1_711' title='bbox 2029 3893 2153 3964; x_wconf 85' lang='lat' dir='ltr'><strong>Reg.</strong></span> <span class='ocrx_word' id='word_1_712' title='bbox 2184 3909 2318 3958; x_wconf 78' lang='lat' dir='ltr'><strong>xm,</strong></span> <span class='ocrx_word' id='word_1_713' title='bbox 2343 3893 2569 3966; x_wconf 72' lang='lat'><strong>20,22).</strong></span> <span class='ocrx_word' id='word_1_714' title='bbox 2597 3892 2668 3948; x_wconf 87' lang='lat' dir='ltr'><strong>Et</strong></span> <span class='ocrx_word' id='word_1_715' title='bbox 2691 3908 2906 3947; x_wconf 91' lang='lat' dir='ltr'><strong>rursum</strong></span> <span class='ocrx_word' id='word_1_716' title='bbox 2937 3889 3274 3963; x_wconf 85' lang='lat' dir='ltr'><strong>Apostolus:</strong></span> <span class='ocrx_word' id='word_1_717' title='bbox 3301 3887 3468 3958; x_wconf 84' lang='lat' dir='ltr'><strong>Cujus</strong></span> 
     </span>
    </p>
   </div>
   <div class='ocr_carea' id='block_1_99' title="bbox 1885 3977 3468 4054">
    <p class='ocr_par' dir='ltr' id='par_1_99' title="bbox 1885 3977 3468 4054">
     <span class='ocr_line' id='line_1_99' title="bbox 1885 3977 3468 4054; baseline -0.006 -14"><span class='ocrx_word' id='word_1_718' title='bbox 1885 3985 2024 4040; x_wconf 87' lang='lat' dir='ltr'><strong>enim</strong></span> <span class='ocrx_word' id='word_1_719' title='bbox 2059 3983 2163 4039; x_wconf 80' lang='lat' dir='ltr'><strong>vult</strong></span> <span class='ocrx_word' id='word_1_720' title='bbox 2193 3977 2486 4049; x_wconf 78' lang='lat' dir='ltr'><strong>miseretur,</strong></span> <span class='ocrx_word' id='word_1_721' title='bbox 2521 3995 2568 4039; x_wconf 90' lang='lat' dir='ltr'><strong>et</strong></span> <span class='ocrx_word' id='word_1_722' title='bbox 2597 3999 2748 4054; x_wconf 87' lang='lat' dir='ltr'><strong>quem</strong></span> <span class='ocrx_word' id='word_1_723' title='bbox 2789 3981 2900 4038; x_wconf 85' lang='lat' dir='ltr'><strong>vult</strong></span> <span class='ocrx_word' id='word_1_724' title='bbox 2948 3981 3162 4036; x_wconf 87' lang='lat' dir='ltr'><strong>indurat</strong></span> <span class='ocrx_word' id='word_1_725' title='bbox 3195 3977 3366 4051; x_wconf 85' lang='lat' dir='ltr'><strong>(Rom.</strong></span> <span class='ocrx_word' id='word_1_726' title='bbox 3393 3993 3468 4042; x_wconf 74' lang='grc' dir='ltr'><strong>ιχ,</strong></span> 
     </span>
    </p>
   </div>
   <div class='ocr_carea' id='block_1_100' title="bbox 1889 4071 3472 4148">
    <p class='ocr_par' dir='ltr' id='par_1_100' title="bbox 1889 4071 3472 4148">
     <span class='ocr_line' id='line_1_100' title="bbox 1889 4071 3472 4148; baseline -0.004 -16"><span class='ocrx_word' id='word_1_727' title='bbox 1889 4078 1999 4148; x_wconf 83' lang='grc'><strong>18).</strong></span> <span class='ocrx_word' id='word_1_728' title='bbox 2025 4077 2092 4134; x_wconf 89' lang='lat' dir='ltr'><strong>Et</strong></span> <span class='ocrx_word' id='word_1_729' title='bbox 2120 4077 2235 4148; x_wconf 87' lang='lat' dir='ltr'><strong>ipse</strong></span> <span class='ocrx_word' id='word_1_730' title='bbox 2265 4077 2526 4134; x_wconf 87' lang='lat' dir='ltr'><strong>Dominus</strong></span> <span class='ocrx_word' id='word_1_731' title='bbox 2559 4095 2572 4132; x_wconf 91' lang='lat'><strong>:</strong></span> <span class='ocrx_word' id='word_1_732' title='bbox 2605 4074 2718 4148; x_wconf 84' lang='lat' dir='ltr'><strong>Ego</strong></span> <span class='ocrx_word' id='word_1_733' title='bbox 2753 4075 3014 4130; x_wconf 85' lang='lat' dir='ltr'><strong>indurabo</strong></span> <span class='ocrx_word' id='word_1_734' title='bbox 3054 4090 3144 4128; x_wconf 83' lang='lat' dir='ltr'><strong>cor</strong></span> <span class='ocrx_word' id='word_1_735' title='bbox 3172 4071 3472 4127; x_wconf 84' lang='lat' dir='ltr'><strong>Pharaonis</strong></span> 
     </span>
    </p>
   </div>
   <div class='ocr_carea' id='block_1_101' title="bbox 1889 4165 3475 4244">
    <p class='ocr_par' dir='ltr' id='par_1_101' title="bbox 1889 4165 3475 4244">
     <span class='ocr_line' id='line_1_101' title="bbox 1889 4165 3475 4244; baseline -0.004 -17"><span class='ocrx_word' id='word_1_736' title='bbox 1889 4171 2088 4243; x_wconf 78' lang='lat' dir='ltr'><strong>(Exod.</strong></span> <span class='ocrx_word' id='word_1_737' title='bbox 2119 4188 2172 4238; x_wconf 69' lang='grc' dir='ltr'><strong>χ,</strong></span> <span class='ocrx_word' id='word_1_738' title='bbox 2210 4171 2300 4244; x_wconf 76' lang='grc'><strong>27)</strong></span> <span class='ocrx_word' id='word_1_739' title='bbox 2328 4189 2343 4237; x_wconf 89' lang='grc'>;</span> <span class='ocrx_word' id='word_1_740' title='bbox 2376 4180 2432 4227; x_wconf 92' lang='lat' dir='ltr'><strong>et</strong></span> <span class='ocrx_word' id='word_1_741' title='bbox 2482 4171 2680 4227; x_wconf 87' lang='lat' dir='ltr'><strong>iterum</strong></span> <span class='ocrx_word' id='word_1_742' title='bbox 2711 4188 2725 4225; x_wconf 87' lang='lat'><strong>:</strong></span> <span class='ocrx_word' id='word_1_743' title='bbox 2758 4169 2825 4223; x_wconf 87' lang='lat' dir='ltr'><strong>In</strong></span> <span class='ocrx_word' id='word_1_744' title='bbox 2857 4170 2953 4223; x_wconf 87' lang='lat' dir='ltr'><strong>hoc</strong></span> <span class='ocrx_word' id='word_1_745' title='bbox 2981 4168 3152 4239; x_wconf 88' lang='lat' dir='ltr'><strong>ipsum</strong></span> <span class='ocrx_word' id='word_1_746' title='bbox 3181 4165 3399 4221; x_wconf 77' lang='lat' dir='ltr'><strong>excitavi</strong></span> <span class='ocrx_word' id='word_1_747' title='bbox 3424 4173 3475 4220; x_wconf 76' lang='lat' dir='ltr'><strong>te</strong></span> 
     </span>
    </p>
   </div>
   <div class='ocr_carea' id='block_1_102' title="bbox 1889 4257 3470 4335">
    <p class='ocr_par' dir='ltr' id='par_1_102' title="bbox 1889 4257 3470 4335">
     <span class='ocr_line' id='line_1_102' title="bbox 1889 4257 3470 4335; baseline -0.003 -16"><span class='ocrx_word' id='word_1_748' title='bbox 1889 4273 1946 4319; x_wconf 84' lang='lat' dir='ltr'><strong>ut</strong></span> <span class='ocrx_word' id='word_1_749' title='bbox 1971 4264 2240 4322; x_wconf 88' lang='lat' dir='ltr'><strong>ostendam</strong></span> <span class='ocrx_word' id='word_1_750' title='bbox 2269 4266 2327 4320; x_wconf 84' lang='lat' dir='ltr'><strong>in</strong></span> <span class='ocrx_word' id='word_1_751' title='bbox 2355 4273 2404 4320; x_wconf 88' lang='lat' dir='ltr'><strong>te</strong></span> <span class='ocrx_word' id='word_1_752' title='bbox 2445 4264 2806 4335; x_wconf 79' lang='lat' dir='ltr'><strong>fortitudinem</strong></span> <span class='ocrx_word' id='word_1_753' title='bbox 2856 4278 3024 4317; x_wconf 88' lang='lat' dir='ltr'><strong>meam</strong></span> <span class='ocrx_word' id='word_1_754' title='bbox 3047 4259 3220 4332; x_wconf 85' lang='lat' dir='ltr'><strong>(Rom.</strong></span> <span class='ocrx_word' id='word_1_755' title='bbox 3243 4274 3322 4325; x_wconf 71' lang='grc' dir='ltr'><strong>ιι,</strong></span> <span class='ocrx_word' id='word_1_756' title='bbox 3355 4257 3470 4329; x_wconf 81' lang='lat' dir='ltr'><strong>l7).</strong></span> 
     </span>
    </p>
   </div>
   <div class='ocr_carea' id='block_1_103' title="bbox 1891 4351 3463 4427">
    <p class='ocr_par' dir='ltr' id='par_1_103' title="bbox 1891 4351 3463 4427">
     <span class='ocr_line' id='line_1_103' title="bbox 1891 4351 3463 4427; baseline -0.003 -16"><span class='ocrx_word' id='word_1_757' title='bbox 1891 4355 2021 4424; x_wconf 67' lang='lat' dir='ltr'><strong>Quae</strong></span> <span class='ocrx_word' id='word_1_758' title='bbox 2042 4356 2224 4412; x_wconf 91' lang='lat' dir='ltr'><strong>omnia</strong></span> <span class='ocrx_word' id='word_1_759' title='bbox 2247 4357 2372 4427; x_wconf 92' lang='lat' dir='ltr'><strong>pius</strong></span> <span class='ocrx_word' id='word_1_760' title='bbox 2389 4357 2602 4412; x_wconf 91' lang='lat' dir='ltr'><strong>animus</strong></span> <span class='ocrx_word' id='word_1_761' title='bbox 2623 4369 2961 4425; x_wconf 87' lang='lat' dir='ltr'><strong>nequaquam</strong></span> <span class='ocrx_word' id='word_1_762' title='bbox 2985 4353 3116 4408; x_wconf 90' lang='lat' dir='ltr'><strong>vitio</strong></span> <span class='ocrx_word' id='word_1_763' title='bbox 3140 4352 3238 4408; x_wconf 88' lang='lat' dir='ltr'><strong>Dei</strong></span> <span class='ocrx_word' id='word_1_764' title='bbox 3259 4351 3463 4409; x_wconf 83' lang='lat' dir='ltr'><strong>facien-</strong></span> 
     </span>
    </p>
   </div>
   <div class='ocr_carea' id='block_1_104' title="bbox 1891 4445 3236 4520">
    <p class='ocr_par' dir='ltr' id='par_1_104' title="bbox 1891 4445 3236 4520">
     <span class='ocr_line' id='line_1_104' title="bbox 1891 4445 3236 4520; baseline -0.003 -17"><span class='ocrx_word' id='word_1_765' title='bbox 1891 4447 1982 4515; x_wconf 91' lang='lat' dir='ltr'><strong>tis,</strong></span> <span class='ocrx_word' id='word_1_766' title='bbox 2022 4449 2116 4506; x_wconf 88' lang='lat' dir='ltr'><strong>sed</strong></span> <span class='ocrx_word' id='word_1_767' title='bbox 2145 4448 2386 4520; x_wconf 80' lang='lat' dir='ltr'><strong>aequitati</strong></span> <span class='ocrx_word' id='word_1_768' title='bbox 2413 4448 2602 4504; x_wconf 90' lang='lat' dir='ltr'><strong>tribuit</strong></span> <span class='ocrx_word' id='word_1_769' title='bbox 2621 4446 2924 4518; x_wconf 73' lang='lat' dir='ltr'><strong>iustissime</strong></span> <span class='ocrx_word' id='word_1_770' title='bbox 2945 4445 3236 4518; x_wconf 85' lang='lat' dir='ltr'><strong>punientis.</strong></span> 
     </span>
    </p>
   </div>
   <div class='ocr_carea' id='block_1_105' title="bbox 2502 4583 2896 4670">
    <p class='ocr_par' dir='ltr' id='par_1_105' title="bbox 2502 4583 2896 4670">
     <span class='ocr_line' id='line_1_105' title="bbox 2502 4583 2896 4670; baseline -0.013 -28"><span class='ocrx_word' id='word_1_771' title='bbox 2502 4583 2731 4642; x_wconf 84' lang='lat' dir='ltr'><strong>CAPUT</strong></span> <span class='ocrx_word' id='word_1_772' title='bbox 2776 4583 2896 4670; x_wconf 65' lang='lat' dir='ltr'><strong>ix.</strong></span> 
     </span>
    </p>
   </div>
   <div class='ocr_carea' id='block_1_106' title="bbox 1891 4679 3474 4780">
    <p class='ocr_par' dir='ltr' id='par_1_106' title="bbox 1891 4679 3474 4780">
     <span class='ocr_line' id='line_1_106' title="bbox 1891 4679 3474 4780; baseline -0.004 -29"><span class='ocrx_word' id='word_1_773' title='bbox 1891 4695 2056 4780; x_wconf 53' lang='lat' dir='ltr'><strong>Deneo</strong></span> <span class='ocrx_word' id='word_1_774' title='bbox 2086 4687 2225 4780; x_wconf 73' lang='lat' dir='ltr'><strong>quod</strong></span> <span class='ocrx_word' id='word_1_775' title='bbox 2250 4714 2360 4780; x_wconf 39' lang='lat' dir='ltr'><strong>non.</strong></span> <span class='ocrx_word' id='word_1_776' title='bbox 2368 4698 2602 4780; x_wconf 84' lang='lat' dir='ltr'><strong>proprie,</strong></span> <span class='ocrx_word' id='word_1_777' title='bbox 2624 4679 3306 4780; x_wconf 40' lang='lat' dir='ltr'><strong>sedﬁtemporaliumferum</strong></span> <span class='ocrx_word' id='word_1_778' title='bbox 3327 4690 3474 4780; x_wconf 70' lang='lat' dir='ltr'><strong>simi-</strong></span> 
     </span>
    </p>
   </div>
   <div class='ocr_carea' id='block_1_107' title="bbox 1965 4761 3472 4854">
    <p class='ocr_par' dir='ltr' id='par_1_107' title="bbox 1965 4761 3472 4854">
     <span class='ocr_line' id='line_1_107' title="bbox 1965 4761 3472 4854; baseline -0.005 -32"><span class='ocrx_word' id='word_1_779' title='bbox 1965 4761 2183 4854; x_wconf 66' lang='lat' dir='ltr'><strong>litudine</strong></span> <span class='ocrx_word' id='word_1_780' title='bbox 2215 4761 2664 4840; x_wconf 19' lang='lat' dir='ltr'><strong>prwdican’tur’de</strong></span> <span class='ocrx_word' id='word_1_781' title='bbox 2695 4767 2802 4823; x_wconf 88' lang='lat' dir='ltr'><strong>Deo</strong></span> <span class='ocrx_word' id='word_1_782' title='bbox 2830 4761 3157 4839; x_wconf 67' lang='lat' dir='ltr'><strong>praescientia</strong></span> <span class='ocrx_word' id='word_1_783' title='bbox 3188 4772 3236 4818; x_wconf 87' lang='lat' dir='ltr'><strong>et</strong></span> <span class='ocrx_word' id='word_1_784' title='bbox 3269 4761 3472 4834; x_wconf 71' lang='lat' dir='ltr'><strong>prcede-</strong></span> 
     </span>
    </p>
   </div>
   <div class='ocr_carea' id='block_1_108' title="bbox 1963 4849 2196 4894">
    <p class='ocr_par' dir='ltr' id='par_1_108' title="bbox 1963 4849 2196 4894">
     <span class='ocr_line' id='line_1_108' title="bbox 1963 4849 2196 4894; baseline -0.004 0"><span class='ocrx_word' id='word_1_785' title='bbox 1963 4849 2196 4894; x_wconf 83' lang='lat' dir='ltr'><strong>stinatio.</strong></span> 
     </span>
    </p>
   </div>
   <div class='ocr_carea' id='block_1_109' title="bbox 1968 4943 3476 5024">
    <p class='ocr_par' dir='ltr' id='par_1_109' title="bbox 1968 4943 3476 5024">
     <span class='ocr_line' id='line_1_109' title="bbox 1968 4943 3476 5024; baseline -0.005 -17"><span class='ocrx_word' id='word_1_786' title='bbox 1968 4953 2122 5009; x_wconf 85' lang='lat' dir='ltr'><strong>Nono</strong></span> <span class='ocrx_word' id='word_1_787' title='bbox 2179 4953 2601 5024; x_wconf 89' lang='lat' dir='ltr'><strong>disputationum</strong></span> <span class='ocrx_word' id='word_1_788' title='bbox 2676 4963 2891 5009; x_wconf 89' lang='lat' dir='ltr'><strong>tuarum</strong></span> <span class='ocrx_word' id='word_1_789' title='bbox 2962 4947 3216 5007; x_wconf 84' lang='lat' dir='ltr'><strong>articulo</strong></span> <span class='ocrx_word' id='word_1_790' title='bbox 3259 4943 3476 5016; x_wconf 76' lang='lat' dir='ltr'><strong>conaris</strong></span> 
     </span>
    </p>
   </div>
   <div class='ocr_carea' id='block_1_110' title="bbox 1895 5037 3476 5116">
    <p class='ocr_par' dir='ltr' id='par_1_110' title="bbox 1895 5037 3476 5116">
     <span class='ocr_line' id='line_1_110' title="bbox 1895 5037 3476 5116; baseline -0.004 -16"><span class='ocrx_word' id='word_1_791' title='bbox 1895 5046 2182 5101; x_wconf 89' lang='lat' dir='ltr'><strong>ostendere</strong></span> <span class='ocrx_word' id='word_1_792' title='bbox 2204 5046 2603 5116; x_wconf 66' lang='lat' dir='ltr'><strong>praescientiam</strong></span> <span class='ocrx_word' id='word_1_793' title='bbox 2639 5054 2692 5100; x_wconf 90' lang='lat' dir='ltr'><strong>et</strong></span> <span class='ocrx_word' id='word_1_794' title='bbox 2718 5041 3246 5116; x_wconf 83' lang='lat' dir='ltr'><strong>praedestinationem</strong></span> <span class='ocrx_word' id='word_1_795' title='bbox 3271 5037 3338 5094; x_wconf 83' lang='lat' dir='ltr'><strong>de</strong></span> <span class='ocrx_word' id='word_1_796' title='bbox 3364 5037 3476 5094; x_wconf 91' lang='lat' dir='ltr'><strong>Deo</strong></span> 
     </span>
    </p>
   </div>
   <div class='ocr_carea' id='block_1_111' title="bbox 1895 5123 3474 5206">
    <p class='ocr_par' dir='ltr' id='par_1_111' title="bbox 1895 5123 3474 5206">
     <span class='ocr_line' id='line_1_111' title="bbox 1895 5123 3474 5206; baseline -0.004 -16"><span class='ocrx_word' id='word_1_797' title='bbox 1895 5151 2002 5191; x_wconf 92' lang='lat' dir='ltr'><strong>non</strong></span> <span class='ocrx_word' id='word_1_798' title='bbox 2051 5134 2288 5206; x_wconf 89' lang='lat' dir='ltr'><strong>proprie,</strong></span> <span class='ocrx_word' id='word_1_799' title='bbox 2342 5135 2433 5190; x_wconf 92' lang='lat' dir='ltr'><strong>sed</strong></span> <span class='ocrx_word' id='word_1_800' title='bbox 2483 5135 2859 5205; x_wconf 87' lang='lat' dir='ltr'><strong>temporalium</strong></span> <span class='ocrx_word' id='word_1_801' title='bbox 2893 5147 3074 5188; x_wconf 91' lang='lat' dir='ltr'><strong>rerum</strong></span> <span class='ocrx_word' id='word_1_802' title='bbox 3125 5123 3474 5187; x_wconf 87' lang='lat' dir='ltr'><strong>similitudine</strong></span> 
     </span>
    </p>
   </div>
   <div class='ocr_carea' id='block_1_112' title="bbox 1895 5226 2798 5299">
    <p class='ocr_par' dir='ltr' id='par_1_112' title="bbox 1895 5226 2798 5299">
     <span class='ocr_line' id='line_1_112' title="bbox 1895 5226 2798 5299; baseline -0.002 -17"><span class='ocrx_word' id='word_1_803' title='bbox 1895 5228 2198 5299; x_wconf 69' lang='lat' dir='ltr'><strong>praedicari.</strong></span> <span class='ocrx_word' id='word_1_804' title='bbox 2232 5227 2289 5284; x_wconf 87' lang='lat' dir='ltr'><strong>In</strong></span> <span class='ocrx_word' id='word_1_805' title='bbox 2317 5243 2425 5298; x_wconf 91' lang='lat' dir='ltr'><strong>quo</strong></span> <span class='ocrx_word' id='word_1_806' title='bbox 2451 5244 2576 5284; x_wconf 92' lang='lat' dir='ltr'><strong>cum</strong></span> <span class='ocrx_word' id='word_1_807' title='bbox 2613 5226 2750 5282; x_wconf 90' lang='lat' dir='ltr'><strong>dicis</strong></span> <span class='ocrx_word' id='word_1_808' title='bbox 2784 5241 2798 5280; x_wconf 89' lang='lat'><strong>:</strong></span> 
     </span>
    </p>
   </div>
   <div class='ocr_carea' id='block_1_113' title="bbox 2448 5353 2924 5396">
    <p class='ocr_par' dir='ltr' id='par_1_113' title="bbox 2448 5353 2924 5396">
     <span class='ocr_line' id='line_1_113' title="bbox 2448 5353 2924 5396; baseline -0.004 -1"><span class='ocrx_word' id='word_1_809' title='bbox 2448 5353 2676 5396; x_wconf 76' lang='lat' dir='ltr'><strong>JOANNES</strong></span> <span class='ocrx_word' id='word_1_810' title='bbox 2705 5353 2924 5394; x_wconf 74' lang='lat' dir='ltr'><strong>SCOTUS.</strong></span> 
     </span>
    </p>
   </div>
   <div class='ocr_carea' id='block_1_114' title="bbox 1965 5447 3473 5524">
    <p class='ocr_par' dir='ltr' id='par_1_114' title="bbox 1965 5447 3473 5524">
     <span class='ocr_line' id='line_1_114' title="bbox 1965 5447 3473 5524; baseline -0.003 -15"><span class='ocrx_word' id='word_1_811' title='bbox 1965 5450 2120 5524; x_wconf 86' lang='lat' dir='ltr'><strong>(Cap.</strong></span> <span class='ocrx_word' id='word_1_812' title='bbox 2147 5452 2204 5520; x_wconf 89' lang='lat'><strong>9,</strong></span> <span class='ocrx_word' id='word_1_813' title='bbox 2236 5468 2386 5509; x_wconf 90' lang='lat' dir='ltr'><strong>num.</strong></span> <span class='ocrx_word' id='word_1_814' title='bbox 2417 5452 2473 5519; x_wconf 76' lang='lat'><strong>2,</strong></span> <span class='ocrx_word' id='word_1_815' title='bbox 2503 5460 2637 5508; x_wconf 90' lang='lat' dir='ltr'><strong>sect.</strong></span> <span class='ocrx_word' id='word_1_816' title='bbox 2665 5451 2740 5524; x_wconf 85' lang='grc'><strong>1.)</strong></span> <span class='ocrx_word' id='word_1_817' title='bbox 2774 5461 2815 5508; x_wconf 87' lang='grc' dir='ltr'>Θ</span> <span class='ocrx_word' id='word_1_818' title='bbox 2863 5447 3014 5505; x_wconf 84' lang='lat' dir='ltr'><strong>Nihil</strong></span> <span class='ocrx_word' id='word_1_819' title='bbox 3065 5449 3219 5522; x_wconf 88' lang='lat' dir='ltr'><strong>digne</strong></span> <span class='ocrx_word' id='word_1_820' title='bbox 3258 5449 3322 5505; x_wconf 91' lang='lat' dir='ltr'><strong>de</strong></span> <span class='ocrx_word' id='word_1_821' title='bbox 3363 5447 3473 5506; x_wconf 85' lang='lat' dir='ltr'><strong>Deo</strong></span> 
     </span>
    </p>
   </div>
   <div class='ocr_carea' id='block_1_115' title="bbox 1894 5542 2852 5667">
    <p class='ocr_par' dir='ltr' id='par_1_115' title="bbox 1894 5542 2852 5667">
     <span class='ocr_line' id='line_1_115' title="bbox 1894 5542 2020 5597; baseline 0 0"><span class='ocrx_word' id='word_1_822' title='bbox 1894 5542 2020 5597; x_wconf 89' lang='lat' dir='ltr'><strong>dici.</strong></span> 
     </span>
     <span class='ocr_line' id='line_1_116' title="bbox 2535 5626 2852 5667; baseline -0.003 0"><span class='ocrx_word' id='word_1_823' title='bbox 2535 5626 2852 5667; x_wconf 75' lang='lat' dir='ltr'><strong>CORBECTIO.</strong></span> 
     </span>
    </p>
   </div>
   <div class='ocr_carea' id='block_1_116' title="bbox 1967 5719 3476 5800">
    <p class='ocr_par' dir='ltr' id='par_1_116' title="bbox 1967 5719 3476 5800">
     <span class='ocr_line' id='line_1_117' title="bbox 1967 5719 3476 5800; baseline -0.005 -16"><span class='ocrx_word' id='word_1_824' title='bbox 1967 5729 2007 5800; x_wconf 68' lang='grc' dir='ltr'><strong>-ξ-</strong></span> <span class='ocrx_word' id='word_1_825' title='bbox 2037 5726 2236 5784; x_wconf 79' lang='lat' dir='ltr'><strong>Verum</strong></span> <span class='ocrx_word' id='word_1_826' title='bbox 2283 5732 2366 5782; x_wconf 89' lang='lat' dir='ltr'><strong>est</strong></span> <span class='ocrx_word' id='word_1_827' title='bbox 2397 5724 2613 5798; x_wconf 90' lang='lat' dir='ltr'><strong>quidem</strong></span> <span class='ocrx_word' id='word_1_828' title='bbox 2656 5723 2802 5781; x_wconf 83' lang='lat' dir='ltr'><strong>illam</strong></span> <span class='ocrx_word' id='word_1_829' title='bbox 2841 5721 3188 5792; x_wconf 65' lang='lat' dir='ltr'><strong>ineffabilem,</strong></span> <span class='ocrx_word' id='word_1_830' title='bbox 3226 5719 3476 5794; x_wconf 69' lang='lat' dir='ltr'><strong>incorp0&lt;</strong></span> 
     </span>
    </p>
   </div>
  </div>
