4010 6352
632 280 797 351 1119‘

632 509 774 551 unus
795 503 849 550 et
880 508 1043 550 verus
1066 494 1229 558 Deus,
1260 491 1422 548 nullis
1444 489 1804 561 corporalium
1830 504 2012 546 rerum
2040 487 2209 560 signis

632 599 700 641 ac
742 586 967 642 vocibus
1011 584 1241 656 profani
1281 583 1466 640 valere
1507 601 1522 638 :
1560 590 1822 652 quantum
1860 590 2041 653 tamen
2091 580 2208 650 ipso

630 677 1005 733 universitatis
1045 684 1266 731 auctore
1301 675 1461 730 datur
1500 683 1660 746 alque
1695 673 2009 730 conceditur
2077 672 2209 742 ipsis

634 768 841 843 quibus
874 769 1164 847 humanam
1204 774 1454 821 naturam
1486 766 1564 821 uti
1594 767 1760 831 dedit,
1809 765 2099 820 verborum
2129 764 2206 820 si-
2242 770 2247 775 ’

634 858 1090 928 gniﬁcationibus,
1133 873 1233 928 pro
1276 872 1500 913 munere
1530 855 1927 921 distribuentis,
1965 865 2020 909 et
2047 868 2209 925 capa-

631 949 797 1004 citate
838 949 1122 1011 sumentis,
1165 949 1327 1019 digne
1369 961 1489 1017 quae
1518 962 1613 1001 sua
1657 934 1784 1002 sunt
1830 944 1998 1000 voluit
2048 954 2210 1014 atque

632 1039 865 1093 instituit
907 1037 1210 1107 prasdicm‘i.
1263 1035 1369 1092 Sed
1415 1051 1538 1091 cum
1584 1036 1720 1091 dicis
1760 1034 1926 1107 (num.
1953 1033 2011 1107 5)
2032 1035 2107 1089 eis
2132 1033 2210 1088 uti

628 1128 874 1183 humatur
917 1128 1331 1182 rtitiocinationis
1352 1137 1468 1198 post
1499 1136 1767 1198 peccatum
1792 1126 1947 1196 primi
1985 1125 2210 1180 hominis

628 1220 947 1276 laboriosam
992 1228 1309 1292 egestatem,
1362 1234 1545 1276 nonne
1597 1217 1809 1273 ﬁdelius
1855 1218 2210 1288 veraciusquc

628 1311 842 1367 diceres
882 1311 1187 1366 divinorum
1236 1310 1573 1383 eloquiorum
1619 1311 2038 1366 auctoritatem?
2080 1309 2210 1379 Quae

629 1401 773 1456 enim
806 1402 1041 1457 humana
1080 1401 1418 1457 ratiocinatio
1446 1415 1682 1470 unquam
1710 1400 1877 1456 Deum
1920 1400 2076 1470 plene
2113 1418 2210 1457 co-

627 1492 837 1562 gnovit,
879 1492 1013 1547 satis
1054 1492 1319 1548 asseruit?
1345 1492 1497 1547 Licet
1542 1506 1777 1563 namque
1819 1491 2037 1563 quidam
2085 1492 2209 1563 phi-

628 1582 978 1652 losophorum
1024 1583 1091 1638 de
1130 1583 1258 1647 Deo,
1309 1590 1569 1652 quantum
1616 1582 1686 1637 ab
1729 1581 1847 1652 ipso
1886 1582 2012 1637 tacti
2061 1590 2208 1647 sunt,

629 1675 873 1745 quaedam
923 1684 1293 1744 competenter
1342 1674 1693 1745 protulerint,
1725 1690 1999 1745 nunquam
2026 1682 2205 1731 tamen

628 1775 752 1821 ante
781 1766 978 1822 divinae
1021 1767 1155 1838 legis
1192 1766 1682 1841 promulgationem
1724 1774 1887 1823 tantae
1918 1767 1995 1823 rei
2044 1766 2211 1822 subli-
2237 1751 2287 1811 Β

632 1857 875 1912 mitatem
940 1859 1248 1927 perspicere
1282 1865 1377 1913 aut
1425 1859 1538 1913 suis
1572 1857 2077 1914 ratiocinationibus
2120 1859 2207 1913 in-

627 1949 814 2003 venire
848 1948 1152 2004 valuerunt.
1188 1948 1268 2004 Ac
1314 1964 1413 2021 per
1443 1951 1545 2005 hoc
1588 1949 1785 2003 divina:
1813 1948 1987 2020 magis
2040 1949 2208 2019 depu-
2242 1973 2247 1979 ~

633 2040 856 2095 tandum
895 2049 978 2096 est
1009 2040 1259 2106 bonitati,
1298 2041 1391 2111 qui
1437 2055 1560 2096 cum
1601 2054 1659 2095 se
1684 2040 1851 2094 asuis
1893 2039 2055 2095 vellet
2080 2039 2211 2094 tide-

630 2129 756 2186 liter
800 2140 856 2187 et
904 2132 1176 2188 veraciter
1224 2131 1483 2196 nuntiari,
1538 2131 1670 2186 tales
1721 2146 1934 2201 quoque
1980 2131 2034 2186 id
2068 2139 2209 2186 esta

634 2222 781 2278 cultu
811 2224 895 2279 sui
939 2225 1173 2279 nominis
1216 2224 1443 2289 alienos,
1487 2238 1598 2279 suae
1637 2221 1933 2292 maiestatis
1978 2231 2211 2294 quantu-

629 2315 899 2386 lacunque
919 2316 1230 2372 notitiannn
1253 2315 1540 2371 fraudavit.
1562 2313 1664 2382 Qui
1686 2322 1886 2376 tamen,
1912 2313 2209 2370 secundum

631 2407 969 2479 Apostolum,
1002 2423 1123 2462 cum
1145 2407 1498 2478 cognovissent
1531 2405 1717 2471 Deum,
1750 2421 1855 2459 non
1884 2405 2015 2459 sicut
2040 2405 2208 2460 Deum
2246 2432 2249 2439 -

626 2499 1075 2571 gloriﬁcaverunt,
1117 2508 1209 2553 aut
1245 2498 1445 2571 gratias
1479 2506 1714 2569 egerunt,
1750 2496 1842 2551 sed
1891 2505 2212 2551 evanuerunt

627 2592 683 2646 in
736 2589 1019 2648 desideriis
1068 2590 1214 2655 suis;
1265 2589 1493 2643 dicentes
1543 2588 1681 2643 enim
1736 2604 1791 2643 se
1840 2603 1951 2643 esse
2004 2588 2213 2653 sapien-

627 2691 724 2747 tes,
756 2679 902 2737 stulti
949 2680 1080 2751 facti
1126 2688 1247 2735 sunt
1295 2677 1493 2751 (Rom.
1527 2693 1565 2741 ι,
1588 2678 1683 2743 2i,
1711 2676 1845 2749 Ἠ).
1879 2675 2050 2732 Porro
2085 2692 2210 2732 cum
2246 2706 2249 2711 -

627 2770 799 2829 Deum
842 2771 1243 2843 cognovissent.
1289 2785 1356 2826 ac
1400 2770 1471 2827 de
1513 2769 1625 2824 Deo
1670 2768 1977 2823 ratiocinati
2024 2767 2249 2822 dicati--

631 2873 740 2934 tur,
796 2864 1041 2936 nunquid
1100 2862 1269 2921 Deum
1303 2904 1318 2929 ,
1371 2871 1615 2918 sanctam
1668 2860 1917 2917 videlicet
1977 2859 2212 2916 Trinita-

630 2964 739 3013 tem
770 2957 1119 3028 cognovissc,
1172 2961 1261 3011 aut
1303 2955 1417 3009 suis
1462 2952 1918 3023 disputationibus
1964 2964 2213 3021 compre-

626 3051 880 3107 hendisse
909 3051 1196 3107 dicentur?
1223 3049 1354 3117 Quis
1386 3056 1496 3106 t-am
1524 3046 1720 3103 mentis
1744 3046 1901 3116 inops
1944 3044 2021 3099 ita
2063 3043 2212 3100 desi-
2238 3033 2243 3039 ’

1518 310 1527 317 -
1619 282 1676 339 s.
1719 277 2090 339 PRUDENTII
2126 276 2508 339 TRECENSIS
2545 276 2854 338 EPISCOPI
2944 252 2948 255 ⁷

631 416 784 460 ream
817 400 1321 471 immutabilemque
1358 406 1631 462 naturam,
1665 413 1786 468 qua:
1819 405 1905 453 est
1949 395 2210 459 Trinitas,
2239 395 2294 456 Α
2317 392 2483 448 etiam
2511 392 2695 449 deitati
2719 391 2838 463 eius
2866 391 3220 459 conveniunt,
3244 392 3484 463 quamvis
3507 395 3785 467 inseparabilis
3880 438 3881 477 ξ

2309 491 2435 557 post
2460 484 2761 540 unitionem
2795 482 2890 540 Dei
2928 493 2985 540 et
3002 484 3241 540 hominis
3264 483 3437 542 unitas
3456 489 3679 546 veraciter
3695 508 3785 563 pra-
3880 488 3881 503 ¹

2310 578 2541 645 dicetur,
2565 577 2901 649 perindeque
2923 592 3045 647 quae
3072 585 3200 633 sunt
3237 577 3465 633 hominis
3495 579 3609 647 Deo,
3641 591 3683 638 et
3708 600 3786 656 qua

2310 669 2405 726 Dei
2445 677 2572 725 sunt
2620 659 2829 725 homini
2864 667 3075 725 soleant
3106 669 3382 741 deputari,
3411 672 3540 741 quod
3570 676 3786 742 protulens

2310 759 2628 826 aﬂirmares,
2657 775 2880 831 prorsus
2920 761 3114 816 rationi
3151 775 3262 816 non
3308 761 3578 816 convenit:
3607 763 3714 820 aliud
3736 779 3788 823 est

2309 850 2455 907 enim
2476 848 2680 915 divina,
2703 849 2847 905 aliud
2861 850 3096 905 humana
3126 849 3375 905 tractari.
3400 848 3549 906 Multo
3563 851 3703 923 itaque
3716 874 3789 913 me.

2309 941 2413 997 lius
2462 941 2639 996 fuerat
2678 940 2900 997 Patrum
2923 940 3125 1013 regulis
3150 940 3436 1007 inhaerere,
3462 956 3604 1010 quam
3627 948 3789 1016 propriis

2310 1036 2781 1093 adinventionibus
2796 1050 3140 1092 evanescere.
3170 1033 3373 1089 Beatus
3392 1048 3601 1105 namque
3610 1035 3786 1109 Augusti-

2310 1144 2434 1195 nus,
2454 1144 2576 1185 cum
2590 1129 2657 1183 de
2672 1129 2774 1184 hac
2799 1128 2987 1184 eadem
3010 1142 3069 1183 re
3092 1127 3407 1183 acutissime
3428 1135 3493 1186 et.
3505 1127 3633 1197 juxta
3650 1145 3787 1187 manu

2310 1235 2487 1283 suum,
2508 1219 2889 1291 augustissime
2917 1218 3245 1290 disputaret,
3274 1217 3346 1271 ita
3371 1217 3422 1272 in
3442 1216 3568 1273 libro
3589 1217 3643 1274 de
3666 1232 3785 1277 sancta

2310 1308 2574 1365 Trinitatc
2590 1324 2623 1362 v
2640 1308 2853 1365 locutus
2874 1316 2957 1364 est
2979 1316 2991 1365 ί
3000 1325 3117 1378 cap.
3135 1309 3190 1372 8,
3210 1307 3267 1372 9,
3284 1306 3370 1371 i3,
3394 1306 3505 1378 l6):
3526 1305 3789 1379 [Quapropter

2311 1400 2438 1456 illud
2465 1399 3046 1471 prtccipueteneamus,
3073 1397 3341 1469 quidquid
3366 1396 3431 1451 ad
3455 1412 3511 1452 se
3532 1397 3689 1453 dicitur
3702 1413 3788 1469 pm

2310 1491 2644 1547 stantissima
2674 1490 2765 1546 illa
2797 1499 2852 1545 et
2901 1489 3081 1545 divina
3110 1487 3357 1544 Trinitas
3383 1486 3499 1560 [al.,
3533 1487 3784 1559 sublimitas},

2311 1580 2739 1637 substantialiter
2784 1579 2924 1646 dici;
2973 1578 3123 1649 quod
3171 1585 3357 1633 autem
3403 1576 3468 1632 ad
3505 1576 3685 1647 aliquid,
3720 1592 3787 1632 non

2311 1672 2765 1737 substantialiter,
2810 1672 2906 1728 sed
2957 1671 3184 1727 relative
3220 1688 3234 1724 :
3266 1678 3564 1739 tantamque
3606 1670 3688 1745 vim
3712 1684 3787 1725 esse

2313 1764 2554 1835 ejusdem
2579 1766 2896 1822 substantia:
2918 1765 2972 1820 in
3002 1763 3166 1820 Patre
3204 1772 3262 1819 et
3286 1760 3423 1818 Filio
3454 1770 3505 1817 et
3531 1760 3787 1832 Spiritusn-

2312 1866 2424 1925 cto,
2450 1866 2510 1913 ut
2535 1857 2796 1928 quidquid
2824 1859 2890 1914 de
2914 1856 3141 1929 singulis
3192 1856 3263 1912 ad
3288 1855 3488 1927 seipsos
3514 1854 3689 1919 dicitur,
3720 1870 3786 1909 nos

2312 1951 2599 2023 pluraliter
2641 1953 2697 2007 iu
2753 1966 3017 2014 summas
3042 1950 3139 2007 sed
3187 1932 3526 2020 singulariter
3565 1946 3784 2017 accipiatur.

2311 2041 2776 2111 Quemadmodum
2806 2043 2950 2099 enim
2979 2041 3123 2098 Deus
3144 2049 3233 2097 est
3269 2038 3450 2104 Pater,
3477 2047 3529 2094 et
3548 2037 3681 2092 Filius
3699 2036 3786 2091 [iens

2311 2142 2417 2200 est,
2461 2141 2517 2189 et
2553 2132 2790 2204 Spiritus
2818 2141 3040 2189 sanctus
3082 2132 3230 2187 Deus
3277 2141 3383 2193 est,
3412 2128 3545 2199 quod
3582 2126 3787 2182 sewndun

2313 2226 2671 2283 substantiam
2698 2224 2802 2281 dici
2822 2239 2984 2280 nemo
3004 2224 3218 2280 dubitat
3242 2240 3258 2290 ;
3288 2238 3396 2278 non
3411 2229 3572 2276 tamen
3596 2228 3682 2274 tres
3706 2221 3786 2273 deos

2312 2318 2410 2375 sed
2441 2333 2607 2373 unum
2633 2316 2800 2372 Deum
2827 2316 3059 2372 dicimus
3085 2315 3340 2371 eamdem
3367 2313 3526 2382 ipsam
3552 2307 3787 2381 praestantis-

2313 2409 2506 2465 simam
2529 2408 2871 2463 Trinitatem.
2898 2405 2976 2461 Ita
3006 2420 3239 2477 magnus
3266 2402 3445 2469 Pater,
3460 2415 3648 2471 magnus
3661 2397 3783 2459 Filius

2314 2517 2543 2575 magnus
2571 2500 2807 2572 Spiritus
2858 2508 3114 2565 sanctus;
3164 2513 3272 2555 nec
3307 2507 3479 2552 tamen
3526 2502 3619 2549 tres
3649 2488 3785 2559 magni.

2312 2596 2407 2653 sed
2431 2610 2571 2651 unus
2608 2609 2855 2666 magnus.
2894 2593 3014 2651 Non
3062 2594 3210 2649 enim
3259 2593 3328 2649 de
3374 2590 3525 2646 Patre
3564 2587 3671 2651 solo,
3698 2586 3787 2641 sicut

2314 2685 2559 2742 haeretici
2578 2699 2839 2751 perverse
2866 2685 3125 2749 sentiunt,
3151 2684 3250 2740 sed
3278 2683 3344 2738 de
3364 2680 3532 2746 Patre,
3568 2687 3613 2735 et
3633 2676 3788 2741 Filius

2315 2776 2521 2848 Spiritu
2549 2770 2740 2832 salicto
2751 2776 3015 2847 scriptum
3037 2783 3124 2831 est
3148 2792 3162 2829 :
3189 2774 3269 2829 Tu
3285 2791 3338 2830 es
3357 2772 3492 2829 solus
3506 2769 3623 2825 Deus
3640 2780 3786 2837 magna

2316 2866 2489 2941 (Psal.
2532 2882 2731 2932 Lxxxv,
2756 2865 2870 2935 10).
2916 2864 2983 2920 Ει
3021 2865 3196 2920 bonus
3241 2862 3425 2929 Pater,
3473 2861 3622 2916 bonus
3660 2855 3784 2916 Filius.

2315 2958 2491 3016 bonus
2517 2968 2572 3014 et
2599 2957 2835 3030 Spiritus
2876 2965 3096 3014 sanctus
3122 2974 3137 3011 :
3170 2970 3275 3012 nec
3305 2963 3413 3010 tres
3433 2952 3565 3017 boni,
3593 2947 3665 3005 sed
3697 2960 3785 3000 unus

2316 3054 2518 3119 bonus;
2546 3053 2612 3109 de
2639 3068 2748 3123 quo
2759 3052 2963 3107 dictum
2979 3060 3089 3107 est:
3116 3049 3292 3105 Nemo
3306 3049 3465 3103 bonus
3481 3046 3567 3101 nisi
3582 3058 3683 3097 unus
3699 3039 3787 3093 Dm

629 3144 763 3215 piat,
796 3153 856 3200 ut
881 3144 998 3200 haec
1027 3158 1121 3200 eos
1164 3112 1586 3215 apprehendisse
1618 3112 1940 3197 confirmet?
1964 3137 2212 3194 Credibi-
2240 3112 2286 3177 Ο
2320 3112 2516 3219 (Marc,
2540 3161 2595 3211 ι,
2637 3112 2749 3217 ίδ),
2777 3143 2989 3200 Etenim
3015 3144 3280 3200 Dominus
3306 3140 3456 3197 Jesus
3481 3154 3541 3194 ne
3572 3136 3628 3192 ab
3649 3132 3712 3188 illo
3728 3129 3784 3201 qui

631 3233 737 3292 lius
773 3246 857 3292 est
876 3237 1040 3308 igitur
1060 3251 1091 3291 a
1114 3239 1258 3294 veris
1283 3236 1731 3309 praedicatoribus
1758 3234 1903 3289 hunc
1940 3248 2036 3289 eos
2064 3232 2216 3288 audi-

633 3332 746 3380 tum
771 3326 1022 3396 primitus
1042 3327 1339 3393 imbihisse,
1366 3343 1430 3383 ac
1450 3342 1694 3398 superna:
1708 3324 1979 3394 largitatis
1990 3338 2216 3379 munere
2244 3344 2247 3349 ’

633 3430 795 3487 super
840 3432 901 3473 re
953 3426 1101 3474 tanta
1144 3418 1483 3487 aliquatenus
1518 3426 1711 3484 tactos,
1759 3413 1878 3486 ejus
1906 3412 2217 3469 considera-

636 3507 765 3564 tioni
815 3509 1013 3564 mentis
1056 3508 1276 3565 oculum
1324 3508 1637 3564 intendisse.
1685 3508 1827 3563 Deus
1866 3504 2026 3572 enim,
2056 3512 2115 3559 ut
2142 3503 2220 3559 ait

643 3599 916 3672 tpostolus
964 3599 1131 3673 (Phil.
1188 3616 1272 3667 ut,
1324 3600 1438 3672 15),
1485 3599 1591 3683 ίιΙὶς
1638 3600 1902 3665 reuelauit,
2088 3594 2216 3666 quia

631 3687 799 3747 Deum
848 3707 955 3747 non
994 3690 1430 3762 gloriﬁcaverint,
1478 3679 1581 3747 aut.
1606 3693 1808 3765 gratias
1834 3679 2066 3762 egerint,
2090 3703 2219 3743 eva-

633 3786 816 3842 nuisse
842 3786 895 3841 in
926 3786 1210 3842 desideriis
1235 3786 1367 3841 suis.
1400 3785 1467 3844 Ut
1482 3774 1655 3858 quem
1696 3786 1812 3842 suis
1840 3782 2189 3840 ratiocinatio

637 3876 812 3944 nibus,
844 3893 951 3933 non
982 3887 1164 3933 autem
1193 3879 1396 3948 pietate
1439 3886 1496 3935 et
1527 3878 1852 3934 auctoritate
1887 3876 2069 3932 divina
2093 3890 2217 3931 sese

635 3970 1099 4039 comprehendere
1132 3969 1486 4039 putavissent,
1517 3968 1632 4039 ipsa
1686 3968 1768 4023 sui
1795 3965 2217 4038 praesumptione

636 4058 807 4127 relisi,
844 4060 973 4131 quid
1003 4060 1119 4116 suis
1161 4060 1368 4117 viribus
1406 4059 1770 4130 nequiverint,
1800 4065 2211 4114 monstraretur.

582 4154 585 4159 ’
635 4149 790 4219 Quod
818 4151 914 4205 tibi
950 4151 1114 4205 etiam
1142 4151 1337 4207 merito
1359 4151 1650 4221 contigisse
1706 4159 1912 4204 certum
1968 4156 2076 4215 est,
2124 4146 2243 4216 qui-

582 4263 587 4269 ’
638 4242 765 4296 dum
821 4256 1008 4296 eorum
1055 4242 1561 4297 ratiocinationibus
1611 4242 1780 4296 Deum
1829 4239 2063 4295 subdere
2110 4253 2218 4293 non

645 4335 863 4401 metuis,
890 4335 1117 4390 veritate
1142 4334 1444 4399 fraudatus,
1466 4335 1585 4405 ipso
1612 4332 1941 4388 infirmitatis
1981 4331 2223 4403 pondere

2315 3239 2550 3305 dixerat,
2567 3237 2819 3310 Magister
2829 3236 2959 3292 bone
2974 3236 3124 3309 (an.
3142 3250 3279 3290 xvm
3291 3276 3306 3301 ,
3323 3224 3786 3303 19,18),tanqnamlto-

2317 3331 2516 3387 minem
2532 3328 2882 3400 compellans,
2906 3328 3203 3384 secundum
3236 3326 3499 3382 hominem
3522 3312 3786 3376 tantummodo

2319 3424 2729 3495 intelligeretur,
2768 3422 2890 3477 ideo
2918 3434 3027 3475 non
3067 3419 3163 3483 ait,
3193 3432 3356 3474 nemo
3396 3404 3554 3473 bonus
3586 3409 3664 3465 nisi
3695 3403 3785 3461 solus

2318 3513 2499 3581 Pater,
2531 3514 2624 3570 sed
2652 3531 2665 3567 :
2694 3512 2862 3568 Nemo
2900 3511 3066 3566 bonus
3094 3510 3198 3565 nisi
3228 3525 3368 3565 unus
3416 3506 3563 3562 Deus.
3604 3500 3649 3556 In
3677 3495 3786 3551 Patris

2318 3606 2463 3660 enim
2504 3603 2741 3669 nomine,
2793 3602 2909 3674 ipse
2955 3616 3055 3673 per
3101 3616 3162 3657 se
3198 3600 3362 3656 Pater
3404 3593 3735 3670 pronuntiatur:
3753 3585 3784 3638 in

2318 3695 2417 3750 Dei
2450 3709 2583 3750 vero
2629 3703 2685 3749 et
2712 3673 2827 3764 ipse
2866 3699 2923 3747 et
2949 3690 3120 3746 Filius
3162 3698 3219 3746 et
3247 3688 3478 3761 Spiritus
3501 3692 3693 3744 sanctus,
3710 3673 3786 3745 quia

2322 3785 2565 3840 Trinitas
2593 3778 2737 3840 unus
2759 3791 2846 3840 est
2867 3782 3028 3839 Deus.
3069 3780 3219 3838 Situs
3242 3795 3396 3847 vero,
3448 3787 3500 3835 et
3544 3772 3719 3831 habitus.
3752 3772 3784 3819 et

2321 3879 2462 3943 loca,
2489 3890 2545 3934 et
2578 3888 2823 3949 tempora
2856 3891 2963 3932 non
2993 3875 3233 3947 proprie,
3274 3874 3370 3931 sed
3411 3869 3636 3927 translate
3670 3871 3787 3930 πρε

2319 3970 2698 4031 similitudines
2729 3968 2984 4023 dicuntur
3006 3969 3060 4023 in
3091 3967 3224 4023 Deo.
3256 3965 3394 4022 Nam
3423 3973 3475 4020 et
3508 3961 3660 4018 sedere
3687 3966 3786 4022 δίψα

2318 4061 2594 4121 Cherubin
2617 4058 2817 4115 dicitur
2847 4058 3021 4132 (Psal.
3074 4072 3262 4124 Lxxtx,
3306 4054 3384 4127 2),
3430 4052 3558 4124 quod
3598 4046 3651 4102 ad
3684 4043 3785 4099 sim

2320 4156 2518 4211 dicitur
2554 4173 2567 4211 :
2606 4156 2670 4210 Et
2703 4151 2952 4227 abyssum
2992 4162 3244 4223 tanquam
3289 4143 3617 4206 uestimentum
3643 4136 3785 4225 σφίσιν

2322 4245 2495 4319 (Psal.
2519 4263 2637 4313 cm,
2663 4247 2740 4319 6),
2774 4248 2918 4319 quod
2962 4245 3031 4304 ad
3068 4243 3336 4299 habitum.
3360 4241 3456 4297 Et:
3496 4235 3614 4292 Anni
3641 4230 3697 4285 nti

2322 4310 2564 4409 deﬁcient
2594 4310 2766 4409 (Psal.
2790 4310 2898 4405 -Cl,
2937 4338 3063 4412 28),
3115 4335 3260 4409 quod
3296 4334 3363 4389 ad
3416 4310 3785 4412 tempttspetzsf

639 4398 1030 4498 praegravatus,
1052 4422 1175 4492 jure
1204 4398 1529 4480 succumbis.
1554 4422 1779 4478 Relictis
1810 4422 1954 4478 enim
1983 4398 2221 4477 catholio
2243 4494 2287 4500 Δ
2323 4398 2677 4483 ascendet-0‘5"
2708 4398 2895 4482 mlum.
2923 4436 2980 4482 ω
3108 4398 3602 4500 ελμὴαιφιιιέιιι,
3624 4398 3786 4481 8Μυ⁰⁴

638 4494 825 4573 eorum
863 4513 1087 4571 Patrum
1116 4514 1336 4588 regulis,
1363 4508 1497 4584 quas
1526 4513 1830 4569 divinorum
1875 4511 2217 4582 eloquiorum
2242 4494 2300 4557 Ι)
2323 4521 2392 4576 ad
2418 4519 2618 4574 locum.
2648 4518 2802 4587 Quod
2831 4529 3011 4575 autem
3042 4520 3110 4576 ad
3133 4494 3433 4577 [θείεηάηιη
3451 4515 3631 4572 attinet,
3656 4501 3784 4561 lori”-

636 4605 1160 4681 perscrutationibus
1180 4606 1474 4678 prudenter
1498 4621 1562 4662 ac
1592 4618 1828 4677 congrue
1844 4605 2215 4676 praefixerunt,

639 4701 769 4755 dum
799 4714 936 4756 nova
986 4696 1174 4770 ﬁngis,
1215 4698 1289 4753 ita
1322 4698 1377 4754 in
1423 4697 1554 4769 ipsis
1580 4696 1787 4763 delicis,
1815 4703 1877 4752 ut
1901 4694 2097 4766 quibus
2124 4707 2219 4762 ap-

637 4791 835 4864 probes
861 4790 1085 4847 minime
1111 4789 1492 4861 nanciscarisi'
1513 4787 1569 4844 Si
1597 4789 1815 4859 quidem
1845 4789 2128 4858 disputans
2152 4784 2221 4840 de

639 4883 726 4939 his
752 4898 872 4954 qua:
909 4882 1310 4939 contrarietatis
1336 4880 1455 4938 loco
1483 4890 1791 4947 sumuntur,
1815 4894 2045 4951 quorum
2073 4893 2220 4947 qua:-

640 4974 762 5030 dam
792 4973 1059 5039 absolutc,
1084 4972 1329 5043 quaedam
1352 4962 1641 5042 conjuncte
1667 4971 1937 5036 dicantur,
1962 4966 2221 5023 absoluti-

637 5081 720 5123 νας
742 5064 928 5122 formae
946 5064 1248 5135 exemplum
1279 5064 1345 5121 de
1374 5064 1484 5119 Deo
1522 5078 1626 5118 non
1661 5076 1818 5132 posse
1861 5059 2089 5115 inveniri
2142 5066 2220 5129 te-

640 5162 815 5210 status
839 5155 932 5210 es?
971 5153 1111 5222 Quid
1145 5168 1273 5226 ergo
1307 5150 1509 5225 profuit
1535 5152 1773 5223 regulam
1826 5148 1994 5206 Deum
2022 5147 2219 5218 praedi-

640 5245 799 5302 candi
846 5242 1086 5316 adigere,
1123 5244 1276 5315 cujus
1320 5244 1625 5317 exemplum
1676 5253 1909 5315 nequeat
1955 5240 2221 5297 inveniri?

641 5334 826 5392 Satius
855 5352 1132 5392 enimvero
1163 5337 1392 5392 dixerim
1437 5336 1731 5407 premenda
1762 5334 1929 5389 fuisse
1980 5331 2218 5398 silentio,

641 5444 805 5500 quam
825 5445 924 5501 pro
943 5430 1144 5502 regulis
1162 5429 1307 5486 nullo
1328 5429 1573 5500 exemplo
1588 5426 1869 5483 ﬁrmandis
1884 5427 1949 5481 ad
1978 5424 2216 5481 medium

642 5522 949 5579 deduxisse.

668 5614 675 5627 ‘
718 5610 915 5666 Verum
945 5614 1089 5684 quod
1118 5614 1369 5670 addidisti
1401 5613 1550 5685 (cap.
1581 5616 1635 5680 9,
1674 5630 1732 5668 n.
1761 5613 1816 5678 4,
1850 5622 1976 5668 sect.
2019 5613 2077 5683 4)
2116 5630 2226 5669 non

649 5700 831 5775 facile,
867 5712 928 5759 ut
953 5704 1022 5762 de
1042 5704 1129 5762 bis
1152 5722 1271 5778 quae
1316 5707 1524 5764 homini
1571 5706 1791 5764 Christo
1837 5714 2070 5777 tantum,
2120 5720 2230 5764 non

677 5854 749 5872 με.
766 5869 774 5875 ⁸

2320 4610 2398 4665 sis
2414 4610 2482 4664 de
2502 4609 2618 4665 solo
2640 4608 2751 4665 Deo
2790 4610 3078 4666 verissime
3104 4611 3352 4667 dicatur:
3382 4607 3518 4665 solus
3550 4602 3665 4659 enim
3880 4608 3881 4683 έ

2326 4701 2479 4768 facit,
2503 4709 2559 4756 et
2582 4701 2698 4772 ipse
2725 4716 2833 4758 non
2858 4701 2939 4769 ﬁt,
2964 4716 3141 4772 neque
3164 4701 3387 4772 patitur,
3409 4703 3629 4770 quantum
3649 4686 3699 4743 ad
3711 4682 3783 4753 ejus

2323 4793 2682 4850 substantiam
2728 4793 2967 4862 pertinet
3005 4807 3109 4863 qua
3142 4792 3287 4849 Deus
3311 4800 3411 4849 est.
3442 4789 3601 4859 Itaque
3620 4776 3784 4845 omnia?

2324 4895 2447 4943 tens
2471 4883 2657 4951 Pater,
2705 4886 3050 4956 omnipotens
3073 4884 3261 4952 Filius,
3293 4883 3601 4953 omnipotens
3629 4868 3782 4943 δρίτίιυί

2327 4984 2564 5039 sanctus,
2598 4990 2700 5032 nec
2726 4983 2907 5033 tamen
2934 4985 3045 5032 tres
3065 4971 3455 5050 omnipotentes
3478 4970 3559 5027 sed
3580 4977 3685 5021 unus
3699 4956 3781 5013 Ou-

2327 5069 2581 5140 nipotens
2619 5083 2684 5122 ea:
2720 5084 2823 5138 quo
2871 5067 3071 5133 omnia,
3122 5084 3216 5137 per
3260 5082 3405 5139 quem
3449 5060 3625 5121 omnia,
3651 5052 3691 5106 is
3720 5058 3782 5116 tu

2329 5161 2506 5215 omnia
2545 5172 2564 5211 :
2609 5160 2710 5231 ipsi
2738 5157 2909 5229 gloria
2938 5157 3121 5228 (Rom.
3162 5172 3243 5226 xv,
3289 5156 3395 5229 56).
3448 5143 3664 5221 Quidquid
3694 5147 3782 5233 erat

2329 5251 2398 5306 ad
2428 5265 2486 5306 se
2505 5251 2679 5321 ipsum
2707 5250 2906 5305 dicitur
2928 5248 3092 5317 Deus,
3131 5257 3187 5305 et
3213 5250 3280 5305 de
3308 5244 3514 5318 singulis
3540 5230 3782 5324 personis}?

2330 5314 3055 5413 utiliter.[al.,singulariter]
3079 5314 3278 5395 dicitur
3299 5356 3314 5407 ;
3342 5314 3487 5393 idest
3508 5330 3701 5387 Patrem
3719 5314 3777 5369 ri.

2332 5432 2426 5499 lio,
2455 5441 2509 5487 et
2543 5431 2746 5502 Spiritu
2772 5441 2982 5495 sancto,
3000 5440 3057 5485 et
3078 5430 3240 5487 simul
3264 5430 3330 5485 de
3348 5429 3454 5499 ipsa
3472 5416 3781 5507 Trinitatem?

2330 5500 2633 5593 pluraliter,
2665 5521 2758 5577 sed
2783 5520 3131 5592 singulariter
3153 5516 3365 5575 dicitur.
3402 5510 3624 5583 Quoniam
3653 5500 3779 5593 φιίνβξ

2335 5576 2442 5668 non
2468 5576 2717 5667 aliud'est
2742 5614 2853 5668 Deo
2871 5576 3016 5679 esse,
3044 5620 3099 5666 et
3127 5611 3275 5667 aliud
3319 5618 3545 5679 magnum

2338 5704 2444 5762 hoc
2471 5705 2614 5763 idem
2635 5705 2715 5763 illi
2755 5713 2841 5764 est
2883 5719 3004 5764 esse
3056 5703 3202 5779 quod
3235 5712 3321 5764 est
3355 5709 3408 5763 et
3446 5699 3652 5768 magnum
3674 5684 3774 5735 θεεοῖ

3688 288 3781 349 ilio
3880 296 3881 337 ἒ
