4010 6352
221 348 344 406 1121

1065 347 1153 404 DE
1187 345 1856 404 PREDESTINATIONE
1891 345 2170 405 CONTRA
2206 348 2258 406 Ι.
2301 347 2599 408 εεοτυιι.

3330 359 3468 417 1122

209 471 498 538 propterea
519 462 668 523 's‘icli't
689 481 796 524 non
818 464 1177 523 oicimustres
1189 466 1472 531 essentias,
1503 464 1594 520 sed
1623 479 1786 518 unam
1815 470 1864 528 Α
1893 465 1958 520 ad
1982 481 2219 521 servum.
2249 466 2318 521 Et
2340 467 2459 522 ideo
2487 483 2610 522 cum
2655 465 2884 526 dicimus
2931 477 2987 525 et
3024 468 3238 528 Patrem
3267 475 3470 542 princi-

211 559 530 623 essentiam,
569 559 648 614 sic
677 574 783 613 non
815 558 1040 613 dicimus
1093 568 1202 612 tres
1238 557 1653 628 magnitudines,
1694 555 1791 612 sed

214 666 378 706 uuam
435 652 878 720 magnitudinem.
937 651 1242 707 Essentiam
1301 653 1444 717 dico,
1492 666 1612 721 qua:
1646 653 1792 708 οὐσία

209 744 404 800 Cra-ce
450 744 665 808 dicitur,
717 759 878 814 quam
925 744 1176 798 usitatius
1223 744 1584 800 substantiam
1631 757 1792 798 voca-

207 848 355 891 IDUS.

285 925 437 981 Sicut
459 941 588 997 ergo
620 941 726 981 non
753 925 983 981 dicimus
1009 933 1118 981 tres
1149 925 1432 992 essentias,
1464 927 1539 982 ita
1569 942 1676 984 non
1713 928 1793 985 di-

206 1017 390 1073 cimus
435 1026 545 1072 tres
596 1017 1014 1088 magnitudines,
1063 1033 1236 1088 neque
1287 1029 1395 1074 tres
1446 1035 1686 1091 magnos.
1732 1020 1792 1078 In

210 1108 377 1162 rebus
409 1109 550 1162 enim
573 1124 694 1178 qua:
723 1109 1137 1179 participatione
1165 1112 1557 1182 magnitudinis
1588 1129 1794 1186 magna:

209 1206 362 1263 sunt,
393 1200 586 1269 quibus
614 1201 757 1255 aliud
782 1211 867 1257 est
891 1217 1032 1267 esse,
1062 1202 1207 1258 aliud
1232 1220 1458 1274 magnas
1485 1220 1625 1271 esse,
1653 1209 1796 1262 sicut

211 1306 408 1360 magna
437 1291 650 1355 domus,
679 1301 732 1346 et
754 1309 977 1364 magnus
1007 1309 1182 1361 mons,
1205 1304 1260 1349 et
1292 1312 1517 1367 magnus
1555 1299 1789 1366 animus,

210 1379 268 1434 in
301 1382 382 1434 his
408 1397 535 1453 ergo
558 1383 719 1438 rebus
745 1383 887 1438 aliud
911 1394 994 1440 est
1017 1387 1350 1457 magnitudo,
1375 1388 1519 1443 aliud
1545 1398 1628 1445 est
1653 1391 1794 1459 quod

209 1472 282 1525 ab
311 1487 370 1526 ea
395 1465 760 1542 magnitudﬁie
791 1491 1044 1546 magnum
1084 1485 1184 1531 est.
1214 1477 1279 1531 Et
1311 1494 1532 1548 prorsus
1563 1495 1668 1534 non
1694 1482 1795 1537 hoc

210 1570 298 1616 εει
329 1563 639 1634 magnitudo
666 1565 808 1634 quod
851 1575 933 1621 est
971 1582 1166 1636 magna
1212 1568 1420 1622 domus.
1453 1569 1558 1624 Sed
1595 1570 1684 1626 illa
1710 1579 1796 1626 est

209 1668 342 1706 vera
370 1655 702 1724 magnitudo,
723 1672 829 1726 qua
859 1673 964 1711 non
1021 1657 1194 1712 solum
1236 1675 1432 1730 magna
1467 1669 1552 1716 est
1602 1662 1794 1718 domus

210 1761 334 1815 qua:
363 1761 558 1819 magna
595 1757 697 1812 est,
745 1756 800 1803 et
847 1733 952 1818 qua
999 1766 1226 1820 magnus
1285 1760 1369 1806 est
1413 1768 1588 1819 mons,
1643 1753 1792 1822 quis-

1895 559 2062 627 pium,
2094 567 2148 612 et
2177 557 2370 612 Filium
2402 560 2744 629 principium,
2770 575 2874 616 non
2899 562 3006 616 duo
3041 564 3302 634 principia
3324 583 3473 623 crea-

1895 659 2030 705 turae
2050 649 2302 715 dicimus,
2329 652 2454 721 quia
2483 661 2538 705 et
2556 652 2716 706 Pater
2734 661 2790 708 et
2825 653 2996 709 Filius
3025 656 3184 710 simul
3216 659 3284 713 ad
3308 675 3470 716 crea-

1896 749 2074 796 turam
2123 757 2289 795 unum
2339 742 2662 813 principium
2712 753 2812 807 εει,
2855 746 2994 800 sicut
3055 763 3193 803 unus
3234 758 3470 820 creator,
3523 765 3530 770 ·

1896 833 2037 888 sicut
2060 849 2195 888 unus
2232 833 2394 889 Deus.
2423 832 2481 889 Si
2505 844 2685 890 autem
2711 837 2971 906 quidquid
2997 839 3051 892 in
3079 854 3138 894 se
3187 851 3387 906 manet,
3418 851 3474 900 et

1895 923 2067 994 gignit
2114 924 2316 995 aliquid
2354 925 2435 980 vel
2473 934 2746 995 operatur,
2798 927 3120 998 principium
3170 940 3255 986 est
3298 933 3347 987 ei
3391 935 3474 990 rei

1896 1030 2058 1084 quam
2083 1015 2274 1086 gignit,
2304 1016 2388 1072 vel
2425 1016 2476 1072 ei
2523 1031 2684 1086 quam
2731 1029 3002 1090 operatur,
3038 1037 3143 1078 non
3190 1039 3474 1093 possumus

1896 1119 2097 1175 negare
2114 1106 2273 1160 etiam
2293 1105 2554 1176 Spiritum
2567 1119 2811 1164 sanctum
2831 1119 2976 1168 recte
3001 1113 3104 1167 dici
3128 1115 3472 1185 principium,

1896 1197 2023 1266 quia
2057 1211 2166 1250 non
2193 1212 2315 1251 eum
2354 1213 2669 1268 separamus
2693 1201 2762 1256 ab
2797 1203 3153 1273 appellatione
3193 1208 3472 1273 creatoris,
3515 1272 3518 1274 γ

1896 1294 1951 1341 ει
1976 1287 2238 1358 scriptum
2260 1295 2346 1342 est
2364 1289 2432 1342 de
2454 1289 2542 1344 illo
2558 1291 2702 1360 quod
2726 1302 2998 1362 Operetur,
3040 1303 3095 1350 et
3121 1297 3308 1366 utique
3337 1298 3390 1352 in
3415 1314 3476 1353 se

1896 1393 2123 1433 manens
2141 1387 2397 1448 operatur
2418 1398 2430 1433 :
2451 1397 2557 1436 non
2572 1383 2715 1437 enim
2731 1384 2783 1438 iu
2799 1384 2999 1456 aliquid
3013 1401 3198 1442 eorum
3214 1405 3333 1459 qua:
3350 1405 3478 1460 ope-

1897 1479 2070 1535 ratur,
2091 1471 2204 1540 ipse
2220 1481 2458 1527 mutatur
2479 1483 2530 1529 et
2549 1477 2794 1531 vertitur.
2813 1478 2879 1533 Et
2893 1495 3013 1548 quin
3039 1491 3294 1550 operatur
3314 1484 3434 1538 vide
3458 1503 3471 1537 :

1899 1558 2190 1632 Unicuique
2219 1574 2413 1631 autem,
2446 1566 2639 1636 inquit,
2663 1568 2824 1622 datur
2860 1571 3211 1641 manifestatio
3245 1572 3475 1643 Spiritus

1895 1654 1964 1706 ad
1993 1654 2289 1710 utilitatem.
2321 1657 2426 1710 Alii
2464 1659 2672 1728 quidem
2715 1661 2874 1715 datur
2904 1679 2996 1732 per
3019 1661 3275 1732 Spiritum
3306 1681 3474 1720 sermo

1896 1745 2186 1814 sapicntiw,
2202 1747 2295 1800 alii
2323 1765 2490 1802 sermo
2503 1751 2733 1805 scientia:
2751 1752 3036 1807 secundum
3051 1756 3288 1810 eumdem
3305 1755 3478 1827 Spiri-

208 1837 335 1908 quis
360 1854 584 1910 magnus
612 1848 733 1904 est;
766 1841 860 1894 sed
897 1841 1060 1895 etiam
1087 1857 1192 1911 qua
1235 1857 1462 1914 magnus
1501 1853 1585 1898 est
1635 1845 1790 1915 quid-
1819 1833 1868 1894 B
1897 1845 2007 1890 tum
2033 1854 2052 1903 ;
2084 1836 2236 1891 alteri
2267 1850 2439 1895 autem
2461 1841 2594 1910 ﬁdes
2620 1844 2675 1896 in
2704 1845 2883 1898 eodem
2916 1844 3153 1915 Spiritu;
3178 1847 3272 1902 alii
3307 1849 3475 1903 dona-

209 1931 345 2001 quid
403 1932 547 1987 aliud
611 1949 866 2004 magnum
940 1934 1140 1989 dicitur
1186 1951 1201 1989 :
1250 1945 1309 1990 ut
1361 1937 1506 1992 aliud
1557 1938 1629 1992 sit
1679 1939 1796 2008 ipsa

209 2026 550 2096 magnitudo,
588 2026 732 2080 aliud
777 2042 843 2081 ea
884 2043 1004 2097 quae
1045 2030 1112 2100 ab
1151 2029 1242 2084 illa
1285 2047 1476 2102 magna
1519 2031 1790 2086 dicuntur.

209 2118 343 2180 Qua:
379 2117 688 2187 magnitudo
717 2118 901 2187 utique
935 2120 1183 2189 primitus
1233 2137 1424 2193 magna
1473 2131 1558 2178 est
1601 2123 1795 2179 multo-

209 2221 316 2274 que
349 2205 718 2272 excellentius,
762 2223 924 2276 quam
961 2224 1023 2262 ea
1067 2225 1186 2280 qum
1219 2210 1630 2280 participatione
1676 2210 1794 2281 ejus

207 2310 404 2365 magna
449 2305 594 2350 sunt.
647 2297 788 2352 Deus
833 2306 1034 2365 autem,
1088 2301 1212 2370 quia
1255 2318 1360 2356 non
1415 2317 1480 2375 ea
1529 2305 1794 2375 magnitu-

210 2389 339 2444 dine
361 2404 586 2461 magnus
611 2400 696 2446 est
720 2406 840 2460 quae
870 2408 974 2447 non
1005 2401 1089 2447 est
1109 2395 1250 2464 quod
1281 2403 1365 2450 est
1392 2371 1524 2466 ipse,
1558 2371 1794 2466 utvquasi

207 2479 484 2550 particeps
511 2480 628 2550 ejus
675 2483 744 2536 sit
787 2483 930 2537 Deus
971 2499 1093 2539 cum
1142 2502 1365 2558 magnus
1408 2497 1528 2542 est:
1555 2487 1793 2559 alioquin

208 2571 303 2626 illa
349 2573 453 2640 erit
485 2572 658 2641 major
697 2574 1011 2645 magnitudo
1055 2592 1215 2646 quam
1256 2578 1418 2642 Deus,
1462 2581 1572 2634 Deo
1613 2565 1793 2634 autem

207 2679 318 2718 non
339 2665 643 2734 estaliquid
659 2665 867 2734 majus;
900 2683 962 2724 ea
985 2669 1148 2738 igitur
1175 2671 1544 2741 magnitudine
1566 2687 1794 2743 magnus

206 2763 295 2810 est
318 2771 422 2824 qua
448 2755 560 2824 ipse
589 2766 672 2811 est
693 2761 881 2812 eadem
913 2751 1244 2830 magnitudo.
1270 2761 1336 2814 Et
1373 2762 1493 2816 ideo
1521 2762 1662 2817 sicut
1685 2777 1792 2818 non

208 2844 440 2900 dicimus
463 2854 571 2900 tres
587 2849 871 2914 essentias,
927 2849 1006 2904 sic
1052 2866 1152 2906 nec
1198 2860 1307 2908 tres
1359 2854 1790 2924 magnitudines;

207 2940 315 2995 hoc
372 2950 454 2994 est
519 2941 662 2995 enim
704 2942 813 2997 Deo
869 2958 990 2998 esse
1037 2945 1183 3014 quod
1227 2954 1309 2999 est
1357 2961 1610 3017 magnum
1649 2962 1791 3003 esse.

206 3030 411 3086 Eadem
457 3046 621 3086 causa
652 3047 752 3088 nec
788 3042 900 3088 tres
944 3051 1169 3104 magnos
1200 3037 1447 3104 dicimus,
1489 3039 1583 3094 sed
1627 3055 1793 3108 unum

210 3140 497 3195 magnum:
532 3127 655 3196 quia
682 3142 788 3182 non
803 3129 1216 3198 participatione
1238 3131 1624 3201 magnitudinis
1649 3133 1790 3188 Deus

1897 1930 1970 1984 tio
1997 1931 2329 1986 curationum
2361 1935 2416 1988 in
2452 1951 2556 1988 uno
2601 1934 2844 2004 Spiritu;
2872 1937 2968 1992 alii
3015 1941 3338 2009 operatione:
3373 1941 3480 1994 vir-

1897 2033 2100 2089 tutum;
2134 2024 2226 2079 alii
2256 2027 2546 2096 prophetia,
2592 2009 3038 2098 aliiwdijudicatio
3069 2031 3367 2100 spirituum,
3398 2030 3476 2084 al-

1896 2113 1995 2166 teri
2017 2130 2207 2183 genera
2229 2114 2514 2185 liguarum.
2545 2116 2735 2172 Omnia
2752 2129 2926 2174 autem
2947 2121 3060 2174 ha’c
3073 2132 3318 2192 operatur
3342 2140 3476 2178 unus

1896 2212 2050 2274 atque
2082 2204 2218 2258 idem
2248 2207 2496 2275 Spiritus,
2520 2209 2755 2263 dividens
2780 2211 2994 2280 propria
3018 2212 3298 2281 unicuique
3324 2221 3479 2282 prout

1894 2295 2001 2348 vult
2040 2294 2092 2366 (1
2121 2295 2244 2350 Cor.
2270 2313 2367 2360 xu,
2396 2299 2569 2370 ’7-11),
2604 2299 2790 2370 utique
2835 2303 2974 2356 sicut
2993 2303 3154 2358 Deus.
3184 2303 3316 2370 Quis
3331 2304 3477 2359 enim

1896 2395 2048 2441 tanta
2097 2387 2183 2442 illa
2235 2397 2412 2458 potest
2452 2391 2668 2460 operari
2716 2391 2820 2446 nisi
2870 2392 3057 2447 Deus?
3098 2391 3249 2447 Idem
3303 2406 3478 2447 autem

1893 2478 2036 2534 Deus
2083 2482 2174 2550 qui
2226 2494 2470 2552 aperatur
2523 2483 2699 2537 omnia
2763 2485 2819 2538 in
2872 2484 3111 2538 omnibus
3155 2484 3332 2554 (Ibid.
3384 2484 3474 2556 6).

1895 2567 2032 2623 Nam
2055 2580 2110 2624 et
2139 2570 2414 2641 sigillatim
2443 2571 2487 2626 si
2515 2572 2918 2644 interrogemur
2939 2576 3005 2630 de
3030 2573 3233 2644 Spiritu
3264 2584 3474 2640 sancto,

1903 2661 2182 2717 verissime
2215 2664 2604 2734 respondemus
2633 2667 2777 2733 quod
2802 2664 2945 2721 Deus
2965 2666 3056 2730 sit,
3085 2674 3140 2720 et
3165 2681 3287 2720 cum
3317 2665 3480 2720 Patre

1895 2761 1951 2806 et
1981 2751 2118 2806 Filio
2143 2752 2303 2806 simul
2328 2769 2465 2808 unus
2487 2753 2629 2808 Deus
2653 2763 2755 2809 εει.
2791 2752 2968 2810 Unum
2983 2770 3112 2826 ergo
3153 2756 3478 2826 principium

1897 2845 1964 2900 ad
1985 2853 2295 2901 creaturam
2323 2846 2521 2902 dicitur
2567 2847 2726 2912 Deus,
2774 2863 2883 2904 non
2921 2849 3027 2903 duo
3070 2849 3155 2904 vel
3186 2849 3291 2904 tria
3331 2849 3480 2919 prin-

1896 2938 2057 3008 cipia.
2491 3014 2497 3020 _

1967 3027 2250 3095 Quomodo
2278 3030 2443 3101 igitur
2485 3031 2852 3088 obtinebimus
2880 3032 3014 3088 n'iliil
3059 3020 3357 3090 secundum
3385 3048 3476 3090 ac-

1896 3121 2084 3178 cidens
2105 3122 2214 3178 dici
2238 3124 2291 3178 in
2322 3124 2511 3190 Deum,
2561 3126 2666 3181 nisi
2715 3127 2841 3196 quia
2875 3128 3045 3199 ipsius
3085 3139 3293 3184 natura:
3342 3128 3480 3184 nihil

208 3230 437 3283 magnus
462 3225 559 3278 est,
591 3217 683 3272 sed
711 3219 888 3288 scipso
912 3235 1108 3291 magno
1129 3236 1356 3292 magnus
1382 3231 1486 3287 est,
1519 3223 1645 3293 quia
1678 3224 1791 3293 ipse
1818 3204 1864 3268 C
1893 3214 2092 3269 accidit
2133 3230 2240 3284 quo
2265 3225 2524 3284 mutetur,
2556 3227 2616 3273 ut
2637 3233 2702 3273 ea
2747 3220 2857 3275 sint
2897 3221 3198 3277 accidentia
3228 3221 3474 3289 relativa,

208 3323 309 3363 sua
345 3317 431 3362 est
458 3309 789 3386 magnitudo.
821 3309 934 3366 Hoc
954 3320 1008 3365 et
1038 3313 1104 3367 de
1132 3314 1394 3378 bonitate,
1420 3324 1477 3369 et
1530 3317 1595 3370 de
1635 3325 1793 3370 teter-

207 3401 404 3466 nitate,
435 3410 494 3474 et
513 3401 580 3456 de
620 3403 1008 3472 onmipoteutia
1037 3404 1131 3458 Dei
1157 3405 1362 3460 dictum
1388 3405 1480 3470 sit,
1516 3406 1794 3462 omnibus-

209 3509 320 3564 que
364 3494 588 3548 omnino
639 3496 1076 3564 priedicamentis
1123 3512 1244 3567 qua:
1289 3497 1355 3552 de
1396 3498 1506 3553 Deo
1567 3507 1793 3566 possunt

207 3584 578 3655 pronuntiari.
608 3585 751 3654 quod
779 3587 846 3640 ad
876 3602 936 3641 se
966 3586 1140 3656 ipsum
1173 3587 1373 3642 dicitur
1395 3604 1501 3643 non
1532 3589 1794 3644 translate

208 3693 278 3731 ac
311 3692 408 3746 per
434 3669 858 3742 sunilitudiuem,
893 3679 985 3734 sed
1028 3681 1244 3750 proprie
1274 3700 1286 3735 :
1330 3681 1373 3736 si
1399 3691 1576 3735 tamen
1606 3683 1670 3736 ue
1703 3681 1793 3737 illo

203 3772 427 3844 proprie
455 3772 656 3842 aliquid
684 3774 787 3829 dici
823 3789 917 3828 ore
965 3775 1198 3830 hominis
1241 3784 1435 3846 potest.
1465 3776 1617 3844 Quod
1665 3775 1790 3848 ιαμ,

201 3864 354 3938 (ιυωῖ
383 3874 560 3920 autem
587 3866 804 3936 praprie
833 3867 1040 3938 singula
1089 3869 1142 3922 in
1189 3870 1378 3923 eadem
1414 3868 1679 3926 Trinitatc
1713 3870 1794 3923 di-

201 3968 429 4022 cuntur,
460 3959 606 4014 nullo
632 3959 790 4014 modo
816 3959 886 4013 ad
931 3961 1128 4030 seipsa,
1158 3962 1251 4015 sed
1283 3962 1349 4014 ad
1398 3962 1649 4026 invicem,
1701 3968 1794 4014 aut

201 4052 280 4106 ad
312 4061 617 4106 creaturam
646 4052 933 4116 dicuntur;
976 4063 1031 4104 et
1077 4053 1194 4106 ideo
1238 4053 1482 4116 relative,
1533 4069 1638 4108 non
1668 4054 1793 4108 sub-

202 4144 538 4200 stantialiter
564 4160 627 4200 ea
656 4145 760 4199 dici
783 4144 1126 4199 manifestum
1152 4155 1252 4201 est.
1295 4146 1455 4200 'Sicut
1493 4147 1636 4201 enim
1680 4146 1794 4202 Tri-

206 4238 360 4293 nitas
387 4253 528 4292 unus
561 4237 758 4292 dicitur
807 4237 947 4292 Deus
995 4254 1239 4308 magnus,
1291 4237 1482 4301 bonus,
1530 4248 1788 4303 internus,

204 4329 554 4396 omnipotens
580 4345 592 4380 :
619 4328 866 4396 idemque
892 4328 1005 4397 ipse
1032 4327 1110 4382 sic
1136 4342 1231 4380 sua
1255 4327 1360 4380 dici
1381 4335 1562 4395 potest
1591 4327 1788 4394 deitas,

204 4420 446 4494 ipsegsua
479 4419 812 4490 magnitudo,
834 4420 946 4489 ipse
973 4435 1067 4473 sua
1095 4419 1329 4483 bonitas,
1365 4420 1478 4489 ipse
1502 4435 1596 4474 sua
1633 4429 1793 4474 aeter-

203 4512 384 4584 nitas,
431 4511 544 4580 ipse
590 4525 686 4565 sua
728 4510 1118 4580 omnipotentia
1161 4524 1310 4564 :noa
1344 4511 1422 4564 sic
1462 4511 1565 4566 dici
1612 4519 1790 4580 potest

206 4601 454 4656 Trinitas
477 4601 660 4657 Pater.

282 4695 490 4750 Dicitur
517 4709 647 4766 ergo
672 4692 894 4749 relative
919 4692 1101 4759 Pater,
1138 4693 1388 4762 idemque
1439 4692 1662 4748 relative
1709 4693 1789 4750 di-

201 4789 354 4846 citur
389 4788 730 4858 principium,
779 4795 835 4842 et
868 4786 914 4841 si
963 4785 1092 4856 quid
1114 4784 1263 4841 forte.
1301 4785 1478 4841 aliud:
1505 4785 1599 4841 sed
1628 4785 1790 4842 Pater

199 4882 275 4939 ad
305 4880 500 4935 Filium
525 4881 744 4946 dicitur,
771 4880 1095 4950 principium
1124 4895 1251 4934 vero
1272 4880 1339 4934 ad
1358 4879 1539 4934 omnia
1571 4895 1691 4949 qua:
1720 4880 1789 4935 ab

203 4980 327 5049 ipso
349 4984 492 5032 sunt.
531 4975 664 5031 Item
689 4975 888 5028 dicitur
912 4971 1133 5028 relative
1156 4971 1348 5036 Filius,
1400 4971 1624 5027 relative
1655 4973 1788 5026 dici-
1827 4989 1832 4996 ·

204 5078 298 5124 tur
327 5076 383 5124 et
409 5066 638 5122 Verbum
660 5073 714 5119 et
742 5065 938 5134 imago;
969 5075 1023 5118 et
1053 5063 1105 5118 in
1127 5063 1378 5117 omnibus
1403 5062 1486 5116 bis
1515 5061 1790 5117 vocabulis

203 5161 278 5216 ad
308 5159 522 5214 Patrem
556 5158 806 5221 refertur,
839 5156 973 5210 nihil
1002 5165 1183 5210 autem
1213 5155 1405 5209 horum
1457 5153 1618 5210 Pater
1655 5153 1790 5208 dici-

206 5264 320 5310 tur.
356 5252 424 5307 Et
449 5251 772 5322 principium
801 5249 1000 5304 dicitur
1027 5248 1232 5303 Filius:
1255 5263 1378 5302 cum
1410 5247 1554 5302 enim
1583 5247 1791 5302 dicere-

205 5353 302 5400 tur
345 5344 394 5398 ei
422 5361 436 5397 :
477 5342 518 5396 Τ
522 5360 555 5396 u
580 5343 694 5413 quis
749 5358 801 5396 es
825 5341 1179 5410 ?respondit:
1210 5337 1563 5410 Principium,
1605 5341 1694 5409 qui
1741 5351 1788 5394 et

206 5437 398 5502 loquor
420 5436 560 5491 vobis
598 5433 783 5507 (Joan.
838 5449 954 5499 vin,
1001 5433 1115 5505 25).
1171 5433 1278 5489 Sed
1321 5433 1562 5504 nunquid
1610 5432 1787 5488 Patris

205 5531 573 5605 principium?
600 5529 913 5586 Creatorem
959 5542 1017 5582 se
1043 5527 1243 5598 quippe
1286 5527 1572 5582 ostendere
1615 5525 1787 5580 voluit

209 5639 338 5681 cum
366 5624 500 5679 dixit
519 5638 639 5678 esse
658 5620 1002 5692 principium,
1027 5621 1165 5674 sicut
1192 5629 1248 5675 et
1285 5620 1444 5676 Pater
1465 5621 1785 5690 principium

209 5727 300 5775 est
318 5729 597 5781 creaturae,
629 5733 693 5772 eo
720 5716 862 5788 quod
905 5713 973 5769 ab
1000 5714 1117 5782 ipso
1163 5722 1287 5768 sunt
1327 5715 1528 5769 omnia.
1561 5715 1693 5770 Nam
1733 5723 1789 5770 et

206 5807 431 5863 creator
454 5795 679 5864 relative
700 5808 898 5864 dicitur
916 5805 984 5862 ad
1012 5815 1339 5870 creaturam,
1368 5805 1509 5861 sicut
1538 5806 1788 5862 dominus

1814 4563 1870 4625 D

1893 3321 2014 3376 qua:
2034 3323 2158 3362 cum
2182 3307 2364 3377 aliqua
2397 3311 2695 3366 mutatione
2719 3328 2898 3367 rerum
2927 3313 2994 3369 de
3024 3314 3220 3384 quibus
3257 3314 3478 3383 dicitur,

1894 3397 2166 3453 accidunt.
2211 3396 2364 3454 Sicut
2393 3401 2601 3456 amicus
2627 3401 2854 3457 relative
2883 3403 3103 3469 dicitur,
3135 3419 3312 3475 neque
3332 3404 3479 3460 enim

1893 3501 2014 3542 esse
2043 3489 2232 3560 incipit
2260 3492 2364 3547 nisi
2387 3507 2513 3547 cum
2541 3508 2729 3549 amare
2749 3496 2975 3564 coeperit
3012 3514 3024 3548 :
3055 3495 3117 3550 ﬁt
3139 3510 3270 3568 ergo
3295 3496 3478 3567 aliqua

1893 3581 2123 3636 mutatio
2185 3583 2478 3640 voluntatis
2536 3594 2595 3640 ut
2656 3587 2866 3641 amicus
2931 3588 3162 3642 dicatur.
3216 3587 3480 3642 Nummus

1894 3685 2075 3732 autem
2122 3694 2244 3732 cum
2294 3681 2492 3734 dicitur
2550 3681 2783 3751 pretium
2815 3681 3039 3736 relative
3087 3681 3324 3745 dicitur,
3379 3696 3482 3738 nec

1896 3775 2074 3821 tamen
2103 3777 2340 3823 mutatus
2366 3779 2449 3824 est
2481 3787 2605 3824 cum
2633 3786 2754 3826 esse
2801 3771 2965 3841 ccepit
3013 3771 3267 3841 pretium,
3301 3787 3478 3841 neque

1895 3875 2018 3915 cum
2049 3861 2248 3916 dicitur
2285 3863 2497 3932 pignus,
2541 3875 2596 3917 et
2623 3864 2669 3919 si
2696 3879 2801 3933 qua
2845 3872 2970 3919 sunt
3007 3864 3225 3919 similia.
3260 3864 3318 3920 Si
3344 3876 3474 3936 ergo

1894 3968 2148 4008 nummus
2174 3963 2374 4022 potest,
2409 3955 2550 4009 nulla
2576 3956 2658 4010 sui
2683 3958 3004 4022 mutatione,
3039 3957 3316 4012 multoties
3345 3958 3474 4023 dici,

1896 4044 2143 4110 relative,
2198 4055 2256 4098 ut
2301 4061 2475 4116 neque
2524 4063 2646 4101 cum
2697 4047 2888 4117 incipit
2929 4047 3056 4114 dici,
3117 4063 3294 4119 neque
3350 4064 3474 4103 cum

1893 4138 2114 4204 desinit,
2148 4139 2351 4209 aliquid
2383 4140 2433 4193 in
2467 4139 2586 4210 ejus
2612 4151 2805 4194 natura
2837 4141 2919 4195 vel
2948 4140 3118 4196 l‘urma
3145 4143 3162 4211 (
3187 4156 3291 4211 qua
3315 4156 3473 4195 num-

1895 4246 2015 4285 mus
2039 4231 2162 4302 est)
2217 4233 2530 4287 mutationis
2578 4232 2712 4286 ﬁat:
2757 4243 2961 4302 quanto
3009 4233 3223 4289 facilius
3275 4235 3340 4289 de
3387 4235 3476 4290 illa

1893 4325 2322 4379 incommutabili
2353 4326 2443 4378 Dei
2493 4325 2795 4380 substantia
2842 4326 3101 4382 debemus
3144 4329 3390 4398 accipere
3419 4336 3478 4382 ut

1892 4417 1966 4472 ita
1994 4417 2205 4471 dicatur
2233 4417 2456 4472 relative
2492 4419 2694 4488 aliquid
2720 4421 2788 4474 ad
2829 4429 3161 4487 creaturam,
3196 4430 3255 4474 ut
3287 4437 3476 4490 quam-

1893 4509 1976 4562 vis
2005 4509 2371 4579 temporaliter
2413 4510 2636 4580 incipiat
2671 4510 2802 4576 dici,
2839 4525 2944 4566 non
2997 4521 3176 4567 tamen
3209 4513 3308 4583 ipsi
3341 4514 3473 4567 sub-

1897 4601 2112 4656 stantia!
2162 4601 2258 4655 Dei
2314 4602 2578 4657 accidisse
2615 4601 2818 4672 aliquid
2862 4603 3212 4676 intelligatur,
3260 4605 3355 4659 scd
3399 4605 3476 4660 illi

1897 4700 2164 4748 creatura:
2189 4693 2254 4746 ad
2287 4709 2449 4763 quam
2473 4695 2688 4748 dicitur.
2717 4695 2956 4760 Domine,
2987 4698 3182 4768 inquit,
3215 4698 3475 4767 refugium

1895 4785 2069 4854 [actus
2103 4801 2155 4838 es
2184 4784 2330 4837 nobis
2376 4782 2492 4855 (Ps.
2528 4801 2748 4848 Luxu,
2793 4787 2879 4858 l);
2913 4789 3176 4858 refugium
3222 4802 3350 4858 ergo
3377 4803 3475 4842 no-

1897 4886 2069 4933 strum
2097 4878 2240 4932 Deus
2277 4877 2499 4932 relative
2537 4877 2756 4943 dicitur,
2796 4879 2864 4931 ad
2895 4894 2994 4933 nos
3028 4880 3171 4932 enim
3201 4879 3471 4933 refertur:

1895 4971 1963 5025 Et
1993 4978 2120 5025 tunc
2165 4969 2424 5040 refugium
2469 4981 2712 5027 nostrum
2752 4972 2831 5037 ﬁt,
2859 4988 2983 5028 cum
3043 4973 3110 5026 ad
3153 4986 3276 5026 eum
3327 4969 3474 5024 refu-

1894 5076 2111 5133 gimus:
2142 5061 2396 5133 Nunquid
2443 5073 2568 5120 tunc
2624 5045 2684 5120 lit
2732 5065 2933 5134 aliquid
2976 5064 3029 5118 in
3076 5064 3195 5134 ejus
3256 5070 3472 5128 natura,

1895 5153 2058 5223 quod,
2113 5164 2402 5223 antequam
2465 5155 2532 5210 ad
2562 5170 2686 5209 eum
2733 5155 3104 5225 refugeremus
3163 5167 3268 5207 non
3319 5151 3473 5206 erat?

1894 5244 1952 5299 In
2023 5246 2182 5301 nobis
2253 5261 2383 5315 ergo
2450 5247 2513 5301 lit
2569 5247 2746 5318 aliqua
2821 5248 3090 5310 mutatio;
3173 5244 3471 5300 deteriores

1893 5339 2038 5393 enim
2083 5339 2282 5395 fuimus
2323 5350 2610 5410 antequam
2663 5339 2730 5395 ad
2782 5354 2904 5394 eum
2953 5338 3372 5410 refugeremus,‘
3416 5345 3474 5393 et

1893 5428 2158 5486 ellicimur
2179 5432 2246 5486 ad
2267 5447 2390 5486 eum
2423 5431 2736 5502 refugiendo
2763 5428 3051 5484 meliores?
3079 5429 3135 5484 in
3165 5427 3258 5482 illo
3287 5436 3469 5483 autem

1893 5522 2080 5577 nulla:
2135 5522 2225 5578 Sic
2257 5532 2310 5576 et
2354 5531 2507 5592 pater
2547 5529 2729 5576 noster
2764 5535 2886 5575 esse
2929 5520 3146 5592 incipit,
3183 5534 3305 5574 cum
3372 5535 3472 5591 per

1893 5617 2008 5687 ejus
2055 5619 2283 5689 gratiam
2336 5631 2756 5688 rcgeneramur,
2800 5616 3056 5685 quoniam
3115 5615 3258 5669 dedit
3321 5615 3469 5670 nobis

1894 5723 2196 5783 potestatem
2237 5711 2374 5780 ﬁlios
2414 5710 2505 5764 Dei
2539 5711 2654 5778 ﬁeri
2683 5710 2886 5783 (Joan.
2911 5727 2949 5777 ι,
2983 5711 3057 5766 12
3079 5715 3118 5782 ).
3154 5711 3469 5768 Substantia

1896 5808 2076 5880 itaque
2125 5817 2305 5862 nostra
2361 5813 2600 5876 mutatur
2649 5805 2700 5860 in
2755 5804 2988 5870 melius,
3032 5820 3153 5860 cum
3200 5805 3294 5860 lllii
3348 5803 3468 5873 ejus
