4010 6352
687 321 837 377 ,1125

1681 315 1742 373 S.
1783 313 2153 373 PRUDENTII
2193 311 2571 368 TliECENSlS
2608 312 2917 372 EPISCOPI

3707 335 3791 396 Ml

693 436 981 501 edicimur,
1011 434 1172 491 simul
1198 441 1254 490 et
1273 433 1364 488 ille
1390 431 1551 508 Pater
1577 439 1768 486 noster
1789 445 1912 486 esse
1941 430 2152 501 incipit,
2177 427 2268 484 sed
2297 437 2350 497 Α
2371 425 2656 480 secundum
2693 426 2968 482 consilium
2998 426 3274 484 uoluntatis
3304 447 3406 488 sua
3430 433 3565 507 (Eph.
3590 456 3623 506 t,
3647 444 3794 519 ll).u.

691 528 848 584 nulla
900 542 1012 582 suae
1050 524 1472 582 commutatione
1525 522 1844 578 substantiae
1885 537 1901 576 :
1952 523 2096 592 quod
2143 535 2270 592 ergo

695 615 1070 688 temporaliter
1117 613 1221 668 dici
1251 612 1439 683 incipit
1463 611 1720 666 Dominus
1759 609 1883 682 [al.,
1913 609 2100 683 Deus],
2128 611 2272 680 quod

687 715 858 780 gntea
898 720 1002 760 non
1028 703 1329 766 dicebatur,
1359 701 1704 757 manifestum
1735 712 1820 757 est
1871 701 2093 757 relative
2118 701 2266 756 dici:

703 815 814 856 non
843 807 1022 853 tamen
1047 796 1340 852 secundum
1377 795 1629 849 accidens
1658 793 1779 859 Dei,
1809 793 1954 865 quod
1987 793 2038 848 ei
2065 793 2270 863 aliquid

699 890 996 948 acciderit:
1051 889 1146 943 sed
1197 887 1354 957 plane
1405 887 1700 941 secundum
1750 885 1999 941 accidens
2043 883 2160 953 ejus
2204 883 2272 954 ad

697 983 843 1056 quod
881 982 982 1038 dici
1008 981 1050 1051 ἰ-
1079 979 1197 1052 [al.,
1227 979 1332 1034 dici
1354 978 1554 1049 aliquid
1579 978 1722 1032 Deus
1758 977 1970 1049 incipit]
2016 972 2272 1032 Dominus

698 1074 891 1153 incipit
917 1071 1141 1128 relative
1171 1090 1186 1126 :
1215 1071 1304 1137 Et,
1343 1072 1485 1140 quod
1535 1071 1743 1125 amicus
1782 1070 1875 1126 Dei
1925 1071 2105 1141 justus
2151 1085 2272 1128 esse

697 1165 908 1236 incipit,
938 1165 1054 1244 ipse
1105 1173 1376 1222 mutatur:
1409 1163 1552 1218 Deus
1580 1171 1758 1220 autem
1797 1162 1940 1216 absit
1981 1171 2040 1216 ut
2069 1171 2273 1232 tempo-

696 1259 886 1314 raliter
913 1258 1146 1329 aliquem
1185 1257 1370 1328 diligat
1407 1256 1560 1326 quasi
1591 1271 1727 1309 nova
1768 1255 2070 1320 dilectione,
2105 1254 2271 1325 (quod

695 1351 752 1406 in
793 1351 943 1423 ipso)
991 1349 1112 1423 [at.,
1165 1364 1284 1418 quae
1345 1349 1397 1402 in
1435 1346 1548 1419 illo]
1595 1357 1722 1402 ante
1780 1361 1885 1400 non
1933 1354 2084 1412 erat,
2131 1345 2272 1415 apud

698 1459 859 1514 quem
891 1442 1285 1512 necpraaterita
1313 1440 1666 1504 transierunt,
1703 1447 1750 1492 et
1777 1438 1958 1507 futura
1971 1439 2089 1503 jam
2128 1438 2272 1506 facta

654 1601 660 1616 ’
692 1543 834 1588 sunt.
870 1532 1055 1602 itaque
1077 1547 1267 1586 omnes
1287 1538 1502 1586 sanctos
1535 1544 1662 1584 suos
1703 1538 1830 1584 ante
1860 1527 2044 1582 mundi
2069 1525 2272 1581 consti-

691 1630 959 1685 tutionem
991 1627 1211 1692 dilexit,
1249 1624 1835 1696 sicutprtedestinavit,
1867 1622 1963 1678 sed
1989 1637 2110 1677 cum
2143 1636 2272 1676 con-

690 1729 977 1778 vertuntur
1021 1729 1080 1776 et
1110 1720 1390 1775 inveniunt
1430 1717 1603 1781 illttm,
1655 1726 1784 1771 tunc
1829 1716 2069 1785 incipere
2097 1715 2164 1768 ab
2203 1727 2270 1769 eo

2371 529 2458 574 cet
2492 520 2669 590 itaque
2698 522 2947 576 dicantur
2969 523 3214 580 homines
3246 527 3399 583 etiam
3419 541 3659 604 creatures,
3679 548 3798 602 mndi-

2363 621 2540 679 sores,
2567 613 2820 682 factores,
2838 624 3167 686 operatores,
3188 621 3518 691 ordinatores,
3533 628 3796 706 dispositam,

2371 706 2750 772 destinatores,
2777 707 3264 778 praedestinatores,
3294 719 3347 766 et
3395 715 3540 771 multa
3563 720 3727 790 similia,
3747 729 3798 786 ille

2375 806 2572 862 tamen,
2604 799 2762 854 modo
2787 799 3018 869 quodam
3047 803 3282 871 proprio,
3305 805 3400 859 etsi
3422 808 3608 866 relative
3626 813 3795 874 dicendus

2361 895 2455 944 est
2487 899 2724 957 creator,
2769 893 3037 958 conditor,
3084 891 3276 962 factor,
3306 907 3548 967 operator,
3586 905 3795 979 dispositu,

2363 979 2695 1047 destinatur,
2739 997 2804 1038 ac
2827 984 3256 1054 praedestinator,
3285 990 3371 1058 qui
3405 991 3534 1047 solus
3562 1006 3659 1052 ante
3679 1015 3795 1058 uincta

2372 1072 2546 1142 potuit
2572 1073 2892 1143 praevidere,
2921 1091 3086 1146 quam
3114 1073 3338 1146 faceret;
3359 1085 3579 1152 quoniam
3597 1087 3682 1159 ipse
3695 1094 3796 1162 solus,

2373 1165 2551 1218 omnia
2589 1181 2912 1237 quwcunque
2946 1168 3105 1222 uoluit
3143 1170 3264 1239 fecit
3297 1173 3348 1226 in
3369 1174 3483 1228 calo
3511 1186 3552 1230 et
3576 1180 3621 1232 in
3640 1189 3797 1250 armis

2373 1257 2510 1310 mari
2547 1266 2594 1310 et
2631 1258 2687 1311 in
2715 1260 2952 1314 omnibus
2987 1259 3210 1332 abyssis,
3236 1279 3300 1318 ea:
3326 1282 3421 1335 quo
3447 1272 3615 1337 omnia,
3634 1289 3798 1346 perm

2373 1350 2567 1414 omnia,
2587 1352 2642 1405 in
2661 1368 2763 1422 quo
2789 1353 2982 1416 omnia,
3010 1355 3110 1425 ipsi
3135 1355 3301 1426 gloria
3323 1358 3376 1412 in
3395 1361 3562 1435 alecula
3577 1367 3798 1435 scalaria,

2365 1455 2526 1508 nmen
2553 1440 2724 1512 (Psal.
2761 1459 2914 1510 cxttt,
2943 1445 3007 1510 5;
3039 1445 3193 1502 Rom.
3213 1463 3290 1514 χι,
3310 1447 3415 1520 56).
3438 1427 3463 1453 ’

2446 1531 2577 1596 Quis
2627 1547 2790 1601 porro
2831 1549 2939 1590 non
2983 1543 3198 1606 stupent
3243 1538 3522 1596 fatuitatem
3564 1547 3701 1608 tuam?
3728 1549 3796 1616 Qui,

2371 1635 2495 1677 cum
2523 1625 2771 1694 superius
2799 1627 3194 1696 praescientiam
3217 1638 3272 1684 et
3293 1632 3728 1701 praedestinationem
3746 1639 3799 1695 Dei

2371 1713 2490 1782 ejus
2514 1714 2870 1772 substantiam
2916 1721 3237 1786 asserueris,
3269 1735 3406 1778 nunc
3441 1727 3652 1782 translate
3677 1729 3799 1784 intra

687 1814 840 1885 diligi
871 1813 1146 1878 dicuntur,
1174 1821 1231 1865 ut
1258 1825 1322 1865 eo
1352 1809 1510 1864 modo
1544 1809 1756 1864 dicatur
1787 1822 1895 1878 quo
1943 1815 2121 1876 potest
2170 1806 2269 1861 hu-
2301 1816 2348 1876 Β
2369 1806 2482 1862 dici
2523 1822 2674 1863 more
2714 1809 3034 1866 Latinorum
3069 1828 3368 1880 asseveres,
3414 1831 3520 1886 qua:
3563 1819 3799 1876 substantia

691 1922 854 1962 mano
871 1906 1074 1961 affectu
1095 1904 1215 1975 capi
1237 1903 1380 1974 qu'od
1407 1902 1624 1958 dicitur.
1649 1900 1742 1955 Sic
1761 1900 1926 1953 etiam
1955 1913 2080 1952 cum
2099 1898 2271 1952 iratus

691 1996 850 2052 malis
886 1995 1102 2062 dicitur,
1139 2003 1194 2050 et
1231 1992 1475 2064 placidus
1505 1991 1680 2057 bonis,
1725 1990 1796 2045 illi
1839 1981 2120 2045 mutantur
2159 2004 2267 2045 non

689 2085 825 2157 ipse,
852 2085 996 2139 sicut
1041 2084 1154 2149 lux,
1203 2082 1432 2136 infirmis
1465 2081 1636 2136 oculis
1669 2095 1882 2151 aspera,
1916 2081 2089 2135 firmis
2133 2079 2271 2135 lenis

683 2183 778 2230 est
812 2175 1049 2246 ipsorum
1077 2173 1283 2228 scilicet
1318 2173 1638 2238 mutatione,
1666 2185 1774 2226 non
1798 2169 1946 2242 sum}

759 2267 868 2322 llas
898 2267 1244 2324 beatissimus
1270 2264 1621 2336 Augustinus,
1648 2262 1860 2318 atllatus
1886 2263 2019 2327 Deo,
2053 2262 2268 2332 regulas

691 2359 848 2414 nobis
877 2358 945 2414 de
975 2373 1044 2413 eo
1086 2357 1398 2412 acutissime
1427 2355 1804 2424 veraciterque
1849 2353 2137 2423 dereliquit
2183 2367 2270 2407 re-

683 2449 957 2522 spondens
1009 2448 1340 2504 Arianorum
1386 2445 1660 2512 versutiis,
1719 2445 1812 2515 qui
1842 2444 2268 2514 inaequalitatem

676 2551 892 2600 sancta:
913 2541 1197 2597 Trinitatis
1225 2539 1555 2612 argumentis
1585 2537 1882 2594 dialecticis
1905 2551 2004 2594 ore
2031 2545 2086 2591 et
2105 2536 2268 2591 corde

675 2633 944 2706 pestifero
997 2633 1384 2689 inclamabant.
1423 2631 1504 2686 Tu
1559 2646 1709 2697 vero,
1755 2630 2080 2702 frigescente
2126 2647 2179 2685 in
2215 2639 2268 2686 te

685 2741 830 2783 verae
857 2725 1144 2784 charitatis
1175 2724 1390 2788 ardore,
1425 2737 1528 2778 nec
1571 2732 1760 2778 contra
1801 2723 2140 2778 dialecticum
2178 2738 2265 2776 so-

681 2813 912 2890 phistice
931 2831 1114 2890 agere,
1143 2830 1244 2872 nec
1264 2813 1684 2886 simplicioribus
1705 2811 1964 2868 fratribus
1983 2812 2266 2868 consulere

682 2907 930 2980 delegisti
957 2926 970 2962 :
1000 2908 1222 2978 quippe,
1254 2907 1381 2960 dum
1429 2903 1638 2975 aﬂingis
1685 2902 1976 2974 superﬂua,
2007 2904 2267 2958 obscuras

679 3000 856 3057 etiam
879 2999 1188 3054 manifesta.
1217 2997 1559 3069 Quapropter
1585 2995 1730 3065 quod
1757 2995 1812 3049 in
1856 2994 2100 3064 catalogo
2140 2996 2267 3052 sub-

677 3092 1044 3146 atantivorum
1075 3089 1355 3152 nominum
1401 3088 1801 3144 destinationem
1827 3101 2028 3159 ponere
2053 3087 2266 3143 voluisti

683 3188 832 3258 (cap.
873 3186 928 3251 9,
972 3203 1027 3239 τι.
1079 3184 1138 3251 5,
1169 3194 1296 3239 sect.
1331 3183 1412 3255 2),
1447 3182 1643 3238 falsum
1687 3197 1809 3238 esse
1852 3182 1977 3252 quis
2014 3181 2262 3236 neseiat?
2289 3180 2334 3244 C

675 3276 973 3347 Nunquam
1025 3275 1174 3331 enim
1223 3275 1447 3331 relativa
1495 3275 1857 3330 substantiam
1913 3274 2259 3346 significant,

677 3368 779 3423 sed
811 3367 884 3421 ad
917 3366 1121 3437 aliquid
1163 3381 1229 3421 ea
1276 3366 1551 3436 pertinere
1598 3381 1704 3420 non
1730 3365 1952 3420 dubium
2001 3374 2125 3421 est:
2164 3366 2260 3420 de-

679 3461 886 3518 stinare
919 3470 1103 3516 autem
1154 3459 1379 3518 relative
1421 3459 1639 3524 dicitur,
1679 3459 1822 3514 sicut
1863 3473 2074 3524 creare,
2121 3459 2264 3514 sicut

675 3550 885 3617 facere,
921 3551 1066 3606 sicut
1099 3547 1338 3620 operari,
1373 3547 1517 3603 sicut
1563 3548 1872 3618 disponere,
1923 3549 2259 3619 dispensare,

673 3639 966 3710 judicare,
1016 3655 1139 3711 quas
1198 3653 1307 3695 non
1375 3639 1736 3695 substantiam
1803 3639 1988 3708 utique
2039 3639 2261 3694 demon-

675 3741 873 3799 strant,
925 3731 1024 3788 sed
1082 3731 1150 3786 ad
1190 3729 1393 3801 aliquid
1441 3728 1608 3783 relata
1666 3738 2021 3799 promuntur,
2066 3743 2261 3800 nempe

677 3825 772 3895 qui
828 3825 1098 3890 destinat,
1159 3824 1274 3880 sive
1317 3825 1704 3895 praedestinat,
1756 3825 1958 3896 aliquid
2001 3825 2260 3880 nimirum

678 3919 956 3984 destinat,
1007 3918 1124 3974 sive
1183 3918 1553 3989 praedestinat.
1609 3919 1750 3989 Ergo
1779 3958 1795 3984 ,
1845 3933 1969 3974 cum
2025 3918 2260 3974 dicimus

677 4011 978 4080 destinare,
1016 4025 1124 4066 non
1153 4025 1274 4065 esse
1301 4011 1553 4076 dicimus,
1580 4010 1674 4066 sed
1719 4010 1920 4081 aliquid
1951 4011 2256 4081 disponere,

679 4112 740 4158 ut
788 4118 1000 4173 creare,
1057 4103 1257 4168 facere,
1314 4114 1478 4175 atque
1523 4106 1756 4174 operari.
1807 4104 1925 4159 Non
1967 4105 2130 4176 igitur
2167 4106 2258 4161 de-

675 4195 900 4251 stinatio
959 4197 1336 4264 substantive,
1400 4198 1494 4253 sed
1539 4198 1740 4252 dicitur
1787 4197 2061 4253 relative:
2114 4197 2257 4252 rela-

677 4285 912 4340 tivorum
952 4296 1132 4343 autem
1161 4304 1286 4343 non
1331 4297 1416 4344 est
1453 4289 1809 4344 substantiam
1861 4292 2254 4356 demonstrare,

675 4378 784 4434 hoc
815 4393 923 4433 non
949 4377 1124 4433 solum
1156 4379 1375 4445 divinaz,
1408 4394 1604 4439 verum,
1633 4382 1796 4434 etiam
1840 4380 2088 4436 humanae
2115 4381 2258 4434 litte-

2371 1915 2649 1970 nunquam
2679 1903 3072 1970 demonstrant,
3113 1920 3236 1962 esse
3261 1915 3434 1963 autem
3455 1908 3554 1966 haec
3573 1910 3738 1967 relatin.
3771 1925 3802 1969 et

2371 1989 2678 2048 nullatenus
2697 1993 3033 2050 substantiva
3057 1997 3232 2052 cuivis
3251 2001 3410 2053 etiam
3425 2001 3680 2070 simpliciori
3693 2014 3798 2074 patet.

2372 2081 2756 2140 Verumtamen
2783 2086 3310 2155 praedestinationem
3335 2103 3531 2161 quoque
3546 2107 3630 2149 non
3645 2095 3800 2150 substan-

2371 2172 2594 2240 tialiter,
2624 2175 2720 2230 sed
2743 2176 2964 2232 relative
2981 2178 3151 2233 Deum
3180 2179 3286 2235 dici
3308 2196 3458 2250 posse
3483 2182 3601 2236 sicut
3619 2182 3800 2252 refugium,

2369 2261 2604 2330 laudem,
2660 2265 3041 2333 laudationem,
3071 2271 3454 2340 protectionem
3476 2273 3599 2328 nullo
3618 2275 3729 2329 modo
3749 2277 3803 2329 ab-

2367 2356 2603 2423 nuerim,
2643 2359 2890 2428 quamvis
2947 2360 3000 2415 id
3043 2361 3227 2416 divina
3275 2362 3478 2434 eloquia
3517 2365 3688 2421 minime
3714 2382 3801 2420 com-

2361 2446 2663 2502 mendent:
2701 2447 2937 2520 alioquin
2961 2449 3127 2506 veluti
3148 2468 3260 2508 non
3279 2455 3493 2522 creatio,
3511 2457 3697 2528 operatio
3709 2465 3802 2528 atque

2367 2537 2623 2603 conditio,
2673 2537 2748 2592 ita
2790 2554 2893 2595 nec
2922 2540 3215 2597 destinatio
3261 2559 3324 2599 ac
3364 2547 3696 2615 pmdestinatio
3721 2547 3802 2601 Deus

2365 2627 2789 2688 substantialiter
2829 2630 2927 2688 ulli
2971 2634 3256 2693 catholico
3308 2638 3678 2707 pronuntiandus
3707 2647 3803 2710 atqu

2364 2719 2614 2776 fatendus
2673 2732 2794 2789 est,
2845 2739 2916 2780 ne
2939 2711 3390 2786 'evidentissima:
3443 2733 3630 2787 rationis
3657 2733 3803 2785 auctori-

2367 2812 2486 2877 tati,
2529 2829 2593 2868 ac
2624 2813 2802 2870 Patris
2839 2817 3124 2888 Augustini
3150 2823 3507 2880 veracisSImis
3545 2823 3803 2896 disputationi-

2365 2904 2466 2960 bus
2505 2907 2865 2978 impudenter,
2913 2911 3024 2966 imo
3048 2913 3341 2971 infideliter
3379 2932 3637 2989 repugnare
3663 2915 3803 2973 convin-

2363 3009 2540 3054 catur.

2988 3097 3222 3156 CAPUT
3260 3101 3329 3158 Χ.

2365 3225 2552 3308 Denso
2589 3228 2730 3308 quo!
2766 3248 2799 3284 a
2847 3233 3110 3308 contrario
3143 3233 3526 3308 intelligendum
3562 3237 3642 3301 sit,
3677 3242 3806 3306 quarto

2363 3311 2366 3314 ’
2432 3297 2627 3378 dicitur
2670 3299 2814 3354 Deus
2855 3303 3124 3378 prwscire,
3169 3315 3266 3358 aut
3300 3297 3803 3378 ﬁrwdestinare'p'ccrm.

2433 3367 2800 3496 fgﬁunmortem
2826 3367 2864 3438 ,'
2899 3371 2975 3426 vel
3040 3367 3223 3444 pinnas
3285 3367 3535 3432 hominum
3556 3417 3570 3444 ,
3616 3367 3674 3431 vel
3716 3387 3807 3443 σιμ-

2432 3552 2683 3608 Decimus
2711 3552 3170 3612 blasubemiarutu
3202 3568 3416 3614 tuarum
3443 3557 3604 3614 titulus
3624 3566 3685 3614 est

2922 3709 3145 3751 IOANNES
3179 3710 3404 3754 SCOTUB.

2432 3820 2583 3902 (Cap.
2621 3824 2710 3902 ψ,
2741 3840 2888 3902 num.
2923 3838 2972 3891 ι,
3004 3835 3138 3902 sect.
3164 3830 3247 3902 ιφ)
3275 3829 3354 3885 De
3377 3847 3437 3902 eo
3462 3822 3808 3902 qundecim?“

2359 3894 2752 3970 intelligendum
2776 3897 2868 3960 sit,
2906 3900 3118 3970 quando
3157 3894 3358 3970 dicitur
3391 3894 3525 3958 Dein
3543 3898 3808 3970 prastat,“

2357 3965 2730 4044 prendestinare
2749 3965 2980 4037 peccata,
3005 3968 3080 4023 vel
3099 3965 3343 4038 mortem,
3362 3971 3433 4026 vel
3449 3965 3604 4044 pinnat
3621 3968 3807 4026 hominis,

2359 4035 2438 4090 vel
2465 4035 2790 4106 angelorum.

2998 4167 3322 4211 CORRECTIO.

2427 4279 2486 4334 ln
2543 4295 2652 4350 quo
2707 4280 2836 4336 dum
2884 4281 3117 4340 inservis
3165 4286 3461 4344 dialecticis
3505 4302 3561 4343 ac
3603 4279 3809 4340 rhetorici.

2356 4387 2582 4443 prorsus
2611 4389 2642 4428 a
2686 4374 2912 4430 veritate
2935 4375 3206 4433 desereris
3240 4397 3254 4434 :
3285 4378 3564 4436 subdividis
3601 4377 3710 4433 eni
3731 4383 3810 4444 pll-

678 4467 1033 4534 raaclamant,
1063 4477 1120 4524 et
1143 4469 1260 4540 ipse
1297 4471 1682 4538 usitatissimus
1715 4472 1878 4527 etiam
1916 4472 1970 4526 in
2002 4472 2257 4528 litteratis
2359 4466 2642 4522 scientiam
2687 4477 2744 4523 et
2771 4469 3328 4541 praedestinationem,
3361 4474 3514 4530 sicuti
3551 4481 3601 4527 et
3633 4477 3810 4540 pretim

677 4556 981 4628 quibusque
1027 4555 1282 4632 loquendi
1330 4560 1538 4626 modus,
1567 4560 1711 4631 quod
1744 4576 1955 4624 omnes,
1987 4571 2082 4616 ant
2121 4575 2259 4633 pene
2289 4544 2338 4605 Ι)
2365 4561 2565 4617 tionem
2595 4570 2650 4617 et
2681 4563 3079 4633 prmvisionem,
3131 4566 3444 4638 duabusque
3474 4564 3658 4622 sedibus

676 4667 888 4720 omnes,
923 4653 1216 4722 destinare,
1258 4669 1358 4726 pro
1382 4672 1446 4712 eo
1493 4657 1637 4726 quod
1667 4667 1751 4713 est
1793 4658 2045 4714 ordinare
2097 4668 2258 4729 atque
2362 4654 2640 4709 cationum
2675 4655 2744 4710 in
2767 4655 2968 4718 ‘Deum‘
3001 4657 3302 4714 translatas
3349 4659 3556 4726 as‘seris;
3595 4664 3658 4722 ut,
3675 4647 3811 4724 quam

677 4746 986 4818 disponere,
1035 4748 1249 4804 dicendi
1275 4748 1580 4819 frequentia
1621 4751 1895 4806 celebrare
1929 4751 2125 4822 saepius
2148 4767 2258 4810 non
2363 4746 2718 4804 similitudine
2755 4758 3064 4818 sumuntur,
3091 4752 3227 4816 nihil
3253 4754 3398 4810 aliud
3438 4748 3708 4825 signiﬁcem.
3728 4755 3813 4816 W‘

681 4838 968 4895 desistunt.
995 4838 1114 4895 Non
1141 4841 1411 4912 estigitur
1429 4841 1720 4897 destinatio
1743 4843 1904 4908 Deus,
1934 4857 2111 4913 neque
2132 4843 2260 4898 sub-
2364 4845 2447 4893 ter
2469 4839 2612 4908 quod
2633 4841 2750 4911 ipse
2773 4839 2998 4898 Creator
3019 4844 3260 4902 omnium
3287 4844 3519 4901 facturus
3539 4850 3673 4906 esset.
3689 4839 3765 4894 sive
3781 4835 3812 4887 ίι

677 4930 972 4985 stantivnm
993 4930 1159 4996 illius,
1189 4931 1284 4987 sed
1309 4933 1486 5002 potius
1515 4935 1824 4998 relativum,
1853 4951 1960 5006 quo
1991 4935 2258 5008 signitica-
2317 4951 2324 4958 ’
2363 4932 2739 4989 constituenda
2769 4936 3140 4993 universitatis
3164 4939 3462 4995 substantia
3489 4932 3814 4997 ηεωηιίδιῆκ

679 5029 767 5077 tur
799 5021 1128 5092 disposuisse
1155 5032 1282 5078 ante
1313 5025 1508 5079 saecula
1541 5027 1802 5096 quidquid
1829 5027 1880 5082 in
1909 5037 2150 5098 tempore
2173 5026 2258 5083 vel

676 5121 800 5183 post
843 5121 1087 5184 tempora
1127 5125 1249 5170 erat
1298 5116 1412 5186 ipse
1441 5115 1706 5173 facturus.
1741 5117 1974 5174 Proinde
2009 5120 2258 5190 quamvis

677 5205 922 5271 relative,
961 5208 1217 5276 quoniam
1247 5217 1378 5264 sunt
1407 5209 1797 5278 relativabtec,
1827 5211 1882 5266 in
1916 5212 2048 5278 Deo,
2074 5212 2159 5267 vel
2191 5215 2259 5270 de

676 5298 808 5364 Deo,
833 5300 1461 5370 nequaquamfallaciter
1483 5304 1870 5374 pradicentur,
1895 5306 2025 5362 nulli
2051 5317 2259 5365 natura;

677 5389 733 5446 id
759 5391 907 5461 quod
933 5393 1342 5461 .praad'estinate
1365 5395 1566 5451 dicitur
1591 5398 1989 5467 competentius
2019 5408 2252 5471 aptatur,

677 5494 839 5550 quam
867 5481 968 5548 illi,
995 5497 1138 5553 qua,
1164 5483 1279 5539 sola
1307 5486 1711 5557 omnipotentiae
1741 5504 1854 5544 suae
1880 5489 2099 5556 virtute,
2129 5492 2254 5546 uni-

679 5588 855 5640 versa,
880 5590 1002 5644 quae
1023 5575 1208 5632 fuerat
1231 5578 1347 5647 ipsa
1374 5577 1609 5646 factura,
1639 5581 1813 5650 potuit
1840 5582 2114 5652 praescire,
2155 5597 2255 5652 po-

681 5665 783 5722 tuit
809 5667 1130 5737 praevidere;
1159 5686 1452 5740 the,.cum
1491 5675 1564 5728 sit
1588 5674 1843 5741 Trinitas,
1873 5691 2013 5731 unus
2037 5675 2185 5732 solus
2199 5687 2260 5735 et

681 5772 840 5815 verus
863 5760 1030 5827 Deus,
1059 5773 1328 5832 operatur,
1375 5767 1668 5824 secundum
1695 5769 2030 5840 Apostolum,
2077 5770 2253 5826 omnia

2360 5022 2480 5093 ejus
2507 5025 2880 5096 qualitatibus,
2902 5029 3020 5085 sive
3043 5030 3097 5085 in
3135 5029 3254 5101 ejus
3277 5027 3696 5088 administratione
3715 5024 3751 5075 in
3766 5017 3814 5071 iis

2364 5119 2751 5183 tantummodo,
2783 5135 2912 5190 quos
2955 5121 3214 5190 μνωκὶυᾶ
3245 5133 3296 5178 st
3340 5118 3815 5195 prwdestinuimm'

2360 5210 2487 5264 dum
2511 5213 2834 5282 Ρ¹⁰Ρ⁰⁸ί¹⁸⁶³²³
2867 5215 3054 5283 θνωίω
3079 5231 3193 5270 sua!
3220 5216 3506 5286 conformea
3523 5206 3720 5280 ἐπειφῦ
3737 5196 3815 5253 Filii

2359 5302 2443 5355 sui
2466 5300 2640 5372 (Rom.
2669 5318 2790 5369 vm,
2819 5303 2912 5369 28,
2941 5304 3032 5377 Ἃ)
3059 5319 3190 5362 esse.
3203 5305 3431 5362 futuros.
3455 5299 3648 5372 Quando
3673 5287 3814 5352 venit

2359 5392 2478 5449 loco
2506 5394 2600 5464 qui
2629 5403 2714 5450 est
2743 5411 2777 5450 a
2818 5397 3274 5464 contrariomiltil
3314 5399 3368 5453 in
3394 5397 3472 5453 eis
3499 5381 3813 5474 intle

2360 5483 2466 5538 nisi
2489 5487 2636 5554 quod
2661 5487 2826 5552 Deus,
2852 5487 2907 5542 in
2931 5497 3190 5545 creatura
3209 5504 3368 5560 quam
3388 5491 3496 5559 ipse
3516 5470 3814 5541 condidit.“

2359 5577 2488 5632 sinit
2534 5587 2683 5634 motu
2746 5581 2965 5651 proprio
3017 5582 3293 5655 liberoque
3365 5577 3618 5638 rationalis
3663 5575 3812 5658 ωωτξν

2358 5683 2610 5738 perverse
2639 5672 2839 5727 utentis
2864 5674 3200 5730 naturalibus
3227 5674 3384 5731 bonis
3409 5688 3520 5745 qua
3539 5669 3611 5726 sui
3628 5661 3813 5721 Gram

2359 5763 2610 5836 largitate
2634 5767 2871 5838 suscepit
2899 5784 2914 5822 :
2945 5768 3009 5824 Et
3035 5769 3139 5828 hoc
3172 5785 3302 5843 esse
3325 5778 3494 5827 totum
3525 5761 3650 5836 quod
3684 5751 3812 5810 tlile
