4010 6352
283 229 422 322 tias

277 367 502 432 malum,
531 373 586 420 et
635 377 794 434 pruna
819 362 938 434 ejus
979 361 1126 440 varia
1159 360 1582 428 multimodaque
1605 357 1854 424 miseria;
1889 361 1938 422 Α

277 459 420 530 quod
443 465 502 512 ut
525 451 956 526 compendiosius
983 462 1202 524 propter
1227 453 1332 508 mei
1366 451 1569 506 similes
1611 451 1854 522 eloquar.

277 551 374 616 Vis
403 549 626 622 intelligi
659 549 823 604 Deum
851 547 1104 618 praescire
1133 553 1186 600 et
1209 543 1596 616 prredestinare
1622 551 1858 598 tantum-

275 643 440 700 modo
487 657 604 712 quae
633 639 772 694 bona
817 649 962 702 sunt,
995 637 1128 692 mala
1158 651 1286 691 vero
1313 651 1412 690 nec
1459 633 1712 706 prmscire
1759 649 1858 688 nec

271 734 664 810 praedestinare
699 750 712 786 :
760 745 922 800 quam
957 727 1368 800 perversitatem
1404 725 1584 780 nullus
1629 731 1756 780 ante
1803 733 1858 780 te

271 823 688 904 praesumpsisse
711 821 995 891 reperitur,
1037 834 1159 874 cum
1189 833 1378 872 omnes
1418 817 1726 872 divinorum
1767 815 1858 869 Li-

269 915 496 972 brorum
525 915 731 988 pagina:
778 913 944 966 Deum
975 909 1555 982 omnipotentissimum
1585 917 1640 963 et
1663 907 1856 976 justis-

273 1009 472 1066 simnm
503 1007 642 1062 scire
675 1015 728 1062 et
763 1003 1035 1076 praescire,
1069 1017 1132 1055 ac
1169 1017 1264 1072 per
1303 1001 1404 1056 hoc
1429 999 1742 1072 prohibere,
1761 995 1856 1068 ju-

269 1101 456 1156 dicare
481 1109 642 1168 atque
673 1097 864 1170 punire
915 1103 1160 1166 peccata,
1209 1107 1316 1148 non
1363 1091 1536 1147 solum
1565 1089 1854 1158 factorum,

269 1205 462 1248 verum
507 1191 672 1246 etiam
713 1191 978 1245 dictorum
1031 1185 1526 1258 cogitationumque
1581 1179 1856 1238 multoties

269 1283 564 1340 inculcant.

269 1357 274 1360 ’
345 1373 482 1450 Quid
509 1373 702 1432 enim?
731 1369 974 1442 nunquid
1021 1369 1264 1424 nescisse
1299 1367 1444 1422 Deus
1479 1365 1740 1424 dicendus
1771 1373 1857 1422 est

267 1473 592 1542 peccaturos
619 1461 790 1518 nostri
819 1459 1034 1534 generis
1055 1459 1262 1530 primos
1295 1455 1722 1530 propagatores?
1747 1455 1856 1510 Cur

263 1571 402 1628 ergo
437 1571 530 1612 eos
561 1555 630 1610 ab
683 1551 1062 1608 inobedientia:
1107 1549 1250 1604 malo
1275 1589 1290 1616 ,
1342 1557 1398 1604 et
1439 1547 1590 1620 prius
1623 1545 1854 1618 benigne

261 1647 544 1724 prohibuit
571 1645 724 1718 (Gen.
757 1663 820 1714 ιι,
845 1645 1028 1718 l7),et
1053 1651 1174 1715 post
1205 1639 1354 1712 juste
1381 1641 1656 1696 damnavit
1696 1637 1852 1710 (Gen.

261 1757 354 1816 ιιι,
379 1739 506 1812 l5)?
527 1737 792 1794 Nimirum
825 1737 950 1808 quia
977 1753 1004 1788 a
1029 1733 1302 1806 peccando
1329 1731 1624 1802 prohibuit,
1643 1739 1698 1786 et
1715 1745 1852 1800 prae-
1877 1725 1930 1786 Β

263 1835 404 1890 vidit
433 1841 486 1890 et
519 1831 794 1904 przescivit
813 1831 944 1900 quid
967 1819 1500 1884 maloinobedientite
1513 1833 1657 1880 esset
1685 1823 1848 1878 homo

259 1927 532 1994 facturus,
565 1935 620 1982 et
649 1925 778 1996 quid
807 1923 1004 1978 merito
1031 1919 1258 1994 justitirc
1287 1927 1627 1990 recepturus.
1662 1913 1717 1970 Si
1751 1931 1846 1970 ne-

263 2007 644 2092 queprtevidit
680 2031 854 2086 neque
883 2013 1152 2084 pt-zcscivit
1193 2019 1412 2082 peccata
1447 2007 1724 2064 hominum
1761 2005 1846 2062 di-

257 2113 414 2174 luvio
441 2111 830 2184 periturorum,
873 2109 1000 2180 quid
1037 2117 1120 2162 est
1151 2105 1294 2176 quod
1315 2119 1414 2174 per
1435 2117 1606 2158 annos
1631 2109 1846 2184 ceptum

251 2163 734 2264 arcatnrtediﬁcari
765 2201 1110 2274 praecipiunt,
1135 2199 1342 2256 caeteris
1379 2205 1600 2270 propter
1623 2163 1844 2268 pegcata

261 2299 490 2368 deletis,
523 2297 668 2354 solus
695 2295 808 2350 Noe
841 2309 964 2348 cum
1003 2293 1162 2348 domo
1199 2307 1296 2348 sua
1335 2287 1678 2346 salvaretur?
1706 2285 1847 2354 Quid

251 2405 352 2458 est
377 2393 540 2464 quod,
573 2392 704 2448 Mosi
733 2389 1106 2446 liberationem
1129 2385 1344 2442 lsraelis
1359 2383 1680 2454 pranlicens,
1707 2379 1846 2434 Pha-

241 2501 490 2554 raonem
521 2493 684 2556 atque
707 2481 996 2554 Egyptios
1023 2479 1302 2534 induratos
1327 2475 1468 2530 inter
1501 2483 1580 2529 tot
1601 2483 1656 2528 et
1697 2481 1844 2556 tanta

243 2579 676 2652 percussionum
725 2589 922 2648 genera
969 2569 1360 2628 contumaciter
1401 2567 1564 2624 corda
1595 2581 1692 2620 sua
1737 2579 1844 2618 non

241 2671 448 2738 ,tacet?
485 2668 638 2742 (Gen.
673 2683 750 2734 vt,
787 2667 840 2730 l,
874 2681 992 2738 seq.
1029 2679 1124 2728 vn,
1157 2663 1208 2728 ι,
1253 2675 1369 2732 seq.
1423 2655 1596 2712 Exod.
1633 2671 1704 2720 tv,
1727 2653 1842 2726 21.)

265 2765 324 2820 Si
355 2777 462 2820 non
501 2761 776 2834 praescivit
817 2773 994 2828 neque
1033 2753 1280 2826 prtevidit
1319 2751 1526 2808 scelera
1571 2747 1846 2818 multaque

239 2853 464 2928 -ﬂagitia
485 2853 728 2924 ejusdem
751 2847 1030 2906 lsraelitici
1061 2845 1264 2918 populi,
1293 2861 1390 2900 cur
1411 2857 1504 2898 eos
1525 2841 1844 2896 nominatim

261 2947 334 3006 ab
361 2945 612 3002 omnibus
655 2941 896 3012 peccatis
939 2939 1212 2996 abstinere
1243 2933 1538 3008 praecepit?
1567 2931 1658 3004 qui
1677 2973 1690 2998 ,
1720 2947 1844 2986 cum

261 3037 514 3092 homines
539 3035 719 3090 divina
749 3032 1030 3104 majestate
1053 3039 1214 3100 atque
1239 3025 1562 3082 auctoritate
1591 3021 1843 3092 dignatus

1133 249 1222 306 DE
1255 243 1926 332 PREDESTINATIONE
1963 243 2244 302 CONTRA
2281 245 2332 304 J.
2375 245 2680 306 SCOTUM.

3409 251 3546 332 nec

2513 373 2740 414 JOANNES
2777 373 2992 416 SCO'I‘US.
3413 369 3418 374 '
3483 343 3488 348 ’
3525 341 3534 350 ’

2031 461 2182 544 (Cap.
2213 471 2300 538 10,
2327 489 2474 528 num.
2512 475 2568 540 2,
2609 485 2742 530 sect.
2775 477 2852 546 i.)
2881 487 2920 534 Θ
2957 477 3088 532 Cum
3135 495 3256 552 ergo
3297 482 3540 538 audimus

1957 563 2216 636 prwscivit
2269 563 2438 632 Deus,
2487 565 2562 620 vel
2603 567 2986 638 pra’destinavit
3017 608 3030 634 ,
3087 567 3166 622 vel
3229 571 3541 642 pra'paravit

1957 667 2195 726 peccata,
2223 673 2314 710 seu
2343 665 2582 722 mortem,
2613 657 2717 712 sive
2745 675 2920 728 pcenas
2947 675 3124 714 eorum
3149 677 3276 732 quos
3293 661 3436 732 juste
3460 663 3548 718 de-

1957 749 2142 802 seruit.

2579 857 2901 899 COBRECTIO.

2027 953 2068 1022 ἰ-
2095 952 2228 1022 Quis
2255 955 2358 1010 hoc
2383 953 2620 1022 dixerit,
2649 957 2772 1028 quis
2811 957 3002 1014 saltem
3041 959 3366 1034 cogitatione
3409 979 3542 1020 con-

1957 1045 2208 1114 ceperit?
2249 1045 2458 1102 Dicitur
2485 1047 2630 1102 enim
2663 1047 2804 1104 Deus
2823 1050 3104 1128 prmscispe
3131 1061 3376 1122 peccata,
3397 1069 3544 1110 mor-

1957 1145 2090 1202 tem,
2107 1137 2188 1193 vel
2211 1152 2398 1208 poenas
2415 1153 2428 1192 :
2447 1140 2858 1210 praadesﬁnasse
2885 1151 3066 1218 autem
3091 1143 3174 1198 vel
3205 1159 3540 1218 praeparasse

1955 1239 2180 1300 peccata
2203 1245 2482 1302 nunquam
2505 1239 2632 1286 ante
2663 1241 2714 1286 te
2739 1217 2954 1290 dictum
2973 1217 3236 1306 comperi,
3263 1217 3540 1308 nunquam

1955 1319 2090 1392 legi;
2133 1321 2552 1390 prredestinasse
2603 1337 2734 1378 vero
2783 1323 2866 1378 vel
2919 1339 3254 1396 prmparasse
3309 1337 3540 1384 mortem

1953 1411 2070 1466 sive
2105 1425 2296 1480 poenas
2341 1413 2694 1482 peccantibus
2755 1403 3086 1486 prophetiae
3129 1427 3186 1488 et
3225 1413 3542 1498 apostolicae

1953 1501 2148 1558 littera:
2172 1503 2426 1558 clamant.
2453 1503 2532 1558 Tu
2563 1519 2694 1560 vero
2715 1505 2840 1576 quia
2877 1507 3270 1578 prtescientiam
3309 1517 3363 1564 et
3403 1525 3542 1580 prae-

1951 1595 2370 1662 destinationem
2401 1595 2720 1670 confundis,
2767 1599 2844 1654 ita
2883 1607 2942 1674 ut
2967 1615 3132 1656 unum
3163 1615 3284 1656 esse
3321 1601 3542 1672 dogma-

1957 1687 2112 1752 tizes,
2135 1687 2272 1744 dicis
2305 1687 2472 1744 Deum
2519 1689 2932 1760 praedestinasse
2959 1699 3016 1748 et
3043 1675 3379 1762 praeparasse
3415 1707 3542 1764 pec-

1955 1789 2102 1846 cata,
2129 1781 2270 1849 quod
2305 1780 2698 1838 catholicorum
2741 1783 2920 1838 nullus
2965 1799 3202 1854 unquam
3249 1783 3332 1838 vel
3371 1784 3540 1840 sensit

1951 1871 2038 1938 vel
2069 1872 2222 1926 dixit.
2275 1871 2500 1926 Dill‘erre
2549 1887 2714 1944 porro
2761 1871 3160 1946 [nescientium
3197 1891 3226 1928 a
3256 1875 3537 1946 praedesti—

1951 1963 2174 2020 natione
2221 1971 2276 2016 et
2323 1979 2482 2034 supra
2505 1963 2620 2034 jam
2667 1965 2898 2034 egimus,
2933 1974 3008 2032 et,
3042 1966 3132 2022 ubi
3173 1978 3538 2038 opportunum

1952 2051 2133 2118 fuerit,
2165 2067 2326 2124 agere
2355 2067 2462 2108 non
2485 2055 2706 2126 pigebit.
2753 2055 2988 2110 Proinde
3017 2072 3139 2112 cum
3169 2057 3370 2112 dicitur
3395 2057 3538 2113 Deus

1949 2143 2232 2214 praescisse
2257 2153 2496 2214 peccata,
2523 2155 2774 2212 mortem,
2805 2155 2856 2201 et
2893 2161 3100 2222 poenas,
3131 2163 3236 2202 non
3263 2165 3294 2202 a
3321 2129 3540 2218 contra.

1949 2237 2034 2292 rio
2061 2237 2318 2292 debemus
2341 2237 2662 2306 intelligere,
2691 2255 2788 2310 per
2813 2247 3024 2310 tropum
3053 2241 3142 2310 qui
3175 2241 3371 2296 dicitur
3391 2243 3536 2300 anti-

1941 2327 2186 2404 phrasis,
2213 2337 2274 2382 ut
2297 2327 2518 2392 deliras,
2547 2329 2640 2384 sed
2667 2329 2964 2384 secundum
2993 2345 3113 2404 eam
3145 2331 3384 2402 regulam
3417 2347 3538 2404 qua:

1949 2419 2018 2474 ab
2063 2419 2316 2474 omnibus
2343 2419 2662 2474 orthodoxis
2694 2421 3076 2476 tractator-ibus
3120 2421 3276 2476 nobis
3313 2425 3536 2494 praeﬁxa

1947 2517 2054 2574 est,
2077 2525 2204 2578 qua,
2245 2507 2400 2578 juxta
2437 2511 2814 2566 auctoritatem
2867 2521 3178 2566 sanctarum
3229 2513 3536 2584 Scriptura-

1949 2619 2092 2668 rum,
2123 2602 2264 2658 Deus
2291 2617 2356 2658 ea
2401 2619 2510 2658 non
2563 2603 2738 2658 solum
2785 2605 3100 2674 praescisse,
3139 2621 3324 2660 verum
3371 2605 3534 2660 etiam

1947 2693 2168 2764 punisse
2215 2701 2270 2748 et
2297 2695 2584 2764 puniturus
2625 2709 2746 2750 esse
2771 2695 3118 2752 describitur.
3149 2695 3412 2766 Quodque
3441 2697 3535 2752 ad-

1939 2790 2128 2864 jungis
2173 2807 2188 2842 :

2495 2877 2724 2918 JOANNES
2763 2877 2980 2918 SCOTUS.

2019 2953 2172 3026 (Cap.
2199 2953 2286 3020 10,
2315 2969 2463 3008 ιιιιιιι.
2505 2953 2558 3020 5,
2589 2963 2726 3010 sect.
2759 2953 2840 3026 2.)
2871 2965 2912 3012 Θ
2953 2953 3102 3008 Illud
3143 2953 3406 3010 malorum
3445 2971 3534 3026 ge-

1951 3063 2048 3102 nus
2069 3063 2088 3114 ;
2110 3047 2250 3118 quod
2277 3063 2394 3100 cum
2424 3045 2736 3100 naturaliter
2763 3047 2830 3102 sit
2865 3039 3061 3102 bonum
3096 3047 3279 3102 eadem
3317 3061 3499 3103 contra

259 3139 348 3186 est
383 3143 490 3198 per
541 3129 716 3198 ignem
773 3097 1146 3194 ct‘caliginem
1192 3119 1486 3174 tonitruum
1517 3133 1581 3172 ac
1629 3113 1842 3186 fulgura

1952 3140 2148 3192 rietatis
2177 3137 2358 3208 regula
2385 3137 2582 3192 malum
2607 3135 2820 3204 dicitur,
2845 3147 2900 3190 ut
2925 3147 2998 3192 est
3023 3137 3154 3208 ignis
3185 3137 3272 3192 ille
3298 3147 3534 3196 aeternus

261 3219 622 3276 discurrentia
666 3215 988 3290 compellare
1010 3255 1024 3277 ,
1069 3214 1142 3266 ita
1171 3225 1398 3280 exorsus
1426 3217 1508 3264 est
1539 3222 1552 3260 :
1585 3205 1698 3278 Ego
1725 3221 1844 3260 sum

259 3313 518 3368 Dominus
551 3309 692 3364 Deus
719 3319 872 3372 tuus,
913 3307 1002 3378 qui
1043 3305 1198 3360 eduxi
1231 3313 1279 3356 te
1309 3303 1374 3356 de
1420 3311 1558 3355 terra
1587 3297 1804 3372 gypti
1826 3339 1842 3364 ,

257 3405 328 3460 de
375 3403 528 3456 domo
569 3401 850 3456 servitutis.
891 3397 1010 3452 Non
1039 3395 1252 3450 habebis
1291 3393 1414 3450 deos
1444 3391 1640 3446 alienos
1667 3405 1846 3444 coram

261 3513 378 3560 me;
407 3512 510 3548 non
545 3492 707 3568 {acies
739 3491 830 3544 tibi
875 3487 1136 3558 sculptile,
1169 3501 1328 3556 neque
1361 3499 1564 3538 omnem
1599 3481 1844 3566 similitu-

259 3589 436 3642 dinem
455 3601 574 3658 qua:
597 3593 672 3638 est
701 3585 756 3636 in
793 3579 918 3636 creto
945 3579 1184 3650 desuper,
1211 3589 1258 3634 et
1289 3593 1404 3650 qua:
1435 3577 1490 3630 in
1520 3585 1658 3628 terra
1687 3573 1842 3628 deor-

261 3695 402 3742 sum,
453 3694 544 3732 nec
571 3691 754 3730 eorum
777 3689 894 3744 qua:
921 3679 1040 3726 sunt
1083 3672 1136 3724 in
1185 3669 1334 3740 aquis
1382 3667 1478 3722 sub
1517 3677 1676 3722 terra.
1719 3665 1844 3720 Non

263 3769 508 3826 adorabis
547 3785 644 3832 ea,
693 3783 856 3838 neque
901 3765 1056 3820 cotes.
1107 3763 1230 3818 Non
1261 3777 1492 3816 assumes
1523 3777 1707 3814 nomen
1741 3759 1844 3812 Do-

261 3863 390 3916 mini
423 3859 520 3914 Dei
565 3859 642 3912 tui
685 3859 740 3912 in
785 3873 994 3912 carrum.
1045 3855 1306 3910 Memento
1353 3864 1408 3908 ut
1455 3853 1590 3908 diem
1639 3849 1844 3906 sabbati

261 3949 576 4020 sanctiﬁces.
625 3945 844 4002 Honora
877 3955 1078 4014 patrem
1101 3955 1246 3998 tuum
1269 3954 1316 3998 et
1341 3953 1558 3996 matrem
1585 3951 1752 4007 tuam,
1785 3951 1842 3996 ut

261 4045 334 4098 sis
364 4043 626 4112 longincus
657 4054 813 4108 super
841 4047 1050 4096 terram,
1081 4051 1236 4106 quam
1273 4033 1530 4088 Dominus
1551 4031 1690 4086 Deus
1719 4043 1842 4088 tuus

261 4133 406 4186 dabit
431 4133 544 4186 tibi.
593 4129 714 4184 Non
747 4127 970 4192 occides,
989 4145 1089 4180 non
1113 4125 1470 4190 nime/laberis,
1507 4143 1608 4179 non
1639 4125 1840 4194 furtum

263 4225 446 4294 facies,
471 4241 590 4294 .non
637 4221 866 4292 loqueris
915 4229 1096 4274 contra
1132 4219 1428 4288 proximum
1463 4227 1610 4272 tuum
1646 4215 1840 4288 falsum

264 4315 634 4382 testimonium,
661 4329 762 4366 non
786 4313 1112 4379 concupisces
1140 4309 1350 4364 domum
1375 4309 1600 4380 proximi
1623 4311 1718 4374 tui,
1749 4329 1840 4366 nec

263 4405 583 4462 desiderabis
631 4419 844 4458 uxorem
875 4402 1008 4472 ejus,
1039 4419 1140 4455 non
1166 4419 1518 4474 servum,_non
1549 4401 1796 4456 ancillam
1819 4443 1836 4468 ,

263 4517 366 4554 non
405 4499 600 4561 bovem,
643 4513 746 4550 non
778 4495 1006 4559 asinum,
1057 4511 1146 4548 nec
1191 4493 1364 4548 omnia
1393 4509 1510 4564 qua:
1539 4493 1678 4548 illius
1717 4505 1838 4548 sunt

263 4591 442 4662 (Deut.
461 4605 510 4654 ν,
529 4589 560 4642 6
575 4585 736 4658 seq.).
760 4585 827 4640 Et
841 4593 1033 4640 caztera
1057 4601 1176 4654 quae
1189 4583 1322 4656 legis
1335 4585 1530 4638 divina:
1547 4585 1834 4656 sericlcon-

263 4683 520 4736 tinentur.
537 4679 666 4748 Quae
687 4677 866 4734 omnia
883 4692 990 4748 quo
1017 4685 1176 4746 pacto
1191 4675 1332 4730 Deus
1351 4677 1694 4748 prohibuisse
1715 4691 1836 4732 cre—

261 4775 424 4832 ditur,
447 4771 490 4828 si
519 4765 614 4826 nec
631 4767 900 4840 priescivit
922 4783 1022 4824 nec
1041 4767 1286 4838 prtevidit
1307 4767 1554 4824 homines
1573 4783 1636 4824 ea
1662 4767 1838 4824 factu-

263 4867 388 4922 ros?
416 4865 524 4922 Cur
555 4865 712 4920 toties
749 4871 804 4918 et
847 4871 994 4918 tanta
1043 4861 1322 4926 instantia,
1357 4869 1635 4932 tantaque,
1665 4871 1726 4916 ut
1761 4862 1836 4918 ita

261 4957 516 5022 dixerim,
543 4955 968 5026 importunitate,
993 4953 1086 5008 sed
1111 4963 1412 5024 Opportuna
1433 4993 1447 5020 ,
1475 4969 1572 5024 per
1599 4961 1678 5009 tot
1705 4969 1836 5024 pro-

261 5049 452 5120 phetas
479 5047 657 5102 futura
691 5043 965 5102 hominum
997 5053 1238 5116 peccata,
1285 5059 1582 5116 eorumque
1630 5043 1836 5118 suppli-

263 5141 346 5198 cia
373 5181 388 5208 ,
431 5139 798 5212 praedicebat,
839 5139 884 5194 si
912 5153 976 5193 ea
1007 5151 1106 5192 nec
1141 5135 1460 5208 praesciebat
1499 5151 1600 5192 nec
1647 5137 1840 5208 prteri-

205 5223 214 5306 '_
263 5235 468 5292 debat?
501 5233 608 5289 Sed
633 5233 760 5304 quid
805 5247 1024 5288 necesse
1066 5237 1148 5286 est
1189 5245 1252 5284 ea
1294 5227 1496 5285 diutius
1535 5227 1794 5297 replicare
1819 5267 1838 5296 ,

261 5345 384 5402 qua:
413 5311 663 5384 omnibus
705 5335 810 5380 tam
849 5335 976 5380 sunt
1009 5333 1134 5378 nota
1177 5337 1338 5394 quam
1381 5321 1702 5378 lectionibus
1729 5321 1840 5377 usi-

265 5429 398 5476 tata.
429 5415 542 5476 Non
570 5432 698 5489 ergo
729 5425 788 5472 ut
814 5415 950 5470 male
979 5415 1170 5480 sentis,
1210 5429 1240 5468 a
1285 5413 1580 5480 contrario,
1623 5413 1716 5470 sed
1741 5429 1836 5470 vc-

267 5513 466 5590 racitcr
491 5511 634 5568 Deus
655 5517 877 5588 peccata
901 5507 1214 5578 praevidisse
1235 5515 1288 5562 et
1312 5509 1594 5576 praescisse
1619 5507 1836 5574 dicitur,

264 5609 356 5680 qui
397 5623 460 5664 ea
498 5613 553 5662 et
591 5603 708 5660 ﬁeri
749 5601 1044 5682 prahibuit,
1069 5609 1124 5656 et
1153 5599 1418 5672 punienda
1467 5601 1740 5674 praedixit,
1761 5599 1840 5656 ra-

265 5707 460 5772 ctaun
487 5693 778 5752 damnavit.
811 5689 1007 5746 Verum
1034 5689 1176 5762 quod
1201 5689 1334 5746 dicis
1363 5703 1378 5744 :

1865 4457 1918 4518 D

1947 3233 2038 3304 qui
2121 3240 2458 3304 prteparatus
2541 3239 2624 3286 est
2695 3229 2911 3286 diabolo
2969 3229 3350 3314 priuiStrisque
3415 3231 3534 3304 ejus

1949 3325 2162 3398 (.llatth.
2195 3341 2318 3390 xxv,
2345 3323 2458 3398 ιιι).
3483 3321 3486 3324 ·

2563 3419 2885 3462 COBRECTIO.

2015 3497 2054 3568 -Ῑ-
2081 3495 2300 3550 Falsum
2323 3509 2441 3552 esse
2461 3495 2854 3552 catholicorum
2875 3495 3160 3552 doctorum
3189 3494 3532 3566 expositione

1945 3587 2306 3654 convincitur,
2342 3587 2434 3656 qui
2466 3603 2530 3642 ea
2560 3587 2860 3658 nuncupari
2901 3585 3042 3642 mala
3087 3601 3194 3642 non
3229 3603 3260 3640 a
3311 3595 3531 3642 contra-

1945 3679 2048 3742 rio,
2079 3685 2138 3731 ut
2163 3675 2380 3748 desipis,
2409 3677 2504 3732 sed
2533 3693 2562 3730 a
2587 3691 2748 3732 sensu
2775 3675 3116 3744 patientium,
3151 3677 3242 3748 qui
3283 3691 3348 3732 ea
3387 3677 3530 3734 mala

1945 3771 2224 3840 deputant,
2257 3767 2450 3822 crebro
2489 3767 2846 3838 expositionis
2889 3765 3090 3822 famine
3143 3767 3358 3836 docent,
3389 3781 3528 3840 quo-

1943 3875 2062 3913 rum
2105 3865 2328 3912 sanctus
2367 3857 2728 3930 Hieronymus
2757 3857 2812 3912 in
2838 3857 3176 3926 expositione
3213 3855 3378 3912 Amos
3405 3873 3530 3930 pro-

1943 3953 2122 4024 phetae
2151 3965 2426 4020 exponens
2457 3951 2638 4020 (Amos
2669 3963 2752 4016 ιιι,
2781 3947 2858 4020 6),
2895 3949 3039 4020 quod
3071 3949 3214 4006 idem
3261 3949 3530 4022 prepheta

1945 4046 2080 4102 dixit
2109 4063 2120 4098 :
2149 4043 2208 4100 Si
2233 4045 2330 4098 erit
2371 4043 2568 4098 malum
2597 4043 2654 4098 in
2676 4043 2902 4110 civitate,
2946 4042 3086 4114 quod
3119 4041 3378 4098 Dominus
3423 4059 3528 4099 non

1915 4141 1918 4144 '
1943 4135 2083 4208 fecit.
2115 4135 2476 4206 Hieronymus
2509 4153 2520 4188 :
2559 4133 2805 4206 [Malum
2854 4143 3034 4188 autem
3058 4175 3072 4201 ,
3115 4135 3290 4205 inquit
3316 4175 3332 4202 ,
3385 4136 3528 4207 quod

1945 4227 2202 4282 Dominus
2233 4225 2358 4282 fecit
2391 4223 2444 4280 in
2477 4225 2698 4282 civitate
2743 4239 2848 4280 non
2907 4223 3238 4280 contrarium
3292 4233 3376 4284 est
3421 4227 3530 4280 vir-

1945 4319 2066 4384 tuti,
2097 4319 2190 4374 sed
2233 4317 2449 4372 alﬂictio
2480 4325 2641 4386 atque
2669 4313 2942 4372 cruciatus
2962 4357 2978 4382 ,
2997 4313 3075 4372 ‘de
3103 4329 3209 4387 quo
3245 4315 3480 4388 legimus
3507 4333 3524 4374 :

1943 4405 2138 4480 Sufﬁcit
2174 4409 2276 4463 diei
2301 4407 2504 4462 malitia
2531 4425 2627 4462 sua
2656 4405 2872 4480 (Matth.
2897 4423 2974 4474 vr,
3001 4407 3115 4480 54),
3149 4407 3202 4463 ιιι
3235 4415 3320 4464 est
3351 4407 3524 4464 tribu-

1944 4499 2074 4552 latio
2099 4509 2152 4554 et
2177 4499 2456 4570 angustia;
2481 4505 2534 4553 et
2561 4499 2612 4552 in
2639 4497 2900 4570 prepheta
2923 4497 3192 4570 legimus:
3217 4497 3330 4569 Ego
3355 4497 3522 4566 Deus,

1943 4589 2030 4660 qui
2057 4589 2156 4660 feci
2193 4589 2358 4644 lucem
2397 4599 2444 4644 et
2481 4589 2716 4644 tenebras
2737 4631 2751 4656 ,
2774 4589 2864 4662 qui
2901 4589 3040 4660 facio
3068 4605 3248 4660 pacem
3271 4597 3324 4666 et
3357 4589 3526 4646 condo

1945 4677 2086 4732 mala
2125 4677 2260 4750 (Isa.
2293 4693 2392 4733 va
2417 4721 2431 4744 ,
2463 4679 2540 4752 7).
2569 4679 2722 4736 Sicut
2765 4681 2910 4736 enim
2961 4683 3198 4736 tenebrae
3231 4679 3521 4738 contraria:

1945 4779 2068 4824 sunt
2105 4769 2212 4826 luci
2237 4777 2292 4824 et
2313 4769 2440 4836 diei,
2471 4771 2549 4825 sic
2575 4779 2628 4824 et
2661 4771 2782 4842 paci
2809 4771 3008 4828 bellum
3055 4769 3384 4826 contrarium
3415 4779 3522 4840 est,

1943 4859 2088 4931 quod
2119 4875 2224 4914 non
2253 4875 2350 4930 per
2373 4875 2431 4916 se
2453 4861 2652 4916 malum
2695 4869 2797 4929 est,
2833 4861 2928 4918 sed
2955 4861 3152 4916 malum
3171 4863 3174 4868 '
3193 4859 3410 4915 videtur
3435 4861 3526 4920 his

1939 4967 2060 5010 esse
2085 4953 2176 5023 qui
2205 4955 2492 5008 sustinent.
2535 4953 2601 5010 Et
2623 4963 2683 5009 nt
2707 4955 2944 5010 sciamus
2973 4953 3030 5008 in
3065 4951 3366 5022 Scripturls
3389 4967 3520 5008 san-

1941 5043 2045 5100 ctis
2063 5043 2324 5099 malitiam
2347 5045 2616 5100 interdum
2641 5061 2746 5100 non
2773 5043 3101 5100 contrariam
3123 5041 3309 5097 virtuti
3323 5041 3520 5116 accipi,

1943 5139 2037 5193 sed
2061 5137 2406 5194 amictionem
2433 5153 2730 5210 ptenasque
2759 5147 2813 5192 et
2842 5137 3144 5210 angustiam
3171 5151 3186 5191 :
3215 5151 3380 5191 unum
3423 5137 3522 5194 ad-

1941 5229 2048 5284 huc
2093 5229 2160 5286 de
2209 5227 2344 5284 Iona
2389 5245 2665 5286 sumamus
2709 5227 3014 5300 exemplum
3059 5229 3176 5282 :Et
3209 5227 3338 5284 cidit
3379 5227 3520 5286 Deus

1943 5335 2100 5392 opera
2141 5337 2322 5376 eorum
2349 5361 2364 5386 ,
2393 5323 2518 5393 quia
2538 5319 2770 5376 conversi
2791 5329 2910 5374 sunt
2933 5337 2966 5374 a
2991 5319 3084 5374 riis
3115 5319 3224 5374 suis
3258 5319 3516 5390 pessimis,

1939 5425 1986 5470 et
2021 5415 2258 5486 paenituit
2287 5431 2404 5470 eum
2440 5429 2596 5486 super
2639 5411 2844 5468 malitia
2883 5429 3050 5486 quam
3093 5411 3296 5468 locutus
3339 5421 3414 5468 est
3457 5421 3518 5470 ut

1941 5507 2132 5578 faceret
2154 5509 2226 5562 eis
2254 5505 2399 5584 (Jan.
2425 5523 2510 5572 Ill,
2545 5503 2630 5576 10)
2659 5523 2672 5559 :
2699 5503 2908 5560 Malitia
2929 5507 3114 5578 utique
3139 5505 3213 5562 ibi
3237 5505 3357 5580 [al.,
3384 5509 3516 5564 sub-

1941 5599 2142 5674 versio]
2191 5599 2556 5656 subversionis
2605 5597 2964 5656 Ninivitarum
2995 5615 3010 5652 :
3039 5607 3164 5668 est,
3213 5613 3374 5672 quam
3415 5615 3517 5672 per

1941 5693 2258 5762 prophetam
2303 5691 2442 5746 Deus
2473 5689 2650 5746 fuerat
2697 5691 3076 5761 comminatus,
3107 5697 3160 5750 et
3191 5709 3298 5751 non
3327 5691 3514 5750 virtuti
