4010 6352
491 313 650 384 ’1127

1501 318 1559 376 S.
1600 315 1969 375 PRUDENTII
2009 313 2391 372 TRECENSIS
2427 312 2734 373 EPISCOPI

3630 321 3784 382 “23

497 442 793 508 contraria,
837 455 959 514 quae
987 439 1055 498 ad
1074 447 1352 512 peccatum
1379 439 1634 510 pertinet,
1666 453 1766 508 pro
1795 452 1902 507 quo
1929 451 2074 492 com-
2102 442 2151 502 Α
2177 443 2327 490 creta
2359 445 2653 506 cognoscat
2679 454 2691 489 :
2716 436 2970 508 cognovi,
2997 437 3192 508 inquit,
3234 446 3436 496 multas
3465 439 3790 513 impietates

500 539 738 596 minatur
767 535 885 608 [al.,
905 532 1346 604 comminabitur]
1379 539 1648 586 tormenta
1675 531 2077 602 peccatoribus.

572 631 614 700 -ι-
639 628 751 682 Hoc
779 628 918 682 idem
945 627 997 682 in
1027 627 1275 682 omnibus
1305 641 1442 696 pene
1485 624 1640 679 libris
1687 625 1801 678 suis
1829 623 2082 693 exsequi-

503 728 612 776 tur.
643 717 795 786 Quod
819 727 998 773 autem
1025 717 1166 772 Dens
1189 725 1410 787 peccata
1437 730 1732 787 poenasque
1758 715 2078 786 pratscierit,

503 811 646 868 idem
678 812 731 866 in
762 811 1111 882 Expositione
1137 809 1413 864 Malachise
1448 810 1727 880 prophetae
1770 809 1843 862 ita
1869 807 2080 862 locutus

503 911 588 959 est
623 901 711 974 (In
735 900 866 957 Mal.
897 917 940 966 ι,
963 901 1040 971 2).
1076 899 1284 972 [lsrael,
1318 901 1422 955 hoc
1469 908 1553 955 est
1597 898 1784 965 Judas,
1814 899 1880 953 ad
1920 913 2082 967 quem

503 994 711 1050 solebat
747 991 862 1047 ﬁeri
893 993 1118 1048 verbum
1150 993 1243 1048 Dei
1270 1000 1324 1047 et
1349 992 1485 1047 visio
1523 990 1735 1046 Domini
1762 1031 1775 1056 ,
1803 1005 1942 1046 onus
1964 991 2082 1061 ejus

501 1093 559 1141 et
585 1084 795 1154 pondus
821 1083 1205 1155 suppliciorum
1235 1082 1608 1154 gravissimum
1660 1089 1879 1152 portare
1929 1096 2080 1138 com-

501 1177 737 1248 pellitur,
770 1185 830 1230 ut
855 1176 1102 1247 graviora
1131 1184 1352 1246 peccata
1374 1176 1634 1245 deponat,
1667 1185 1721 1229 et
1759 1174 1958 1229 sentiat
1986 1189 2082 1246 per

501 1278 772 1324 tormenta
795 1285 953 1340 quem
981 1285 1085 1324 non
1117 1269 1285 1324 sensit
1311 1284 1409 1340 per
1432 1267 1723 1323 beneﬁcia:
1744 1267 1810 1321 Et
1831 1283 1898 1322 ne
1920 1281 2080 1337 poena

501 1365 555 1419 in
609 1379 734 1419 suos
780 1365 1026 1425 videatur
1067 1362 1289 1433 injuste,
1321 1361 1536 1432 subjicit
1566 1363 1826 1417 Dominus
1858 1379 1870 1415 :
1906 1360 2084 1414 Dilexi

499 1471 586 1508 vos
603 1471 630 1519 ;
648 1470 802 1524 quem
823 1455 960 1508 enim
1001 1454 1173 1524 diligit
1208 1453 1486 1519 Dominus,
1511 1453 1725 1524 corripit
1758 1452 1878 1525 [al.,
1917 1450 2082 1507 casti-

499 1543 652 1617 gat],
709 1544 938 1615 ﬂagellat
987 1553 1159 1598 autem
1211 1560 1414 1598 omnem
1466 1543 1635 1612 ﬁlium
1686 1560 1837 1613 quem
1900 1541 2082 1611 recipit

502 1636 688 1707 (Hebr.
735 1651 832 1702 xu,
857 1635 932 1704 6).
964 1635 1032 1690 Et
1075 1635 1302 1690 dicendo
1356 1634 1555 1700 dilexi,
1597 1650 1837 1704 praesens
1877 1641 2080 1704 negat,

501 1728 628 1780 dum
673 1727 1006 1796 praeteritum
1047 1725 1333 1781 conﬁtetur
1364 1741 1378 1778 :
1405 1726 1590 1795 illique
1627 1726 1955 1796 respondent
2001 1731 2081 1778 te-

2183 538 2302 593 quaa
2332 539 2437 577 non
2465 523 2638 578 solum
2671 524 2870 589 multae,
2906 527 3001 581 sed
3029 536 3083 581 et
3117 525 3286 583 fortes
3331 541 3482 595 sunt,
3508 541 3566 585 et
3595 535 3792 603 oppri-

2182 624 2408 679 mentes,
2444 616 2556 670 sive
2597 616 2980 672 conculcantes
3016 616 3246 686 justum,
3278 620 3362 674 vel
3409 622 3588 691 ipsam
3619 622 3790 693 justi-

2185 708 2334 774 tiam,
2373 707 2458 763 vel
2487 723 2609 763 eum
2651 709 2740 779 qui
2765 707 2944 778 justus
2973 721 3054 765 est
3084 710 3266 782 (Amos
3289 728 3341 778 v,
3366 713 3480 780 12).

2252 801 2292 870 -ζ-
2330 800 2472 856 Ecce
2499 802 2688 857 doctor
2713 801 2910 872 ubique
2956 805 3198 874 gentium
3240 820 3408 860 sacrae
3447 807 3791 866 eruditionis

2183 892 2501 948 celebritate
2545 894 2853 950 diffamatus
2897 910 3236 966 nequaquam
3286 913 3318 951 a
3363 901 3671 964 contrario,
3727 910 3794 957 ut

2181 986 2442 1052 somnias,
2479 986 2642 1040 verba
2669 988 2985 1058 prophetica
3009 989 3327 1059 exponenda
3365 990 3656 1056 dilucidat,
3690 995 3794 1049 sed

2182 1076 2476 1130 secundum
2503 1077 2762 1148 regulam,
2797 1079 2863 1133 de
2883 1094 2991 1148 qua
3013 1078 3268 1145 diximus,
3298 1082 3560 1137 omnibus
3585 1092 3792 1140 tracta-

2184 1165 2394 1220 toribus
2425 1161 2688 1220 usitatam
2721 1185 2734 1219 :
2764 1165 2821 1222 Si
2847 1167 2988 1222 Deus
3016 1168 3160 1222 mala
3181 1185 3286 1225 non
3315 1173 3624 1240 praescivit,
3655 1176 3818 1244 quid

2183 1267 2268 1311 est
2287 1257 2430 1326 quod
2455 1258 2524 1313 ab
2549 1257 2824 1314 Abraham
2839 1260 2939 1316 sub
2967 1261 3184 1315 nomine
3199 1276 3374 1317 vaccae
3397 1265 3669 1328 trimam,
3695 1281 3792 1319 ca-

2181 1362 2315 1418 prae,
2349 1349 2558 1416 arietis,
2590 1351 2872 1418 columbae,
2913 1361 2968 1407 et
3015 1355 3240 1409 turturis
3266 1363 3470 1409 statum
3514 1358 3794 1412 nascitnri

2184 1457 2252 1495 ex
2277 1455 2342 1495 eo
2365 1442 2545 1512 populi
2568 1443 2866 1512 praedicens
2895 1445 2971 1516 (in
2997 1459 3105 1514 quo
3129 1454 3285 1500 erant
3308 1444 3483 1500 futuri
3504 1448 3794 1518 spiritales

2185 1531 2277 1600 qui
2308 1531 2375 1585 ad
2405 1546 2587 1586 semen
2615 1530 2733 1600 ejus
2761 1532 2816 1586 in
2861 1550 2962 1602 quo
3003 1527 3367 1590 benedicendo:
3403 1547 3562 1590 erant
3605 1555 3794 1595 omnes

2184 1631 2378 1692 gentes,
2413 1622 2466 1676 id
2498 1631 2583 1677 est
2635 1623 2921 1679 Dominum
2969 1633 3214 1680 nostrqu
3267 1624 3455 1681 Jesum
3501 1628 3792 1686 Christum

2185 1714 2488 1784 pertinent;
2537 1723 2694 1769 erant
2720 1717 2883 1771 etiam
2914 1715 3079 1772 futuri
3109 1719 3381 1785 carnales,
3407 1721 3505 1790 qui
3532 1723 3792 1792 ejusdem

433 1883 438 1888 ‘
500 1818 751 1872 merita“,
800 1833 906 1888 qua
952 1826 1198 1887 peccant,
1259 1817 1410 1872 οωίιί
1478 1817 1861 1872 beneﬁciorum
1915 1814 2031 1884 ejus
2065 1829 2080 1867 ς
2112 1811 2159 1872 Β
2188 1805 2412 1860 seminis
2438 1817 2690 1876 expertes
2711 1806 2923 1879 ﬁerent)
2957 1808 3573 1881 loquituritainquiens
3601 1831 3615 1865 :
3645 1811 3794 1868 Scito

499 1909 554 1962 in
580 1925 685 1979 qua
707 1907 939 1962 dilexisti
979 1925 1072 1964 nos
1109 1907 1265 1979 (ttat.
1314 1925 1356 1974 ι,
1381 1908 1576 1978 2)?Ad
1617 1924 1737 1978 qua:
1780 1909 2078 1975 Dominus,

501 2005 560 2052 ut
590 2006 810 2063 cetera,
837 1999 1032 2068 inquit,
1064 2007 1294 2064 taceam,
1323 2010 1378 2055 et
1402 2001 1544 2070 quod
1587 2016 1761 2070 nuper
1798 2003 1864 2056 de
1905 2001 2081 2073 Baby-

501 2088 641 2144 lonis
695 2091 1009 2160 captivitate
1053 2091 1311 2158 venistis,
1362 2093 1688 2149 incunabula
1739 2103 1917 2149 vestra
1975 2105 2083 2150 tra-

503 2181 680 2238 ctabo.
718 2183 1018 2253 Antequam
1058 2185 1438 2252 nasceremini,
1470 2187 1578 2240 imo
1605 2186 1918 2257 priusquam
1973 2188 2076 2242 Re-

501 2271 666 2329 becca
715 2273 858 2329 Esau
910 2283 966 2329 et
1007 2271 1178 2330 Jacob
1209 2284 1362 2330 utero
1391 2290 1489 2330 suo
1516 2274 1802 2342 funderet,
1831 2277 1884 2331 in
1915 2276 2082 2333 Jacob

502 2379 602 2419 vos
631 2364 818 2430 dilexi,
843 2364 896 2419 in
922 2365 1066 2420 Esau
1095 2365 1356 2420 Idumaeos
1399 2367 1524 2421 odio
1556 2367 1714 2422 habui
1765 2365 1916 2438 (Gen.
1953 2384 2081 2434 xxv,

502 2457 618 2530 23).
652 2457 823 2525 Quem
873 2458 1050 2514 locum
1095 2459 1371 2529 apostolus
1398 2459 1597 2517 Paulus
1629 2463 1858 2534 mystica
1896 2464 2081 2533 dispu-

505 2548 708 2603 tatione
738 2549 1036 2604 eventilans
1075 2550 1264 2605 scribit
1298 2551 1365 2604 ad
1395 2551 1698 2618 Romanos,
1736 2553 1842 2608 duo
1881 2556 2085 2625 pariter

504 2638 814 2693 testimonia
843 2638 909 2694 de
933 2638 1127 2695 Genesi
1168 2639 1538 2710 Malacbiaque
1575 2641 1944 2714 conjungens:
1979 2642 2083 2698 Sed

502 2739 550 2784 et
581 2729 811 2785 Rebecca
833 2730 896 2785 de
918 2748 1022 2786 uno
1044 2733 1317 2787 concubitu
1357 2735 1550 2789 habens
1599 2733 1756 2789 Isaac
1793 2738 1957 2802 patris
1997 2754 2088 2792 no-

502 2822 617 2877 stri.
661 2819 804 2875 Nam
855 2838 974 2876 cum
1026 2825 1258 2878 nondum
1309 2827 1421 2880 nati
1470 2837 1680 2893 essent,
1740 2837 1830 2881 aut
1883 2829 2085 2899 aliquid

502 2915 722 2986 egissent
751 2913 872 2969 boni
893 2915 971 2971 vel
994 2916 1122 2970 mali
1145 2917 1222 2988 (ut
1253 2920 1539 2973 secundum
1567 2919 1867 2975 electionem
1896 2938 2086 2993 propo-

503 3007 660 3062 situm
689 3005 782 3061 Dei
802 3007 1034 3080 maneat)
1057 3048 1073 3075 ,
1115 3025 1221 3063 non
1258 3026 1322 3063 ex
1363 3011 1601 3080 operibus
1621 3051 1636 3076 ,
1661 3013 1751 3065 sed
1785 3029 1850 3066 ex
1876 3025 2086 3069 vocante

503 3097 699 3152 dictum
714 3108 788 3152 est
810 3099 1015 3171 ei,quia
1037 3101 1212 3171 major
1223 3103 1403 3156 serviet
1424 3104 1649 3170 minori;
1671 3105 1806 3159 sicut
1833 3107 2085 3178 scriptum

2183 1915 2534 1968 praznoscens,
2588 1902 2712 1971 quia
2755 1902 3083 1972 peregrinum
3133 1903 3230 1956 erit
3282 1920 3464 1958 semen
3505 1913 3707 1970 tum,
3747 1913 3796 1958 et

2183 1989 2408 2061 aﬂligent
2431 2006 2517 2044 eos
2539 1991 2933 2061 quadringentis
2953 1993 3105 2047 annis
3125 1993 3182 2046 in
3208 2002 3348 2047 terra
3373 2011 3483 2047 non
3504 2011 3613 2048 sua
3629 2009 3649 2046 .'
3669 2011 3798 2065 geu-

2183 2091 2286 2136 tem
2316 2091 2491 2136 autem
2527 2083 2610 2136 cui
2652 2083 2898 2138 servituri
2936 2094 3056 2140 sunt
3079 2101 3171 2155 ego
3187 2085 3448 2154 judicabo
3492 2082 3662 2154 (Gen.
3701 2102 3797 2152 ιτ,

2185 2172 2462 2244 15).Ante
2491 2182 2568 2230 tot
2595 2188 2763 2228 annos
2791 2175 2931 2229 mala
2949 2175 3348 2247 Egyptiorum,
3376 2177 3586 2247 quibus
3615 2178 3675 2232 in
3701 2194 3800 2247 po-

2183 2263 2366 2336 pulum
2395 2264 2490 2319 Dei
2516 2264 2832 2320 bacchaturi
2857 2278 3014 2322 erant
3049 2276 3102 2322 et
3132 2268 3427 2323 vindictam
3455 2269 3799 2340 justissima

2186 2358 2560 2413 retributionis
2604 2358 2862 2415 Dominus
2887 2359 3122 2416 Abrahae
3160 2377 3511 2430 praenoscere
3556 2375 3624 2418 et
3657 2366 3800 2421 scire

2184 2451 2496 2522 praecipitet
2518 2451 2762 2521 praedicit
2789 2469 2802 2506 :
2829 2451 2896 2506 Et
2913 2464 2969 2506 tu
2985 2470 3142 2524 negas
3166 2472 3197 2507 a
3213 2453 3324 2509 Deo
3339 2456 3489 2508 mala
3505 2459 3760 2526 prcsciri
3775 2457 3802 2511 .’

2189 2541 2346 2615 (Cap.
2380 2542 2468 2608 10,
2492 2559 2641 2598 ιιιιιιι.
2669 2544 2727 2611 4,
2751 2553 2883 2600 sect.
2916 2545 2996 2620 3.)
3032 2545 3227 2616 Utique
3248 2562 3372 2617 qua:
3401 2549 3624 2603 homini
3649 2565 3800 2618 pra:-

2187 2637 2460 2692 noscendo
2505 2637 2645 2693 scire
2667 2638 2968 2704 denuntiat,
2999 2653 3119 2695 sese
3145 2640 3288 2695 scire
3321 2649 3380 2694 et
3406 2641 3686 2710 praescire
3708 2656 3804 2697 ea-

2187 2729 2310 2784 dem
2351 2728 2704 2784 demonstrat.
2748 2723 2863 2784 Ho'c
2893 2728 3165 2800 Propheta
3216 2731 3514 2786 conﬁrmat
3557 2733 3802 2788 dicens:

2187 2819 2443 2874 Dominus
2481 2821 2578 2874 scit
2625 2820 2966 2891 cogitationes
3008 2821 3300 2886 hominum,
3331 2823 3600 2892 quoniam
3651 2839 3803 2878 nunc

2187 2924 2306 2969 sunt
2330 2911 2501 2986 (Psal.
2525 2929 2678 2980 xcnt,
2709 2914 2796 2986 11)
2830 2931 2843 2967 :
2868 2921 2921 2969 et
2949 2929 3165 2970 rursum
3191 2932 3204 2968 :
3235 2914 3403 2982 Deus,
3433 2927 3498 2968 tu
3525 2916 3640 2971 scis
3671 2917 3806 2970 insi-

2185 3005 2435 3076 pientiam
2464 3021 2655 3070 meam,
2682 3013 2732 3059 et
2773 3003 2965 3059 delicta
3003 3021 3118 3059 mea
3147 3022 3181 3058 a
3210 3014 3260 3060 te
3280 3023 3386 3060 non
3410 3016 3543 3061 sunt
3568 3007 3807 3062 abscon-

2188 3100 2299 3154 dita
2327 3097 2501 3170 (Psal.
2523 3115 2713 3166 vam,
2737 3099 2791 3171 6)
2817 3097 2836 3154 ξ
2862 3109 2917 3156 et
2937 3100 3135 3156 iterum
3166 3099 3264 3156 :Et
3294 3118 3478 3158 omnes
3505 3105 3626 3159 vias
3655 3121 3805 3159 meas

503 3198 577 3242 est
610 3205 628 3242 :
657 3188 824 3244 Iacob
851 3191 1032 3259 dilexi,
1063 3193 1210 3247 Esau
1238 3203 1413 3248 autem
1435 3195 1554 3249 odio
1589 3196 1751 3250 habui
1783 3196 1962 3268 (Rom.
2001 3215 2080 3266 Ix,

2188 3191 2496 3262 prtvvidisti,
2533 3193 2656 3263 quia
2693 3209 2796 3247 non
2826 3201 2901 3247 est
2933 3209 3102 3248 sermo
3147 3195 3202 3248 in
3231 3193 3414 3265 lingua
3447 3213 3596 3250 mea.
3633 3197 3804 3264 Ecce,

507 3280 720 3352 10-15).
753 3281 868 3338 Hoc
913 3285 1058 3340 enim
1090 3287 1233 3356 quod
1262 3285 1478 3354 dicitur,
1516 3289 1651 3343 sicut
1685 3290 1936 3362 scriptum
1973 3301 2080 3358 est,

507 3378 562 3424 et
605 3371 674 3425 ad
726 3370 996 3430 Geneseos
1049 3375 1246 3430 librum
1311 3374 1475 3448 (Gen.
1524 3395 1654 3445 xxv,
1708 3379 1858 3452 25),
1915 3389 1972 3438 et
2015 3383 2084 3438 ad

504 3461 824 3532 prophetam
872 3463 1189 3521 Malacbiam
1232 3466 1403 3539 (Μαι.
1461 3486 1504 3536 ι,
1541 3470 1614 3543 2)
1649 3471 1927 3528 refertur:
1977 3489 2086 3531 non

507 3552 681 3612 solum
711 3555 787 3610 ait
808 3555 970 3612 dilexi
997 3558 1163 3614 Jacob
1195 3569 1485 3632 antequam
1519 3573 1856 3628 nasceretur,
1890 3575 1938 3620 et
1964 3566 2085 3622 odio

504 3651 666 3704 habui
695 3649 842 3704 Esau
881 3651 1195 3722 priusquam
1227 3669 1294 3709 ex
1333 3656 1525 3710 matris
1550 3665 1704 3710 utero
1727 3656 2045 3714 funderetur
2067 3698 2083 3723 ,

504 3743 598 3796 sed
628 3742 682 3797 in
711 3750 959 3812 posteros
985 3759 1173 3799 eorum
1201 3760 1442 3800 amorem
1469 3762 1647 3801 meum
1678 3757 1734 3802 et
1755 3747 1935 3802 odium
1959 3763 2087 3803 con-

504 3835 747 3900 servavi;
779 3834 962 3889 odium
989 3835 1042 3890 in
1067 3835 1228 3902 Esau,
1256 3837 1412 3908 cujus
1437 3848 1648 3894 montes
1679 3841 1767 3910 qui
1815 3842 2086 3911 appellan-

505 3913 593 3980 tur
623 3924 744 3981 Seir
773 3926 957 3998 redegi
1001 3927 1055 3982 in
1103 3928 1483 3996 solitudinem;
1541 3939 1596 3987 et
1629 3932 1790 3987 urbes
1831 3932 1936 3988 feci
1965 3947 2087 3990 esse

503 4019 780 4082 desertas,
818 4029 873 4075 et
914 4036 945 4074 a
999 4022 1342 4092 serpentibus
1409 4032 1571 4094 atque
1617 4024 1807 4081 bestiis
1853 4027 2087 4084 obtineri

505 4107 663 4180 (Mal.
695 4125 733 4175 ι,
761 4109 838 4181 5).
872 4110 935 4167 Si
964 4123 1137 4166 autem
1169 4113 1360 4168 dixerit
1396 4114 1568 4169 Edam
1594 4157 1609 4183 ,
1641 4116 1746 4172 hoc
1771 4125 1856 4172 est
1894 4119 2034 4174 Esau
2067 4136 2081 4172 :

506 4199 769 4255 destructi
797 4202 1012 4270 quidem
1053 4218 1238 4258 sumus
1281 4205 1349 4260 ad
1384 4206 1521 4261 iram
1562 4207 1696 4272 Dei,
1739 4208 1834 4263 sed
1871 4225 2086 4264 rursum

505 4289 894 4348 aediﬁcabimus
919 4293 1170 4350 civitates
1197 4294 1316 4369 [al.,
1340 4298 1636 4371 civitatem]
1667 4314 1682 4352 :
1713 4299 1831 4355 haec
1859 4301 2088 4358 Domino

505 4381 837 4452 praedicente
863 4387 1173 4456 cognoscite
1201 4388 1345 4455 quod
1392 4389 1496 4444 illis
1547 4391 1938 4447 aediﬁcantibus
1988 4407 2088 4464 ego

507 4471 822 4541 destruam,
867 4485 924 4532 et
956 4477 1092 4532 iram
1149 4494 1323 4534 meam
1371 4490 1576 4537 aeterna
1621 4498 1808 4540 eorum
1864 4487 2088 4544 vastitas

509 4563 832 4634 approbabit
859 4564 1143 4641 (Ibid.,4).
1189 4569 1382 4624 Odium
1435 4571 1598 4643 igitur
1637 4575 1690 4630 in
1733 4575 1873 4630 Esau
1928 4579 2091 4634 rebus

507 4661 757 4729 ostendi;
809 4678 1048 4720 amorem
1102 4672 1284 4721 autem
1316 4667 1369 4721 in
1408 4682 1522 4733 vos,
1556 4670 1657 4724 hoc
1686 4681 1770 4726 est
1796 4671 1851 4726 in
1876 4670 2046 4727 Jacob
2070 4710 2086 4736 ,

508 4755 860 4825 sequentibus
881 4756 1214 4828 approbabo,
1243 4758 1349 4814 illis
1374 4761 1664 4819 destructis
1679 4772 1735 4819 et
1761 4765 1994 4820 redactis
2021 4765 2091 4820 ad

508 4845 874 4903 solitudinem.
901 4846 1161 4904 Videbam
1186 4849 1326 4904 oculi
1355 4853 1530 4918 vestri,
1557 4863 1605 4908 et
1631 4854 1813 4908 dicetis
1837 4869 1854 4906 .'
1887 4856 2092 4926 magni-

506 4936 693 5006 ﬁcetur
705 4935 964 4994 Dominus
987 4955 1144 5010 super
1157 4942 1436 4996 terminum
1455 4941 1625 4998 Israel
1639 4943 1689 5016 (Ι
1695 4945 1780 4998 bid
1787 4985 1824 5011 .,
1841 4945 1915 5016 5),
1931 4954 2006 5011 et,
2021 4961 2091 5002 ex

508 5033 917 5102 comparatione
967 5033 1232 5090 malorum
1281 5051 1401 5107 quae
1427 5035 1596 5091 frater
1631 5045 1810 5092 vester
1861 5039 2085 5108 patitur,

509 5120 605 5176 Dei
636 5121 692 5177 in
717 5137 812 5179 vos
837 5123 1097 5181 beneﬁcia
1129 5126 1398 5193 sentietis,
1441 5136 1546 5182 etc.
1587 5127 1758 5184 Porro
1788 5128 2002 5186 dilectio
2036 5139 2092 5186 et

507 5211 694 5267 odium
734 5213 847 5278 Dei,
891 5215 975 5271 vel
1020 5231 1088 5272 ex
1123 5219 1462 5288 praescientia
1506 5219 1747 5274 nascitur
1783 5218 2088 5276 futurorum

510 5304 594 5358 vel
639 5321 707 5361 ex
753 5307 1028 5378 operibus.
1078 5309 1120 5380 -ι-
1178 5309 1322 5365 Idem
1356 5351 1372 5376 ,
1427 5311 1481 5365 in
1539 5311 1876 5382 expositione
1921 5313 2089 5368 Amos
2143 5303 2148 5308 ’

433 5435 442 5440 ς
511 5397 616 5465 (ιιι,
652 5398 776 5471 12);
807 5397 1066 5470 Cognovi,
1096 5402 1366 5472 inquiens,
1403 5403 1570 5458 multa
1603 5404 1798 5459 scelera
1837 5416 2004 5460 vestra
2039 5415 2088 5460 et

510 5488 675 5558 fortia
715 5501 932 5560 peccata
979 5502 1148 5547 vestra
1198 5493 1392 5565 (Amos,
1417 5510 1471 5559 ν,
1505 5493 1594 5566 12)
1651 5513 1664 5550 :
1699 5494 1824 5552 Haec
1851 5496 2088 5568 cognitio

510 5594 618 5634 non
657 5579 810 5649 juxta
839 5581 972 5638 illud
999 5584 1346 5656 intelligenda
1373 5597 1458 5642 est
1484 5588 1627 5658 quod
1660 5587 1789 5644 alibi
1817 5589 2044 5660 legimus
2070 5607 2083 5644 :

512 5666 758 5737 Cognovit
781 5671 1037 5729 Dominus
1063 5692 1150 5731 eos
1179 5679 1268 5748 qui
1303 5679 1420 5750 ejus
1443 5690 1563 5734 sunt
1596 5679 1646 5752 (Ι
1656 5679 1678 5734 1
1716 5681 1850 5734 Tim.
1881 5697 1942 5746 ιι,
1975 5680 2086 5751 19),

514 5758 608 5810 sed
638 5761 779 5824 quod
812 5763 979 5818 Deum
1011 5766 1085 5820 nil
1131 5767 1312 5834 lateat,
1339 5779 1396 5825 et
1424 5771 1605 5826 omnia
1631 5772 1971 5841 peccantium
2001 5786 2088 5828 se-

2185 3281 2430 3349 Domine,
2461 3293 2517 3337 tu
2570 3285 2854 3355 cognovisti
2903 3285 3078 3340 omnia
3133 3285 3416 3340 novissima
3462 3297 3517 3342 et
3569 3290 3806 3359 antiqua

2189 3371 2364 3445 (Psal.
2379 3373 2712 3441 cxxxvm,4,
2730 3389 2781 3428 v.
2804 3373 2882 3446 5).
2903 3375 2971 3429 Et
2989 3374 3118 3431 item
3143 3375 3254 3430 :Tu
3279 3375 3426 3432 solus
3449 3380 3604 3433 nosti
3629 3382 3806 3435 corda

2163 3463 2423 3544 ﬁliorum
2445 3465 2724 3520 hominum
2755 3465 2937 3538 (Prov.
2963 3482 3052 3532 xv,
3086 3467 3194 3539 11).
3225 3468 3292 3523 Ει
3319 3469 3590 3526 Salomon
3619 3491 3636 3525 :
3667 3472 3804 3540 Quae

2190 3565 2320 3611 sunt
2349 3556 2403 3610 in
2435 3557 2602 3612 corde
2633 3557 2868 3613 hominis
2905 3557 3049 3613 oculi
3081 3559 3156 3614 tui
3204 3560 3409 3625 vident,
3450 3561 3722 3630 Domine,
3749 3566 3804 3618 in

2189 3646 2321 3701 libro
2349 3657 2437 3700 tuo
2459 3648 2636 3701 omnia
2660 3647 2974 3715 scribentur,
2989 3651 3307 3707 homovidet
3329 3651 3385 3705 in
3411 3651 3583 3718 facie,
3613 3653 3804 3710 Domi-

2189 3754 2292 3793 nus
2315 3746 2494 3793 autem
2521 3739 2767 3794 intuetur
2787 3755 2883 3796 cor
2906 3739 3362 3813 (Psal.cuxvm,
3387 3744 3505 3815 16).
3535 3746 3610 3800 Bt
3635 3749 3798 3803 item:

2191 3827 2383 3882 Omnia
2421 3829 2558 3883 enim
2597 3831 2759 3884 corda
2808 3843 3098 3899 scrutatur,
3121 3844 3170 3888 et
3214 3837 3488 3890 universas
3535 3840 3804 3892 mentium

2189 3919 2528 3990 cogitationes
2556 3922 2793 3994 intelligit
2844 3924 2892 3996 (ι
2922 3922 3111 3979 Paral.
3137 3942 3331 3992 xxvm,
3360 3928 3440 3999 9).
3465 3927 3540 3983 Et
3565 3930 3806 4001 Aposto-

2189 4013 2273 4068 lus
2303 4031 2316 4067 :
2361 4012 2512 4070 Vivus
2542 4027 2618 4071 est
2642 4020 2781 4072 enim
2811 4017 2907 4074 Dei
2937 4037 3138 4089 sermo,
3166 4033 3213 4077 et
3237 4025 3441 4095 efﬁcax,
3465 4037 3520 4078 et
3549 4038 3806 4096 penetra-

2191 4104 2344 4160 bilior
2373 4109 2517 4162 omni
2543 4108 2721 4180 gladio
2772 4113 3010 4184 ancipiti,
3056 4117 3349 4188 pertingens
3399 4136 3573 4192 usque
3606 4123 3686 4176 ad
3715 4123 3806 4176 di-

2191 4201 2439 4256 visionem
2462 4214 2672 4258 artuum
2699 4213 2746 4260 ει
2769 4206 3144 4275 medullarum,
3167 4220 3214 4264 et
3237 4210 3498 4266 discretor
3517 4215 3809 4284 cogitatio-

2190 4311 2336 4360 num,
2349 4305 2515 4351 etnon
2526 4308 2598 4350 est
2611 4297 2722 4352 ulla
2736 4309 2976 4353 creatura
2991 4300 3262 4378 invisibilis
3275 4304 3329 4355 in
3341 4316 3635 4374 conspectu
3649 4308 3804 4377 ejus;

2189 4389 2365 4443 omnia
2386 4392 2522 4443 enim
2539 4391 2680 4445 nuda
2694 4403 2741 4446 et
2755 4403 2933 4463 aperta
2948 4404 3067 4448 sunt
3082 4395 3246 4449 oculis
3259 4396 3375 4466 ejus
3393 4395 3562 4466 (Heb.
3580 4415 3667 4463 tv,
3691 4401 3802 4469 12).

2197 4481 2298 4548 Qui
2325 4481 2582 4537 discretor
2611 4483 2986 4555 cogitationum
3010 4485 3432 4558 dicitur,utique
3457 4498 3517 4544 et
3539 4491 3732 4546 bonas
3751 4501 3808 4547 et

2196 4572 2367 4628 malas
2421 4573 2586 4641 scire,
2635 4583 2691 4629 et
2732 4574 2978 4645 judicare
3025 4579 3427 4647 comprobatur.
3469 4579 3572 4636 Cui
3621 4583 3806 4637 etiam

2191 4663 2382 4718 beatus
2421 4661 2522 4718 Job
2568 4663 2844 4719 humiliter
2889 4666 3176 4722 conﬁtetur
3203 4684 3217 4720 :
3247 4665 3369 4723 Scio
3423 4670 3554 4740 quia
3608 4673 3808 4726 omnia

2190 4768 2358 4831 potes,
2401 4767 2450 4812 et
2502 4756 2650 4812 nulla
2692 4767 2741 4812 te
2787 4757 2913 4814 latet
2956 4762 3201 4832 cogitatio
3245 4761 3368 4833 (Job
3412 4778 3550 4828 ml,
3578 4763 3642 4836 2)
3679 4783 3694 4819 :
3743 4765 3804 4822 Si

2192 4849 2360 4915 nulla,
2398 4848 2647 4921 sequitur
2669 4849 2795 4920 quia
2836 4865 2936 4906 nec
2959 4852 3100 4906 mala
3130 4870 3144 4906 :
3177 4853 3319 4908 unde
3346 4861 3402 4909 et
3433 4853 3722 4912 Dominus
3747 4857 3803 4912 in

2192 4943 2498 5015 Evangeliis
2543 4944 2736 4998 crebro
2778 4943 2979 4999 vidisse
3011 4945 3364 5016 cogitationes
3401 4946 3804 5004 malivolorum

2195 5038 2552 5104 describitur;
2601 5037 2693 5108 qui
2721 5053 2844 5093 cum
2869 5037 3167 5108 paralytico
3207 5038 3412 5095 diceret
3442 5056 3454 5092 :
3480 5037 3806 5095 Remittun-

2193 5113 2283 5184 tur
2305 5129 2398 5183 tibi
2435 5138 2648 5200 peccata
2705 5139 2965 5200 ceperunt
3013 5127 3212 5185 Scribte
3239 5139 3286 5184 et
3317 5129 3585 5187 Pharistzi
3645 5135 3804 5188 intra

2193 5240 2268 5290 se,
2294 5223 2349 5278 id
2364 5231 2448 5277 est
2472 5223 2527 5276 in
2551 5223 2970 5294 cogitationibus
2989 5224 3103 5279 suis
3128 5224 3298 5278 dicere
3317 5225 3402 5278 hic
3426 5225 3800 5296 blasphemas,

2194 5313 2309 5384 quis
2331 5322 2495 5382 potest
2525 5325 2739 5382 peccata
2763 5313 3021 5368 dimittere
3041 5313 3143 5368 nisi
3168 5314 3310 5369 solus
3329 5314 3469 5369 Deus
3487 5316 3514 5368 .’
3537 5315 3802 5383 Quorum

2193 5405 2531 5474 cogitationes
2563 5415 2618 5458 ut
2655 5405 2782 5458 vidit
2814 5404 3091 5471 Dominus,
3122 5406 3274 5461 dixit.
3303 5403 3497 5472 Quales
3533 5425 3662 5480 rogo
3699 5427 3802 5466 co-

2191 5493 2469 5564 gitationes
2493 5494 2638 5562 (audi
2665 5494 2868 5566 quales)
2895 5507 2948 5548 ut
2984 5495 3110 5566 quid
3137 5494 3373 5568 cogitatis
3403 5497 3550 5551 mala
3578 5500 3630 5552 in
3661 5516 3800 5553 cor-

2191 5587 2346 5641 dibus
2395 5586 2618 5640 vestris?
2662 5585 2878 5658 (Matth.
2935 5603 3019 5654 lx,
3066 5588 3314 5660 2,54.)
3365 5587 3560 5644 Procul
3613 5589 3802 5646 dubio

2191 5680 2334 5736 mala
2359 5695 2551 5737 eorum
2577 5681 2832 5752 cogitata,
2861 5695 2920 5736 se
2945 5681 3126 5737 videre
3147 5697 3213 5737 ac
3241 5681 3640 5753 reprehendere
3669 5699 3800 5738 ma-

2190 5772 2492 5830 nifestans:
2529 5774 2799 5844 quomodo
2846 5781 3026 5830 autem
3059 5774 3201 5830 mala
3231 5789 3417 5830 eorum
3446 5783 3541 5828 aut
3569 5773 3792 5834 videre.
