4010 6352
218 381 356 436 H29

208 501 308 547 aut
334 494 618 566 objurgare
655 506 886 570 poterat,
929 504 974 558 si
1000 509 1263 566 nesciret?

206 583 546 643 Pharisteum
579 588 772 648 fecisse
800 593 1017 663 dicitur,
1054 599 1121 653 ad
1155 600 1308 670 cujus
1332 607 1616 673 prandium
1657 583 1784 666 evo-

197 962 347 1001 secus
389 948 531 1004 intra
577 968 650 1006 se.
693 953 795 1009 Hic
839 959 886 1011 si
929 969 1058 1015 esset
1094 966 1365 1035 prapheta,
1408 972 1562 1026 sciret
1604 977 1781 1046 utique

195 1055 322 1108 qua:
349 1051 397 1095 et
418 1043 588 1113 qualis
611 1055 687 1100 est
716 1048 906 1105 mulier
931 1070 1050 1124 qua:
1069 1058 1232 1128 tangit
1265 1077 1415 1129 eum;
1434 1066 1559 1136 quia
1595 1043 1776 1139 pecca-

195 1128 312 1181 trix
336 1139 412 1183 est
434 1129 583 1201 (Luc.
613 1149 709 1201 vu,
725 1136 836 1210 59).
863 1139 1028 1212 Cujus
1047 1128 1460 1218 cogitationibus
1480 1128 1777 1217 siue-dubio

190 1217 382 1286 pravis
424 1234 488 1275 ac
527 1223 776 1291 pessimis
804 1227 1062 1288 Dominus
1087 1217 1143 1290 et
1187 1247 1439 1307 potenter
1483 1245 1683 1313 obviat,
1721 1258 1775 1304 et

187 1309 550 1375 pmnitentem
607 1312 860 1374 feminam
893 1321 1188 1382 clementer
1223 1330 1470 1388 absolvit.
1501 1334 1643 1392 ldem

191 1397 378 1454 minus
399 1414 521 1454 cum
547 1416 576 1455 a
616 1402 904 1466 Pbarisaeis
931 1412 1312 1487 incesseretur,
1347 1438 1412 1478 eo
1443 1426 1585 1495 quod
1612 1427 1773 1486 disci-

193 1485 307 1554 puli
334 1485 450 1556 ejns
470 1504 574 1545 non
601 1491 727 1550 lotis
747 1499 995 1558 manibus
1019 1485 1410 1567 manducarent
1436 1485 1652 1586 (Matth.
1678 1535 1766 1587 xv,

187 1575 269 1646 ἓ),
317 1583 587 1650 respondit
621 1600 637 1638 :
690 1585 815 1642 Non
871 1589 991 1649 lotis
1033 1599 1273 1656 manibus
1308 1575 1629 1664 manducare
1666 1575 1769 1667 non

186 1763 526 1832 coinquinant
571 1768 851 1827 hominem.
882 1773 961 1830 De
988 1779 1141 1834 corde
1182 1784 1319 1838 enim
1353 1799 1539 1843 exeunt
1567 1793 1764 1862 cogita-

1069 394 1155 450 DE
1191 395 1863 462 PREDESTINATIONE
1902 409 2179 466 CONTRA
2217 413 2265 469 J.
2309 416 2608 478 SCOTUM.

3321 443 3455 500 Ηδῖ)

1297 511 1592 572 ldentidem
1637 521 1775 589 apud
1805 526 1850 583 Α
1879 538 2029 577 suum
2058 536 2105 579 et
2141 532 2360 600 suscepit
2381 537 2686 605 sanguinein
2722 543 2903 611 fratris
2931 551 3012 602 tui
3035 551 3100 606 de
3135 571 3292 610 manu
3322 571 3410 613 tua
3441 581 3458 616 :

1886 628 2046 682 vagus
2073 625 2122 669 et
2145 618 2396 690 profugus
2419 625 2524 680 sive
2550 636 2772 686 tremens
2793 636 2896 690 eris
2915 655 3071 708 super
3087 651 3280 701 terram
3297 651 3453 720 (Gen.

1887 715 1960 767 tv,
1989 703 2076 769 11,
2112 705 2220 777 12).
2248 709 2387 767 Ecce
2409 723 2465 768 et
2481 727 2760 785 peccatum
2781 724 2897 795 ejus
2923 703 3187 800 arguitur,
3217 748 3272 793 et
3292 703 3451 810 poena

1773 797 1784 848 i
1885 807 1916 846 a
1949 795 2174 853 Domino
2220 801 2524 874 irrogatur:
2563 807 2621 865 Si
2667 813 2926 875 Dominus
2947 837 3046 878 nec
3075 835 3303 885 mortem
3353 849 3452 890 nec

1879 899 2094 954 pinnam
2142 896 2432 961 praescivit,
2461 901 2582 970 quis
2607 920 2776 976 aquas
2803 910 3008 981 diluvii,
3037 919 3230 988 quibus
3256 937 3453 993 praeter

1876 991 2064 1060 arcam
2106 985 2282 1040 omnis
2317 1002 2449 1046 caro
2475 992 2763 1065 deleretur,
2800 1000 3010 1059 induxit
3035 985 3284 1084 {Nempe
3305 1017 3441 1087 ipse,

1880 1067 1971 1136 qui
2000 1068 2066 1124 ad
2116 1070 2228 1132 Noe
2249 1076 2419 1133 dixit:
2463 1079 2604 1138 Venit
2631 1086 2753 1154 finis
2780 1093 3036 1152 universa:
3064 1103 3239 1158 carnis
3272 1067 3452 1166 carrum

1877 1174 1978 1215 me.
2021 1159 2236 1233 Repleta
2273 1178 2346 1222 est
2372 1180 2512 1228 terra
2538 1175 2810 1249 iniquitate
2833 1201 2868 1239 a
2892 1186 3028 1256 facie
3052 1208 3252 1264 eorum,
3283 1210 3333 1254 et
3355 1219 3449 1272 ego

1882 1248 1990 1272 Δέ---
2004 1252 2084 1272 Α-μΙ
2100 1271 2107 1272 κ
2142 1271 2148 1272 κ
2671 1271 2703 1272 ί

1876 1248 2174 1322 disperdam
2204 1273 2289 1312 eos
2317 1277 2437 1316 cum
2465 1248 2631 1323 terra.
2652 1271 2790 1328 Ecce
2835 1248 2928 1348 eg-o
2957 1281 3218 1341 adducam
3239 1248 3452 1348 ,dilui’rii

1874 1359 2038 1414 aquas
2066 1364 2222 1419 super
2247 1362 2466 1423 terram,
2495 1370 2552 1414 ut
2587 1363 2900 1436 inter/icium
2928 1390 3130 1432 omnem
3159 1399 3366 1441 carnem
3394 1391 3446 1444 in

1870 1449 1974 1504 qua
2001 1438 2215 1507 spiritus
2262 1443 2378 1499 vita:
2396 1457 2473 1502 est
2505 1453 2680 1510 subter
2714 1459 2939 1529 caelum;
2981 1469 3221 1526 universa
3247 1492 3364 1545 qua’
3395 1481 3448 1534 in

1871 1533 2010 1580 t‘erra
2055 1539 2178 1584 sunt
2224 1548 2590 1596 consumentur
2637 1543 2786 1616 (Gen.
2818 1567 2892 1616 γι,
2945 1556 3031 1624 15,
3083 1560 3170 1632 17)
3201 1579 3216 1616 :
3253 1533 3307 1620 Si
3352 1533 3448 1626 nec

1865 1806 2025 1866 ptura
2083 1810 2330 1874 testatur,
2377 1815 2520 1882 quod
2579 1819 2770 1888 pluerit
2832 1806 3088 1889 Dominus
3135 1855 3167 1891 a
3217 1806 3444 1901 Domino

1629 1850 1652 1862 ν
1865 1850 1886 1866 ,
1913 1850 2025 1855 -.πη
2085 1850 2330 1874 ---η-..η
2377 1850 2520 1882 Ὶ...ιιι
2579 1850 2768 1888 ptumi
2832 1850 3088 1889 uommus
3135 1855 3167 1891 a
3217 1850 3440 1901 Domino

182 1850 352 1907 tiones
398 1854 574 1922 maliv,
624 1860 906 1920 homicidia
925 1907 940 1934 ,
1001 1871 1294 1939 adulteria,
1355 1877 1758 1952 fornicationes,
1789 1890 1837 1950 B
1864 1885 2032 1957 ignem
2064 1902 2114 1946 et
2147 1896 2368 1967 sulphur
2393 1903 2447 1957 in
2477 1903 2822 1983 Sodomama,
2858 1932 3012 1993 atque
3038 1927 3290 1995 finitimas
3317 1936 3440 1992 civi-

182 1946 348 1995 furta-
399 1951 532 1995 falsa
595 1957 887 1995 tantimnnin
984 1965 1193 1995 3.....'.l.'...
1286 1968 1611 1995 LI..-..L--_-:_.
1637 1993 1645 1995 .
1739 1989 1749 1995 -
1860 1986 1873 1995 ι
1917 1989 1930 1995 -
1989 1981 2070 1995 ἰη
2343 1993 2356 1995 ‘
2384 1993 2415 1995 θλ

180 1946 348 2014 furta,
397 1951 533 2020 falsa
593 1957 926 2028 testimonia,
984 1965 1225 2035 invidiae,
1282 1968 1647 2042 blasphemiae;
1703 1989 1752 2032 et

179 2036 292 2091 haec
317 2050 437 2094 sunt
470 2060 586 2114 qua:
617 2047 956 2120 coinquinant
985 2055 1242 2112 hominem
1271 2036 1477 2132 i(1bid.,
1519 2065 1579 2121 11
1603 2036 1639 2132 ,-
1660 2069 1748 2135 18,

181 2127 267 2194 i9,
291 2131 402 2200 20).

249 2221 443 2289 Quaero
471 2226 639 2298 igitur
669 2239 847 2288 utrum
884 2236 973 2292 illa
1016 2240 1221 2299 sciebat
1247 2259 1316 2300 an
1363 2249 1669 2318 nesciebat;
1701 2253 1748 2308 si

175 2314 483 2385 nesciebat,
512 2322 780 2389 quomodo
813 2331 1148 2398 exponebat?
1186 2334 1343 2393 Patet
1385 2355 1517 2410 ergo
1559 2341 1746 2399 Domi-

171 2421 303 2460 num
329 2407 469 2463 scire
506 2423 726 2481 peccata
756 2433 876 2488 quae
917 2425 1284 2492 reprehendit,
1316 2439 1369 2485 et
1417 2407 1533 2487 fieri
1563 2436 1747 2503 prohi-

167 2497 285 2564 bet,
310 2497 557 2573 factaque
601 2521 708 2562 non
755 2508 1018 2580 impunita
1064 2521 1446 2586 praetermittit.
1494 2497 1746 2596 Nunquid

165 2591 370 2648 malum
410 2595 570 2652 Iudae
613 2600 907 2668 proditoris
949 2619 1014 2661 ac
1050 2607 1357 2667 Iudaeorum
1413 2591 1744 2688 persequen-

163 2683 300 2738 tium
321 2685 622 2757 ignorabat,
636 2693 728 2762 qui
748 2702 900 2752 tanto
920 2709 1045 2755 ante
1064 2703 1390 2770 praedicebat
1405 2683 1430 2760 εἰ
1446 2707 1536 2762 Ait
1555 2683 1699 2765 enim
1722 2731 1735 2767 :

161 2773 300 2830 Ecce
341 2781 669 2838 ascendimus
715 2783 1119 2860 Jerosolgmam,
1162 2804 1210 2849 et
1239 2799 1740 2856 consummabunmr

157 2870 338 2923 omnia
382 2888 500 2942 qua:
543 2875 735 2946 scripta
779 2890 900 2934 sunt
927 2882 992 2936 de
1018 2881 1160 2939 Filio
1198 2887 1457 2955 hominis;
1503 2892 1741 2947 tradetur

155 2962 298 3014 enim
339 2964 598 3032 gentibus,
639 2977 687 3022 et
737 2969 1006 3040 illudetur,
1049 2987 1096 3031 et
1130 2979 1500 3049 ﬂagellabitur,
1536 2992 1586 3038 et
1615 3001 1737 3038 con-

152 3064 370 3123 spuetur
413 3065 462 3110 et
509 3059 842 3130 cruciﬁgetur
880 3065 1094 3136 (Matth.
1128 3069 1443 3140 xxw,18);
1493 3085 1547 3130 ct
1593 3077 1736 3132 inter

151 3149 478 3202 cmuandum
507 3163 522 3202 :
547 3147 694 3206 Unus
713 3168 778 3208 ea:
803 3157 941 3212 vobis
965 3160 1134 3214 tradet
1156 3179 1236 3216 me
1255 3162 1468 3235 (Matth.
1491 3183 1586 3234 xx,
1617 3168 1726 3242 21);

148 3244 208 3292 et
235 3236 300 3291 ad
323 3237 497 3308 ipsum
534 3242 896 3310 proditorem:
921 3247 1072 3314 Quod
1099 3252 1232 3322 facis
1253 3253 1340 3324 fac
1365 3257 1519 3312 citius
1545 3236 1726 3330 (Joan.
1758 3257 1803 3320 C

147 3346 270 3395 xm,
294 3331 414 3404 27);
449 3343 502 3389 et
525 3335 592 3390 ad
617 3338 926 3407 apostolos:
952 3340 1152 3400 Omnes
1182 3363 1269 3402 vos
1296 3349 1607 3406 scandalum
1630 3369 1727 3422 pa-

144 3423 351 3477 tiemini
379 3425 435 3479 in
466 3441 548 3481 me
574 3427 632 3482 in
660 3429 762 3484 ista
788 3440 936 3487 nocte
963 3433 1178 3503 (Matth.
1205 3439 1498 3511 xxv1,'1’>l);
1527 3451 1583 3498 et
1605 3459 1726 3514 spe-

143 3514 362 3570 cialiter
382 3516 540 3574 beato
562 3517 722 3576 Petro
741 3521 1053 3581 fidelissimo
1072 3527 1366 3586 confessori
1391 3548 1490 3588 suo
1507 3535 1722 3604 :Amen,

141 3623 302 3661 amen
344 3607 460 3662 dico
499 3610 614 3679 tibi,
639 3615 768 3683 quia
792 3614 848 3669 in
896 3617 995 3672 hac
1033 3629 1198 3687 nocte,
1230 3632 1507 3694 antequam
1551 3628 1723 3697 gallus

141 3699 221 3753 bis
251 3717 422 3755 vocem
446 3703 668 3771 dederit,
696 3715 776 3762 ter
800 3725 880 3764 me
909 3712 1119 3781 negabis
1157 3713 1347 3785 (Marc.
1384 3734 1496 3786 XIV,
1519 3720 1642 3792 50);
1669 3732 1723 3778 et

139 3793 199 3847 in
229 3793 549 3867 Apocalypsi
577 3815 589 3852 :
614 3797 681 3853 Et
697 3801 880 3871 angelo
902 3801 1196 3862 Laodica'te
1224 3808 1474 3866 Ecclesia:
1511 3815 1678 3870 scribe
1700 3830 1719 3868 .'

134 3883 253 3936 Iure
285 3884 408 3938 dicit
436 3901 456 3940 :
483 3903 655 3954 amen,
687 3890 827 3945 testis
849 3891 1021 3959 fidelis
1043 3904 1092 3948 et
1124 3912 1290 3964 verus,
1319 3901 1409 3971 qui
1427 3911 1500 3956 est
1527 3904 1721 3973 princi-

134 3977 285 4043 pium
315 3986 568 4033 creatura:
596 3979 694 4036 Dei
717 3998 735 4036 :
755 3983 866 4038 scio
891 4001 1048 4054 opera
1074 3997 1188 4054 tua,
1229 3990 1354 4060 quia
1383 4009 1545 4064 neque
1569 3996 1718 4066 frigi-

133 4066 240 4119 dus
270 4083 345 4133 es,
377 4085 539 4134 neque
565 4071 789 4129 calidus.
837 4073 1049 4131 Utinam
1070 4079 1294 4150 frigidus
1323 4099 1482 4150 esses,
1509 4096 1600 4141 aut
1629 4105 1718 4143 ca-

131 4157 320 4212 lidus!
348 4161 438 4215 sed
473 4163 593 4233 quia
638 4166 842 4236 tepidus
869 4183 946 4235 es,
979 4179 1028 4223 et
1059 4187 1149 4225 nec
1174 4173 1420 4244 frigidus,
1452 4193 1544 4232 nec
1583 4179 1716 4234 cali-

129 4253 258 4318 dus,
292 4253 540 4324 incipiam
585 4265 635 4310 te
681 4274 912 4314 evomere
969 4277 1032 4315 ex
1078 4279 1167 4317 ore
1213 4280 1342 4320 meo.
1395 4265 1535 4333 Quia
1583 4270 1716 4326 dicis

128 4343 275 4415 quod
315 4345 455 4400 dives
497 4364 636 4414 sum,
659 4358 711 4404 et
759 4349 1101 4422 locupletatus
1151 4366 1198 4410 et
1228 4358 1422 4414 nullius
1445 4378 1565 4433 egeo
1593 4380 1612 4418 :
1642 4364 1714 4420 Et

131 4434 302 4489 nescis
313 4438 435 4506 quia
456 4447 511 4491 tu
527 4456 579 4494 es
593 4441 751 4496 miser
761 4452 809 4497 et
821 4443 1128 4501 miserabilis
1143 4458 1191 4502 et
1213 4466 1410 4521 pauper
1419 4465 1468 4508 et
1481 4471 1647 4512 ccecus
1669 4469 1717 4513 et

128 4523 308 4578 nudus
340 4528 521 4598 (Apoc.
559 4544 643 4594 ιιι,
668 4530 756 4597 li,
778 4532 887 4603 17).
913 4533 990 4600 Si,
1019 4535 1258 4607 inquam,
1284 4539 1426 4598 Deus
1446 4560 1546 4601 nec
1567 4564 1708 4618 pm-

123 4616 259 4671 sciit
284 4617 422 4672 mala
439 4660 454 4684 ,
492 4635 592 4676 nec
621 4625 943 4694 praeparavit
970 4643 1180 4698 ptenas,
1207 4647 1376 4702 quare
1413 4645 1561 4694 tanto
1585 4650 1714 4696 ante

120 4706 379 4777 praedixit
393 4709 530 4767 ﬁlios
543 4711 711 4769 Israel
731 4715 799 4770 ab
812 4716 1047 4790 Assyriis
1061 4731 1116 4778 et
1130 4721 1459 4796 Babyloniis,
1477 4731 1711 4806 itemque

117 4797 402 4870 Assyrios,
431 4802 674 4876 aliasque
706 4811 1052 4880 quamplures
1087 4825 1274 4886 gentes
1317 4835 1346 4874 a
1377 4797 1706 4896 Babyloni-is,

121 4889 381 4960 ipsosque
407 4892 732 4966 Babylonios
758 4914 789 4954 a
819 4901 988 4961 Medis
1022 4915 1077 4962 et
1109 4907 1310 4979 Persis,
1340 4914 1439 4970 hos
1480 4889 1642 4975 etiam

115 4981 349 5049 Graecis,
376 4984 593 5044 Graecos
621 5005 652 5044 a
705 4991 962 5050 Romanis
1013 5001 1322 5071 capiendos,
1372 5009 1699 5083 eosdemque

116 5073 400 5132 Romanos
421 5077 489 5134 ad
514 5079 759 5138 ultimum
789 5085 1141 5147 destruendus
1165 5091 1188 5145 ?
1216 5093 1350 5150 Nam
1395 5100 1537 5167 quod
1571 5073 1700 5172 pro-

112 5172 247 5234 pter
275 5180 460 5224 eorum
497 5171 705 5227 scelera
733 5183 788 5230 et
816 5177 1120 5247 impietates
1147 5183 1200 5238 in
1222 5185 1390 5243 Deum
1417 5191 1485 5246 ab
1509 5205 1574 5246 eo
1598 5203 1703 5250 tra-

112 5254 242 5320 diti,
271 5265 432 5328 atque
455 5273 829 5330 persecutores
862 5283 1050 5328 eorum
1082 5276 1302 5333 excitati
1332 5289 1477 5349 sunt,
1511 5301 1700 5344 omnes

109 5347 448 5418 propheticae
482 5355 692 5424 pagina:
737 5370 990 5417 resonant
1017 5347 1470 5434 quemadmodum
1508 5385 1563 5432 et
1595 5378 1698 5450 ipsi

107 5449 494 5507 persecutores
519 5445 806 5516 aliquoties
843 5449 964 5508 falsi
992 5458 1355 5525 reperiuntur.
1389 5465 1563 5523 Veluti
1592 5445 1698 5526 lia-

104 5544 309 5599 psaces
338 5531 458 5604 [al.,
489 5535 714 5610 Nichao]
737 5540 829 5609 qui
859 5541 1014 5610 dixit,
1037 5549 1177 5616 quod
1197 5550 1454 5611 Dominus
1478 5561 1528 5612 ei
1563 5577 1698 5630 pra:-

103 5621 308 5685 ceperit
331 5622 623 5682 Jerusalem
653 5630 822 5684 venire
859 5631 944 5703 (II
974 5633 1106 5690 Par.
1145 5653 1308 5709 xxxv,
1337 5643 1449 5718 21).
1477 5621 1698 5722 Legitur

103 5727 332 5782 quoque
369 5715 425 5770 in
459 5715 654 5774 Genesi
697 5720 897 5778 dixisse
938 5725 1198 5786 Dominus
1237 5733 1306 5786 ad
1356 5715 1521 5805 Cain,
1556 5715 1695 5813 quid

103 5799 286 5869 fecisti
311 5802 333 5852 τ’
366 5803 675 5862 Maledictus
699 5810 800 5864 eris
849 5829 1005 5883 super
1029 5825 1221 5874 terram
1249 5839 1365 5892 qua:
1397 5799 1598 5899 aperuii
1637 5850 1694 5890 os

436 5900 706 5966 PATBOL.
752 5905 944 5971 CXV.

1855 1981 2157 2086 (gles'Men.
2188 2003 2304 2058 nx,
2332 1993 2444 2067 24).
2500 1997 2634 2066 Quis
2675 1981 2938 2070 Dominus
2970 2031 3001 2070 a

1853 2069 2020 2128 Filius
2057 2092 2088 2131 a
2115 2079 2292 2138 Patre.

1923 2164 1978 2219 Si
2029 2167 2288 2228 Dominus
2312 2188 2502 2245 pinnas
2545 2190 2922 2252 peccatoribus
2959 2211 3068 2255 non
3092 2211 3432 2278 praeparavit,

1850 2255 1972 2323 quis
1999 2255 2298 2319 Pharaonis
2319 2281 2706 2346 servorumque
2726 2279 2868 2339 illius
2889 2255 3144 2347 duritiam
3165 2255 3429 2356 ulrciscens

1852 2352 1929 2401 tot
1984 2348 2154 2420 plagis
2189 2356 2395 2412 attrivit
2430 2359 2454 2414 l
2501 2361 2662 2422 Certe
2687 2367 2964 2442 Scriptura
2998 2348 3432 2447 Dominum

1848 2438 2026 2492 omnia
2077 2441 2270 2501 fecisse
2317 2459 2372 2503 et
2427 2453 2674 2514 intulisse
2719 2438 2964 2522 clamat:
3017 2470 3168 2530 Unde
3219 2487 3274 2533 et
3311 2481 3426 2552 ipse

1853 2525 2111 2552 ηηηευη,
2168 2533 2263 2552 η..
2421 2541 2432 2552 .
2624 2547 2673 2552 _-

1850 2525 2112 2586 Dominus
2163 2533 2435 2596 Pharaoni
2462 2557 2561 2612 per
2621 2547 2807 2608 Mosen
2853 2525 3165 2628 loquitur:

1843 2818 1922 2870 ix,
1947 2807 2057 2880 17).
2099 2811 2226 2880 Quis
2250 2827 2522 2887 postremo
2550 2843 2717 2898 aquas
2753 2833 2922 2892 Rubri
2949 2843 3116 2900 maris
3141 2807 3306 2919 super
3323 2868 3418 2908 eos

1843 2896 2056 2958 induxit
2103 2913 2252 2964 tanta
2304 2896 2622 2982 pernicitate
2675 2929 2946 2998 potentiae,
2999 2943 3078 3000 ut,
3108 2896 3236 2996 hin;
3293 2946 3416 3002 inde

1841 2988 2055 3049 fluentis
2115 2999 2456 3073 circumdati,
2502 3011 2638 3068 adeo
2691 3031 2882 3076 omnes
2941 3024 3302 3088 obruerentur
3353 3050 3413 3094 ut

1839 3081 2016 3140 nullus
2043 3101 2228 3146 eorum
2253 3097 2505 3156 evaderet
2528 3103 2682 3178 ?‘Ubi
2711 3109 2755 3164 si
2781 3111 2962 3171 dicere
2978 3119 3214 3180 volueris
3240 3127 3408 3186 Deum

1839 3173 2254 3240 quidennmaria
2300 3173 2572 3256 divisnsse,
2603 3196 2698 3252 sed
2737 3199 2902 3258 alium
2929 3215 3112 3266 nescio
3146 3229 3306 3285 quem
3329 3237 3408 3277 re-

1840 3264 1981 3285 Δημὲ-
2001 3284 2006 3285 γ
2037 3284 2040 3285 ν
2199 3274 2210 3285 ⁸
2297 3276 2319 3285 ’
2415 3283 2422 3285 ’

1834 3264 2072 3335 duxisse,
2121 3274 2243 3343 quis
2290 3276 2595 3340 fatuitatem
2649 3296 2796 3347 tuam
2841 3310 2948 3352 non
2998 3264 3180 3361 rideat1
3196 3307 3220 3362 ’ἶ
3264 3310 3406 3369 Dicit

1829 3357 1973 3412 enim
2027 3359 2348 3434 Scriptura:
2389 3371 2667 3444 Ingressus
2695 3392 2772 3435 est
2821 3387 2958 3442 enim
2987 3406 3146 3463 equus
3185 3395 3402 3457 Pharao

1827 3465 1944 3504 cum
1979 3457 2216 3512 curribus
2243 3471 2293 3515 et
2341 3467 2597 3534 equitibus
2626 3472 2680 3527 in
2706 3491 2870 3543 mare,
2901 3490 2951 3534 et
2977 3473 3210 3544 reduxit
3246 3509 3402 3564 super

1831 3555 1911 3564 --λ
1976 3543 2014 3564 Π
2027 3561 2091 3564 μμ
2108 3547 2120 3560 ⁶
2608 3563 2611 3564 ⁷

1824 3555 1911 3596 eos
1962 3543 2219 3605 Dominus
2261 3570 2425 3625 aquas
2479 3563 2661 3618 maris.
2703 3566 2774 3621 Et
2815 3570 2979 3628 item:
3011 3576 3239 3636 Dextera
3284 3543 3397 3653 tua,

1828 3633 2345 3716 Domine,magniﬁce
2368 3651 2424 3706 in
2439 3652 2746 3720 fortitudine
2759 3680 2780 3728 ;
2793 3664 3004 3724 dextera
3017 3680 3128 3739 tua,
3155 3676 3396 3750 Domine,

1821 3731 2074 3796 percussit
2131 3736 2403 3795 inimicum
2456 3756 2505 3798 et
2564 3749 2620 3800 in
2669 3752 2999 3814 multitudine
3053 3731 3238 3832 gloriae
3293 3731 3399 3826 tua;

1821 3815 2106 3887 deposuisti
2155 3826 2481 3888 adversarios
2531 3853 2672 3894 meos
2723 3840 2931 3912 (Exod.
2987 3815 3088 3920 ινα,
3114 3815 3240 3925 i9",

1821 3915 1876 3962 et
1915 3920 2128 3970 caetera.
2180 3915 2239 3971 Si
2278 3935 2381 3976 nec
2438 3927 2842 3994 praedestinavit
2904 3955 3004 3997 nec
3071 3915 3398 4020 praeparari;

3071 3999 3398 4020 πηνα..-

1823 3999 2079 4060 Dominus
2139 4019 2372 4068 mortem
2425 4027 2479 4073 et
2525 4035 2736 4092 poenas,
2793 4031 2917 4098 quis
2972 4035 3218 4100 homines
3247 4062 3398 4104 man-

1820 4093 2070 4153 datorum
2159 4118 2379 4163 suorum
2469 4120 2899 4187 transgressores
2983 4131 3068 4186 vel
3166 4135 3392 4208 lapidari

1818 4189 1904 4245 vel
1945 4191 2067 4249 aliis
2114 4199 2370 4256 mortium
2413 4209 2702 4276 generibus
2744 4217 3066 4282 occidendos
3113 4189 3396 4291 decievit?

1817 4278 1954 4339 Nam
1979 4285 2091 4344 haec
2116 4294 2300 4350 omnia
2325 4297 2492 4356 Deum
2513 4310 2836 4380 praecepisse
2854 4324 3016 4386 atque
3032 4320 3225 4382 fecisse
3247 4327 3394 4387 Scri-

1816 4379 1974 4443 ptura
2014 4381 2451 4446 manifestissime
2488 4379 2849 4468 protestatur,
2896 4379 3016 4478 qua:
3061 4379 3224 4474 etiam
3267 4432 3390 4491 post

1817 4473 2044 4491 mh.--
2504 4483 2536 4491 ..
2668 4489 2708 4491 -_

1816 4473 2046 4522 mortem
2071 4468 2235 4529 Josue
2272 4483 2620 4546 peccantibus
2655 4489 2781 4548 filiis
2818 4468 2984 4554 Israel
3013 4468 3391 4570 Deum—susci-

1819 4560 1964 4611 tasse
2006 4561 2346 4625 adversarios
2378 4587 2750 4644 saepenumero
2784 4586 3035 4649 inculcat.
3077 4595 3183 4654 Sed
3226 4613 3282 4658 et
3320 4608 3388 4662 de

1819 4646 2106 4709 Salomone
2135 4655 2342 4730 Regum
2375 4677 2562 4724 narrat
2587 4671 2844 4744 historia,
2889 4685 3029 4751 quod
3055 4691 3190 4758 post
3215 4693 3388 4750 offen-

1813 4753 1933 4795 sam
1954 4742 2003 4797 ei
2030 4747 2373 4808 suscitaverit
2402 4756 2544 4814 Deus
2570 4763 2909 4827 adversarios
2935 4776 3002 4830 ad
3024 4742 3314 4840 ldumaeum
3335 4797 3392 4843 et

1809 4832 1964 4888 alios.
1992 4832 2123 4902 Quae
2159 4844 2338 4901 omnia
2367 4847 2416 4903 si
2438 4848 2609 4920 juxta
2637 4864 2781 4914 tuam
2819 4867 3139 4933 pravitatem
3183 4889 3215 4930 a
3257 4892 3388 4933 con-

1808 4931 1976 4987 trario
2014 4933 2415 5008 intelligentur,
2456 4959 2682 5014 prorsus
2739 4931 2915 5013 omnis
2953 4962 3022 5018 ab
3062 4964 3144 5021 eis
3183 4970 3388 5027 veritas

1806 5025 2098 5084 auferetur.
2133 5029 2248 5087 Non
2278 5044 2478 5106 autem,
2511 5051 2570 5097 ut
2598 5047 2773 5118 lingis,
2814 5053 3154 5128 intelligenda
3180 5061 3384 5124 beatis-

1805 5113 1975 5172 simus
2015 5119 2344 5192 Augustinus
2371 5128 2427 5184 in
2465 5136 2717 5194 omnibus
2753 5156 2890 5210 pene
2927 5151 3200 5218 opusculis
3235 5159 3380 5222 suis,

1803 5211 2178 5284 praecipueque
2217 5218 2273 5272 in
2315 5219 2468 5278 libris
2505 5231 2915 5296 quatuordecim
2954 5211 3091 5310 quos
3131 5245 3187 5302 in
3220 5211 3384 5320 Epta:

1805 5302 2058 5358 teuchum
2117 5308 2352 5367 mirabili
2412 5319 2712 5378 eruditione
2761 5327 3024 5396 confecit,
3080 5336 3380 5402 clarissime

1802 5393 2130 5453 manifestat.
2171 5399 2439 5473 Loquitur
2483 5409 2742 5469 Dominus
2790 5433 2889 5488 per
2937 5393 3104 5484 Amos
3150 5393 3381 5505 prophe-

1807 5489 1954 5537 tam:
1998 5483 2246 5546 Percussi
2292 5510 2380 5550 vos
2426 5497 2484 5550 in
2527 5511 2674 5556 vento
2701 5518 2917 5578 urente,
2967 5524 3018 5569 et
3049 5519 3103 5574 in
3149 5483 3382 5598 (remigum

1807 5572 2186 5598 ..ι-..Ιιξμηιξημη
2223 5582 2236 5598 ι
2320 5593 2330 5598 -

1804 5572 2192 5632 multitudinem
2215 5582 2484 5640 hortorum
2507 5601 2792 5650 vestrorum
2811 5609 2861 5653 et
2890 5603 3157 5666 vinearum
3184 5572 3381 5674 πεῖνα..

1803 5679 1961 5732 rum;
1989 5666 2176 5726 oliveta
2203 5684 2370 5728 vestra
2405 5687 2453 5730 et
2480 5679 2635 5746 ficeta
2657 5698 2829 5746 vestra
2861 5700 3083 5754 comedit
3109 5719 3267 5761 eruca
3287 5749 3302 5776 ,
3327 5721 3380 5764 et

1802 5770 1907 5810 non
1933 5758 2138 5816 redistis
2162 5762 2232 5815 ad
2256 5779 2335 5820 me
2354 5804 2371 5834 ,
2397 5765 2526 5824 dicit
2553 5772 2850 5838 Dominus:
2883 5789 3004 5844 misi
3031 5791 3086 5845 in
3117 5809 3205 5849 vos
3232 5758 3377 5853 mbr-

1801 5853 1900 5900 tem
1928 5848 1985 5902 in
2010 5850 2095 5904 via
2118 5849 2338 5926 rEgyplt
2358 5872 2378 5913 :
2407 5868 2638 5930 percussi
2664 5871 2720 5926 in
2743 5874 2922 5942 gladio
2944 5881 3158 5950 juvenes
3179 5900 3369 5944 vestros

2777 5970 2856 6028 36
