4010 6352
719 465 744 516 1
758 461 778 514 l
793 460 850 516 Si
1464 514 1475 523 .
1712 458 1772 515 S.
1812 458 2182 517 PRUDENTII
2222 459 2302 514 ΤΕ

2260 458 2606 516 'RECENSIS
2642 460 2953 517 EPISCOPI
3752 471 3843 527 lli!

710 592 872 647 usque
895 574 965 629 ad
995 575 1342 645 captivitatem
1379 589 1629 643 equorum
1676 583 1961 629 uestrorum
1979 615 1995 641 ,
2033 584 2081 630 et
2109 590 2291 631 ascen-
2315 575 2370 635 A
2391 572 2786 642 providentiam
2824 571 3007 647 suam]
3032 574 3409 630 suscitaturum
3432 590 3487 631 se
3512 576 3761 647 Chaldaeos,
3782 590 3843 656 qui

711 668 833 722 dere
868 662 967 737 feci
1002 667 1327 738 putredinem
1366 673 1659 720 castrorum
1706 675 1994 723 vestrorum
2039 668 2095 723 in
2140 684 2293 724 nares
2394 664 2818 735 interpretantur
2846 664 3003 735 quasi
3030 665 3314 732 daemonia,
3344 667 3424 722 vel
3451 669 3842 741 augelospessimos

711 767 929 824 vestras,
972 767 1020 813 et
1050 773 1153 812 non
1188 756 1392 813 redistis
1413 756 1484 810 ad
1508 770 1622 824 me,
1660 757 1786 814 dicit
1817 757 2095 815 Dominus.
2141 759 2292 817 Unde
2392 753 2725 824 signiﬁcans,
2751 755 2843 825 qui
2878 755 3192 811 ministrant
3215 755 3381 813 furori
3417 758 3541 829 ejuS,
3561 768 3611 815 et
3631 761 3840 822 ξηραιιὶ-

711 856 932 903 sanctus
974 845 1330 916 Hieronymus
1366 845 1443 900 ita
1486 843 1681 903 eﬂ‘atus
1737 855 1824 904 est
1863 847 1951 904 ’in
2006 850 2164 905 Amos
2213 865 2287 916 tv,
2391 843 2654 901 bulationi
2683 861 2847 916 quam
2876 846 3042 902 infert
3076 847 3128 903 in
3160 856 3464 919 peccatores
3496 848 3573 905 vel
3595 854 3838 912 animosita-

715 938 853 1011 m);
2391 934 2596 991 minum
2632 937 2987 1007 pessimorum
3021 952 3120 1009 per
3159 954 3289 1009 quas
3319 950 3567 999 merentes
3597 945 3779 1001 cruciat:
3804 946 3838 1002 li

785 1027 925 1102 [Per
960 1028 1143 1084 omnia
1182 1026 1387 1100 ﬂagella
1426 1037 1483 1085 et
1519 1037 1790 1087 tormenta
1817 1032 2065 1088 eruditur
2088 1018 2309 1101 lsrael,’
2391 1036 2569 1084 autem
2598 1027 2834 1086 Chaldaei
2868 1045 3002 1105 gens
3034 1046 3219 1086 amara
3260 1041 3344 1087 est
3379 1043 3431 1088 et
3462 1033 3628 1101 velox,
3660 1051 3738 1092 non
3761 1053 3827 1107 par.

708 1120 853 1177 unde
874 1129 929 1181 et
954 1134 1023 1177 eo
1048 1128 1290 1192 tempore
1327 1135 1436 1191 quo
1461 1122 1531 1178 ab
1554 1121 1824 1195 Egyptiis
1862 1123 2062 1179 auxilia
2098 1132 2287 1195 postu—
2391 1135 2519 1177 cens
2547 1130 2604 1177 et
2629 1121 2741 1177 cito
2768 1121 2992 1193 explens
3017 1123 3159 1194 quod
3199 1120 3302 1179 sibi
3336 1121 3489 1179 fuerit
3514 1125 3837 1197 imperatum,et

708 1212 924 1279 labant,
951 1211 1184 1268 mittitur
1207 1212 1262 1267 in
1283 1228 1380 1271 eos
1408 1228 1587 1280 mors,
1617 1224 1673 1270 et
1698 1217 2076 1286 percutiuntur
2098 1215 2154 1271 in
2176 1216 2288 1287 gla-
2349 1230 2368 1252 ο
2391 1212 2633 1269 ambulat
2655 1229 2819 1283 super
2858 1214 3196 1271 latitudinem
3232 1223 3421 1282 terrae,
3453 1215 3551 1271 lata
3574 1219 3691 1273 enim
3711 1230 3745 1272 et
3766 1237 3836 1289 sps-

708 1303 799 1358 dio
820 1302 1055 1374 juvenes
1083 1317 1305 1369 eorum,
1332 1312 1388 1359 et
1429 1319 1598 1376 equos
1636 1321 1775 1376 quos
1817 1306 1918 1362 sibi
1956 1315 2146 1363 contra
2188 1307 2287 1364 Dei
2389 1303 2520 1358 tiosa
2563 1304 2646 1358 via
2676 1312 2751 1358 est
2778 1320 2895 1373 qua:
2916 1305 3060 1359 ducit
3087 1305 3157 1360 ad
3184 1315 3398 1362 mortem
3427 1305 3832 1381 (Huth.vu,l3t.]

707 1404 1038 1467 praeceptum
1078 1394 1501 1467 multiplicarunt
1545 1395 1655 1468 [al.
1676 1439 1692 1463 ,
1726 1397 2283 1472 multiplicaverant],

2246 1436 2283 1466 η,
2388 1393 2428 1464 τ
2471 1393 2601 1449 Item
2648 1394 2703 1448 in
2760 1393 2928 1450 Abdia
2977 1397 3237 1467 propheta
3274 1394 3623 1469 (in’Abdiutu,
3657 1415 3699 1463 ι,
3728 1399 3829 1469 l6):

707 1487 995 1558 captivitas
1016 1502 1156 1543 saeva
1184 1486 1491 1554 concludit,
1526 1498 1589 1543 ut
1628 1491 1854 1558 putredo
1896 1498 2200 1547 castrorum
2229 1499 2289 1546 et
2389 1482 2662 1550 Quomodo
2686 1485 2824 1539 εηίηι
2851 1485 2907 1541 in
2931 1500 3063 1543 nece
3083 1501 3276 1542 eorum
3301 1486 3588 1552 121³111888,
3604 1489 3832 1543 ωηνίπίω·

709 1579 848 1636 fetor
874 1577 1154 1635 morientis
1195 1578 1468 1635 exercitus
1500 1580 1790 1635 viventium
1838 1596 1998 1637 nares
2039 1581 2281 1652 impleat,

2245 1590 2281 1647 ι,
2387 1590 2493 1644 que
2516 1575 2801 1632 celebrasti
2822 1614 2840 1645 ,
2881 1586 2931 1631 et
2966 1578 3021 1632 in
3062 1587 3240 1634 monte
3266 1586 3438 1634 sancto
3460 1595 3590 1644 meo,
3622 1579 3773 1635 hocea
3800 1581 3828 1632 is

705 1685 936 1741 cumque
958 1678 1017 1725 et
1039 1669 1157 1727 haec
1184 1668 1395 1735 fecerit,
1412 1678 1474 1725 ut
1491 1670 1792 1740 corriperet
1817 1671 2191 1740 delinquentes
2228 1679 2284 1727 et
2386 1662 2627 1719 Ecclesia
2655 1664 2848 1731 bibisti,
2878 1681 2985 1722 non
3012 1681 3193 1725 meum
3222 1667 3460 1733 calicem,
3495 1668 3578 1723 sed
3602 1666 3761 1722 diaboli.
3786 1666 3828 1719 lic

704 1762 1019 1819 emendaret
1054 1767 1329 1826 errantes,
1376 1776 1477 1816 nec
1506 1761 1586 1817 sic
1620 1761 1839 1831 quidem
1888 1761 2169 1817 redierunt
2212 1761 2282 1817 ad
2387 1772 2496 1827 quo
2539 1758 2593 1812 in
2633 1756 2888 1815 Habacuc
2930 1756 3171 1813 dicitur:
3224 1756 3312 1814 Va:
3355 1759 3442 1830 qui
3478 1766 3603 1830 potat
3635 1758 3826 1827 prosim-

704 1870 848 1920 eum,
878 1852 1013 1909 dicit
1033 1852 1352 1926 Dominus.]
2309 1894 2357 1926 Δ
2385 1865 2541 1903 suum
2579 1848 2907 1904 subuersione
2949 1849 3161 1904 turbida
3189 1847 3428 1920 (Habac.
3450 1865 3518 1915 ιι,
3541 1849 3657 1919 l5)!
3686 1850 3740 1903 ita
3759 1850 3826 1901 nni-

1042 1894 1464 2018 Jo’naupropiteta
1510 1947 1741 2018 legitur:
1781 1946 1848 2000 Et
1890 1948 2097 2017 paravit
2140 1947 2281 2003 Deus
2307 1894 2359 1980 ὑ
2388 1956 2557 1998 Versa!
2603 1950 2794 2012 sentes
2837 1940 2924 1997 vel
2970 1894 3318 1996 [Ofilllldllles
3362 1894 3625 1996 (δοιιῑνὶνίιζ

699 2052 923 2092 cermem
953 2038 1254 2091 ascensione
1292 2036 1533 2101 diluculi,
1565 2046 1612 2091 et
1651 2036 1905 2106 percussit
1945 2036 2193 2092 hederam
2231 2045 2296 2096 et,
2386 2032 2669 2104 delegaue,
2697 2031 2783 2089 vel
2811 2031 3135 2090 adversariae
3158 2046 3388 2104 quaeque
3410 2031 3610 2088 virtutes
3630 2030 3824 2093 δίδυμα

701 2131 928 2196 exaruit,
959 2140 1009 2184 et
1032 2144 1153 2184 cum
1180 2140 1327 2184 ortus
1352 2129 1533 2198 fuisset
1553 2128 1654 2193 sel,
1688 2131 1931 2199 praecepit
1969 2128 2110 2184 Deus
2131 2139 2282 2184 vento
2386 2122 2755 2203 absorbebunt
2783 2123 3101 2194 sanguinem
3128 2131 3302 2178 tuum.

701 2221 873 2275 calido
897 2233 945 2275 et
972 2222 1166 2286 urenti,
1193 2229 1242 2274 et
1263 2221 1514 2289 percussit
1536 2219 1615 2275 sol
1643 2236 1800 2290 super
1832 2230 1988 2291 caput
2018 2219 2173 2276 laute
2190 2261 2206 2287 ,
2231 2229 2282 2277 et
2452 2216 2494 2287 -ι-
2521 2214 2639 2271 Jam
2670 2231 2798 2273 vero
2836 2215 2980 2287 quod
3007 2216 3280 2272 haereseos
3316 2215 3485 2287 elogio
3509 2213 3820 2273 denotatomtt

700 2313 954 2375 testuabat
998 2311 1156 2385 (Jan.
1213 2329 1287 2377 ιν,
1328 2313 1413 2384 7).
1446 2314 1583 2370 Ecce
1618 2328 1841 2384 parasse
1868 2313 2013 2371 Deus
2042 2327 2282 2369 vermem
2383 2306 2646 2363 habentes
2675 2306 2856 2362 lumen
2881 2321 2988 2379 quo
3012 2306 3197 2362 videre
3222 2320 3497 2377 possumus
3519 2303 3638 2375 quod
3660 2300 3819 2358 malum:

699 2403 927 2469 dicitur,
958 2404 1050 2474 qui
1095 2404 1149 2458 in
1194 2404 1451 2461 ultionem
1482 2405 1843 2461 inobedientis
1868 2405 2145 2475 propheta:
2191 2403 2276 2460 1ιί-
2381 2400 2636 2470 perve'rso
2668 2406 2819 2454 motu
2863 2397 3048 2454 liberae
3080 2398 3373 2454 voluntatis
3398 2398 3613 2469 prodeat,
3637 2394 3761 2449 acrius
3774 2393 3819 2443 ia-

696 2490 854 2557 kaian
887 2509 995 2549 una
1032 2503 1193 2551 nocte
1235 2494 1469 2551 mirabili
1514 2495 1609 2551 Dei
1650 2497 1889 2566 potentia
1929 2503 2277 2567 surgentem,

2231 2514 2277 2562 ι,
2381 2488 2628 2555 simulas,
2676 2504 2773 2544 nos
2801 2504 2833 2544 e
2860 2497 3053 2545 contra
3095 2496 3151 2543 et
3183 2490 3415 2545 scientes
3455 2503 3541 2560 per
3564 2484 3733 2558 gratiam
3752 2480 3814 2539 Dei.

697 2584 1191 2654 protectionemque
1205 2585 1429 2643 virentis
1454 2584 1751 2642 umbraculi
1782 2596 2003 2657 repente
2031 2588 2278 2657 praeben—
2377 2588 2437 2637 et
2456 2579 2820 2653 intelligentes
2840 2582 2983 2638 unde
3004 2581 3076 2638 sit
3100 2581 3307 2637 malum
3332 2581 3487 2637 veluti
3512 2578 3725 2650 praemissa
3739 2574 3816 2628 satis

697 2686 803 2729 tem
828 2675 1102 2741 exederet,
1130 2677 1559 2746 prophetamque
1585 2684 1708 2732 orto
1737 2675 1851 2731 sole
1878 2685 2072 2732 ventus
2110 2691 2277 2732 urens
2378 2673 2695 2747 abundeque
2718 2674 3037 2743 informant,
3066 2675 3303 2732 dicimus
3332 2682 3483 2744 atque
3504 2680 3701 2743 optamus
3727 2664 3813 2720 :uti-

694 2776 747 2835 et
774 2767 982 2827 calidus
1016 2768 1359 2839 praecipiente
1397 2768 1624 2825 Domino
1656 2769 1791 2824 adeo
1831 2778 2175 2840 percuteret,
2219 2777 2279 2823 ut
2377 2782 2502 2821 nam
2532 2765 2731 2833 lumen,
2757 2765 2899 2837 quod
2930 2765 3087 2823 nobis
3108 2765 3487 2838 superbissime
3506 2762 3660 2823 demis,
3681 2757 3813 2813 colito

695 2865 935 2931 testuans
956 2865 1166 2929 peteret
1191 2859 1383 2913 animae
1410 2874 1520 2914 suae
1562 2866 1621 2913 ut
1656 2867 1977 2913 moreretur.
2008 2857 2151 2912 Idem
2179 2857 2276 2913 do-
2377 2858 2601 2927 adeptus
2624 2857 2924 2914 humillime
2956 2857 3288 2930 possideres,
3317 2865 3370 2913 et
3394 2870 3492 2912 non
3528 2854 3575 2909 in
3602 2860 3730 2911 tanta.
3749 2856 3812 2900 ιιι

693 2959 810 3029 ctor
837 2963 1113 3025 exponens
1137 2948 1415 3007 Michaeam
1452 2950 1772 3022 prophetam
1813 2948 2172 3021 Hieronymus
2194 2951 2274 3021 (in
2376 2964 2564 3019 prava,
2596 2958 2813 3019 tamque
2853 2965 3108 3021 perversa
3153 2950 3512 3023 impingeres:
3547 2940 3810 3001 videmenim

695 3039 881 3117 Mich._
910 3056 995 3111 ιιι,
1027 3040 1083 3111 4)
1129 3055 1145 3094 :
1183 3039 1274 3113 [Et
1303 3042 1438 3107 haec,
1472 3041 1664 3111 inquit,
1688 3041 1941 3097 universa
1964 3043 2270 3110 patientur,
2374 3054 2536 3108 quam
2576 3054 2681 3095 non
2721 3040 2993 3095 veraciter
3033 3040 3241 3096 dixeris
3273 3060 3285 3095 :
3338 3039 3474 3107 Quos
3500 3038 3620 3110 justo
3646 3030 3808 3091 dum“.

691 3130 817 3199 quia
862 3130 1093 3200 pessime
1132 3139 1360 3202 egerunt
1398 3131 1451 3185 in
1501 3130 1696 3187 studiis
1723 3139 1780 3186 et
1806 3132 1860 3186 in
1905 3129 2272 3201 voluptatibus
2374 3130 2429 3185 id
2452 3140 2528 3186 est
2551 3147 2651 3186 sua
2674 3133 2889 3202 propria
2914 3134 3252 3203 perversitate
3270 3132 3442 3207 puniri
3462 3129 3668 3204 permisit.

692 3219 827 3285 suis,
846 3229 914 3295 let
942 3237 1049 3276 non
1079 3236 1234 3293 reges
1256 3221 1429 3289 luere,
1457 3223 1553 3281 sed
1579 3224 1815 3295 tyranni,
1838 3238 1941 3279 nec
1968 3223 2263 3295 praepositi,
2301 3288 2337 3297 _
2448 3223 2541 3281 Vis
2579 3223 2778 3295 quippe
2811 3224 3036 3297 intelligi
3062 3240 3171 3280 non
3214 3226 3358 3282 aliud
3385 3239 3496 3282 esse
3525 3234 3692 3297 prunam
3716 3216 3806 3288 pui-

691 3317 783 3369 sed
814 3288 1029 3383 leones,
1064 3288 1241 3388 neque
1283 3319 1525 3390 magistri
1572 3288 1992 3390 discipulorum,
2149 3318 2260 3389 lupi
2292 3288 2339 3354 (ἶ
2371 3288 2692 3385 ιίοιιθιιιιίιιέ
2711 3288 3043 3388 peccatoris,
3071 3318 3175 3374 nisi
3204 3334 3357 3374 suam
3379 3288 3618 3395 propriam
3638 3310 3804 3385 paveti-

688 3407 910 3476 nvium;
958 3416 1016 3464 et
1058 3409 1392 3469 satiaverunt
1434 3425 1495 3469 se
1538 3412 1825 3477 carnibus,
1871 3421 1925 3466 et
1974 3411 2260 3469 incrassati
2370 3414 2577 3474 tatem;
2620 3408 2695 3462 ita
2725 3416 2786 3464 ut
2811 3417 2868 3465 et
2892 3419 3122 3466 mortem
3146 3420 3206 3467 et
3229 3424 3433 3482 ptenas,
3460 3408 3544 3464 Dei
3560 3400 3803 3478 justojuditii

688 3507 844 3565 sunt,
871 3508 927 3555 et
953 3501 1053 3556 sub
1080 3499 1175 3573 (at.
1200 3542 1214 3567 ,
1238 3501 1399 3574 sicut]
1437 3503 1787 3575 pinguissima
1819 3503 1998 3561 hostia
2040 3504 2260 3561 interfe-
2368 3499 2743 3570 peccatoribus
2770 3500 3053 3574 irrogatas,
3084 3502 3305 3573 penitus
3333 3502 3547 3563 auferas,
3569 3507 3613 3553 et
3633 3491 3801 3552 eissnltl

686 3590 853 3675 ctioni
887 3590 1019 3667 [al.l,
1069 3592 1462 3651 interfectionis
1500 3605 1627 3651 sunt
1667 3593 1854 3667 supp.]
1885 3604 1941 3649 et
1978 3594 2259 3666 suppliciis
2366 3587 2643 3659 DI‘OPI'iam
2672 3590 3062 3647 οοηεθὶεηιίθῐιι
3089 3606 3311 3662 Putnam
3329 3606 3447 3648 esse
3466 3576 3799 3675 οοηίὶιιιθεε

686 3682 897 3737 Domini
927 3683 1270 3758 praeparavi]
1305 3683 1347 3756 ιι·
1376 3683 1520 3740 Idem
1545 3685 1597 3740 in
1628 3685 1971 3755 expositione.
2003 3683 2260 3743 Habacuc
2365 3677 2492 3746 (lilia
2521 3677 2783 3749 Origenes
2822 3682 3157 3737 mendaCilel'
3186 3682 3397 3751 docuit,
3426 3677 3689 3738 sententiam
3713 3673 3798 3742 in”

686 3776 961 3847 prophetae
1005 3792 1280 3847 exponens
1328 3778 1531 3833 dictum
1566 3778 1977 3849 propheticum,
2014 3777 2254 3844 Domine,
2365 3771 2727 3828 damnationis
2768 3772 2998 3843 excepit.
3032 3772 3169 3829 Cum
3212 3790 3343 3846 ergo
3370 3772 3529 3830 dicis:
3560 3768 3687 3822 0am
3712 3760 3798 3830 iii“

683 3863 859 3919 audiui
892 3865 1212 3921 auditionem
1255 3875 1421 3933 tuam,
1452 3876 1502 3922 et
1528 3867 1699 3933 timui,
1734 3866 2090 3939 Hieronymus
2120 3867 2259 3940 (Ha-
2364 3863 2564 3919 malum
2584 3873 2673 3918 aut
2698 3874 2966 3937 peccatum
2991 3876 3090 3931 est,
3118 3876 3213 3921 aut
3235 3884 3381 3939 ptena
3400 3862 3591 3938 peccati.
3615 3856 3798 3914 ωίηιωδί

684 3957 796 4010 bac.
828 3973 909 4023 ιιι,
932 3956 1006 4031 1).
1038 3956 1277 4031 (Audivi,
1310 3960 1505 4030 inquit,
1532 3974 1722 4030 poenas
1743 3975 1881 4031 quas
1907 3960 2259 4017 Nabuchodo-
2363 3969 2462 4010 cur
2508 3970 2616 4010 non
2664 3956 2960 4013 attenderis
3000 3957 3136 4013 nihil
3179 3973 3211 4013 a
3257 3957 3406 4014 nihili
3434 3954 3685 4012 nullatenus
3708 3954 3795 4016 P0“

684 4064 847 4107 nosor
884 4059 939 4107 et
965 4026 1180 4109 diabolo
1206 4026 1569 4125 praeparasti}.
1607 4053 1648 4122 -ι-
1677 4026 1807 4108 item
1839 4054 1893 4109 in
1917 4053 2257 4125 expositione
2361 4044 2561 4116 lell'l-
2595 4044 2652 4101 Si
2690 4047 2873 4118 itaque
2908 4056 3192 4118 Ρθοοεῑυηι
3235 4049 3364 4106 nihil
3398 4057 3504 4114 θεῖν
3529 4054 3575 4104 ει
3597 4054 3709 4117 ΡΜ*
3734 4034 3793 4105 εδδ
3844 4026 3847 4113 ῖγ

681 4139 959 4197 Zacharias
1005 4141 1280 4212 prophetae
1316 4143 1392 4213 (in
1419 4141 1644 4198 Zachar.
1670 4159 1757 4209 xi,
1788 4142 1841 4217 7)
1894 4158 1909 4198 :
1958 4140 2137 4217 [Cum
2163 4146 2255 4200 au-
2362 4135 2610 4191 Similiter
2634 4137 2767 4191 nihil
2791 4146 2907 4204 est,
2947 4154 3055 4209 quo
3094 4153 3260 4211 pacto
3288 4140 3419 4197 nihil
3445 4155 3472 4193 a
3497 4134 3621 4193 nihili
3641 4127 3793 4217 puniant
3840 4144 3843 4217 γι

682 4242 791 4287 tem
823 4198 1123 4289 secundum
1145 4198 1495 4307 Septuaginta
1518 4198 1775 4306 legimus:
1810 4198 1878 4290 iit
1900 4198 2114 4306 pascam
2139 4254 2255 4294 oves
2362 4241 2469 4282 ηοη
2492 4227 2685 4284 Video:
2718 4229 2825 4285 imo
2848 4198 3155 4288 hoc-lotu-m
3186 4233 3319 4288 nihil
3352 4247 3466 4289 esse
3493 4226 3719 4286 conﬁrmo
3740 4210 3789 4269 εδδ
3836 4260 3839 4307 λ

683 4324 958 4378 occisionis
984 4328 1039 4380 in
1068 4334 1207 4381 terra
1236 4306 1515 4393 Chanaan,
1537 4326 1617 4382 sic
1645 4342 1932 4397 possumus
1955 4326 2255 4399 intelligere
2361 4334 2482 4373 cum
2513 4318 2753 4377 ECCleSia
2779 4322 3049 4381 catholica
3093 4324 3357 4382 conﬁteor
3392 4331 3633 4397 peccatum
3658 4306 3787 4376 imi"

683 4414 825 4489 quod
854 4414 1465 4497 populum'Judteorum,
1507 4416 1601 4488 qui
1630 4417 1931 4474 destinatus
1964 4429 2049 4475 est
2092 4421 2253 4475 morti
2360 4407 2476 4463 dlce
2503 4409 2707 4477 Punll'lo
2756 4412 2908 4483 cuius
2942 4414 3245 4484 Ρτοδίδίιοτ
3269 4425 3425 4487 alque
3457 4410 3783 4497 εορτυίηιθτΨ

682 4505 737 4559 in
769 4512 879 4561 toto
916 4505 1045 4563 orbe
1082 4490 1415 4577 dispersum,
1449 4507 1552 4562 hoc
1579 4516 1661 4561 est
1705 4508 1759 4561 in
1807 4516 1950 4564 terra
1996 4510 2252 4566 Chanaan
2359 4500 2565 4557 liSSime
2593 4506 2997 4574 comprobatur.
3043 4505 3267 4573 Quoties
3305 4523 3426 4563 vero
3466 4490 3626 4576 legitur
3656 4496 3785 4567 quisi"

681 4601 842 4664 atque
870 4594 1148 4666 gentilium
1170 4635 1184 4659 ,
1230 4603 1416 4664 pascat
1442 4593 1700 4651 Dominus
1734 4606 1788 4652 et
1828 4599 2033 4654 nutriat
2060 4600 2127 4655 ad
2155 4600 2254 4655 im-
2281 4641 2333 4702 Β
2358 4594 2575 4664 propria
2605 4595 2893 4666 iniquitate
2922 4598 3190 4666 damnari,
3223 4598 3300 4654 ita
3325 4598 3492 4670 potius
3514 4582 3782 4685 intelligent“.I

681 4684 1009 4742 uiolandum.
1032 4687 1068 4757 1-
1096 4686 1152 4741 ln
1179 4687 1366 4741 eodem
1391 4686 1631 4759 (ibid.,d.
1650 4704 1697 4741 c.
1716 4688 1897 4761 xt,ll)
1919 4704 1934 4743 :
1955 4688 2256 4762 Cognoscet
2285 4676 2333 4702 ¹¹
2358 4696 2439 4744 est
2466 4690 2631 4759 quod,
2663 4692 2859 4748 merito
2895 4693 3044 4764 ejus,
3089 4704 3371 4765 peccator,
3401 4692 3463 4750 ab
3489 4692 3567 4749 illo
3597 4687 3665 4760 qui
3685 4676 3783 4737 οωυίλ

681 4779 907 4850 populus
930 4777 1236 4837 indecorum
1264 4778 1329 4833 ad
1356 4793 1515 4848 quem
1546 4780 1746 4834 dictum
1770 4788 1883 4836 est:
1912 4780 2097 4836 Semen
2119 4779 2255 4836 Clta-
2349 4778 2576 4850 judicat,
2599 4780 2747 4852 juste
2767 4784 3073 4840 damnetur.
3097 4785 3537 4855 Quemadmodum
3557 4779 3679 4835 etiam
3693 4780 3781 4841 ll”

682 4888 843 4937 uaan,
873 4879 922 4925 et
950 4886 1053 4924 non
1076 4867 1245 4934 Juda,
1268 4869 1355 4940 qui
1391 4886 1526 4923 nunc
1552 4872 1873 4925 ccerenwniis
1912 4872 2038 4926 meis
2074 4883 2250 4927 custo-
2355 4856 2637 4945 docunque
2674 4875 2875 4931 dicitur
2911 4888 3194 4948 peccatum
3238 4880 3508 4951 iniquitas,
3544 4870 3779 4929 ticeittitl‘l'e

679 4958 822 5012 tl.'t:.r
859 4958 994 5031 (sive
1034 4956 1158 5028 quia
1186 4957 1475 5013 Chananaei
1513 4958 1936 5030 interpretantur
1965 4963 2138 5031 parati
2181 4962 2251 5016 ad
2356 4964 2605 5035 impietas
2652 4981 2841 5023 eorum
2891 4970 3259 5041 patratoribus
3304 4969 3473 5031 reddi,
3510 4966 3572 5020 ita
3591 4960 3645 5037 pii
3666 4952 3779 5009 silli”

679 5047 1048 5132 humilitatem)
1072 5089 1086 5113 ,
1128 5058 1452 5120 cognoscent
1494 5048 1619 5120 quia
1668 5046 1795 5105 olim
1838 5052 2012 5120 parati
2042 5061 2167 5106 sunt
2195 5058 2255 5105 ut
2354 5057 2656 5115 intellectus
2676 5060 2905 5131 percipit
2927 5070 2986 5116 ut
3007 5064 3204 5119 merito
3228 5078 3409 5118 eorum
3430 5070 3566 5132 pana
3580 5042 3776 5119 dignissiﬁ"

680 5130 1027 5192 liutnilientur
1053 5155 1080 5191 a
1118 5134 1359 5193 Domino.
1391 5137 1410 5212 ]
1446 5138 1485 5210 -ι-
1512 5137 1657 5195 Idem
1688 5138 1741 5194 in
1768 5140 2107 5211 expositione
2142 5140 2249 5198 Ha-
2357 5152 2576 5221 rependi
2614 5130 2915 5222 justissime
2952 5156 3246 5223 sentiatur,
3278 5170 3381 5211 non
3412 5130 3601 5224 peccata
3620 5152 3691 5212 pro

676 5226 847 5317 hacne
888 5228 1160 5298 propheta:
1198 5244 1470 5301 exponens
1517 5230 1679 5287 verba
1720 5230 1931 5287 Domini
1980 5232 2246 5291 dicentis:
2355 5218 2512 5308 culis,
2560 5218 2653 5298 aut
2698 5244 2902 5301 scelera
2944 5262 3042 5317 pro
3082 5218 3374 5304 sceleribus
3412 5218 3699 5310 compenwl-
3729 5218 3769 5271 δέ

678 5314 812 5373 Ecce
836 5335 929 5388 ego
953 5320 1211 5373 suscitabo
1241 5318 1515 5375 Chaldwos
1533 5362 1547 5386 ,
1591 5332 1793 5392 gentem
1830 5340 2067 5379 amaram
2093 5337 2140 5381 et
2167 5344 2248 5382 ue-
2353 5332 2519 5387 etiam
2547 5348 2671 5389 cum
2698 5344 2921 5405 peccata
2946 5314 3159 5405 visitari
3188 5318 3449 5394 dicuntur.
3485 5329 3579 5386 Non
3601 5318 3769 5392 φωνην

673 5408 858 5475 locem,
886 5409 1239 5466 ambulantem
1267 5429 1421 5482 super
1448 5412 1777 5467 latitudinem
1806 5424 1979 5483 terrm,
2005 5427 2058 5470 ut
2079 5416 2249 5488 possi-
2355 5437 2464 5478 non
2486 5433 2612 5479 sunt
2637 5404 2975 5494 substantiae,
2997 5404 3091 5484 sed
3116 5445 3301 5487 eorum
3326 5435 3548 5483 auctores
3565 5415 3769 5486 atque”?

673 5498 793 5590 deat
837 5498 1173 5556 tabernacula
1200 5519 1304 5557 non
1325 5520 1457 5569 sua;
1493 5500 1757 5559 horribilis
1788 5515 1834 5559 et
1878 5498 2125 5562 terribilié
2169 5518 2243 5564 est
2352 5524 2520 5582 tores,
2550 5517 2768 5574 ultionis
2795 5518 3119 5590 aequissima:
3159 5510 3464 5580 mmmam
3500 5510 3683 5569 recim
3703 5498 3766 5544 rm

675 5576 911 5653 (llabac.
941 5606 991 5659 ι,
1013 5590 1111 5665 6),
1151 5601 1204 5648 et
1239 5606 1432 5648 caetera
1462 5604 1582 5665 post
1610 5592 1973 5680 fundamenta
2008 5596 2243 5655 historia:
2349 5576 2583 5662 duntur:
2613 5576 3205 5680 quodque-submotis:

674 5682 1171 5754 interpretationem
1194 5684 1536 5759 allegoricam
1556 5674 1629 5742 ita
1651 5688 1922 5760 coaptavit
1942 5689 2017 5759 (in
2034 5682 2235 5744 Habac.

672 5768 718 5841 ί.
751 5752 831 5845 6):
869 5773 1262 5849 [Comminatur
1303 5752 1458 5833 'Deus
1507 5752 1787 5835 adversum
1841 5752 2242 5853 contemptores
2897 5752 3351 5811 ’Mmmm

671 5875 725 5921 et
755 5867 1171 5924 calumniatores
1196 5868 1541 5943 providentiae
1571 5880 1681 5926 sua:
1701 5870 1822 5945 (aL,
1845 5860 2237 5932 calumniantes
2420 5873 2572 5949 (Cap.
2601 5872 2693 5948 10,
2716 5896 2865 5939 num.
2892 5885 2945 5951 6,
2974 5894 3106 5941 sect.
3138 5886 3215 5959 ὅ.)
3238 5891 3279 5943 θ
3302 5882 3420 5950 Qua
3441 5878 3531 5931 duo
3549 5886 3584 5924 st
3606 5858 3702 5917 ut“
3720 5860 3759 5894 ’³³
