4010 6352
184 428 325 499 tias

1039 420 1127 494 ea
1164 412 1835 493 remonsnmrtone'
1873 426 2158 489 comas
2197 428 2246 487 ι.
2292 412 2597 489 Scorun.

3322 424 3459 484 1154

185 537 259 614 tio
284 553 405 613 sinit
441 557 611 613 Deum
640 556 914 626 prtescire,
941 562 1138 625 quanto
1168 553 1333 623 magis
1359 546 1765 621 prtedestinare,
1794 542 1850 620 Α
1872 543 2146 621 nationem
2178 558 2285 600 non
2307 558 2429 599 esse
2453 557 2468 597 :
2490 538 2611 600 esse
2634 544 2816 600 autem
2844 556 3032 599 eorum
3062 555 3183 611 quae
3205 538 3350 597 Deus
3375 534 3464 601 vel

184 652 301 723 quis
323 649 515 706 audeat
546 649 718 704 dicere
750 646 851 702 nisi
881 663 913 701 a
942 645 1209 699 contrario
1235 644 1260 697 ?

818 774 1139 817 (ιωυιεῦτιο.

258 877 300 947 1'
331 871 453 933 iatn
486 872 725 929 diximus
754 873 922 929 Deum
949 870 1219 928 veraciter
1264 869 1523 941 praescire
1562 874 1777 921 tantum

184 973 436 1039 peccata,
473 974 582 1018 non
616 963 779 1018 etiam
802 962 1223 1033 praedestinare;
1254 973 1473 1030 pinnam
1498 971 1635 1013 vero
1660 955 1778 1010 illo-

187 1070 310 1116 rum
333 1068 390 1115 et
415 1058 673 1129 praescire
702 1066 756 1111 et
781 1055 1187 1127 praedestinare,
1217 1053 1386 1110 libere
1416 1046 1773 1108 conﬁtemur:

186 1154 381 1207 verum
411 1157 677 1219 quantum
701 1156 864 1219 super
891 1147 966 1202 tui
988 1145 1233 1202 caecitate
1262 1152 1529 1215 stupeam,
1566 1154 1781 1211 nequeo

187 1241 499 1313 explicare;
540 1247 604 1296 ut
636 1239 727 1312 Qui
771 1240 1032 1295 hactenus
1059 1235 1460 1309 priescientiam
1488 1241 1545 1290 et
1568 1232 1779 1304 praede-

187 1334 538 1390 minutionem
583 1342 749 1388 unum
794 1327 1297 1398 esseadstruxeris
1345 1326 1480 1383 adeo
1529 1333 1589 1380 ut
1643 1322 1779 1379 nihil

189 1424 408 1483 diﬂerre
433 1424 850 1491 asseveraveris,
872 1432 1018 1480 nunc
1043 1436 1167 1478 cum
1194 1421 1431 1491 quadam
1453 1417 1781 1475 discretione

186 1517 463 1590 posueris,
494 1516 724 1573 dicendo
748 1516 1053 1588 siquidem:
1095 1500 1215 1586 qum
1253 1506 1360 1567 duo
1389 1512 1435 1567 si
1466 1509 1614 1566 nulla
1641 1510 1779 1565 ratio

186 1624 312 1665 uera
341 1610 466 1665 sinit
493 1609 661 1665 Dea-nt
685 1610 951 1682 prtesrire,
980 1616 1035 1663 et
1062 1596 1348 1663 addendo:
1377 1612 1573 1676 quanto
1611 1601 1785 1673 magis

185 1701 591 1774 prwdettinare,
637 1700 945 1757 nullatenus
979 1715 1044 1756 ea
1087 1699 1205 1755 sine
1250 1696 1431 1769 aliqua
1476 1694 1779 1752 diﬂ'erentia

188 1792 416 1865 intelligi
443 1793 641 1849 debere
664 1792 956 1865 permittis.
997 1788 1114 1848 Hoc
1139 1790 1315 1862 ipsum
1347 1788 1404 1843 tn
1442 1792 1782 1857 consequen-

188 1884 336 1941 tibus
364 1884 674 1953 Conﬁrmas,
704 1885 926 1942 dioens:

737 1992 969 2056 Joannes
1005 2008 1224 2053 scorus.

261 2115 413 2189 (Cap.
444 2096 532 2183 i0,
556 2131 705 2171 num.
733 2114 788 2183 7,
816 2122 951 2171 sect.
981 2112 1062 2185 3.)
1085 2122 1129 2172 Θ
1160 2094 1337 2168 Simili
1367 2109 1547 2176 modo,
1572 2110 1619 2164 si
1645 2105 1779 2169 nihil
1802 2079 1808 2087 ⁸

185 2207 336 2263 aliud
362 2216 435 2262 est
458 2202 872 2279 prazdeslinatio,
896 2204 998 2260 nisi
1023 2219 1203 2259 eorum
1228 2218 1345 2274 quae
1363 2198 1507 2256 Deus
1534 2200 1778 2272 facienda

182 2299 455 2372 prwvidit,
484 2297 834 2373 praeparatio,
871 2295 1131 2369 quomodo
1165 2310 1346 2350 eorum
1371 2309 1490 2364 qua:
1521 2292 1662 2347 Deus
1685 2307 1779 2346 nec

182 2391 331 2463 fecit,
363 2406 455 2447 nec
479 2390 727 2462 facienda
758 2388 1096 2462 praeparauit,
1137 2387 1360 2443 dicenda
1394 2395 1469 2442 est
1509 2382 1781 2456 praedesti-

184 2485 333 2539 natio
356 2483 384 2539 ?

827 2568 1143 2610 CORRECTIO.

258 2667 303 2741 1·
336 2667 679 2726 Conﬁrmans
715 2665 882 2740 igitur
904 2664 1040 2721 nihil
1078 2663 1225 2719 aliud
1253 2677 1378 2719 esse
1416 2661 1775 2734 praedestina-

182 2760 415 2826 tionem,
453 2758 562 2815 nisi
603 2772 794 2815 eorum
843 2771 964 2829 quae
1018 2754 1161 2811 Deus
1210 2753 1458 2810 facienda
1502 2751 1777 2823 praevidit,

180 2850 661 2923 praeparationem,
682 2847 928 2920 profecto
950 2861 1071 2903 eam
1096 2861 1128 2901 a
1157 2843 1498 2917 pmscientia
1521 2842 1649 2915 sepa'
1658 2856 1779 2897 rare

179 2942 527 2999 convinceris
549 2956 565 2995 :
588 2941 716 3013 quia
745 2940 923 2996 omnis
953 2938 1281 3011 praeparatio
1312 2928 1629 2992 nullomodo
1653 2935 1778 2989 abs-

178 3049 294 3106 que
335 3033 679 3104 praescientia
719 3032 951 3097 dicitur,
1002 3028 1349 3102 przescieutia
1396 3042 1528 3083 vero
1573 3027 1778 3096 absque

176 3123 578 3197 przeparatione
600 3122 928 3178 creberrime
946 3120 1239 3197 reperitur.
1283 3116 1451 3173 Multa
1470 3115 1621 3173 enim
1638 3131 1779 3187 prie-

177 3219 400 3301 Scimus.
418 3216 501 3272 vel
530 3232 561 3272 a
592 3215 764 3271 servis
810 3212 1049 3279 nostris,
1081 3210 1165 3267 vel
1191 3196 1259 3266 ab
1285 3209 1408 3265 aliis
1453 3204 1782 3279 quibuslibet

1876 632 2007 691 fecit
2031 633 2112 690 vel
2144 632 2390 690 facienda
2435 628 2799 713 praeparavit,
2824 628 3384 713 prmdestinationem,
3412 636 3469 694 id

1877 735 1961 782 est
1987 714 2396 798 dispositionem
2430 728 2494 783 ac
2522 710 3059 798 praeordinationeni,
3085 710 3140 781 e'l
3169 726 3470 785 auctoritas

1879 818 2185 876 divinorum
2229 814 2568 893 eloquioruni
2593 864 2608 889 ,
2636 828 2692 879 et
2732 814 3089 901 tractatortiin
3136 804 3472 901 orthodoxo-

1879 910 2000 966 rum
2026 911 2204 968 unitas
2223 908 2653 969 concordissima
2675 906 2854 970 do'cei.
2882 896 3077 999 itaque
3094 896 3296 969 inallim
3326 915 3469 987 quod

1879 1008 1964 1057 est
2004 1012 2305 1073 peccatum,
2339 1003 2455 1061 sive
2481 998 2888 1077 corruptionem
2918 1002 3014 1061 seu
3046 992 3317 1061 deiectum
3341 1004 3470 1063 boni

1880 1093 2154 1167 appellare
2183 1097 2361 1166 malis,
2390 1090 2492 1155 nec
2526 1096 2697 1155 Deum
2726 1096 2999 1179 esse,,ne'c
3022 1098 3109 1179 ‘ab
3157 1099 3275 1179 ipso
3318 1115 3473 1156 crea-

1881 1198 2016 1256 tum,
2043 1204 2159 1246 nec
2186 1187 2286 1261 ipsi
2333 1188 2593 1261 placitum
2629 1178 2946 1261 frequenter
2973 1176 3212 1247 diiiintis'
3240 1201 3296 1246 et
3338 1189 3475 1247 fate-

1881 1294 2007 1334 mur
2033 1296 2045 1333 :
2072 1287 2131 1334 at
2154 1279 2576 1350 consequentiae
2601 1279 2820 1361 ejus,‘id
2844 1287 2929 1335 est
2950 1294 3169 1361 pinnas,
3192 1277 3341 1336 nullo
3369 1280 3471 1335 nisi

1881 1370 1993 1426 Deo
2022 1374 2245 1427 auctore
2283 1376 2338 1426 et
2364 1368 2550 1442 judice
2581 1356 2718 1439 licii,
2745 1356 2924 1428 i‘i‘o‘rite
2952 1356 3243 1444 liberrima
3262 1368 3474 1444 pro'cla-

1880 1452 2134 1517 mamus?
2159 1460 2318 1533 quia,
2366 1440 2578 1517 dicente
2626 1448 2895 1535 Prophela
2940 1483 2954 1516 :
2990 1456 3176 1518 Justus
3216 1440 3474 1519 Dominus

1873 1550 2112 1624 justitias
2125 1552 2330 1621 dilexit,
2346 1553 2642 1625 tenuitatem
2664 1550 2791 1608 uidit
2805 1552 2977 1633 uultus
2999 1550 3113 1625 ejus
3127 1552 3301 1633 (Ptol.
3321 1571 3379 1623 ι,
3393 1554 3471 1627 8),

1881 1634 1952 1703 ad
1978 1647 2096 1718 ejus
2116 1645 2383 1719 justitiam
2409 1640 2780 1704 indubitanter
2823 1630 3074 1705 novimus
3111 1630 3387 1720 pertinere
3417 1658 3474 1702 ut
3498 1682 3549 1697 κ-

1880 1740 2074 1813 puniat
2122 1734 2600 1815 transgressorem,
2629 1724 2724 1813 qui
2766 1720 3047 1814 prohibuit
3088 1758 3119 1797 a
3170 1752 3471 1815 transgres-

1886 1830 2065 1900 sione,
2107 1847 2209 1889 nec
2248 1810 2480 1888 inulium
2526 1832 2795 1904 relinquat
2840 1835 3351 1905 praevaricatorem,
3380 1834 3471 1905 qui

1809 1906 1858 1990 εξ
1885 1923 2118 1995 bonigne
2139 1920 2352 1979 monuit
2371 1938 2438 1978 ne
2458 1923 2866 2005 pravaricaret.

1951 2013 2010 2071 Si
2035 2030 2222 2072 verum
2252 2012 2431 2073 lumen
2457 1998 2788 2081 attenderes,
2811 2004 2985 2086 eoque
3011 2008 3269 2071 illustrari
3295 2000 3472 2079 lium:-

1880 2106 2006 2163 liter
2032 2115 2267 2177 peteres,
2299 2094 2517 2161 videres
2537 2120 2703 2176 quam
2725 2107 3000 2163 contraria
3032 2106 3127 2163 tibi
3167 2106 3270 2178 ipsi
3294 2120 3463 2177 pone-

1880 2214 1970 2256 rcs
2022 2198 2253 2255 dicendo
2276 2216 2289 2253 :
2316 2194 2450 2265 Ista,
2481 2198 2536 2252 id
2586 2208 2663 2253 est
2713 2209 3010 2270 peccatum,
3047 2215 3209 2267 more,
3239 2199 3473 2267 miseria,

1879 2292 2083 2349 deserto
2130 2308 2234 2347 uno
2283 2293 2519 2346 omnium
2556 2293 2816 2365 principio
2860 2286 3106 2349 deorsum
3149 2274 3209 2348 in'
3250 2292 3474 2348 nihilum

1882 2385 2019 2441 bona
2044 2401 2163 2457 qua:
2191 2395 2568 2455 corrumpunt,
2607 2385 2778 2440 redire
2823 2386 3146 2443 contendunt
3192 2371 3349 2459 (Cap.
3382 2386 3467 2451 ill,

1882 2492 2032 2532 num.
2060 2477 2114 2542 8,
2144 2484 2279 2532 sect.
2310 2475 2390 2543 4),
2412 2490 2537 2531 cum
2566 2491 2730 2548 supra
2752 2476 2956 2532 dixeris
2986 2476 3185 2532 nullam
3219 2489 3470 2535 naturam

1879 2568 2078 2639 perire.
2125 2563 2264 2621 Nam
2310 2580 2431 2637 quae
2480 2566 2536 2620 in
2588 2566 2817 2621 nihilum
2869 2567 3116 2639 redeunt,
3140 2566 3321 2638 perire
3350 2566 3471 2636 quis

1881 2657 2124 2715 nesciat?
2163 2656 2561 2729 Argumentare
2595 2655 2761 2729 igitur
2795 2642 3223 2726 quantumlibet,
3251 2664 3306 2711 et
3333 2671 3473 2728 nega

1882 2764 1913 2803 a
1940 2748 2054 2804 Deo
2078 2763 2182 2806 nec
2206 2747 2449 2820 praesciri
2494 2763 2594 2803 nec
2628 2734 3004 2819 praedestinari
3044 2758 3288 2819 peccata,
3319 2734 3471 2803 mor-

1883 2849 2017 2906 tem,
2052 2839 2348 2912 supplicia,
2379 2838 2444 2896 eo
2492 2840 2635 2910 quod
2678 2838 2812 2893 nihil
2859 2838 2984 2905 sint,
3018 2826 3093 2904 et,
3120 2839 3443 2913 quandocuu

1882 2949 1988 3005 que
2035 2934 2145 2990 tale
2193 2933 2396 3006 aliquid
2434 2934 2490 2988 in
2540 2924 2836 3005 Scripturis
2870 2933 3086 3005 legitur,
3121 2948 3153 2988 a
3194 2933 3469 2992 contrario

1883 3025 2141 3098 intellige.
2190 3025 2352 3082 Fides
2395 3039 2528 3081 vero
2550 3026 2840 3093 catholica,
2869 3027 3165 3083 secundum
3192 3027 3409 3099 regulas
3433 3044 3465 3082 a

1883 3114 2135 3172 Patribus
2179 3116 2464 3188 diligenter
2507 3125 2784 3184 exaratas,
2824 3105 2880 3173 et
2922 3118 3062 3175 scire
3107 3127 3163 3174 et
3211 3119 3468 3189 praescire

1840 3268 1855 3286 ι
1882 3207 2052 3266 Deum
2098 3218 2345 3279 peccata,
2378 3216 2434 3264 et
2475 3209 2867 3293 praedestinare
2909 3220 2963 3265 et
3010 3224 3318 3280 praeparare
3362 3209 3469 3267 illis

179 3294 457 3378 facienda,
500 3325 620 3385 quae
674 3308 776 3381 ipsi
834 3300 1058 3363 ininime
1106 3319 1497 3376 prreparamns.
1551 3301 1779 3357 Constat
1803 3294 1855 3359 C
1881 3308 2132 3369 mortem,
2161 3310 2324 3375 atque
2352 3302 2616 3374 supplicia
2645 3294 2876 3359 ﬁdeliter
2901 3305 3151 3361 edocebit
3171 3321 3187 3361 :
3209 3304 3469 3377 quoniam

180 3420 322 3475 ergo
360 3400 895 3474 pnedestinationem
919 3414 951 3454 a
973 3396 1318 3470 pnescientia
1365 3393 1663 3464 plurimum
1693 3392 1775 3446 di-

179 3504 359 3559 stare,
384 3508 504 3547 cum
530 3506 650 3547 eam
670 3489 806 3545 nihil
830 3487 975 3543 aliud
995 3501 1158 3559 quam
1180 3500 1370 3542 eorum
1388 3500 1509 3554 qua:
1534 3478 1678 3559 Deus
1699 3476 1778 3535 fa-

176 3581 381 3638 cienda
402 3576 666 3652 praevidit,
682 3578 1136 3651 praeparationem
1158 3575 1431 3632 insinuas:
1457 3572 1587 3645 quia
1610 3548 1779 3628 Deum

178 3670 526 3727 conditorem
568 3671 809 3726 onmium
854 3685 974 3739 quae
1039 3677 1197 3735 sunt,
1230 3667 1285 3722 in
1317 3662 1579 3738 quantum
1628 3656 1777 3731 sunt,

178 3758 448 3835 praescire
492 3740 676 3818 omnia
710 3756 961 3825 dicimus,
1004 3758 1090 3815 vel
1125 3758 1207 3814 ab
1238 3757 1357 3830 ipso
1401 3744 1547 3823 sunt,
1580 3755 1664 3811 vel
1709 3754 1781 3810 ab

180 3857 315 3928 ipso
344 3871 448 3911 non
475 3864 622 3911 sunt.
668 3838 809 3928 Sunt
846 3854 991 3910 enim
1036 3852 1106 3909 ab
1149 3868 1216 3909 eo
1259 3861 1527 3909 creatura:
1566 3864 1780 3918 omnes,

188 3926 336 4017 quas
382 3926 713 4017 praesciean
740 3946 1146 4016 praedestinavit
1174 3954 1340 4016 atque
1385 3944 1616 4011 creavit,
1638 3944 1781 4000 sicut

186 4037 473 4094 ordinavit
499 4046 659 4110 atque
688 4038 988 4109 disposuit;
1017 4053 1125 4092 non
1171 4046 1298 4092 sunt
1327 4037 1396 4093 ab
1430 4053 1496 4094 eo
1531 4020 1776 4108 peccata,

183 4144 320 4201 quae
345 4143 443 4183 nec
469 4129 691 4195 creavit,
715 4144 816 4184 nec
845 4128 963 4184 tleri
985 4127 1174 4193 voluit,
1198 4128 1444 4199 quiuimo
1466 4127 1778 4200 prohibuit;

181 4236 324 4293 qua:
351 4221 472 4276 ideo
499 4220 632 4275 nihil
661 4218 933 4286 dicuntur,
963 4220 1091 4290 quia
1119 4235 1228 4274 non
1273 4218 1402 4275 sunt
1431 4228 1628 4275 creata:
1655 4219 1783 4275 sub-

182 4314 432 4381 stantiae,
462 4308 560 4371 se'd
601 4322 909 4369 creatarum
937 4327 969 4367 a
997 4310 1109 4368 Deo
1155 4312 1502 4367 rationalium
1533 4312 1789 4368 substan-

187 4408 404 4464 tiarum
433 4422 614 4479 prava:
644 4392 951 4462 voluntates
971 4444 988 4469 ,
1022 4403 1376 4476 perversique
1405 4412 1586 4460 motus
1615 4404 1671 4459 it.
1697 4404 1785 4459 in-

184 4500 332 4557 ﬁma
377 4499 717 4577 culpabiliter
768 4513 833 4553 ac
881 4496 1263 4575 damnabiliter
1308 4498 1545 4553 distorti.
1614 4499 1787 4553 Deum

185 4602 386 4649 autem
432 4592 785 4669 nec'videre,
826 4605 926 4646 nec
976 4591 1138 4657 scire,
1176 4605 1277 4645 nec
1316 4588 1563 4659 judicare
1606 4599 1787 4647 motus

1881 3393 2046 3461 Deus,
2073 3394 2406 3467 sempiterna
2452 3402 2509 3449 et
2551 3409 2679 3451 vera
2718 3395 2983 3467 sapientia
3034 3405 3196 3467 atque
3232 3396 3465 3468 justitia,

1880 3503 1989 3544 non
2019 3503 2051 3542 a
2079 3488 2267 3555 nihilo,
2302 3489 2397 3563 sed
2421 3489 2492 3544 ab
2511 3489 2696 3561 aliquo
2719 3490 3004 3563 prohibet,
3037 3505 3143 3545 non
3190 3488 3348 3565 nihil,
3374 3489 3469 3545 sed

1881 3580 2086 3652 aliquid
2111 3583 2285 3653 punit.
2312 3582 2451 3637 Eum
2473 3590 2656 3638 autem
2678 3590 2735 3638 et
2754 3581 3045 3654 prohibere
3066 3598 3097 3636 a
3119 3582 3382 3653 peccatis,
3414 3581 3467 3636 id
3535 3570 3543 3583 “

1881 3677 1964 3726 est
2010 3672 2283 3742 perversis
2329 3672 2565 3728 motibus
2610 3671 2766 3727 malae
2815 3671 3110 3728 voluntatis
3132 3712 3147 3738 ,
3177 3660 3471 3743 pravisque

1883 3763 2069 3819 usibus
2098 3765 2469 3820 membrorum
2498 3764 2762 3836 corporis,
2787 3765 2977 3836 eisque
3025 3764 3219 3821 merito
3260 3762 3468 3820 inferre

1883 3855 2157 3929 condigna
2183 3855 2478 3927 supplicia,
2509 3870 2700 3913 omnes
2729 3856 2926 3912 divinae
2948 3856 3161 3929 paginae
3190 3850 3465 3927 resonant,
3562 3859 3569 3867 '

1884 3950 2042 4006 sicuti
2065 3948 2183 4019 jam
2204 3949 2393 4020 paucis
2421 3949 2719 4021 attigimus.
3150 4018 3157 4023 ι

1956 4041 2317 4111 Quamobrem
2345 4050 2436 4095 tua
2463 4030 2648 4115 potius
2670 4043 2941 4115 miranda,
2971 4044 3095 4111 imo,
3125 4043 3357 4115 dolenda
3386 4054 3473 4102 est

1885 4120 2121 4199 caecitas,
2140 4133 2233 4203 qui
2255 4122 2508 4188 omnibus
2528 4134 2842 4190 hominibus
2864 4142 2990 4188 ante
3008 4142 3060 4189 te
3084 4134 3328 4203 inaudito
3346 4151 3472 4208 por-

1890 4240 2037 4293 tento
2059 4230 2265 4287 moliris
2277 4245 2495 4287 omnem
2517 4230 3254 4301 sanctarum'Scripturarnm
3276 4232 3474 4288 verita-

1890 4334 1997 4382 tem
2012 4324 2390 4380 inconcussam
2407 4337 2570 4379 sensu
2591 4322 2915 4393 pravissimo
2925 4333 3259 4395 pervertere,
3273 4324 3476 4381 docens

1886 4417 2158 4474 veraciter
2185 4416 2352 4484 dicta,
2383 4415 2652 4473 fallaciter
2675 4417 2875 4479 debere
2898 4417 3151 4491 intelligi,
3178 4420 3347 4475 etiam
3377 4436 3478 4476 no-

1889 4517 2026 4576 stra,
2056 4524 2089 4564 a
2118 4517 2172 4565 te
2194 4508 2353 4565 nobis
2381 4509 2543 4565 toties
2567 4508 2938 4580 malevoleque
2959 4492 3192 4584 impacta
3222 4512 3435 4569 inscitia
3457 4552 3474 4579 ,

1891 4600 1986 4674 qui
2018 4600 2359 4657 illuminante
2405 4599 2633 4655 Domino
2663 4601 2914 4657 tenebras
2946 4609 3163 4657 nostras
3209 4609 3473 4671 quantum

186 4682 475 4756 quoslibet
499 4664 874 4738 creaturarum
905 4696 1042 4752 quas
1066 4681 1179 4753 ipse
1218 4680 1368 4749 fecit,
1399 4697 1561 4753 quam
1592 4682 1662 4738 sit
1688 4684 1789 4739 im-
1819 4660 1868 4718 D
1896 4660 2012 4763 ipse
2040 4694 2169 4748 dare
2213 4704 2270 4748 et
2292 4692 2552 4762 adjuvare
2586 4692 2863 4764 dignatur,
2898 4695 3145 4751 eamdem
3195 4660 3479 4749 veritatem

187 4777 354 4850 pium
387 4776 591 4842 dicere,
617 4789 889 4846 quamque
928 4774 1172 4830 veritatis
1194 4782 1251 4829 et
1275 4775 1497 4846 pietatis
1527 4774 1782 4842 alienum,

189 4867 341 4924 nulli
388 4868 624 4924 ﬁdelium
675 4868 953 4938 ambigere
1010 4867 1346 4923 conceditur.
1423 4868 1580 4924 Videt
1624 4884 1791 4940 porro

192 4962 661 5033 quandocunque,
685 4961 1173 5033 quomodocunque
1218 4969 1276 5017 et
1318 4962 1627 5034 ubicunque
1670 4979 1791 5020 mo-

192 5064 405 5113 ventur
433 5065 695 5113 creaturte
723 5072 857 5123 suae,
872 5057 1217 5128 perindeque
1245 5066 1299 5113 et
1335 5055 1578 5127 judicat,
1602 5074 1669 5115 ac
1691 5074 1792 5130 per

194 5151 319 5208 hoc
345 5165 453 5206 non
491 5149 567 5205 ita
607 5150 766 5205 modo
806 5164 872 5205 ea
906 5150 1094 5205 videre
1136 5150 1398 5206 dicendus
1439 5162 1523 5207 est
1552 5168 1618 5208 ac
1648 5151 1798 5224 judi-

198 5255 362 5307 care,
406 5241 563 5313 quasi
608 5238 873 5297 hactenus
915 5241 1178 5312 ignorata,
1210 5241 1304 5296 sed
1346 5256 1467 5312 quae
1502 5250 1797 5312 antequam

198 5332 401 5403 ﬁerent
431 5332 771 5403 praescierat,
792 5330 1115 5401 praeviderat
1134 5320 1199 5386 ac
1211 5330 1570 5401 judicaverat.
1594 5333 1796 5389 Eadem

200 5426 345 5482 dum
376 5423 533 5493 ﬁunt,
556 5425 678 5489 scit,
701 5424 849 5478 videt
871 5431 926 5496 et
944 5420 1177 5492 judicat,
1202 5421 1454 5495 iactaque
1483 5440 1591 5480 non
1617 5420 1818 5496 aliquo,

202 5529 383 5585 novo,
411 5514 622 5585 sibique
650 5522 874 5570 eatenus
909 5514 1089 5581 ignoto
1108 5498 1336 5583 judicio,
1371 5516 1469 5570 sed
1489 5517 1633 5586 quod
1670 5525 1798 5572 ante

204 5604 413 5663 saecula
454 5604 862 5681 praedestinavit
903 5602 1198 5659 secundum
1238 5617 1358 5658 eam
1396 5607 1797 5675 praescientiam

207 5712 339 5771 quae
362 5698 692 5771 necll'allitur
714 5712 815 5754 nec
842 5704 1103 5764 mutatur,
1132 5697 1289 5767 punit
1314 5698 1657 5768 aequissimus
1678 5701 1826 5757 red-.

211 5793 363 5879 ditur
384 5800 548 5873 atque
573 5793 937 5879 condemnata
954 5788 1151 5866 Verum
1172 5798 1256 5847 est
1275 5791 1440 5861 igitur
1468 5808 1656 5851 eorum
1681 5811 1800 5866 qua:

214 5872 366 5940 Deus
413 5898 512 5940 nec
551 5883 697 5951 fecit,
732 5872 832 5940 nec
852 5879 1110 5957 iacienda
1140 5883 1488 5953 praparavit,
1523 5884 1802 5953 praedesti-

1898 4782 2271 4839 innutabiliter
2297 4791 2354 4839 et
2402 4782 2699 4840 asscrimus
2741 4793 2797 4839 et
2838 4792 3117 4851 tenemus;
3151 4798 3271 4853 quae
3311 4784 3357 4840 si
3382 4782 3479 4838 tibi

1898 4877 2242 4948 aliquatenus
2280 4875 2549 4932 illuxisset
2569 4914 2585 4942 ,
2628 4892 2902 4948 nunquam
2929 4874 3174 4948 proiecto
3197 4874 3429 4931 dixisses
3460 4891 3477 4930 :

1900 4965 2426 5025 Prtedestinationem
2456 4975 2505 5022 et
2536 4968 2920 5038 praescientiam
2962 4966 3061 5022 Dei
3094 4975 3340 5020 naturam
3371 4981 3482 5021 esse

1903 5057 2056 5129 (Cap.
2086 5057 2172 5125 10,
2198 5072 2349 5113 num.
2374 5056 2429 5133 ξ),
2459 5065 2594 5113 sect.
2625 5057 2703 5130 5).
2737 5056 3003 5124 Quoniam
3032 5056 3174 5112 sicut
3200 5056 3479 5127 praemissa

1898 5148 2104 5207 affatim
2161 5149 2559 5220 adstipulantur
2581 5192 2595 5217 ,
2634 5150 2855 5206 relative
2888 5159 3110 5205 naturas
3156 5157 3321 5219 atque
3351 5150 3481 5205 sub-

1898 5243 2132 5299 stantias
2156 5257 2267 5297 non
2292 5240 2686 5299 demonstrant.
2719 5240 2854 5296 Esse
2890 5250 3071 5295 autem
3103 5241 3221 5297 haec
3255 5239 3481 5296 relativa

1900 5333 2108 5389 dubitat
2122 5349 2303 5390 nemo.
2329 5332 2547 5389 Falsum
2563 5342 2647 5389 est
2667 5346 2797 5403 ergo
2820 5332 2915 5387 Dei
2932 5340 3181 5387 naturam
3197 5349 3317 5389 esse
3342 5350 3482 5404 prae-

1900 5430 2180 5487 scientiam
2228 5438 2285 5486 et
2334 5426 2861 5499 praedestinationem
2887 5468 2903 5495 ,
2954 5429 3244 5497 praesciens
3285 5428 3484 5500 quippe

1906 5521 2052 5577 aliud
2082 5521 2321 5591 praescit,
2353 5530 2407 5576 et
2450 5519 2843 5590 praedestinans
2872 5519 3017 5575 aliud
3048 5521 3235 5590 utique
3276 5521 3485 5592 praede-

1906 5614 2091 5668 stinat.
2147 5612 2227 5680 Si,
2272 5612 2513 5681 inquam,
2556 5611 2649 5666 Dei
2691 5620 2881 5667 natura
2921 5621 3003 5668 est
3041 5613 3385 5683 praescientia
3431 5621 3489 5670 et

1906 5704 2309 5774 praedestinatio
2331 5740 2345 5769 ,
2372 5718 2710 5774 consequens
2737 5705 2844 5762 erit
2883 5715 2944 5760 ut
2982 5720 3042 5760 se
3068 5704 3309 5762 futurqu
3341 5722 3483 5778 prm-

1906 5795 2093 5857 scierit
2139 5803 2301 5863 atque
2350 5794 2837 5870 prazdestinavertt,
2872 5797 2975 5857 hoc
3002 5807 3181 5873 autem
3214 5797 3331 5857 ﬁeri
3363 5797 3484 5851 nul«

1910 5887 2120 5943 latentis
2148 5886 2344 5957 potuit,
2376 5885 2479 5941 nisi
2500 5884 2617 5955 ejus
2635 5890 2975 5960 praescieutia
3001 5899 3053 5944 et
3083 5889 3485 5960 praedestinutio
