4010 6352
690 379 828 440 H55

1683 380 1741 434 S.
1779 378 2150 437 PRUDENTII
2190 377 2575 437 TRECENSIS
2616 379 2921 436 EPISCOPI

3688 397 3774 456 “36

687 504 815 556 ante
833 494 1012 566 ipsum
1042 489 1210 547 fuisse
1249 489 1587 545 mendaciter
1614 489 1855 557 dicatur;
1907 502 1962 547 et
2006 491 2168 560 impie
2195 490 2250 545 in
2277 494 2534 555 Atamen
2585 491 2699 546 haec
2755 491 2862 544 duo
2927 487 3090 544 verba
3150 496 3270 543 sunt
3314 493 3567 562 pauitantia
3619 511 3660 556 et
3691 523 3776 574 ρηε.

683 591 793 646 duo
837 586 1017 657 aliqua
1062 581 1349 639 dividatur.
1401 580 1555 646 Quod
1603 596 1768 652 quam
1812 584 1885 638 sit
1930 583 2152 652 impium
2201 591 2257 638 et

681 681 1058 752 blasphemum
1085 691 1243 732 nemo
1261 690 1368 731 non
1395 674 1540 729 videt
1571 692 1582 726 :
1615 690 1720 729 non
1743 676 1888 731 enim
1909 683 1992 731 est
2013 675 2088 729 illi
2112 675 2256 730 aliud

683 751 817 839 esse,
833 751 984 828 aliud
1007 769 1162 835 scire,
1189 768 1283 824 sed
1309 768 1414 823 hoc
1441 773 1526 823 est
1549 766 1626 821 illi
1658 768 1791 822 scire
1812 768 1955 838 Quod
1981 784 2110 821 esse.
2135 767 2252 821 Non

680 875 765 922 est
787 865 984 936 quippe
1025 861 1106 918 illi
1148 859 1403 916 accidens
1449 859 1554 914 hoc
1597 866 1809 913 tantum
1851 859 2072 923 bonum,
2111 859 2254 914 sicut

681 957 858 1021 nobis,
890 953 1087 1024 quibus
1133 949 1302 1006 multa
1335 947 1600 1020 contingit
1646 947 1876 1004 nescire.
1909 947 2026 1004 Non
2066 957 2246 1004 autem

679 1048 858 1103 evenit
883 1060 992 1102 non
1021 1058 1144 1100 esse
1167 1083 1184 1110 ,
1232 1042 1327 1098 sed
1356 1049 1550 1098 natura
1586 1039 1706 1111 ejus
1731 1034 1890 1110 atque
1913 1043 2214 1097 substantia
2231 1081 2248 1107 ,

678 1138 842 1192 etiam
893 1134 1122 1192 scientia
1162 1134 1304 1190 sicut
1349 1141 1404 1188 et
1451 1131 1714 1202 sapientia
1759 1132 2025 1187 veraciter
2051 1132 2247 1201 praedi-

675 1245 736 1285 ca
743 1239 797 1284 tu
804 1245 850 1284 Γ.

744 1317 864 1374 Νοιι
888 1317 1059 1384 enim,
1083 1325 1146 1372 ut
1167 1316 1246 1372 ait
1269 1315 1623 1387 Augustinus,
1659 1315 1778 1386 ejus
1802 1317 2029 1372 scientia
2069 1318 2248 1372 varia-

673 1420 760 1465 tur
795 1407 906 1464 ullo
925 1407 1106 1474 modo,
1133 1415 1195 1463 ut
1241 1406 1387 1462 aliud
1426 1407 1481 1462 in
1532 1423 1596 1463 ea
1635 1405 1802 1463 faciat
1844 1423 1964 1478 quae
2004 1410 2246 1464 nondum

671 1509 829 1567 sunt,
860 1500 1004 1556 aliud
1031 1515 1153 1570 quae
1175 1498 1286 1569 jam
1312 1507 1473 1567 sunt,
1522 1499 1666 1556 aliud
1697 1514 1818 1570 quae
1857 1500 2095 1556 fuerunt.
2127 1501 2247 1556 Non

667 1592 812 1647 enim
841 1606 994 1647 more
1023 1599 1208 1646 nostro
1236 1590 1326 1645 ille
1348 1589 1433 1646 vel
1459 1593 1604 1660 quod
1629 1590 1870 1646 futurum
1907 1601 1992 1647 est
2032 1593 2246 1662 prospi-

669 1681 761 1743 cit,
790 1680 876 1735 vel
903 1679 1046 1751 quod
1075 1695 1316 1751 praesens
1362 1687 1447 1736 est
1491 1680 1708 1751 aspicit,
1733 1681 1818 1736 vel
1840 1684 1982 1751 quod
2005 1682 2247 1753 praeteri-

667 1779 780 1825 tum
808 1777 892 1825 est
911 1769 1150 1839 respicit,
1177 1769 1272 1825 sed
1295 1768 1400 1825 alio
1431 1769 1590 1825 modo
1610 1770 1843 1840 quodam
1867 1787 1898 1826 a
1927 1780 2241 1827 nostrarum

2357 582 2604 648 scientia,
2659 596 2888 654 quorum
2937 581 3062 650 quia
3115 595 3274 636 unum
3333 598 3582 656 congruere
3628 596 3778 653 credidi.

2357 689 2478 729 mus
2539 674 2650 729 Deo
2715 672 2854 745 [al.,
2912 687 3154 744 congrue
3207 675 3451 731 credimus
3497 677 3543 733 in
3576 679 3714 756 Deo],
3746 689 3777 743 id

2355 761 2438 820 est
2487 764 2868 834 prwscientiam
2913 777 3174 834 negamus
3205 764 3259 820 in
3283 779 3344 820 eo
3371 781 3478 822 esse
3505 773 3777 838 penitentiam:

2355 855 2490 911 Cum
2534 870 2667 911 vero
2701 855 2858 921 alius,
2893 854 3183 924 liquidiore
3210 857 3584 916 consideratione
3613 862 3687 918 ista
3704 881 3779 936 per-

2355 954 2598 1002 tractans
2631 987 2646 1011 ,
2701 945 2975 1016 quaesierit
3014 943 3443 1015 quemadmodum
3473 949 3543 1004 vel
3572 951 3660 1022 ipsa
3695 971 3780 1026 ιπε-

2353 1037 2578 1092 scientia
2590 1036 2702 1093 Deo
2722 1045 3004 1107 congruat,
3026 1045 3081 1092 et
3106 1037 3363 1093 invenerit
3389 1039 3526 1110 hujus
3547 1045 3671 1098 etiam
3687 1049 3779 1103 verbi

2352 1127 2626 1183 notionem
2665 1127 2808 1182 illius
2860 1127 3120 1184 ineﬂ‘abili
3190 1128 3452 1186 divinitate
3484 1131 3612 1204 longe
3646 1134 3782 1205 lateque

2351 1219 2616 1288 superari,
2647 1232 2755 1273 non
2783 1217 3013 1274 miratur
3051 1218 3478 1295 [al.,miraretur]
3507 1232 3721 1296 utrumque
3743 1228 3780 1282 de

2350 1306 2442 1362 illo
2465 1315 2690 1377 propter
2716 1307 2961 1364 homines
2990 1309 3094 1364 dici
3124 1310 3377 1392 potuisse,
3402 1310 3464 1367 de
3483 1327 3574 1383 quo
3593 1323 3782 1386 utrumque

2348 1409 2569 1470 propter
2595 1399 2772 1470 ipsum
2808 1399 3104 1472 incongrue
3134 1401 3397 1458 diceretur
3439 1421 3450 1456 :
3488 1404 3593 1472 quid
3614 1414 3674 1460 est
3695 1407 3781 1460 enim

2348 1493 2710 1563 praescientia,
2756 1493 2862 1548 nisi
2910 1495 3134 1551 scientia
3174 1493 3494 1563 futurorum;
3544 1499 3646 1567 quid
3673 1509 3781 1554 autem

2348 1583 2588 1638 futurum
2631 1592 2717 1639 est
2739 1583 2871 1650 Deo,
2901 1585 3026 1654 quia
3067 1585 3249 1640 omnia
3297 1594 3515 1658 tempora
3551 1590 3782 1658 supergredi-

2348 1673 2478 1727 tur?
2505 1672 2562 1728 Si
2601 1675 2750 1732 enim
2771 1675 2995 1731 scientia
3035 1673 3154 1748 [αι.
3187 1676 3244 1730 in
3266 1675 3474 1731 scientia
3491 1677 3624 1750 Deus}
3646 1679 3711 1732 Dei
3732 1693 3782 1732 res

2346 1765 2491 1835 ipsas
2514 1765 2698 1831 habet,
2729 1781 2836 1822 non
2871 1777 2995 1823 sunt
3035 1769 3085 1823 ei
3126 1768 3322 1825 futurae
3352 1770 3440 1826 sed
3472 1779 3719 1840 presentes;
3745 1788 3781 1824 ac

662 1859 1047 1930 cogitationum
1076 1859 1464 1916 consuetudine
1502 1860 1658 1931 longe
1686 1860 1948 1932 aliterque
1991 1863 2234 1919 diverso.
2267 1851 2318 1911 Β
2343 1869 2440 1925 per
2457 1855 2562 1912 hoc
2583 1870 2692 1912 non
2711 1856 2822 1926 iam
2849 1859 3321 1929 prmscientia,sed
3339 1868 3525 1915 tantum
3541 1861 3781 1916 scientiadici

598 1983 602 1986 -
661 1952 756 2008 llle
788 1952 986 2024 quippe
1013 1967 1124 2008 non
1152 1965 1220 2007 ex
1249 1953 1352 2008 hoc
1380 1953 1435 2008 in
1472 1952 1601 2008 illud
1632 1955 1960 2026 cogitatione
1987 1964 2192 2010 mutata
2221 1997 2235 2022 ,

663 2043 757 2099 sed
785 2043 1006 2099 omnino
1040 2042 1557 2098 incommutabiliter
1579 2043 1724 2098 videt
1747 2083 1762 2110 ,
1783 2045 1869 2099 ita
1894 2053 1956 2099 ut
1993 2045 2081 2099 illa
2119 2046 2237 2114 qui-

660 2133 782 2189 dem
847 2148 966 2203 quae
1014 2133 1385 2202 temporaliter
1430 2133 1600 2200 ﬁunt,
1653 2143 1708 2190 et
1762 2135 1944 2191 futura
1997 2136 2234 2192 nondum

660 2225 798 2289 sint,
838 2231 894 2279 et
925 2223 1214 2294 praesentia
1237 2221 1352 2291 jam
1384 2223 1530 2288 sint,
1571 2233 1627 2280 et
1655 2227 1932 2296 praeterita
1972 2227 2085 2298 jam
2126 2242 2234 2282 non

659 2315 798 2380 sint;
850 2315 964 2384 ipse
1007 2329 1140 2370 vero
1183 2315 1299 2369 haec
1346 2315 1528 2369 omnia
1577 2316 1762 2372 stabili
1800 2332 1864 2372 ac
1905 2319 2234 2388 sempiterna

655 2407 940 2475 praesentia
988 2405 1430 2478 comprehendat,
1486 2421 1587 2461 nec
1621 2407 1782 2462 aliter
1819 2408 2025 2475 oculis,
2077 2410 2237 2464 aliter

655 2509 837 2557 mente
862 2519 874 2554 :
902 2511 1014 2557 non
1042 2501 1185 2556 enim
1213 2516 1279 2556 ex
1304 2500 1485 2556 animo
1509 2509 1723 2556 constat
1745 2510 1799 2556 et
1820 2517 2049 2573 corpore
2074 2544 2087 2569 ,
2133 2519 2234 2559 nec

653 2591 814 2648 aliter
863 2607 1030 2657 nunc,
1058 2599 1113 2646 et
1158 2591 1317 2646 aliter
1355 2601 1536 2658 antea,
1586 2601 1642 2646 et
1665 2592 1823 2648 aliter
1845 2605 2061 2663 postea;
2095 2611 2232 2666 quo-

613 2755 616 2760 _
655 2683 803 2738 niam
842 2697 952 2739 non
981 2682 1124 2738 sicut
1163 2691 1372 2748 nostra,
1404 2682 1520 2754 ejus
1547 2696 1764 2754 quoque
1814 2685 2040 2762 scientia
2068 2685 2232 2738 trium

656 2783 983 2844 temporum,
1022 2776 1309 2846 praesentis
1327 2775 1611 2842 videlicet,
1645 2785 1701 2832 et
1741 2779 1998 2847 praeteriti
2038 2777 2123 2832 vel
2150 2777 2234 2832 fu-

653 2870 763 2924 turi
792 2870 1055 2928 varietate
1083 2878 1346 2937 mutatur,
1379 2871 1520 2942 apud
1539 2886 1700 2942 quem
1723 2887 1829 2927 non
1859 2880 1944 2928 est
1977 2874 2232 2928 immuta-

651 2961 749 3026 tio,
764 2975 866 3016 nec
885 2962 1145 3018 momenti
1167 2961 1532 3017 obumbratio.
1564 2960 1749 3032 Neque
1761 2962 1908 3018 enim
1933 2963 1983 3018 ei
2000 2963 2230 3017 intentio

652 3051 720 3106 de
748 3052 1073 3121 cogitatione
1093 3053 1146 3107 in
1180 3053 1562 3124 cogitationem
1591 3053 1814 3118 transit,
1865 3053 1920 3108 in
1947 3053 2100 3124 cujus
2146 3053 2229 3106 in-

653 3157 914 3213 corporeo
955 3144 1153 3198 intuitu
1201 3144 1362 3199 simul
1403 3145 1598 3199 adsunt
1639 3153 1834 3199 cuncta
1879 3160 1998 3214 quae
2052 3144 2224 3209 novit,

2340 1955 2519 2016 potest
2545 1965 2558 2002 :
2585 1949 2628 2004 si
2661 1957 2863 2015 autem,
2895 1951 3037 2005 sicut
3065 1950 3118 2004 in
3144 1950 3334 2006 ordine
3358 1951 3670 2021 temporalium
3689 1966 3781 2005 crea-

2342 2048 2606 2106 turarum,
2639 2041 2716 2095 ita
2745 2049 2800 2096 et
2830 2042 2970 2112 apud
3017 2055 3141 2096 eum
3193 2043 3421 2098 nondum
3442 2051 3550 2098 sunt
3566 2058 3657 2113 qua:
3674 2042 3781 2096 futura

2338 2141 2482 2199 sunt,
2513 2134 2605 2189 sed
2636 2149 2698 2190 ea
2723 2133 2985 2206 praevenit
3031 2136 3254 2191 sciendo
3297 2153 3309 2189 :
3352 2136 3431 2192 bis
3463 2151 3573 2206 ergo
3604 2151 3650 2190 ea
3671 2135 3780 2196 sentit,

2339 2239 2446 2279 uno
2488 2224 2702 2295 quidem
2747 2227 2909 2282 modo
2950 2229 3247 2282 secundum
3294 2226 3566 2282 futurorum
3592 2226 3781 2297 przsciea-

2340 2315 2490 2381 tiam,
2523 2316 2695 2372 altero
2725 2332 2854 2374 vero
2883 2319 3179 2374 secundum
3222 2320 3544 2390 praesentium
3583 2318 3782 2374 scientiam.

2335 2409 2550 2480 Aliquid
2614 2426 2744 2481 ergo
2799 2397 3172 2482 temporaliter
3236 2413 3424 2468 accidit
3489 2411 3588 2485 [at.,
3633 2408 3780 2479 accedit]

2337 2499 2578 2556 scientiae
2601 2499 2696 2556 Dei
2726 2502 2870 2571 quod
2904 2502 3352 2558 absurdissimum
3377 2512 3524 2574 atque
3547 2501 3782 2556 falsissimum

2336 2599 2452 2648 est:
2483 2607 2581 2647 nec
2612 2593 2758 2648 enim
2783 2601 2982 2663 potest,
3012 2609 3132 2664 quae
3158 2604 3385 2650 ventura
3413 2594 3665 2665 praenoscit,
3689 2605 3783 2646 nosse

2337 2700 2458 2740 cum
2503 2686 2772 2753 venerint,
2804 2687 2907 2742 nisi
2937 2687 3019 2742 bis
3048 2687 3410 2755 innotescant,
3447 2697 3497 2742 et
3515 2684 3784 2759 praenoscendi

2336 2782 2624 2844 antequam
2650 2775 2782 2842 sint,
2809 2785 2866 2830 et
2890 2778 3271 2848 cognoscendo
3299 2793 3418 2834 cum
3438 2778 3535 2846 jam
3554 2785 3664 2832 sunt.
3680 2777 3732 2830 lla
3750 2773 3786 2825 ﬁt

2335 2875 2414 2932 ut,
2444 2867 2588 2938 quod
2617 2866 2774 2940 longe
2802 2883 2833 2922 a
2861 2869 3093 2924 veritate
3119 2870 3391 2927 seclusum
3415 2880 3506 2936 est,
3532 2867 3787 2940 temporalia:

2335 2958 2536 3028 aliquid
2572 2959 2780 3016 accidat
2809 2959 2930 3032 [al.,
2946 2961 3192 3036 accedat]
3218 2964 3450 3018 scientiae
3471 2963 3572 3027 Dei,
3595 2976 3686 3016 cum
3706 2967 3788 3012 ten-

2333 3051 2558 3120 poralia,
2587 3067 2706 3122 quac
2730 3053 3108 3122 pnesciuntur,
3139 3055 3311 3109 etiam
3341 3054 3597 3126 przesentia
3631 3051 3786 3108 sentim-

2336 3151 2447 3209 tur,
2491 3159 2611 3214 qua:
2663 3160 2769 3200 non
2815 3146 3188 3201 sentiebantur
3236 3157 3512 3218 antequam
3549 3147 3710 3205 ﬁerent,
3731 3140 3785 3194 sed

653 3235 911 3305 quoniam
934 3234 1254 3304 temporalia
1284 3243 1485 3300 movet,
1514 3234 1673 3290 nullis
1705 3235 1819 3289 suis
1841 3234 2224 3304 temporalibus
2249 3217 2300 3284 C
2337 3237 2710 3292 tantummodo
2757 3238 3249 3307 praesentiebantur
3292 3217 3410 3312 [αις
3441 3230 3786 3310 pmsciebanmr}.

653 3325 908 3380 motibus.
936 3324 1011 3379 lbi
1055 3339 1184 3394 ergo
1210 3323 1346 3379 vidit
1377 3323 1579 3380 bonum
1619 3339 1739 3380 esse
1765 3323 1910 3394 quod
1956 3324 2104 3390 fecit,
2138 3326 2227 3380 ubi

651 3419 852 3474 bonum
879 3432 1000 3474 esse
1022 3415 1172 3482 vidit,
1201 3425 1262 3471 ut
1288 3414 1512 3482 faceret,
1545 3431 1644 3471 nec
1677 3416 1800 3486 quia
1826 3414 2029 3471 factum
2058 3416 2224 3482 vidit,

649 3507 932 3564 scientiam
977 3507 1270 3577 duplicavit
1299 3507 1383 3562 vel
1407 3522 1477 3563 ex
1505 3506 1686 3576 aliqua
1707 3515 1864 3576 parte
1887 3509 2070 3574 auxit,
2102 3516 2223 3562 tan-

647 3615 812 3671 quam
857 3600 1083 3656 minoris
1146 3600 1385 3654 scientiae
1441 3596 1606 3652 fuerit
1641 3597 1959 3668 priusquam
2025 3598 2226 3655 faceret

653 3692 798 3764 quod
823 3693 1055 3759 videret,
1080 3692 1173 3763 qui
1208 3701 1317 3746 tam
1343 3687 1584 3762 perfecte
1616 3704 1725 3744 non
1751 3701 2092 3760 operaretur,
2119 3691 2223 3746 nisi

651 3799 762 3842 tam
783 3784 1022 3856 perfecta
1043 3785 1270 3841 scientia
1296 3783 1384 3839 cui
1413 3780 1548 3837 nihil
1575 3796 1642 3836 ex
1683 3781 1798 3853 ejus
1844 3783 2100 3852 operibus
2130 3785 2224 3839 ad-

649 3878 891 3934 deretur.
917 3874 1104 3946 Neque
1129 3875 1276 3931 enim
1307 3873 1448 3929 sicut
1470 3871 1746 3928 hominem
1768 3913 1783 3938 ,
1826 3872 1901 3926 ita
1934 3871 2104 3928 Deum
2131 3889 2224 3929 cu-

642 3969 898 4040 jusquam
918 3965 1047 4022 facti
1068 3966 1152 4022 sui
1177 3966 1423 4037 paenitet,
1451 3965 1604 4036 cujus
1633 3965 1701 4020 de
1725 3965 1977 4021 omnibus
1999 3967 2222 4021 omnino

647 4060 816 4116 rebus
863 4066 973 4113 tam
1034 4064 1121 4113 est
1164 4055 1273 4112 ﬁxa
1332 4057 1599 4114 sententia
1664 4071 1826 4125 quam
1883 4064 2034 4112 certa
2087 4073 2222 4128 prae-

646 4148 893 4206 scientia.

720 4240 1002 4310 Quomodo
1015 4253 1147 4312 ergo
1161 4239 1425 4312 paeniteat
1445 4239 1645 4309 aliquid
1660 4239 1946 4294 Dominum
1971 4238 2218 4312 (August.

647 4331 716 4388 ad
739 4330 1170 4402 Simplicianum,
1196 4331 1289 4387 lib.
1319 4347 1381 4394 ιι,
1403 4340 1575 4400 quaest
1599 4331 1654 4395 2,
1681 4345 1780 4399 per
1804 4331 2005 4403 totum)
2033 4333 2089 4386 in
2111 4347 2220 4403 quo

637 4433 730 4480 est
755 4423 932 4479 omnis
951 4422 1287 4492 praescientia
1307 4421 1331 4475 ?
1355 4420 1464 4476 Nos
1483 4434 1612 4476 vero
1636 4435 1758 4474 cum
1784 4421 1888 4476 hoc
1922 4421 1989 4477 de
2019 4421 2131 4477 Deo
2160 4422 2217 4476 in

643 4516 842 4573 divinis
867 4515 1166 4587 Scripturis
1182 4514 1430 4570 addimus
1457 4513 1732 4585 indignum
1757 4513 2087 4569 arbitramur
2113 4516 2218 4570 hoc

2334 3329 2390 3384 Si
2421 3343 2552 3386 vero
2577 3329 2740 3384 etiam
2781 3345 2902 3385 cum
2928 3330 3174 3386 venerint
3199 3347 3323 3401 qua:
3349 3330 3788 3402 praesciebantnresse

2329 3427 2558 3475 ventura
2589 3418 2948 3493 [al.,l'utura],
2981 3421 3114 3476 nihil
3144 3422 3272 3476 novi
3303 3421 3499 3477 accidet
3515 3419 3614 3494 [al.,
3640 3411 3788 3484 accedit]

2329 3513 2570 3568 scientiae
2585 3513 2704 3578 Dei,
2733 3513 2830 3569 sed
2850 3514 3091 3568 manebit
3115 3513 3206 3568 illa
3226 3515 3550 3585 praescientia
3576 3513 3684 3567 sicut
3704 3519 3786 3562 erat.

2331 3603 2495 3658 etiam
2523 3602 2840 3673 priusquam
2871 3606 3120 3660 venirent
3146 3621 3271 3676 quae
3299 3606 3686 3675 praesciebantur,
3711 3613 3785 3669 qui}

2330 3693 2492 3748 modo
2515 3690 2624 3762 jam
2651 3694 2991 3762 praescientia
3036 3695 3268 3762 dicetur,
3318 3697 3522 3768 quando
3547 3709 3635 3752 non
3655 3702 3713 3748 est
3741 3705 3789 3744 re.

2332 3797 2452 3836 rum
2485 3781 2827 3838 futurarum?
2855 3782 2972 3838 Jam
3006 3786 3151 3840 enim
3191 3787 3477 3857 praesentia
3502 3793 3610 3842 sunt
3631 3797 3717 3856 quae
3744 3777 3790 3831 fn-

2330 3883 2452 3930 tura
2490 3875 2769 3941 cernebat,
2799 3884 2855 3931 et
2882 3876 3044 3946 paulo
3071 3887 3194 3947 post
3219 3886 3384 3934 erunt
3427 3877 3676 3950 praeterita.
3705 3872 3792 3926 Prt-

2331 3967 2616 4022 teritarum
2661 3973 2841 4020 autem
2889 3982 3091 4052 rerum,
3146 3968 3293 4024 sicut
3321 3969 3654 4041 praesentium,
3687 3959 3792 4017 nullo.

2327 4061 2490 4117 modo
2516 4068 2698 4132 potest
2727 4061 2832 4117 dici
2862 4062 3223 4131 prmscientia.
3263 4063 3484 4119 Reditur
3505 4076 3616 4132 ergo
3637 4058 3688 4112 ad
3708 4055 3743 4107 id
3760 4060 3793 4103 ut

2240 4155 2254 4164 '
2328 4151 2423 4206 ﬁat
2451 4152 2614 4208 rebus
2635 4150 2748 4220 jam
2777 4154 3131 4222 praesentibus
3165 4155 3388 4210 scientia
3407 4195 3422 4221 ,
3447 4169 3554 4225 qua:
3579 4150 3721 4207 iisdem
3739 4155 3790 4197 re-

2324 4242 2428 4298 bus
2471 4241 2667 4298 futuris
2694 4251 2813 4297 erat
2843 4244 3202 4313 praescientia,
3248 4254 3305 4300 et
3333 4261 3454 4302 cum
3500 4260 3557 4301 ea
3583 4255 3677 4312 qua:
3707 4249 3792 4306 prit-

2326 4333 2548 4390 scicntia
2596 4342 2714 4389 erat
2737 4335 2907 4403 prius,
2939 4344 3128 4405 postea
3171 4337 3404 4394 scientia
3446 4338 3498 4392 in
3521 4337 3616 4392 Deo
3639 4331 3721 4394 ﬁat,
3740 4324 3792 4380 nl

2325 4426 2496 4480 mittit
2522 4425 2942 4480 mutabilitatem
2973 4435 3028 4482 et
3057 4430 3374 4499 temporalis
3395 4438 3496 4494 est,
3520 4442 3626 4484 cum
3643 4424 3696 4477 sit
3709 4419 3796 4473 Deus

2323 4516 2414 4586 qui
2445 4530 2569 4572 vere
2599 4531 2916 4585 summeque
2947 4526 3050 4583 est,
3082 4532 3184 4574 nec
3211 4520 3318 4574 ulla
3350 4535 3419 4575 ex
3443 4525 3582 4590 parte
3602 4514 3659 4569 sit
3680 4515 3792 4566 muta-

645 4609 712 4665 de
740 4607 831 4663 illo
859 4578 1099 4674 sentire;
1147 4606 1242 4662 sed
1284 4619 1506 4661 necesse
1544 4578 1628 4660 est
1655 4613 1717 4660 ut
1758 4605 1959 4675 aliquid
2005 4606 2218 4660 dicatur
2242 4578 2296 4640 D
2320 4578 2462 4674 bilis,
2495 4623 2595 4662 nec
2627 4608 2736 4664 ullo
2767 4578 2911 4664 motu
2943 4578 3146 4664 novitio
3183 4578 3510 4682 temporalis.
3560 4607 3705 4662 Placet
3739 4597 3797 4665 ist

645 4715 743 4772 per
769 4699 915 4770 quod
939 4699 1043 4754 hoc
1065 4696 1245 4768 aliquo
1272 4697 1432 4752 modo
1459 4696 1877 4752 demonstretur.
1926 4695 2061 4751 Cum
2085 4712 2216 4752 vero

638 4790 808 4846 verba
837 4789 1039 4855 omnia,
1070 4787 1265 4859 quibus
1286 4789 1517 4843 humana
1540 4785 1804 4856 colloquia
1829 4796 2211 4852 conseruntur,

643 4883 788 4939 illius
835 4883 1163 4952 sempiterna
1196 4881 1369 4936 virtus
1393 4887 1448 4936 et
1487 4879 1740 4934 divinitas
1778 4880 2105 4935 mirabiliter
2133 4889 2215 4934 at-

639 4991 746 5046 que
772 4976 1147 5030 incunctanter
1169 4973 1420 5038 excedat,
1449 4971 1712 5042 quidquid
1743 4971 1810 5026 de
1839 4971 1930 5025 illo
1956 4973 2209 5028 humani-

638 5076 728 5123 tus
746 5067 964 5133 dicitur,
985 5066 1127 5137 quod
1148 5065 1312 5121 etiam
1335 5063 1647 5118 hominibus
1675 5063 2012 5132 aspernabile
2034 5064 2214 5119 videa-

639 5169 731 5215 tur
773 5160 886 5230 ipsa
928 5159 1163 5214 humana
1213 5157 1539 5211 admonetur
1578 5154 1888 5220 inﬁrmitas,
1930 5154 2096 5208 etiam
2123 5155 2211 5210 illa

637 5264 760 5320 quae
783 5256 1144 5321 congruenter
1167 5247 1223 5302 in
1252 5245 1550 5316 Scripturis
1594 5244 1797 5299 sanctis
1825 5242 1892 5298 de
1933 5244 2045 5300 Deo
2068 5245 2211 5302 dicta

639 5343 935 5406 existimat,
963 5343 1212 5399 humana:
1236 5341 1525 5412 capacitati
1559 5341 1765 5410 aptiora
1794 5355 1913 5395 esse
1936 5357 2102 5412 quam
2134 5343 2212 5398 di-

634 5438 776 5493 vinae
812 5436 1146 5494 sublimitati.
1185 5437 1263 5492 Ac
1303 5450 1399 5507 per
1426 5435 1528 5490 hoc
1555 5433 1720 5487 etiam
1749 5433 1865 5504 ipsa
1888 5448 2010 5489 esse
2041 5442 2211 5491 trans-

634 5528 911 5585 cendenda
951 5535 1035 5584 est
1079 5526 1259 5582 sanior
1288 5526 1589 5581 intellectus
1629 5523 1752 5596 [ul.,
1787 5525 2004 5581 saniore
2055 5526 2212 5582 intel-

636 5617 838 5690 lectu];
867 5618 1004 5673 sicut
1026 5617 1126 5672 ista
1163 5615 1520 5686 qualicunque
1549 5625 1863 5672 transcensa
1901 5626 2063 5672 sunt:
2089 5619 2210 5687 quis

2321 4709 2410 4754 tur
2442 4708 2503 4754 ut
2553 4715 2660 4755 non
2689 4700 2933 4755 dicamus
2967 4702 3352 4770 prwacientiam
3376 4701 3490 4766 Dei,
3514 4699 3596 4754 sed
3638 4701 3794 4747 tantum-

2320 4793 2480 4848 modo
2505 4792 2795 4848 scientiam.
2849 4793 3167 4860 Quteramus
3201 4805 3257 4850 et
3305 4797 3408 4850 hoc
3435 4789 3699 4865 quomodo:
3730 4795 3795 4837 non

2318 4883 2460 4938 enim
2505 4884 2789 4938 scientiam
2836 4883 3071 4940 solemus
3106 4885 3290 4943 dicere
3336 4889 3391 4943 in
3419 4885 3582 4948 nobis,
3607 4879 3686 4935 nisi
3717 4887 3792 4928 cum

2316 4989 2474 5030 sensa
2508 4982 2564 5030 et
2593 4975 2866 5030 intellecta
2921 4979 3181 5032 memoria
3225 4978 3539 5042 retinemus,
3566 4975 3612 5030 id
3635 4979 3699 5029 est
3719 4977 3796 5021 cum

2320 5067 2664 5123 meminimus
2710 5068 2909 5138 aliquid
2959 5071 3190 5127 sensisse
3219 5087 3322 5126 nos
3337 5073 3428 5127 vel
3457 5065 3741 5126 intellexisse,
3761 5063 3795 5107 υί

2319 5160 2369 5216 id
2385 5161 2525 5231 quod
2549 5159 2670 5233 [al.,
2703 5160 2850 5234 cum]
2875 5161 3121 5220 volumus
3145 5165 3467 5220 recolamus.
3495 5160 3628 5231 Quod
3647 5157 3684 5212 si
3701 5148 3798 5208 ibin

2315 5250 2426 5305 Deo
2452 5261 2553 5314 est,
2585 5259 2643 5305 ut
2669 5252 2842 5321 possit
2874 5253 3091 5323 proprie
3118 5254 3220 5310 dici
3247 5255 3492 5325 intelligit
3518 5262 3562 5306 et
3591 5241 3797 5325 intellexit;

2313 5340 2468 5394 sentit
2493 5349 2539 5393 et
2567 5340 2746 5405 sensit,
2780 5342 2982 5397 amittit
3008 5351 3235 5413 tempus,
3265 5352 3324 5398 et
3351 5323 3573 5411 subripit
3603 5323 3797 5392 nihilomi-

2314 5449 2416 5488 nus
2443 5432 2535 5487 illa
2566 5433 2921 5503 mutabilitas,
2957 5450 3076 5506 qum
3105 5437 3260 5508 longe
3291 5451 3323 5491 a
3352 5437 3446 5491 Dei
3471 5426 3721 5489 substantia
3747 5433 3798 5472 rr-

2314 5525 2575 5580 movenda
2600 5532 2704 5579 est.
2734 5525 2802 5580 Et
2829 5535 3010 5582 tamen
3037 5535 3092 5583 et
3121 5527 3221 5583 scit
3250 5528 3395 5582 Deus
3424 5536 3475 5582 et
3506 5518 3689 5595 praise.“
3708 5511 3799 5567 [κω

2312 5617 2567 5673 ineffabili
2595 5618 2774 5674 modo.
2802 5617 2894 5676 Sic
2921 5619 3063 5675 enim
3089 5629 3143 5676 et
3171 5621 3398 5690 pmnitet
3425 5611 3656 5672 ineffabili
3677 5602 3797 5661 modo-

639 5711 727 5758 est
754 5706 898 5760 enim
923 5705 1220 5770 hominum,
1246 5706 1332 5760 cui
1371 5720 1477 5758 non
1505 5714 1757 5760 occurrat
1793 5705 1850 5761 in
1875 5704 1987 5760 Deo
2011 5718 2206 5764 cuncta
2308 5709 2444 5766 Cum
2507 5709 2650 5763 cnim
2695 5710 2918 5766 scientia
2957 5712 3048 5766 Dei
3113 5711 3266 5782 longe
3333 5711 3496 5767 distet
3538 5705 3600 5762 ab
3633 5702 3798 5758 Ιιιιιιιιιι³

637 5794 954 5860 prtesciente
997 5794 1367 5862 pmnitentiam
1417 5809 1536 5849 esse
1582 5810 1684 5849 non
1716 5809 1894 5864 posse.
1942 5797 2008 5851 Et
2062 5807 2208 5855 certe
2308 5799 2566 5863 scientia,
2614 5799 2687 5852 ita
2724 5808 2781 5853 ut
2835 5801 3101 5858 irridenda
3144 5802 3211 5858 sit
3255 5798 3599 5872 comparatio,
3642 5793 3800 5851 utrath
