4010 6352
269 503 403 558 1157

1108 500 1195 556 DE
1230 498 1897 560 PBIEDESTINATIONE
1933 501 2210 559 CONTRA
2251 504 2305 559 J.
2349 499 2651 558 SCOTUM.

3341 483 3506 558 ἠδε

267 628 442 674 tamen
473 615 696 671 scientia
721 625 963 680 vocatur,
993 624 1049 669 et
1077 616 1192 670 haec
1211 615 1431 686 quidem
1454 615 1689 669 humana
1718 615 1838 670 talis
1865 619 1917 678 Α
1942 617 2080 672 sicut
2116 619 2280 673 etiam
2317 618 2372 672 id
2400 618 2575 686 ipsum
2603 615 2747 686 quod
2778 615 2920 670 Deus
2957 613 3153 669 dicitur
3180 614 3338 685 longe
3366 613 3513 669 aliud

264 713 366 771 est,
403 712 462 759 ut
487 704 554 760 de
587 703 678 758 illa
721 702 867 758 dicat
891 702 1216 773 Apostolus:
1262 703 1440 758 Etiam
1483 705 1702 758 scientia
1746 706 1837 760 de-

264 804 496 852 struetur
523 793 576 866 (I
603 793 726 849 Cor.
755 810 877 860 xm,
915 793 992 864 9),
1035 794 1178 864 quod
1205 793 1351 850 nullo
1378 795 1538 850 modo
1587 804 1736 850 recte
1763 795 1830 851 de

265 885 488 942 scientia
524 883 621 946 Dei
647 883 753 939 dici
780 893 978 954 potest.
1011 883 1102 938 Sic
1135 892 1191 938 et
1232 884 1312 938 ira
1341 883 1576 938 hominis
1623 883 1837 939 turbida

263 982 368 1041 est,
415 982 472 1030 et
520 988 630 1029 non
667 973 783 1029 sine
811 973 1052 1028 cruciatu
1098 973 1298 1038 animi;
1335 973 1417 1028 ira
1462 988 1593 1028 vero
1621 972 1739 1038 Dei,
1769 972 1837 1028 de

263 1081 369 1137 qua
395 1065 596 1122 dicitur
624 1064 680 1120 in
705 1063 995 1137 Evangelio
1020 1085 1033 1119 :
1060 1064 1164 1120 Sed
1212 1065 1296 1118 ira
1338 1064 1436 1120 Dei
1467 1073 1640 1120 manet
1680 1082 1838 1134 super

261 1176 379 1214 eum
405 1158 589 1230 (Joan.
620 1173 713 1241 ιιι.
731 1157 845 1230 56).
912 1158 980 1213 Et
1011 1157 1300 1227 Apostolus
1339 1175 1352 1210 :
1391 1157 1671 1212 Revelatur
1698 1158 1836 1212 enim

262 1249 345 1302 ira
363 1247 462 1304 Dei
481 1247 547 1302 de
566 1247 692 1302 cmlo
709 1263 866 1317 super
889 1262 1092 1302 omnem
1119 1248 1437 1317 impietatem
1459 1245 1637 1320 (Rom.
1664 1245 1835 1316 ι,18),

263 1338 354 1394 illa
383 1338 528 1394 enim
555 1337 942 1408 tranquillitate
967 1336 1169 1409 jugiter
1193 1346 1448 1392 manente
1485 1337 1543 1391 in
1583 1345 1836 1394 creatura

261 1429 476 1484 subdita
511 1437 728 1486 exercet
758 1428 1060 1484 admirabili
1089 1429 1343 1499 aequitate
1373 1428 1686 1484 vindictam.
1734 1428 1837 1483 Mi-

260 1518 556 1575 sericordia
586 1533 799 1590 quoque
842 1519 1080 1575 hominis
1107 1520 1270 1576 habet
1317 1519 1632 1575 nonnullam
1658 1520 1835 1576 cordis

259 1611 569 1678 miseriam;
601 1611 744 1666 unde
770 1611 936 1668 etiam
968 1611 1022 1666 in
1051 1610 1216 1666 latina
1248 1610 1429 1683 lingua
1456 1625 1653 1668 nomen
1682 1625 1837 1667 acce-

257 1705 338 1774 pit
378 1721 392 1758 :
436 1718 564 1758 nam
603 1703 730 1759 inde
769 1711 852 1759 est
896 1703 1061 1758 etiam
1102 1704 1244 1773 quod
1273 1715 1380 1758 non
1409 1703 1580 1758 solum
1611 1703 1836 1773 gaudere

259 1813 376 1850 cum
420 1795 787 1868 gaudentibus,
826 1797 921 1851 sed
947 1797 1108 1850 etiam
1134 1797 1260 1866 ﬂere
1284 1811 1400 1848 cum
1425 1795 1666 1864 ﬂentibus
1709 1795 1836 1849 hor-

260 1896 405 1941 tatur
443 1886 732 1957 Apostolus
784 1886 957 1959 (Rom.
1000 1903 1099 1954 xu,
1144 1887 1255 1958 15).
1297 1885 1428 1953 Quis
1475 1895 1655 1942 autem
1702 1901 1834 1942 sano

1937 722 2018 766 est
2043 724 2202 780 quam
2231 706 2684 780 quemadmodum
2728 713 2812 760 est
2851 704 3054 760 dictum
3081 702 3228 774 quod
3270 705 3411 759 stetit
3448 705 3508 760 in

1936 821 2199 874 synagoga
2236 804 2472 869 deorum,
2501 811 2680 858 tamen
2719 802 2784 856 ad
2808 817 2913 856 non
2932 799 3093 855 latere
3132 799 3513 870 quoquomodo

1935 899 2170 967 pertinet
2206 895 2622 951 communicatio
2661 894 2776 964 ipsa
2807 891 3076 948 vocabuli.
3118 889 3211 946 Sic
3249 891 3416 946 etiam
3443 891 3512 946 de

1937 989 2018 1044 ira
2047 989 2280 1044 hominis
2313 989 2539 1044 detraho
2569 987 2938 1042 turbulentum
2982 993 3211 1050 motum,
3243 993 3302 1040 ut
3330 998 3520 1040 rema-

1938 1090 2062 1136 neat
2093 1080 2346 1135 vindicta:
2371 1079 2528 1150 vigor
2563 1096 2578 1133 :
2605 1087 2769 1149 atque
2797 1078 2870 1132 ita
2899 1083 3174 1146 utcunque
3202 1089 3425 1148 assurgo
3453 1074 3509 1129 in

1937 1173 2182 1228 notitiam
2206 1172 2348 1228 illius
2375 1187 2494 1242 qua:
2519 1169 2817 1241 appellatur
2837 1169 2916 1224 ira
2953 1168 3069 1224 Dei.
3094 1167 3227 1223 Item
3255 1167 3322 1222 de
3343 1166 3509 1222 mise-

1936 1263 2167 1319 ricordia
2207 1264 2253 1318 si
2292 1261 2508 1317 auferas
2543 1261 2992 1332 compassionem,
3030 1274 3154 1315 cum
3195 1256 3312 1327 ejus
3345 1271 3509 1328 quem

1935 1357 2271 1422 miserearis,
2321 1354 2674 1424 participatus
2714 1368 2773 1408 es
2817 1350 3071 1418 miseriae,
3122 1357 3184 1405 ut
3230 1355 3510 1405 remaneat

1939 1447 2223 1518 tranquilla
2271 1447 2486 1502 bonitas
2533 1443 2885 1501 subveniendi
2939 1451 2995 1498 et
3039 1457 3071 1497 a
3108 1441 3328 1496 miseria
3372 1439 3510 1494 libe-

1936 1538 2113 1602 randi,
2143 1536 2450 1592 insinuatur
2486 1533 2872 1602 miserkordiae
2899 1531 3093 1587 divinae
3119 1529 3511 1601 qualiscunque

1936 1627 2186 1698 cognitio.
2237 1626 2424 1683 Zelum
2475 1639 2688 1696 quoque
2732 1623 2826 1678 Dei
2882 1637 2990 1677 non
3049 1619 3395 1690 repudiemus
3456 1625 3512 1671 et

1935 1734 2310 1792 aspernemur,
2351 1735 2476 1776 cum
2519 1719 2782 1788 scriptum
2835 1715 3202 1779 inveniamus;
3238 1711 3333 1767 sed
3362 1709 3512 1765 aufe-

1936 1831 2119 1872 ramus
2173 1815 2238 1871 de
2277 1814 2513 1868 humano
2565 1811 2680 1867 zelo
2703 1809 2957 1881 pallidam
2999 1807 3172 1862 tabem
3203 1803 3422 1866 doloris,
3457 1810 3514 1856 et

1937 1906 2240 1962 morbidam
2265 1903 2727 1975 perturbationem
2755 1900 2942 1966 animi,
2967 1905 3352 1964 remaneatque
3381 1892 3512 1948 illud

257 1977 434 2048 capite
459 1977 658 2032 dixerit
684 1976 789 2030 ulla
821 1977 1039 2032 miseria
1065 1975 1212 2048 tangi
1239 1977 1430 2042 Deum,
1462 1991 1624 2047 quem
1653 1986 1835 2034 tamen
1862 1967 1911 2030 Β
1938 1998 2114 2054 solum
2162 1967 2420 2051 indfcium
2467 2007 2576 2064 quo
2619 1990 2894 2060 εοηυριίο
2933 1985 3201 2044 castitatis
3249 1982 3510 2053 impunita

256 2069 453 2138 ubique
481 2067 765 2140 Scriptura
807 2067 1210 2124 misericordem
1254 2066 1373 2140 [al.,
1402 2067 1583 2124 multa:
1621 2069 1835 2125 miseri-

254 2159 471 2232 cordiae]
502 2175 626 2216 esse
655 2168 906 2216 testatur.
954 2160 1040 2216 ira
1084 2168 1140 2215 et
1189 2159 1365 2217 zelum
1394 2160 1690 2216 humanum
1726 2177 1834 2217 non

253 2254 372 2308 sine
398 2260 551 2324 peste
576 2253 762 2308 livoris
791 2253 1168 2326 intelligimus;
1217 2253 1480 2310 zelantem
1509 2270 1639 2312 vero
1663 2255 1833 2310 Deum

253 2343 464 2415 (Exod.
516 2359 609 2412 xx,
660 2344 962 2412 δςιιχιν,
1022 2345 1128 2418 14)
1175 2361 1280 2402 non
1332 2346 1446 2412 ita,
1497 2347 1592 2402 sed
1642 2347 1831 2403 eodem

257 2435 444 2501 verbo,
492 2451 602 2491 non
649 2437 838 2493 eodem
891 2437 1051 2494 modo
1087 2456 1102 2492 :
1141 2438 1356 2510 longum
1387 2447 1472 2495 est
1513 2454 1834 2510 percurrere

257 2536 472 2596 caetera,
523 2539 580 2585 et
629 2539 754 2586 sunt
797 2531 1228 2597 innumerabilia,
1289 2533 1484 2608 quibus
1533 2533 1834 2588 ostenditur

257 2619 425 2674 multa
451 2619 632 2676 divina
660 2621 852 2679 iisdem
883 2625 1189 2679 nominibus
1220 2624 1478 2694 appellari
1507 2624 1702 2695 quibus
1733 2626 1832 2681 hu-

255 2730 415 2770 mana
449 2731 573 2772 cum
601 2717 1011 2788 incomparabili
1050 2719 1364 2774 diversitate
1401 2720 1643 2789 sejuncta
1683 2727 1827 2775 sunt.

253 2803 366 2862 Nec
394 2815 574 2864 tamen
601 2807 804 2865 frustra
827 2811 1014 2866 eadem
1045 2821 1172 2867 sunt
1205 2813 1366 2868 rebus
1393 2813 1634 2883 utrisque
1663 2813 1831 2868 indita

256 2899 548 2967 vocabula;
582 2902 686 2958 nisi
713 2903 838 2972 quia
875 2903 989 2960 haec
1019 2906 1254 2976 cognita,
1285 2921 1404 2976 quae
1441 2907 1495 2961 in
1520 2907 1831 2977 quotidiana

257 2992 651 3048 consuetudine
695 3003 980 3050 versantur
1021 3005 1076 3051 et
1103 2999 1489 3068 experimentis
1534 3002 1831 3058 usitatiori—

256 3080 356 3136 bus
397 3081 756 3152 innotescunt,
795 3087 1111 3144 nonnullam
1149 3090 1219 3146 ad
1246 3091 1590 3162 intelligenda
1618 3094 1709 3150 illa
1738 3110 1830 3150 su-

255 3171 439 3227 blimia
486 3175 729 3244 praebent
775 3177 956 3232 viam?
1001 3179 1136 3236 Cum
1181 3183 1326 3238 enim
1374 3183 1724 3256 desumpsero
1762 3189 1828 3243 de

259 3263 492 3319 humana
534 3266 761 3322 scientia
800 3272 1233 3341 mutabilitatem,
1273 3282 1327 3329 et
1360 3276 1618 3332 transitus
1657 3293 1823 3349 quos-

257 3355 381 3411 dam
409 3371 442 3412 a
467 3359 792 3430 cogitatione
835 3362 889 3417 in
927 3363 1328 3434 cogitationem,
1361 3382 1482 3422 cum
1516 3369 1823 3439 recolimus,

256 3454 315 3501 ut
359 3459 647 3507 cernamus
695 3453 876 3509 animo
917 3455 1060 3524 quod
1111 3456 1166 3511 in
1217 3458 1462 3514 contuitu
1505 3458 1624 3529 ejus
1668 3463 1829 3532 paulo

257 3545 382 3594 ante
411 3556 519 3596 non
543 3551 681 3608 erat,
707 3553 870 3615 atque
913 3545 987 3600 ita
1027 3545 1094 3602 de
1120 3557 1274 3618 parte
1303 3550 1358 3604 in
1384 3559 1592 3621 partem
1623 3553 1830 3610 crebris

257 3633 720 3692 recordationibus
771 3637 1122 3706 transilimus,
1174 3641 1317 3697 unde
1363 3642 1525 3698 etiam
1578 3661 1643 3699 ea:
1681 3655 1830 3716 parte

259 3721 393 3777 dicit
434 3723 722 3796 Apostolus
767 3736 1010 3783 nostram
1055 3730 1340 3787 scientiam
1365 3749 1380 3789 :
1405 3747 1527 3789 cum
1560 3749 1689 3806 ergo
1714 3735 1830 3792 haec

258 3825 451 3871 cuncta
495 3818 804 3884 detraxero,
853 3829 910 3876 et
954 3819 1225 3892 reliquero
1269 3823 1439 3880 solam
1485 3811 1829 3882 vivacitatem

259 3915 421 3962 certa:
449 3916 613 3980 atque
642 3911 976 3968 inconcussa
997 3915 1262 3980 veritatis,
1291 3932 1399 3971 una
1425 3925 1586 3988 atque
1627 3928 1829 3976 aeterna

258 3997 712 4070 contemplatione
746 4011 940 4058 cuncta
983 4003 1380 4072 collustrantis,
1426 4008 1535 4063 imo
1564 4025 1671 4064 non
1699 4011 1828 4066 reli-

257 4103 447 4158 quero,
497 4105 603 4146 non
649 4093 794 4146 enim
845 4094 1008 4150 habet
1058 4103 1113 4150 et
1159 4097 1264 4152 hoc
1292 4097 1524 4154 humana
1580 4101 1829 4169 scientia,

257 4177 351 4233 sed
377 4193 477 4248 pro
501 4179 707 4236 viribus
759 4182 1088 4253 cogitavero,
1121 4183 1422 4242 insinuatur
1471 4189 1601 4244 mihi
1634 4199 1827 4246 utcun-

257 4283 365 4338 que
411 4271 636 4326 scientia
677 4272 792 4328 Dei.
842 4272 997 4343 Quod
1031 4283 1210 4332 tamen
1255 4292 1472 4345 nomen,
1501 4295 1570 4334 ex
1598 4295 1664 4336 eo
1688 4283 1832 4351 quod

257 4360 478 4418 sciendo
509 4363 709 4434 aliquid
747 4379 852 4421 non
894 4366 1026 4422 latet
1066 4369 1362 4438 hominem,
1401 4371 1574 4441 potuit
1609 4387 1727 4428 esse
1753 4374 1830 4430 rei

259 4453 472 4522 utrique
505 4470 820 4524 commune;
853 4473 1161 4530 quanquam
1187 4469 1244 4517 et
1278 4463 1332 4518 in
1366 4463 1497 4534 ipsis
1524 4465 1832 4522 hominibus

259 4543 395 4599 solet
419 4545 652 4602 discerni
682 4562 713 4602 a
737 4549 1002 4620 sapientia
1030 4551 1276 4608 scientia.
1311 4553 1382 4610 Ut
1408 4554 1572 4609 etiam
1598 4553 1831 4626 Aposto-

257 4634 343 4737 lus
370 4635 502 4740 dicit
524 4655 538 4690 :
559 4637 669 4740 lAnlii
694 4640 912 4740 quidem.
931 4641 1088 4695 datur
1123 4659 1216 4712 per
1257 4643 1497 4713 spiritum
1537 4661 1706 4700 sermo
1743 4663 1831 4700 sa-
1855 4679 1908 4740 υ

256 4727 485 4796 ρὶεηιὶω,
517 4728 612 4783 alii
639 4746 808 4785 sermo
835 4731 1067 4787 scientia:
1093 4733 1379 4788 secundum
1414 4735 1652 4790 eumdem
1677 4737 1830 4806 spiri-

259 4827 368 4871 tum
393 4817 445 4890 (Ι
467 4819 590 4875 Cor.
613 4837 712 4887 xu,
739 4822 817 4894 8).
867 4822 924 4877 In
947 4823 1058 4879 Deo
1084 4832 1264 4880 autem
1294 4825 1548 4881 nimirum
1574 4840 1682 4881 non
1710 4835 1836 4882 sunt

261 4912 375 4966 haec
401 4913 507 4968 duo
536 4914 632 4970 sed
659 4930 846 4981 unum,
871 4923 926 4972 et
953 4917 1006 4971 in
1038 4916 1344 4973 hominibus
1372 4918 1587 4987 quidem
1617 4919 1732 4974 haec
1757 4919 1834 4975 ita

261 5003 494 5059 discerni
541 5007 893 5077 probabiliter
939 5009 1111 5065 solent
1158 5017 1218 5065 ut
1259 5012 1524 5082 sapientia
1567 5013 1836 5084 pertineat

263 5095 331 5151 ad
358 5096 685 5154 intellectum
723 5108 1048 5156 aeternorum
1065 5142 1081 5167 .
1121 5103 1346 5158 scientia
1375 5117 1506 5158 vero
1530 5105 1599 5159 ad
1626 5120 1689 5160 ea
1715 5121 1834 5174 quae

263 5187 512 5245 sensibus
551 5192 796 5260 corporis
827 5194 1157 5264 experimur.
1197 5193 1304 5250 Sed
1343 5195 1468 5250 licet
1507 5195 1645 5252 alius
1674 5199 1834 5254 aliam

263 5279 624 5336 dilferentiam
665 5281 948 5352 proferat,
995 5285 1098 5340 nisi
1148 5291 1329 5341 tamen
1371 5286 1583 5342 diversa
1633 5297 1834 5356 essent,

264 5386 370 5426 non
392 5371 472 5427 sic
494 5371 563 5427 ab
579 5372 834 5442 Apostolo
854 5374 1330 5446 distinguerentur.
1360 5376 1510 5445 Quod
1538 5392 1668 5433 sane
1692 5379 1736 5434 si
1759 5379 1834 5433 ita

265 5471 352 5517 est
380 5471 439 5516 ut
463 5477 658 5518 nomen
689 5463 929 5519 scientize
965 5467 1128 5520 rebus
1157 5481 1292 5536 quas
1335 5482 1433 5538 per
1463 5482 1680 5524 sensum
1712 5485 1836 5523 cor-

267 5555 418 5624 poris
443 5556 771 5626 experimur,
815 5555 1178 5626 deputandum
1211 5558 1279 5612 sit
1317 5556 1438 5630 [al.,
1473 5559 1832 5632 deputatum],

268 5647 416 5702 nulla
443 5656 529 5703 est
569 5649 791 5704 omnino
836 5649 1059 5704 scientia
1086 5649 1214 5714 Dei;
1263 5664 1372 5704 non
1405 5651 1548 5706 enim
1577 5653 1716 5708 Deus
1741 5669 1838 5723 per

267 5739 503 5810 seipsum
539 5757 608 5796 ex
641 5756 867 5812 corpore
901 5749 955 5796 et
983 5742 1161 5796 anima
1195 5751 1426 5808 constat,
1473 5743 1613 5800 sicut
1653 5745 1833 5801 homo.

268 5829 377 5886 Sed
407 5832 600 5887 melius
625 5833 820 5889 dicitur
850 5832 1012 5888 aliam
1039 5847 1158 5889 esse
1187 5833 1469 5889 scientiam
1500 5835 1618 5903 Dei,
1650 5845 1704 5892 et
1731 5851 1836 5891 non

265 5921 506 6012 ejusdem
525 5927 741 6010 generis
762 5925 913 6002 cujus
938 5926 1040 5986 ista
1065 5935 1281 6002 estquae
1301 5926 1581 5988 hominum
1602 5927 1832 5987 dicitur;

1853 3316 1898 3380 C

1932 2102 2052 2143 esse
2087 2101 2196 2141 non
2219 2085 2436 2150 sinitur,
2457 2091 2514 2138 et
2533 2080 2866 2151 assurgimus
2892 2086 2952 2135 ut
2978 2075 3302 2147 incipiamus
3330 2071 3510 2142 aliquo

1934 2175 2095 2230 modo
2139 2188 2336 2244 capere
2378 2172 2550 2227 zelum
2575 2171 2690 2226 Dei.
2742 2168 3082 2238 Quapropter
3119 2179 3245 2220 cum
3284 2161 3512 2232 legimus

1889 2301 1892 2304 ~
1933 2269 2096 2325 etiam
2123 2269 2292 2321 Deum
2322 2253 2610 2328 dicentem,
2658 2263 2862 2332 poenitet
2901 2275 2984 2312 me
3028 2255 3084 2328 (Ι
3111 2255 3240 2326 Reg.
3274 2269 3368 2321 xv,
3396 2252 3508 2324 11),

1932 2360 2334 2416 consideramus
2370 2354 2498 2426 quid
2527 2354 2582 2409 id
2615 2368 2737 2409 esse
2767 2350 2937 2407 soleat
2962 2349 3019 2404 in
3043 2346 3351 2404 hominibus
3375 2358 3511 2414 opus

1931 2451 2274 2522 paenitendi,
2341 2463 2464 2504 cum
2510 2444 2697 2517 procul
2737 2443 2900 2498 dubio
2947 2440 3217 2511 reperitur
3262 2435 3511 2492 voluntas

1934 2543 2212 2608 mutandi;
2259 2541 2355 2596 sed
2393 2541 2450 2595 in
2471 2537 2689 2593 homine
2714 2549 2836 2591 cum
2860 2531 3043 2588 dolore
3070 2529 3238 2586 animi
3263 2535 3376 2592 est;
3423 2540 3509 2580 re-

1933 2634 2220 2706 prehendit
2245 2635 2390 2688 enim
2419 2633 2475 2686 in
2505 2645 2564 2686 se
2591 2629 2733 2700 quod
2759 2636 2966 2683 temere
2988 2623 3135 2680 fecit.
3185 2620 3509 2676 Auferamus

1934 2743 2063 2800 ergo
2090 2728 2191 2783 ista
2218 2741 2338 2796 quae
2363 2725 2427 2782 de
2450 2725 2684 2779 humana
2711 2719 3028 2776 inﬁrmitate
3057 2725 3221 2786 atque
3248 2714 3507 2785 ignoran-

1934 2821 2005 2874 tia
2035 2819 2277 2882 veniunt,
2307 2823 2362 2871 et
2397 2820 2676 2871 remaneat
2714 2810 2887 2867 solum
2913 2807 3050 2864 velle
3077 2815 3139 2861 ut
3173 2819 3282 2860 non
3323 2803 3400 2858 ita
3439 2801 3511 2856 sit

1935 2909 2135 2980 aliquid
2181 2904 2634 2977 quemadmodum
2678 2911 2828 2968 erat;
2868 2901 2947 2956 sic
2981 2905 3159 2970 potest
3195 2895 3504 2965 aliquantu-

1933 3002 2042 3055 lum
2090 2998 2328 3054 intimari
2374 2996 2540 3052 menti
2589 3002 2787 3050 nostra:
2813 3007 2919 3063 qua
2945 2988 3128 3059 regula
3173 2984 3508 3055 intelligatur

1893 3093 2075 3166 _quod
2119 3092 2349 3163 pmnitet
2389 3091 2557 3145 Deum
2582 3107 2597 3146 :
2623 3102 2745 3144 cum
2794 3085 2938 3141 enim
2981 3082 3246 3156 pmnitere
3287 3077 3504 3140 dicitur,

1931 3186 2046 3242 vult
2079 3199 2188 3241 non
2224 3199 2345 3240 esse
2379 3181 2581 3253 aliquid
2623 3180 2764 3236 sicut
2793 3178 2996 3234 fecerat
3024 3184 3083 3230 ut
3109 3181 3276 3238 esset,
3303 3170 3396 3227 sed
3425 3178 3506 3224 ta-

1931 3294 2055 3334 men
2084 3287 2166 3345 ut,
2193 3292 2317 3334 cum
2370 3277 2446 3332 ita
2474 3282 2638 3341 esset,
2678 3273 2752 3326 ita
2783 3275 2916 3327 esse‘
2937 3269 3150 3334 debeat,
3175 3275 3249 3332 et,
3275 3278 3401 3322 cum
3429 3263 3506 3318 ita

1932 3385 2054 3427 esse
2074 3370 2189 3442 jam
2215 3383 2325 3423 non
2353 3366 2571 3433 sinitur,
2599 3365 2712 3436 jam
2738 3377 2847 3418 non
2873 3360 3066 3417 debeat
3089 3373 3211 3415 esse
3236 3357 3344 3422 ita;
3377 3369 3504 3426 per-

1931 3469 2094 3532 petuo
2137 3459 2370 3530 quodam
2406 3466 2464 3514 et
2501 3454 2789 3525 tranquillo
2823 3451 3094 3523 aequitatis
3125 3447 3358 3518 judicio,
3399 3459 3507 3515 quo

1933 3553 2076 3607 Deus
2102 3559 2293 3607 cuncta
2333 3547 2613 3604 mutabilia
2647 3541 3072 3601 incommutabili
3097 3539 3372 3596 voluntate
3400 3535 3509 3591 dis-

1931 3644 2103 3715 ponit.
2133 3641 2238 3698 Sed
2267 3641 2520 3712 quoniam
2543 3637 2941 3710 praescientiam
2989 3642 3045 3688 et
3067 3630 3350 3688 scientiam
3381 3641 3505 3682 cum

1932 3737 2087 3792 laude
2114 3735 2353 3792 solemus
2383 3734 2438 3788 in
2463 3730 2774 3787 hominibus
2820 3725 3089 3798 appellare
3121 3722 3242 3796 [al.,
3275 3717 3505 3791 dicere],

1933 3830 2179 3898 iramque
2236 3826 2408 3895 ipsam
2457 3822 2595 3878 solet
2640 3821 2938 3876 humanum
2981 3829 3151 3886 genus
3201 3813 3258 3868 in
3296 3812 3509 3881 magnis

1929 3917 2294 3990 potestatibus
2318 3915 2510 3970 timere
2533 3911 2714 3981 potius
2737 3924 2900 3980 quam
2930 3904 3350 3978 reprehendere,
3373 3917 3507 3958 con-

1931 4017 2191 4082 gruenter
2215 4015 2467 4079 putamus
2492 4004 2618 4060 talia
2637 4003 2743 4059 dici
2767 4002 2834 4058 de
2855 4003 2983 4057 Deo.
3009 3998 3112 4066 Qui
3134 4005 3315 4053 autem
3343 3995 3506 4061 zelat,

1929 4110 1986 4158 et
2010 4115 2172 4171 quem
2200 4097 2406 4169 aliquid
2433 4095 2679 4167 poenitet,
2725 4105 3033 4164 quanquam
3075 4087 3198 4162 [al.,
3226 4083 3506 4158 quoniam]

1930 4189 2016 4244 vel
2043 4187 2253 4258 culpari
2295 4185 2451 4251 solet,
2480 4183 2568 4239 vel
2601 4183 2657 4238 in
2684 4195 2744 4238 se
2773 4180 2985 4252 culpam
3023 4177 3316 4248 corrigere,
3346 4185 3510 4245 atque

1933 4283 2053 4340 ideo
2103 4298 2226 4338 cum
2289 4280 2709 4352 reprehensione
2759 4278 2865 4334 ista
2911 4278 2978 4332 de
3018 4274 3328 4332 hominibus
3375 4274 3505 4337 dici,

1931 4382 2219 4446 propterea
2271 4381 2450 4428 movet
2491 4387 2611 4427 cum
2665 4369 2894 4441 legimus
2930 4383 3054 4424 esse
3081 4367 3282 4438 aliquid
3313 4367 3367 4423 in
3398 4367 3508 4424 Deo

1931 4463 2216 4535 ejusmodi.
2264 4462 2371 4519 Sed
2417 4462 2508 4517 illa
2555 4461 2858 4531 Scriptura,
2907 4459 3158 4517 omnibus
3198 4457 3506 4524 consulens,

1933 4567 2217 4629 propterea
2255 4556 2428 4626 magis
2469 4563 2525 4610 et
2555 4555 2659 4610 ista
2698 4553 2870 4625 ponit,
2914 4567 2982 4609 ne
3011 4552 3102 4608 illa
3140 4568 3260 4624 qua:
3294 4552 3509 4623 placent

1933 4648 2013 4703 sic
2056 4646 2421 4717 intelligantur
2465 4645 2518 4700 in
2555 4645 2666 4700 Deo
2709 4644 2978 4714 quomodo
3021 4653 3416 4701 consueverunt
3451 4645 3507 4700 in

1936 4739 2242 4796 hominibus
2285 4736 2532 4807 intelligi.
2575 4735 2679 4792 Per
2719 4736 2834 4790 haec
2873 4737 3017 4792 enim
3063 4750 3183 4806 quae
3206 4734 3506 4804 displicent,

1937 4847 2060 4886 cum
2089 4844 2154 4885 ea
2188 4844 2294 4884 nou
2323 4829 2618 4884 audeamus
2642 4829 2720 4885 sic
2758 4827 3056 4899 intelligere
3104 4827 3158 4881 in
3185 4824 3297 4880 Deo
3332 4833 3392 4880 ut
3429 4826 3510 4880 in-

1935 4925 2224 4980 veniuntur
2263 4924 2318 4978 in
2355 4923 2591 4988 homine,
2620 4921 2880 4977 discimus
2920 4921 3082 4975 etiam
3127 4919 3216 4973 illa
3257 4919 3338 4973 sic
3365 4933 3510 4988 quaa-

1939 5029 2060 5071 rere
2086 5029 2207 5084 quae
2242 5021 2363 5083 apta
2401 5027 2524 5069 esse
2559 5021 2720 5083 atque
2753 5010 3131 5068 convenientia
3164 5009 3508 5079 putabamus.

1936 5104 2091 5170 Nam,
2117 5104 2163 5158 si
2181 5111 2469 5173 propterea
2487 5117 2596 5158 non
2617 5111 2700 5158 est
2718 5103 2846 5157 illud
2863 5101 2928 5155 de
2943 5099 3053 5155 Deo
3077 5099 3360 5155 dicendum
3384 5100 3511 5170 quia

1940 5197 1994 5251 in
2027 5195 2243 5251 homine
2283 5195 2549 5264 displicet,
2587 5209 2695 5249 non
2733 5193 2974 5248 dicamus
3018 5191 3510 5247 incommutabilem

1941 5286 2131 5352 Deum,
2156 5285 2279 5355 quia
2303 5285 2368 5341 de
2392 5284 2699 5340 hominibus
2719 5297 2842 5336 cum
2867 5282 3281 5351 reprehensione
3307 5269 3530 5336 dictum‘

1939 5387 2058 5433 est:
2103 5377 2223 5432 Non
2263 5377 2399 5431 enim
2437 5384 2512 5430 est
2548 5373 2654 5428 illis
2695 5372 3030 5425 commutatio
3065 5369 3238 5442 (Psal.
3263 5385 3372 5436 LIV,
3397 5370 3510 5444 20).

1939 5467 2071 5523 ltem
2111 5475 2235 5523 sunt
2266 5467 2510 5536 quaedam
2540 5478 2658 5533 qua:
2699 5463 2752 5517 in
2782 5455 3008 5518 homine
3037 5462 3322 5519 laudabilia
3363 5473 3508 5528 sunt,

1946 5561 1998 5616 in
2020 5561 2130 5616 Deo
2157 5569 2338 5614 autem
2383 5573 2505 5614 esse
2549 5571 2654 5612 non
2698 5566 2942 5627 possunt,
2989 5557 3128 5611 sicut
3173 5555 3362 5625 pudor,
3393 5571 3513 5626 quae

1945 5661 2160 5708 attalum
2194 5652 2509 5706 viridiorum
2538 5664 2790 5720 magnum
2816 5658 2899 5704 est
2933 5656 3338 5711 ornamentum;
3373 5648 3515 5704 sicut

1947 5745 2107 5800 timor
2128 5744 2222 5798 Dei
2249 5760 2262 5795 :
2288 5757 2393 5798 non
2423 5742 2568 5798 enim
2601 5750 2807 5798 tantum
2844 5741 2898 5796 in
2929 5739 3199 5796 veteribus
3224 5739 3376 5795 libris
3400 5739 3516 5794 lau-

1947 5837 2103 5891 datur
2134 5834 2256 5907 [al.,
2293 5850 2399 5890 non
2422 5843 2503 5890 est
2535 5842 2738 5890 tantum
2772 5839 2827 5889 in
2852 5832 3122 5890 veteribus
3146 5831 3298 5887 libris
3322 5831 3506 5886 lauda-

1893 6010 1895 6013 ι
1947 5925 2078 6004 tus],
2107 5927 2202 5984 sed
2225 5927 2514 6014 Apostolus
2539 5927 2704 5988 etiam
2727 5927 2890 6012 dicit:
2912 5924 3242 6004 Perﬁcientes
3279 5921 3510 6004 sanctiﬁ-
