4010 6352
542 436 678 505 1139

1526 429 1581 487 s.
1626 428 1994 503 causamn
2036 421 2413 491 TRECENSIS
2448 421 2759 493 EPISCQPI

3658 418 3812 491 1H0

538 546 789 603 cntionem
830 545 884 597 in
923 545 1106 601 timore
1141 542 1238 601 Dei
1284 539 1367 613 (11
1392 538 1513 594 Cor.
1544 539 1752 613 vu,i);
1803 542 1895 613 qui
1928 542 2111 611 utique
2141 550 2184 613 Α
2216 539 2469 593 materies
2518 538 2740 597 omnino
2791 537 2857 593 de
2909 536 3080 592 nihilo
3135 545 3219 592 est
3265 556 3278 590 :
3331 534 3694 609 animamque
3740 536 3811 591 de

538 635 717 709 nullus
766 634 818 695 in
870 634 981 689 Deo
1009 641 1108 690 est.
1160 631 1311 687 Sicut
1359 648 1488 703 ergo
1532 633 1775 703 qutedam
1823 630 2105 687 laudabilia

538 727 815 783 hominum
866 740 971 780 non
1013 730 1160 779 recte
1197 722 1449 778 dicuntur
1493 722 1548 777 in
1586 721 1715 787 Deo,
1754 722 1833 776 sic
1861 721 2106 792 quaedam

538 816 821 893 culpabilia
852 817 1128 883 hominum
1174 823 1319 870 recte
1352 812 1725 885 intelliguntur
1762 813 1813 866 in
1843 811 1969 877 Deo,
2001 827 2107 867 non

541 912 615 966 ita
676 918 732 964 ut
790 910 845 964 in
897 908 1227 973 hominibus,
1281 908 1374 962 sed
1422 906 1697 964 vocabulis
1740 902 2108 961 tantummodo

537 1002 932 1068 communibus,
960 982 1116 1071 longe
1141 998 1244 1054 alia
1269 1000 1476 1054 ratione
1505 1007 1558 1054 et
1585 998 1762 1053 modo.
1792 996 1924 1052 Nam
1949 996 2109 1067 paulo

536 1104 657 1173 post
687 1094 824 1149 idem
849 1091 1086 1157 Samuel,
1107 1092 1194 1147 cui
1221 1092 1435 1148 dixerat
1452 1090 1713 1146 Dominus
1741 1109 1753 1144 :
1782 1087 2001 1144 Pamitet
2028 1104 2109 1143 me

535 1186 673 1263 quod
706 1185 1061 1239 constituerim
1101 1199 1269 1254 regem
1291 1181 1444 1247 Sani,
1476 1183 1576 1253 ipsi
1600 1181 1749 1237 Sauli
1781 1182 1856 1236 ait
1884 1183 1949 1236 de
1974 1182 2106 1247 Deo,
2140 1174 2149 1181 ’

534 1275 779 1347 quoniam
812 1290 916 1328 non
948 1283 1022 1328 est
1052 1274 1183 1328 sicut
1211 1274 1385 1339 homo,
1416 1282 1471 1326 ut
1493 1273 1731 1344 pteniteat
1759 1289 1876 1327 eum
1901 1272 1952 1343 (Ι
1975 1272 2104 1344 Reg.

537 1381 624 1431 xv,
685 1367 773 1431 ll,
830 1365 945 1437 29).
1017 1365 1118 1422 Ubi
1179 1365 1431 1421 videlicet
1486 1366 1618 1421 satis
1668 1367 1903 1427 ostendit
1942 1368 2106 1422 etiam

533 1471 653 1508 tum
682 1454 812 1515 dicit
840 1455 982 1511 Deus
1008 1455 1218 1529 paenitet
1249 1472 1350 1521 me,
1381 1472 1487 1511 non
1519 1456 1757 1511 humano
1792 1471 1941 1513 more
1965 1456 2108 1512 acci-

533 1542 786 1611 piendum
817 1558 960 1611 esse,
988 1544 1129 1599 sicut
1146 1543 1281 1614 jam,
1314 1547 1574 1615 quantum
1598 1544 1886 1609 valuimus,
1919 1545 2106 1615 dispu-

534 1635 783 1693 tavimus.

609 1729 641 1799 1-
668 1728 805 1783 Audi
831 1729 992 1784 etiam
1015 1729 1247 1799 qualiter
1278 1731 1417 1787 idem
1438 1732 1823 1801 subtilissimus
1861 1733 2105 1803 disputa-

532 1826 618 1871 tor
644 1819 1034 1888 praeseientiam
1059 1820 1152 1874 Dei
1177 1834 1208 1874 a
1232 1829 1424 1875 natura
1448 1821 1737 1888 discernat,
1772 1822 1828 1877 in
1856 1836 2106 1879 sermone

2213 626 2378 683 nihilo
2402 627 2603 683 factam
2641 626 2788 687 dedit
2825 627 3074 705 corpori,
3101 642 3225 682 cum
3255 625 3431 685 factus
3468 634 3557 682 est
3586 626 3806 680 homo:

2212 736 2379 797 usque
2407 720 2542 776 adeo
2572 728 2749 781 autem
2778 720 2917 775 mala
2937 720 3229 787 vincuntur
3256 734 3285 774 a
3306 710 3589 785 bonis,ut,
3608 731 3810 789 quam-

2214 815 2293 869 vis
2315 813 2566 879 sinaptur
2589 829 2710 870 esse
2740 813 2806 868 ad
2836 812 3314 871 demonstrandum
3341 827 3507 883 quam
3534 810 3722 885 possit
3754 819 3810 864 et

2212 904 2342 975 ipsis
2373 903 2510 961 bene
2537 904 2613 958 uti
2632 903 2843 975 Justitia
2867 900 3334 975 providentissima
3355 900 3645 957 Creatoris
3676 898 3809 979 [al.,

2211 994 2324 1065 ipse
2362 992 2500 1048 bene
2556 992 2633 1048 uti
2673 992 2881 1065 iustitia
2932 993 3397 1067 providentissima
3457 988 3807 1063 Creatoris];

2212 1086 2349 1141 bona
2373 1095 2552 1145 tamen
2582 1086 2699 1145 sine
2733 1086 2892 1141 malis
2915 1101 3035 1143 esse
3059 1097 3302 1157 possunt,
3336 1086 3478 1142 sicut
3508 1084 3666 1143 Deus
3691 1084 3809 1157 ipse

2211 1194 2371 1237 verus
2401 1187 2458 1234 et
2498 1194 2777 1247 summus,
2812 1179 2968 1235 sicuti
3006 1179 3183 1237 omnis
3211 1194 3372 1253 super
3403 1179 3579 1237 istum
3616 1178 3811 1251 caligi-

2211 1284 2403 1327 nosum
2433 1284 2614 1325 aerem
2659 1270 2896 1329 caelestis
2950 1270 3236 1329 invisibilis
3263 1269 3614 1347 visibilisque
3648 1285 3809 1324 crea-

2215 1367 2359 1426 tura,
2391 1358 2535 1415 mala
2562 1375 2691 1415 vero
2717 1360 2832 1417 sine
2861 1360 3019 1419 bonis
3046 1376 3167 1421 esse
3210 1376 3314 1417 non
3343 1370 3575 1432 possunt
3604 1400 3620 1425 ,
3666 1376 3809 1431 quo-

2210 1451 2356 1509 niam
2403 1461 2610 1507 naturte
2652 1453 2707 1507 in
2748 1453 2944 1525 quibus
2974 1463 3131 1520 sunt,
3178 1453 3233 1515 in
3262 1462 3533 1525 quantum
3596 1462 3811 1508 natura:

2210 1552 2353 1608 sunt,
2405 1544 2592 1615 utique
2635 1545 2789 1600 bona:
2830 1554 2990 1611 sunt,
3031 1545 3335 1615 detrahitur
3378 1560 3550 1619 porro
3604 1546 3809 1603 malum

2210 1650 2315 1690 non
2362 1636 2542 1709 aliqua
2586 1645 2782 1691 natura
2830 1651 2948 1711 quae
2993 1647 3331 1707 accesserat,
3392 1636 3477 1699 vel
3521 1636 3639 1693 ulla
3693 1637 3810 1706 ejus

2207 1740 2380 1807 parte,
2415 1730 2646 1797 sublata,
2677 1731 2770 1789 sed
2799 1745 2863 1787 ea
2892 1746 3013 1803 qua:
3040 1730 3226 1789 vitiata
3253 1745 3317 1785 ac
3344 1729 3657 1800 depravata
3688 1728 3807 1783 fuc-

2210 1832 2297 1881 rat
2327 1832 2517 1881 sanata
2547 1833 2711 1895 atque
2732 1831 2998 1881 correcta.
3024 1822 3323 1879 Arbitrium
3354 1823 3527 1892 igitur
3552 1822 3809 1883 volunta-

529 1905 596 1961 de
626 1909 804 1963 verbis
847 1909 1086 1981 Apostoli
1126 1928 1138 1964 :
1186 1909 1248 1966 Si
1274 1913 1412 1965 enim
1433 1912 1558 1966 data
1580 1924 1707 1967 esset
1736 1912 1820 1967 lex
1845 1931 1963 1985 qua:
1986 1931 2105 1985 pos-
2132 1925 2179 1997 Β
2208 1914 2277 1975 tis
2317 1922 2446 1973 tunc
2492 1923 2575 1971 est
2618 1928 2748 1971 vere
2788 1912 3047 1983 liberum,
3087 1929 3209 1971 cum
3243 1913 3389 1973 vitiis
3442 1914 3808 1985 peccatisque

529 2008 604 2052 set
650 2001 927 2070 viviﬁcare,
969 2002 1180 2057 omnino
1216 2019 1279 2056 ex
1317 2003 1425 2074 lege
1446 2014 1573 2059 esset
1600 2005 1812 2073 justitia
1844 2005 1990 2077 (Gal.
2022 2023 2103 2075 tu,

529 2087 974 2162 21).Augustinus
989 2091 1073 2165 (de
1088 2094 1250 2148 verbis
1262 2094 1492 2166 Apostoli
1507 2112 1663 2150 sernt.
1674 2098 1695 2151 l
1708 2098 1778 2169 l):
1799 2097 2108 2171 [Eliguntur

529 2180 623 2250 qui
644 2196 751 2236 non
768 2193 912 2247 sunt,
928 2198 1027 2241 nec
1038 2195 1185 2238 errat
1199 2185 1289 2254 qui
1305 2186 1474 2258 eligit,
1498 2201 1596 2241 nec
1609 2203 1745 2243 vane
1760 2188 1938 2260 eligit;
1959 2190 2107 2263 eligit

533 2280 803 2339 tamen,et
828 2275 991 2330 habet
1005 2275 1224 2342 electos,
1240 2291 1375 2347 quos
1401 2286 1685 2334 creaturus
1705 2288 1790 2334 est
1808 2280 2101 2352 eligendos,

530 2366 694 2425 habet
714 2375 890 2435 autem
908 2368 1046 2447 apud
1074 2384 1131 2423 se
1158 2370 1353 2440 ipsum,
1380 2386 1484 2425 non
1509 2371 1562 2425 in
1589 2379 1780 2426 natura
1806 2388 1922 2437 sua,
1941 2374 2032 2429 sed
2050 2375 2102 2429 in

532 2456 869 2529 pmseientia
898 2457 1039 2532 sua.]
1067 2459 1107 2531 σι·
1126 2459 1268 2515 Idem
1291 2461 1367 2531 (in
1395 2461 1489 2517 lib.
1519 2477 1609 2521 xw
1633 2463 1697 2517 de
1716 2460 1870 2518 Civit.
1897 2462 2015 2531 Dei,
2051 2480 2100 2520 e.

532 2546 660 2619 42):
688 2546 793 2615 Sed
819 2548 945 2619 quia
978 2550 1122 2606 Deus
1149 2558 1341 2606 cuncta
1365 2553 1637 2621 praescivit
1661 2562 1715 2609 et
1747 2555 1868 2609 ideo
1890 2571 2103 2628 quoque

531 2639 803 2697 hominem
821 2650 1169 2712 peccaturum
1186 2643 1436 2716 ignorare
1457 2660 1563 2700 non
1585 2647 1777 2716 potuit,
1808 2651 2100 2704 secundum

532 2733 582 2788 id
642 2735 783 2809 quod
814 2735 1091 2809 prtescivit
1135 2745 1298 2809 atque
1325 2737 1620 2807 disposuit,
1664 2738 1938 2795 civitatem
1970 2757 2099 2797 san-

526 2831 669 2877 etam
706 2838 828 2883 eam
864 2824 1122 2881 debemus
1164 2841 1442 2892 asserere,
1487 2842 1593 2883 non
1628 2830 1924 2885 secundum
1972 2830 2102 2887 illud

525 2914 666 2985 quod
690 2915 742 2975 in
773 2925 956 2972 nostra
982 2917 1305 2991 cogitatione
1331 2917 1452 2992 [at.,
1473 2920 1800 2995 cognitione]
1818 2925 2101 2995 pervenire

526 3021 632 3061 non
660 3007 855 3078 potuit,
895 3010 1021 3083 quia
1054 3011 1107 3064 in
1140 3010 1232 3069 Dei
1256 3010 1296 3083 1-
1323 3012 1691 3083 dipensatione
1731 3013 1827 3087 [αι.
1861 3015 2097 3089 disposi-

530 3097 696 3172 tione]
728 3115 833 3154 non
863 3101 964 3155 fuit
991 3120 1004 3155 :
1030 3116 1206 3173 neque
1232 3103 1375 3158 enim
1401 3105 1562 3159 homo
1589 3115 1812 3181 peccato
1839 3123 1936 3163 suo
1965 3108 2099 3167 divi-

529 3205 655 3243 num
684 3190 858 3260 potuit
886 3195 1208 3262 perturbare
1234 3195 1519 3251 consilium
1541 3237 1555 3263 ,
1577 3199 1732 3267 quasi
1766 3200 1930 3253 Deum
1954 3202 2096 3270 quod

2213 2019 2317 2061 non
2356 2005 2561 2063 servit:
2593 2000 2722 2059 Tale
2755 2005 2937 2061 datum
2972 2012 3056 2061 est
3088 2018 3117 2059 a
3154 2005 3295 2069 Deo,
3327 2005 3502 2079 quod,
3539 2004 3806 2061 amissum

2209 2095 2429 2169 proprio
2461 2094 2626 2162 vitio,
2660 2092 2766 2151 nisi
2794 2109 2824 2151 a
2855 2110 2963 2165 quo
2984 2094 3100 2151 dari
3128 2095 3337 2165 potuit,
3386 2094 3546 2163 reddi
3578 2112 3692 2153 non
3714 2110 3809 2167 po-

2208 2195 2328 2243 test.
2374 2186 2527 2242 Unde
2558 2185 2771 2243 Veritas
2807 2187 2937 2245 dicit
2978 2206 2990 2242 :
3034 2186 3093 2245 Si
3133 2205 3218 2245 vos
3244 2187 3420 2247 Filius
3462 2188 3806 2255 liberaverit,

2205 2288 2328 2332 tunc
2359 2294 2475 2331 vere
2505 2276 2654 2332 liberi
2679 2278 2825 2333 eritis
2856 2276 3036 2349 (Joan.
3083 2295 3181 2335 vm
3200 2320 3215 2347 ,
3264 2279 3356 2348 36)
3377 2320 3392 2344 ,
3424 2279 3479 2349 id
3508 2279 3699 2350 ipsum
3727 2289 3811 2336 est

2204 2376 2383 2424 autem
2412 2383 2477 2424 ac
2500 2369 2544 2424 si
2568 2368 2805 2424 diceret:
2830 2367 2888 2425 Si
2915 2383 3011 2425 vos
3032 2364 3200 2426 Filius
3229 2368 3410 2429 salvos
3434 2370 3661 2441 fecerit,
3680 2384 3805 2431 tunc

2206 2472 2330 2513 vere
2374 2457 2505 2513 salvi
2557 2458 2731 2515 eritis.
2774 2458 2906 2515 inde
2943 2460 3141 2533 quippe
3187 2460 3454 2519 liberator
3499 2464 3652 2519 unde
3694 2465 3805 2521 sal-

2204 2561 2375 2609 vator.

2273 2643 2312 2713 -ι-
2341 2640 2448 2698 Sed
2489 2643 2617 2715 quia
2662 2659 2785 2701 cum
2832 2642 3095 2703 Cicerone
3141 2653 3198 2702 et
3251 2644 3453 2703 Stoicis
3507 2648 3609 2721 Dei
3654 2664 3799 2727 pra-

2203 2735 2493 2791 scientiam
2509 2738 2722 2792 conaris
2746 2746 3015 2805 evertere,
3033 2738 3159 2794 audi
3179 2738 3308 2811 quid
3329 2738 3397 2795 de
3417 2755 3488 2797 eo
3504 2740 3593 2799 vel
3613 2751 3803 2801 contra

2202 2839 2324 2879 eum
2352 2825 2611 2882 adversus
2664 2828 3075 2887 mathematicos
3118 2838 3366 2898 agentem
3416 2840 3653 2888 sanctus
3694 2834 3805 2889 Au-

2202 2914 2450 2985 gustinus
2500 2917 2553 2971 in
2582 2917 2721 2973 libro
2760 2918 2828 2974 de
2856 2916 3089 2974 Civitate
3122 2917 3216 2972 Dei
3254 2918 3447 2989 quinto
3476 2917 3801 2975 Christiana

2201 3007 2429 3063 veritate
2467 3007 2771 3079 disputarit.
2807 3009 2903 3081 (de
2944 3006 3095 3064 Civit.
3129 3006 3250 3074 Dei,
3295 3007 3388 3064 lib.
3434 3024 3489 3076 v,
3530 3024 3660 3085 cap.
3683 3010 3740 3081 9)
3784 3030 3797 3065 :

2203 3098 2356 3172 [ilos,
2414 3100 2686 3172 inquiens,
2736 3100 2929 3157 Cicero
2978 3102 3051 3169 ita
3101 3100 3427 3173 redarguere
3486 3101 3691 3158 nititur
3744 3113 3803 3158 ut

2198 3182 2308 3245 ’non
2351 3190 2627 3245 existimet
2655 3190 2857 3261 aliquid
2893 3206 2951 3247 se
2988 3191 3249 3247 adversus
3291 3206 3388 3249 eos
3444 3191 3639 3248 valere
3693 3194 3797 3251 nisi

526 3286 792 3333 statuerat
822 3289 1031 3336 mutare
1052 3283 1401 3353 compulerit;
1425 3301 1546 3341 eum
1572 3286 1738 3343 Deum
1766 3291 2099 3359 prmsciendo
2127 3279 2170 3343 C
2203 3280 2415 3336 aurem!
2463 3279 2873 3348 diVinalionem.
2925 3296 3086 3352 quam
3140 3282 3221 3345 Sic
3285 3290 3519 3339 canatur
3577 3284 3801 3355 auferre

528 3376 816 3439 utrumque
845 3372 1197 3440 praevenerit;
1232 3372 1283 3429 id
1315 3384 1397 3430 est
1417 3384 1473 3431 et
1505 3376 1687 3444 homo,
1720 3394 1879 3451 quem
1902 3381 2098 3437 bonum

530 3458 647 3530 ipse
669 3460 896 3526 creavit,
915 3476 1077 3532 quam
1110 3464 1283 3520 malus
1312 3476 1457 3525 esset
1475 3466 1706 3536 futurus,
1736 3479 1792 3524 et
1816 3472 1943 3542 quid
1972 3474 2099 3528 boni

526 3551 691 3606 etiam
720 3552 799 3607 sic
828 3551 896 3609 de
934 3552 1024 3609 illo
1048 3564 1194 3611 esset
1225 3556 1338 3627 ipse
1363 3557 1623 3616 facturus.
1652 3561 1793 3617 Deus
1818 3563 1961 3618 enim
1999 3567 2099 3620 etsi

525 3639 726 3697 dicitur
767 3650 968 3699 statuta
1017 3652 1245 3711 mutare,
1292 3646 1433 3702 unde
1491 3649 1695 3721 tropica
1734 3650 2004 3708 locutione
2047 3654 2100 3709 in

525 3732 822 3804 Scripturis
871 3732 1077 3793 sanctis
1115 3737 1276 3792 etiam
1320 3739 1635 3809 paenituisse
1690 3741 1889 3813 legitur
1933 3741 2099 3797 Dcum

526 3825 580 3897 (Ι
614 3824 737 3899 Reg.
770 3844 856 3890 xv,
890 3830 979 3901 Η)
1000 3871 1014 3895 ,
1041 3828 1197 3898 juxta
1240 3830 1292 3885 id
1323 3831 1521 3886 dicitur
1544 3832 1685 3903 quod
1720 3833 1881 3889 homo
1917 3849 2103 3905 spera-

532 3926 706 3983 verat,
742 3917 825 3973 vel
856 3920 1184 3974 naturalium
1218 3936 1504 3977 causarum
1533 3923 1667 3979 ordo
1694 3924 1959 3996 gestabat,
1992 3942 2098 3982 non

518 4009 677 4089 juxta
707 4009 760 4065 id
809 4013 953 4080 quod
993 4027 1054 4067 se
1083 4011 1440 4085 Omnipotens
1486 4014 1752 4071 iacturum
1797 4033 1919 4073 esse
1966 4034 2102 4089 prae-

527 4088 747 4177 seiéi‘at.
784 4101 931 4156 Fecit
958 4103 1141 4175 itaque
1167 4102 1308 4159 Dens
1333 4106 1492 4176 (sicut
1518 4108 1777 4179 scriptum
1802 4110 1907 4179 est)
1933 4088 2100 4164 homi-

530 4206 647 4244 nem
686 4202 881 4246 rectnm
913 4190 1111 4265 (Eccle.
1142 4210 1239 4261 vit,
1287 4197 1398 4268 ‘50),
1441 4212 1504 4252 ac
1533 4213 1629 4268 per
1676 4199 1777 4253 hoc
1811 4199 2100 4256 voluntatis

528 4284 714 4351 bonae;
744 4299 851 4339 nou
878 4286 1023 4340 enim
1051 4296 1229 4342 rectus
1257 4296 1400 4343 esset
1418 4289 1613 4344 bonam
1644 4305 1749 4344 non
1772 4291 1975 4346 habens
1999 4307 2094 4346 vo-

522 4375 809 4429 luntatem.
856 4375 1001 4430 Bona
1047 4378 1210 4448 igitur
1242 4380 1490 4435 voluntas
1530 4396 1665 4453 opus
1694 4390 1776 4437 est
1802 4383 1928 4449 Dei;
1972 4400 2094 4439 cum

470 4454 479 4464 ”
524 4482 589 4523 ea
616 4466 814 4538 quippe
841 4466 908 4521 ab
935 4466 1023 4522 illo
1045 4466 1218 4523 factus
1243 4478 1327 4523 est
1356 4469 1546 4535 homo;
1578 4460 1723 4525 mala'
1748 4486 1876 4527 vero
1908 4473 2097 4527 volun-

522 4568 608 4614 tas
633 4558 826 4627 prima,
855 4557 1111 4626 quoniam
1135 4559 1318 4614 omnia
1355 4574 1519 4630 opera
1555 4561 1696 4616 mala
1724 4563 2000 4632 praecessit
2039 4565 2092 4618 in

526 4650 772 4716 homine,
821 4650 1066 4706 defectus
1092 4651 1271 4723 potius
1318 4653 1414 4707 fuit
1434 4654 1652 4725 quidam
1700 4656 1768 4711 ab
1816 4671 1979 4726 opere
2004 4656 2095 4712 Dei

523 4740 589 4797 ad
613 4756 710 4797 sua
738 4756 925 4813 opera,
948 4756 1110 4813 quam
1131 4759 1265 4814 opus
1288 4745 1472 4800 ullum.
1498 4746 1563 4801 Et
1590 4746 1710 4803 ideo
1740 4747 1877 4803 mala
1909 4764 2095 4820 opera,

523 4835 649 4904 quia
680 4834 976 4890 secundum
1000 4849 1080 4901 se,
1110 4851 1215 4891 non
1256 4838 1548 4894 secundum
1593 4837 1780 4902 Deum,
1824 4848 1883 4896 ut
1909 4857 2095 4896 eorum

524 4944 747 4999 operum
780 4939 1033 5001 tanquam
1073 4927 1344 4986 fructuum
1394 4932 1657 4987 malorum
1693 4934 1943 4989 voluntas
1980 4935 2095 5005 ipsa

521 5027 668 5075 esset
700 5018 846 5074 velut
875 5022 1038 5076 arbor
1075 5021 1233 5086 mala,
1271 5030 1361 5076 aut
1388 5022 1501 5091 ipse
1546 5023 1707 5078 homo
1739 5025 1790 5077 in
1834 5034 2095 5095 quantum

524 5112 678 5168 malae
702 5111 1015 5168 voluntatis.
1044 5112 1213 5169 Porro
1235 5112 1374 5168 mala
1406 5113 1683 5180 voluntas,
1711 5116 1958 5183 quamvis
1988 5131 2093 5170 non

523 5203 595 5259 sit
623 5204 920 5259 secundum
977 5210 1250 5271 naturam,
1306 5203 1399 5260 sed
1427 5212 1614 5259 contra
1658 5214 1929 5269 naturam,
1968 5208 2094 5276 quia

522 5294 711 5349 vitium
758 5303 878 5362 est,
933 5305 1110 5351 tamen
1149 5296 1266 5367 ejus
1313 5306 1521 5351 natura:
1566 5305 1652 5350 est
1694 5294 1846 5364 cujus
1892 5307 1976 5353 est
2018 5299 2096 5352 vi-

523 5386 655 5440 tium
695 5427 711 5452 ,
786 5388 929 5459 quod
991 5389 1091 5444 nisi
1148 5406 1200 5444 tn
1269 5398 1457 5444 natura
1510 5404 1615 5444 non
1678 5398 1856 5461 potest
1918 5406 2038 5447 esse
2078 5434 2092 5459 ,

524 5478 617 5532 sed
664 5478 716 5532 in
769 5494 834 5533 ea
887 5494 1046 5553 quam
1103 5480 1311 5534 creavit
1367 5495 1433 5534 ex
1493 5478 1707 5544 nihilo,
1769 5495 1874 5535 non
1933 5497 2093 5551 quam

520 5568 705 5637 genuit
732 5579 945 5624 creator
984 5570 1051 5624 de
1082 5584 1139 5624 se
1184 5571 1234 5623 in
1268 5585 1326 5625 se
1353 5571 1467 5641 ipso
1500 5569 1623 5642 [al.,
1653 5571 1717 5625 de
1746 5569 2092 5642 semetipso].

522 5656 677 5712 Sicut
708 5661 893 5731 genuit
933 5662 1154 5717 verbum
1182 5678 1277 5730 per
1324 5662 1465 5731 qttod
1510 5660 1650 5717 facta
1702 5671 1829 5716 sunt
1865 5662 2047 5717 omnia
2077 5701 2092 5725 ,

523 5748 683 5817 quia,
719 5751 818 5804 etsi
849 5751 914 5805 de
959 5761 1114 5806 terra:
1142 5751 1359 5822 pulvere
1402 5751 1541 5808 Deus
1590 5753 1744 5807 ﬁnxit
1788 5752 2092 5817 hominem,

523 5840 712 5893 eadem
765 5849 908 5896 terra
966 5843 1304 5912 hominisque
1354 5844 1474 5915 [al.,
1508 5842 1814 5916 omnisque]
1879 5852 2092 5899 terrena

2202 3381 2263 3426 ut
2288 3382 2445 3443 neget
2464 3386 2584 3427 esse
2605 3372 2886 3428 scientiam
2918 3372 3247 3441 futurorum,
3276 3388 3509 3447 eamque
3536 3375 3801 3430 omnibus

2202 3464 2406 3519 viribus
2456 3464 2655 3519 nullam
2695 3480 2815 3520 esse
2862 3464 3082 3520 omnino
3132 3465 3447 3537 contendat,
3482 3463 3571 3521 vel
3610 3466 3668 3520 in
3698 3467 3796 3529 ho-

2204 3558 2364 3622 mine,
2396 3556 2480 3611 vel
2510 3558 2561 3611 in
2610 3557 2745 3624 Deo,
2792 3556 3104 3627 nullamque
3146 3570 3327 3611 rerum
3355 3556 3793 3629 praedictionem.

2200 3646 2279 3702 lta
2306 3656 2360 3702 et
2390 3647 2480 3702 Dei
2508 3646 2904 3717 przescientiam
2928 3655 3108 3721 negat,
3126 3655 3182 3701 et
3204 3661 3419 3707 omnem
3448 3648 3795 3719 prophetiam

2203 3736 2275 3789 Ιιι(
2292 3751 2321 3790 c
2341 3734 2625 3791 clariorem
2652 3745 2881 3791 conatur
2917 3747 3161 3792 evertere
3184 3737 3335 3792 vanis
3356 3741 3797 3809 argumentatio-

2200 3828 2381 3890 nibus.
2400 3837 2455 3883 et
2479 3828 2798 3897 opponendo
2824 3827 2924 3883 sibi
2951 3829 3195 3899 quaedam
3224 3828 3447 3883 oracula
3472 3845 3601 3909 quas
3644 3830 3798 3887 facile

2201 3928 2427 3990 possunt
2470 3918 2662 3985 refelli,
2711 3934 2831 3993 quae
2869 3930 3046 3974 tamen
3100 3935 3202 3975 nec
3236 3920 3350 3993 ipse
3399 3920 3705 3975 convincit.
3738 3921 3797 3977 In

2202 4015 2288 4069 his
2335 4022 2512 4069 autem
2558 4012 3067 4070 mathematicorum
3113 4012 3439 4083 coniecturis
3489 4013 3799 4071 refutandis

2198 4106 2317 4178 ejus
2344 4114 2534 4177 regnat
2559 4106 2764 4172 oratio;
2799 4106 2925 4179 quia
2954 4121 3083 4161 vere
3122 4105 3255 4161 tales
3301 4113 3425 4160 sunt
3470 4113 3533 4159 ut
3576 4120 3642 4161 se
3670 4107 3799 4179 ipsa:

2201 4197 2484 4253 destruant
2521 4206 2578 4252 et
2605 4196 2871 4253 refellant.
2902 4196 3066 4253 Multo
3096 4206 3221 4263 sunt
3240 4206 3421 4255 autem
3446 4197 3797 4255 tolerabilio-

2200 4304 2287 4344 res
2316 4288 2407 4359 qui
2440 4288 2521 4343 vel
2552 4288 2733 4344 sidera
2782 4287 2893 4343 fata
2924 4288 3293 4355 constituunt,
3338 4303 3505 4361 quam
3558 4290 3673 4349 iste
3701 4294 3795 4367 qui

2201 4381 2337 4436 tollit
2359 4381 2752 4452 praescientiam
2791 4379 3125 4447 futurorum;
3156 4395 3279 4434 nam
3305 4388 3360 4436 et
3381 4378 3643 4438 conﬁteri
3675 4398 3799 4439 esse

2199 4473 2403 4539 Deum,
2445 4483 2498 4527 et
2526 4487 2723 4542 negare
2767 4485 2887 4527 esse
2934 4472 3218 4547 pmscium
3253 4468 3590 4539 futurorum,
3639 4489 3800 4547 aper-

2201 4563 2405 4618 tissima
2437 4562 2644 4617 insania
2672 4572 2755 4617 est
2785 4576 2799 4614 :
2832 4563 2974 4632 quod
3000 4569 3054 4617 et
3084 4562 3196 4632 ipse
3216 4577 3336 4616 eum
3365 4560 3598 4629 videret,
3624 4564 3796 4618 etiam

2127 4634 2175 4693 Ι)
2202 4652 2330 4708 illud
2359 4652 2585 4708 tentavit
2623 4666 2867 4707 asserere
2896 4652 3038 4722 quod
3078 4653 3337 4723 scriptum
3364 4664 3446 4711 est
3479 4672 3493 4706 :
3528 4651 3685 4708 Dixit
3716 4656 3797 4708 in-

2200 4745 2391 4813 sipiens
2414 4745 2467 4797 in
2508 4743 2664 4797 corde
2683 4759 2778 4798 suo
2803 4758 2904 4797 non
2937 4752 3011 4797 est
3040 4741 3183 4799 Deus
3210 4741 3380 4814 (Psal.
3418 4759 3541 4809 xm,
3574 4744 3655 4815 Ι).
3688 4744 3795 4800 Sed

2198 4849 2307 4888 non
2330 4846 2394 4888 ex
2422 4847 2518 4889 sua
2546 4847 2772 4903 persona
2807 4851 2820 4887 :
2852 4829 2997 4887 Vidit
3022 4834 3164 4888 enim
3194 4849 3356 4905 quam
3379 4844 3523 4891 esset
3548 4836 3791 4891 invidio-

2199 4943 2317 4983 sum
2344 4937 2398 4982 et
2440 4926 2744 4982 molestum.
2768 4925 3000 4999 ideoque
3020 4927 3233 4982 Cottam
3268 4926 3396 4983 fecit
3419 4929 3788 4999 disputantem

2197 5018 2264 5073 de
2302 5018 2405 5073 hac
2453 5033 2510 5072 re
2544 5016 2805 5072 adversus
2848 5014 3087 5083 Stoicos,
3135 5019 3185 5072 in
3235 5017 3391 5074 libris
3440 5018 3518 5073 De
3562 5008 3785 5075 deorum

2200 5122 2410 5177 natura,
2442 5118 2497 5166 et
2524 5125 2623 5180 pro
2661 5109 2865 5165 Lucilio
2904 5109 3089 5177 Balbo,
3130 5111 3215 5166 cui
3262 5109 3567 5166 Stoicorum
3602 5121 3789 5185 partes

2198 5201 2561 5258 defendendas
2607 5201 2773 5268 dedit,
2804 5201 2995 5257 maluit
3048 5204 3188 5258 ferre
3239 5202 3586 5266 sententiam,
3620 5217 3781 5275 quatr

2195 5310 2296 5366 pro
2317 5294 2493 5359 Cotta,
2514 5295 2604 5365 qui
2627 5293 2828 5350 nullam
2862 5292 3098 5355 divinam
3129 5303 3380 5351 naturam
3407 5310 3531 5353 esse
3556 5306 3781 5351 conten.

2198 5388 2292 5442 dit.
2327 5387 2381 5441 In
2412 5387 2566 5442 libris
2596 5401 2725 5442 vero
2774 5385 2850 5441 De
2893 5386 3255 5455 Divinatione,
3287 5402 3351 5442 ex
3393 5402 3451 5442 se
3479 5387 3595 5461 ipso
3627 5403 3782 5457 aper-

2200 5480 2405 5535 tissime
2444 5490 2716 5552 oppugnat
2745 5481 3143 5551 prteseientiam
3190 5481 3514 5536 futurorum.
3544 5479 3661 5535 Hoc
3693 5499 3783 5535 au-

2202 5582 2310 5626 tem
2346 5581 2515 5628 totum
2546 5571 2728 5628 facere
2748 5574 2980 5635 videtur,
3022 5590 3088 5628 nc
3112 5572 3277 5628 fatum
3312 5588 3430 5627 esse
3453 5575 3779 5631 consenti.:t.

2199 5670 2255 5716 et
2286 5663 2478 5733 perdat
2510 5662 2736 5718 liberam
2763 5661 3109 5729 voluntatem,
3148 5672 3297 5734 putat
3328 5664 3495 5729 enim,
3526 5679 3777 5717 conte»:

2200 5754 2427 5809 scientia
2476 5755 2804 5821 futurorum,
2846 5753 2919 5808 ita
2953 5770 3072 5810 esse
3114 5768 3451 5825 consequens
3502 5753 3698 5811 fatum.
3726 5762 3777 5805 ut

2200 5846 2384 5916 negari
2411 5847 2631 5901 omnino
2675 5863 2777 5901 non
2820 5847 3006 5937 possit.
3041 5845 3146 5902 Sed
3193 5845 3655 5931 quoquomodose
3692 5844 3778 5899 ha-
