  <div class='ocr_page' id='page_1' title='image "/cluster/home/n/w/nwhite01/storage/ocr_20150623/115/hvd.32044015466873/574.png"; bbox 0 0 4010 6352; ppageno 0'>
   <div class='ocr_carea' id='block_1_1' title="bbox 146 390 360 449">
    <p class='ocr_par' dir='ltr' id='par_1_1' title="bbox 146 390 360 449">
     <span class='ocr_line' id='line_1_1' title="bbox 146 390 360 449; baseline -0.014 0"><span class='ocrx_word' id='word_1_1' title='bbox 146 390 179 420; x_wconf 87' lang='grc'><strong><em>⁹</em></strong></span> <span class='ocrx_word' id='word_1_2' title='bbox 230 391 360 449; x_wconf 73' lang='grc' dir='ltr'><strong>ΗΜ</strong></span> 
     </span>
    </p>
   </div>
   <div class='ocr_carea' id='block_1_2' title="bbox 1075 326 2612 463">
    <p class='ocr_par' dir='ltr' id='par_1_2' title="bbox 1075 326 2612 463">
     <span class='ocr_line' id='line_1_2' title="bbox 1075 326 2612 463; baseline -0.001 -11"><span class='ocrx_word' id='word_1_3' title='bbox 1075 395 1165 452; x_wconf 87' lang='lat' dir='ltr'><strong>DE</strong></span> <span class='ocrx_word' id='word_1_4' title='bbox 1202 393 1874 455; x_wconf 64' lang='lat' dir='ltr'><strong>PRAEDESTINATIONE</strong></span> <span class='ocrx_word' id='word_1_5' title='bbox 1909 326 2185 454; x_wconf 51' lang='lat' dir='ltr'><strong>CON&#39;E‘RA</strong></span> <span class='ocrx_word' id='word_1_6' title='bbox 2226 393 2275 457; x_wconf 71' lang='lat' dir='ltr'><strong>J.</strong></span> <span class='ocrx_word' id='word_1_7' title='bbox 2316 394 2612 463; x_wconf 74' lang='lat' dir='ltr'><strong>SCOTUM.</strong></span> 
     </span>
    </p>
   </div>
   <div class='ocr_carea' id='block_1_3' title="bbox 3337 403 3482 469">
    <p class='ocr_par' dir='ltr' id='par_1_3' title="bbox 3337 403 3482 469">
     <span class='ocr_line' id='line_1_3' title="bbox 3337 403 3482 469; baseline -0.014 -7"><span class='ocrx_word' id='word_1_8' title='bbox 3337 403 3482 469; x_wconf 61' lang='grc'><strong>1142</strong></span> 
     </span>
    </p>
   </div>
   <div class='ocr_carea' id='block_1_4' title="bbox 225 503 3486 580">
    <p class='ocr_par' dir='ltr' id='par_1_4' title="bbox 225 503 3486 580">
     <span class='ocr_line' id='line_1_4' title="bbox 225 503 3486 580; baseline 0.003 -22"><span class='ocrx_word' id='word_1_9' title='bbox 225 503 390 559; x_wconf 88' lang='lat' dir='ltr'><strong>beant</strong></span> <span class='ocrx_word' id='word_1_10' title='bbox 414 504 820 560; x_wconf 74' lang='lat' dir='ltr'><strong>tortuosissimze</strong></span> <span class='ocrx_word' id='word_1_11' title='bbox 852 508 1282 563; x_wconf 76' lang='lat' dir='ltr'><strong>concertationes</strong></span> <span class='ocrx_word' id='word_1_12' title='bbox 1310 516 1365 562; x_wconf 93' lang='lat' dir='ltr'><strong>et</strong></span> <span class='ocrx_word' id='word_1_13' title='bbox 1408 507 1799 580; x_wconf 84' lang='lat' dir='ltr'><strong>disputationes</strong></span> <span class='ocrx_word' id='word_1_14' title='bbox 1826 512 1875 577; x_wconf 81' lang='grc' dir='ltr'>Α</span> <span class='ocrx_word' id='word_1_15' title='bbox 1900 507 2027 579; x_wconf 89' lang='lat' dir='ltr'><strong>quid</strong></span> <span class='ocrx_word' id='word_1_16' title='bbox 2072 521 2102 561; x_wconf 89' lang='lat' dir='ltr'><strong>a</strong></span> <span class='ocrx_word' id='word_1_17' title='bbox 2148 507 2302 565; x_wconf 91' lang='lat' dir='ltr'><strong>nobis</strong></span> <span class='ocrx_word' id='word_1_18' title='bbox 2341 523 2445 561; x_wconf 92' lang='lat' dir='ltr'><strong>non</strong></span> <span class='ocrx_word' id='word_1_19' title='bbox 2481 507 2581 562; x_wconf 88' lang='lat' dir='ltr'><strong>nisi</strong></span> <span class='ocrx_word' id='word_1_20' title='bbox 2624 507 2927 566; x_wconf 89' lang='lat' dir='ltr'><strong>volentibus</strong></span> <span class='ocrx_word' id='word_1_21' title='bbox 2974 509 3088 566; x_wconf 91' lang='lat' dir='ltr'><strong>ﬁeri</strong></span> <span class='ocrx_word' id='word_1_22' title='bbox 3136 512 3402 573; x_wconf 83' lang='lat' dir='ltr'><strong>sentimus</strong></span> <span class='ocrx_word' id='word_1_23' title='bbox 3430 521 3486 568; x_wconf 89' lang='lat' dir='ltr'><strong>et</strong></span> 
     </span>
    </p>
   </div>
   <div class='ocr_carea' id='block_1_5' title="bbox 224 588 1800 669">
    <p class='ocr_par' dir='ltr' id='par_1_5' title="bbox 224 588 1800 669">
     <span class='ocr_line' id='line_1_5' title="bbox 224 588 1800 669; baseline 0.003 -20"><span class='ocrx_word' id='word_1_24' title='bbox 224 594 696 666; x_wconf 80' lang='lat' dir='ltr'><strong>philosophorum,</strong></span> <span class='ocrx_word' id='word_1_25' title='bbox 741 610 860 663; x_wconf 90' lang='lat' dir='ltr'><strong>nos,</strong></span> <span class='ocrx_word' id='word_1_26' title='bbox 896 604 954 652; x_wconf 94' lang='lat' dir='ltr'><strong>ut</strong></span> <span class='ocrx_word' id='word_1_27' title='bbox 982 588 1303 669; x_wconf 79' lang='lat' dir='ltr'><strong>conﬁtemur</strong></span> <span class='ocrx_word' id='word_1_28' title='bbox 1328 613 1597 653; x_wconf 90' lang='lat' dir='ltr'><strong>summum</strong></span> <span class='ocrx_word' id='word_1_29' title='bbox 1624 608 1679 653; x_wconf 91' lang='lat' dir='ltr'><strong>et</strong></span> <span class='ocrx_word' id='word_1_30' title='bbox 1708 612 1800 653; x_wconf 89' lang='lat' dir='ltr'><strong>ve-</strong></span> 
     </span>
    </p>
   </div>
   <div class='ocr_carea' id='block_1_6' title="bbox 226 686 1799 767">
    <p class='ocr_par' dir='ltr' id='par_1_6' title="bbox 226 686 1799 767">
     <span class='ocr_line' id='line_1_6' title="bbox 226 686 1799 767; baseline 0.003 -24"><span class='ocrx_word' id='word_1_31' title='bbox 226 702 347 743; x_wconf 89' lang='lat' dir='ltr'><strong>rum</strong></span> <span class='ocrx_word' id='word_1_32' title='bbox 372 687 565 754; x_wconf 89' lang='lat' dir='ltr'><strong>Deum,</strong></span> <span class='ocrx_word' id='word_1_33' title='bbox 594 686 672 743; x_wconf 87' lang='lat' dir='ltr'><strong>ita</strong></span> <span class='ocrx_word' id='word_1_34' title='bbox 701 689 1034 746; x_wconf 80' lang='lat' dir='ltr'><strong>voluntatem</strong></span> <span class='ocrx_word' id='word_1_35' title='bbox 1080 706 1452 767; x_wconf 84' lang='lat' dir='ltr'><strong>summamque</strong></span> <span class='ocrx_word' id='word_1_36' title='bbox 1482 700 1799 767; x_wconf 88' lang='lat' dir='ltr'><strong>potestatem</strong></span> 
     </span>
    </p>
   </div>
   <div class='ocr_carea' id='block_1_7' title="bbox 228 781 1802 857">
    <p class='ocr_par' dir='ltr' id='par_1_7' title="bbox 228 781 1802 857">
     <span class='ocr_line' id='line_1_7' title="bbox 228 781 1802 857; baseline 0.001 -20"><span class='ocrx_word' id='word_1_37' title='bbox 228 796 293 838; x_wconf 89' lang='lat' dir='ltr'><strong>ac</strong></span> <span class='ocrx_word' id='word_1_38' title='bbox 311 781 710 857; x_wconf 84' lang='lat' dir='ltr'><strong>praescieatiam</strong></span> <span class='ocrx_word' id='word_1_39' title='bbox 745 782 861 852; x_wconf 87' lang='lat' dir='ltr'><strong>ejus</strong></span> <span class='ocrx_word' id='word_1_40' title='bbox 907 784 1225 840; x_wconf 90' lang='lat' dir='ltr'><strong>conﬁtemur</strong></span> <span class='ocrx_word' id='word_1_41' title='bbox 1255 804 1267 840; x_wconf 88' lang='lat'><strong>:</strong></span> <span class='ocrx_word' id='word_1_42' title='bbox 1296 785 1405 840; x_wconf 83' lang='lat' dir='ltr'><strong>Nec</strong></span> <span class='ocrx_word' id='word_1_43' title='bbox 1439 785 1691 840; x_wconf 86' lang='lat' dir='ltr'><strong>timemus</strong></span> <span class='ocrx_word' id='word_1_44' title='bbox 1734 798 1802 840; x_wconf 92' lang='lat' dir='ltr'><strong>ne</strong></span> 
     </span>
    </p>
   </div>
   <div class='ocr_carea' id='block_1_8' title="bbox 226 870 1799 944">
    <p class='ocr_par' dir='ltr' id='par_1_8' title="bbox 226 870 1799 944">
     <span class='ocr_line' id='line_1_8' title="bbox 226 870 1799 944; baseline 0.002 -18"><span class='ocrx_word' id='word_1_45' title='bbox 226 870 349 927; x_wconf 89' lang='lat' dir='ltr'><strong>ideo</strong></span> <span class='ocrx_word' id='word_1_46' title='bbox 376 886 482 925; x_wconf 92' lang='lat' dir='ltr'><strong>non</strong></span> <span class='ocrx_word' id='word_1_47' title='bbox 507 870 781 927; x_wconf 84' lang='lat' dir='ltr'><strong>voluntate</strong></span> <span class='ocrx_word' id='word_1_48' title='bbox 801 872 1061 929; x_wconf 79' lang='lat' dir='ltr'><strong>faciamus</strong></span> <span class='ocrx_word' id='word_1_49' title='bbox 1090 874 1230 944; x_wconf 90' lang='lat' dir='ltr'><strong>quod</strong></span> <span class='ocrx_word' id='word_1_50' title='bbox 1256 874 1528 930; x_wconf 84' lang='lat' dir='ltr'><strong>voluntate</strong></span> <span class='ocrx_word' id='word_1_51' title='bbox 1554 874 1799 943; x_wconf 80' lang='lat' dir='ltr'><strong>facimus,</strong></span> 
     </span>
    </p>
   </div>
   <div class='ocr_carea' id='block_1_9' title="bbox 226 961 1803 1036">
    <p class='ocr_par' dir='ltr' id='par_1_9' title="bbox 226 961 1803 1036">
     <span class='ocr_line' id='line_1_9' title="bbox 226 961 1803 1036; baseline 0.003 -19"><span class='ocrx_word' id='word_1_52' title='bbox 226 962 354 1034; x_wconf 82' lang='lat' dir='ltr'><strong>quia</strong></span> <span class='ocrx_word' id='word_1_53' title='bbox 380 961 436 1017; x_wconf 89' lang='lat' dir='ltr'><strong>id</strong></span> <span class='ocrx_word' id='word_1_54' title='bbox 464 977 562 1017; x_wconf 93' lang='lat' dir='ltr'><strong>nos</strong></span> <span class='ocrx_word' id='word_1_55' title='bbox 596 961 836 1019; x_wconf 88' lang='lat' dir='ltr'><strong>facturos</strong></span> <span class='ocrx_word' id='word_1_56' title='bbox 858 963 948 1019; x_wconf 92' lang='lat' dir='ltr'><strong>ille</strong></span> <span class='ocrx_word' id='word_1_57' title='bbox 972 966 1242 1035; x_wconf 70' lang='lat' dir='ltr'><strong>praescivit</strong></span> <span class='ocrx_word' id='word_1_58' title='bbox 1275 964 1428 1035; x_wconf 87' lang='lat' dir='ltr'><strong>cujus</strong></span> <span class='ocrx_word' id='word_1_59' title='bbox 1468 966 1803 1036; x_wconf 78' lang='lat' dir='ltr'><strong>praescientia</strong></span> 
     </span>
    </p>
   </div>
   <div class='ocr_carea' id='block_1_10' title="bbox 224 1050 1805 1129">
    <p class='ocr_par' dir='ltr' id='par_1_10' title="bbox 224 1050 1805 1129">
     <span class='ocr_line' id='line_1_10' title="bbox 224 1050 1805 1129; baseline 0.003 -21"><span class='ocrx_word' id='word_1_60' title='bbox 224 1050 337 1108; x_wconf 90' lang='lat' dir='ltr'><strong>falli</strong></span> <span class='ocrx_word' id='word_1_61' title='bbox 371 1067 476 1107; x_wconf 91' lang='lat' dir='ltr'><strong>non</strong></span> <span class='ocrx_word' id='word_1_62' title='bbox 504 1061 710 1123; x_wconf 84' lang='lat' dir='ltr'><strong>potest;</strong></span> <span class='ocrx_word' id='word_1_63' title='bbox 755 1055 897 1124; x_wconf 87' lang='lat' dir='ltr'><strong>quod</strong></span> <span class='ocrx_word' id='word_1_64' title='bbox 922 1054 1112 1111; x_wconf 89' lang='lat' dir='ltr'><strong>Cicero</strong></span> <span class='ocrx_word' id='word_1_65' title='bbox 1141 1057 1340 1122; x_wconf 87' lang='lat' dir='ltr'><strong>timuit,</strong></span> <span class='ocrx_word' id='word_1_66' title='bbox 1370 1066 1430 1113; x_wconf 91' lang='lat' dir='ltr'><strong>ut</strong></span> <span class='ocrx_word' id='word_1_67' title='bbox 1470 1064 1805 1129; x_wconf 77' lang='lat' dir='ltr'><strong>oppugnaret</strong></span> 
     </span>
    </p>
   </div>
   <div class='ocr_carea' id='block_1_11' title="bbox 228 1134 1803 1216">
    <p class='ocr_par' dir='ltr' id='par_1_11' title="bbox 228 1134 1803 1216">
     <span class='ocr_line' id='line_1_11' title="bbox 228 1134 1803 1216; baseline 0.005 -18"><span class='ocrx_word' id='word_1_68' title='bbox 228 1144 643 1216; x_wconf 74' lang='lat' dir='ltr'><strong>praescientiam,</strong></span> <span class='ocrx_word' id='word_1_69' title='bbox 674 1156 728 1200; x_wconf 88' lang='lat' dir='ltr'><strong>et</strong></span> <span class='ocrx_word' id='word_1_70' title='bbox 772 1144 943 1202; x_wconf 87' lang='lat' dir='ltr'><strong>Stoici</strong></span> <span class='ocrx_word' id='word_1_71' title='bbox 982 1156 1042 1202; x_wconf 90' lang='lat' dir='ltr'><strong>ut</strong></span> <span class='ocrx_word' id='word_1_72' title='bbox 1091 1164 1197 1203; x_wconf 92' lang='lat' dir='ltr'><strong>non</strong></span> <span class='ocrx_word' id='word_1_73' title='bbox 1247 1150 1428 1205; x_wconf 87' lang='lat' dir='ltr'><strong>omnia</strong></span> <span class='ocrx_word' id='word_1_74' title='bbox 1479 1134 1803 1207; x_wconf 73' lang='lat' dir='ltr'><strong>necessitate</strong></span> 
     </span>
    </p>
   </div>
   <div class='ocr_carea' id='block_1_12' title="bbox 225 1234 1805 1311">
    <p class='ocr_par' dir='ltr' id='par_1_12' title="bbox 225 1234 1805 1311">
     <span class='ocr_line' id='line_1_12' title="bbox 225 1234 1805 1311; baseline 0.003 -21"><span class='ocrx_word' id='word_1_75' title='bbox 225 1235 345 1291; x_wconf 83' lang='lat' dir='ltr'><strong>ﬁeri</strong></span> <span class='ocrx_word' id='word_1_76' title='bbox 372 1234 632 1301; x_wconf 80' lang='lat' dir='ltr'><strong>dicerent,</strong></span> <span class='ocrx_word' id='word_1_77' title='bbox 663 1250 970 1311; x_wconf 83' lang='lat' dir='ltr'><strong>quanquam</strong></span> <span class='ocrx_word' id='word_1_78' title='bbox 999 1238 1178 1293; x_wconf 83' lang='lat' dir='ltr'><strong>omnia</strong></span> <span class='ocrx_word' id='word_1_79' title='bbox 1225 1237 1335 1294; x_wconf 90' lang='lat' dir='ltr'><strong>fato</strong></span> <span class='ocrx_word' id='word_1_80' title='bbox 1370 1240 1485 1307; x_wconf 87' lang='lat' dir='ltr'><strong>ﬁeri</strong></span> <span class='ocrx_word' id='word_1_81' title='bbox 1517 1242 1805 1296; x_wconf 82' lang='lat' dir='ltr'><strong>contende-</strong></span> 
     </span>
    </p>
   </div>
   <div class='ocr_carea' id='block_1_13' title="bbox 229 1326 1806 1403">
    <p class='ocr_par' dir='ltr' id='par_1_13' title="bbox 229 1326 1806 1403">
     <span class='ocr_line' id='line_1_13' title="bbox 229 1326 1806 1403; baseline 0.006 -23"><span class='ocrx_word' id='word_1_82' title='bbox 229 1334 370 1381; x_wconf 90' lang='lat' dir='ltr'><strong>rent.</strong></span> <span class='ocrx_word' id='word_1_83' title='bbox 402 1326 538 1394; x_wconf 83' lang='lat' dir='ltr'><strong>Quid</strong></span> <span class='ocrx_word' id='word_1_84' title='bbox 562 1336 645 1381; x_wconf 89' lang='lat' dir='ltr'><strong>est</strong></span> <span class='ocrx_word' id='word_1_85' title='bbox 681 1342 811 1398; x_wconf 87' lang='lat' dir='ltr'><strong>ergo</strong></span> <span class='ocrx_word' id='word_1_86' title='bbox 834 1328 977 1397; x_wconf 91' lang='lat' dir='ltr'><strong>quod</strong></span> <span class='ocrx_word' id='word_1_87' title='bbox 1003 1328 1194 1385; x_wconf 81' lang='lat' dir='ltr'><strong>Cicero</strong></span> <span class='ocrx_word' id='word_1_88' title='bbox 1235 1331 1414 1387; x_wconf 90' lang='lat' dir='ltr'><strong>timuit</strong></span> <span class='ocrx_word' id='word_1_89' title='bbox 1440 1333 1493 1388; x_wconf 91' lang='lat' dir='ltr'><strong>in</strong></span> <span class='ocrx_word' id='word_1_90' title='bbox 1518 1334 1806 1403; x_wconf 76' lang='lat' dir='ltr'><strong>praescien-</strong></span> 
     </span>
    </p>
   </div>
   <div class='ocr_carea' id='block_1_14' title="bbox 229 1419 1804 1495">
    <p class='ocr_par' dir='ltr' id='par_1_14' title="bbox 229 1419 1804 1495">
     <span class='ocr_line' id='line_1_14' title="bbox 229 1419 1804 1495; baseline 0.005 -22"><span class='ocrx_word' id='word_1_91' title='bbox 229 1420 306 1474; x_wconf 87' lang='lat' dir='ltr'><strong>tia</strong></span> <span class='ocrx_word' id='word_1_92' title='bbox 332 1419 661 1486; x_wconf 86' lang='lat' dir='ltr'><strong>futurorum,</strong></span> <span class='ocrx_word' id='word_1_93' title='bbox 692 1428 753 1475; x_wconf 89' lang='lat' dir='ltr'><strong>ut</strong></span> <span class='ocrx_word' id='word_1_94' title='bbox 777 1435 896 1476; x_wconf 89' lang='lat' dir='ltr'><strong>eam</strong></span> <span class='ocrx_word' id='word_1_95' title='bbox 936 1421 1266 1479; x_wconf 83' lang='lat' dir='ltr'><strong>labefactare</strong></span> <span class='ocrx_word' id='word_1_96' title='bbox 1307 1424 1667 1495; x_wconf 85' lang='lat' dir='ltr'><strong>disputatione</strong></span> <span class='ocrx_word' id='word_1_97' title='bbox 1712 1427 1804 1481; x_wconf 91' lang='lat' dir='ltr'><strong>de-</strong></span> 
     </span>
    </p>
   </div>
   <div class='ocr_carea' id='block_1_15' title="bbox 226 1510 1807 1587">
    <p class='ocr_par' dir='ltr' id='par_1_15' title="bbox 226 1510 1807 1587">
     <span class='ocr_line' id='line_1_15' title="bbox 226 1510 1807 1587; baseline 0.003 -22"><span class='ocrx_word' id='word_1_98' title='bbox 226 1510 463 1566; x_wconf 86' lang='lat' dir='ltr'><strong>testabili</strong></span> <span class='ocrx_word' id='word_1_99' title='bbox 510 1511 810 1567; x_wconf 79' lang='lat' dir='ltr'><strong>niteretur?</strong></span> <span class='ocrx_word' id='word_1_100' title='bbox 843 1513 1099 1569; x_wconf 83' lang='lat' dir='ltr'><strong>Videlicet</strong></span> <span class='ocrx_word' id='word_1_101' title='bbox 1144 1516 1271 1586; x_wconf 87' lang='lat' dir='ltr'><strong>quia</strong></span> <span class='ocrx_word' id='word_1_102' title='bbox 1314 1516 1358 1571; x_wconf 89' lang='lat' dir='ltr'><strong>si</strong></span> <span class='ocrx_word' id='word_1_103' title='bbox 1387 1518 1635 1587; x_wconf 63' lang='lat' dir='ltr'><strong>praescita</strong></span> <span class='ocrx_word' id='word_1_104' title='bbox 1683 1524 1807 1572; x_wconf 90' lang='lat' dir='ltr'><strong>sunt</strong></span> 
     </span>
    </p>
   </div>
   <div class='ocr_carea' id='block_1_16' title="bbox 227 1601 1809 1680">
    <p class='ocr_par' dir='ltr' id='par_1_16' title="bbox 227 1601 1809 1680">
     <span class='ocr_line' id='line_1_16' title="bbox 227 1601 1809 1680; baseline 0.004 -22"><span class='ocrx_word' id='word_1_105' title='bbox 227 1603 410 1659; x_wconf 88' lang='lat' dir='ltr'><strong>omnia</strong></span> <span class='ocrx_word' id='word_1_106' title='bbox 458 1601 664 1670; x_wconf 91' lang='lat' dir='ltr'><strong>futura,</strong></span> <span class='ocrx_word' id='word_1_107' title='bbox 706 1605 809 1660; x_wconf 90' lang='lat' dir='ltr'><strong>hoc</strong></span> <span class='ocrx_word' id='word_1_108' title='bbox 854 1606 1046 1662; x_wconf 89' lang='lat' dir='ltr'><strong>ordine</strong></span> <span class='ocrx_word' id='word_1_109' title='bbox 1067 1607 1288 1663; x_wconf 81' lang='lat' dir='ltr'><strong>venient</strong></span> <span class='ocrx_word' id='word_1_110' title='bbox 1322 1624 1429 1680; x_wconf 87' lang='lat' dir='ltr'><strong>quo</strong></span> <span class='ocrx_word' id='word_1_111' title='bbox 1457 1608 1638 1677; x_wconf 82' lang='lat' dir='ltr'><strong>futura</strong></span> <span class='ocrx_word' id='word_1_112' title='bbox 1689 1622 1809 1665; x_wconf 83' lang='lat' dir='ltr'><strong>esse</strong></span> 
     </span>
    </p>
   </div>
   <div class='ocr_carea' id='block_1_17' title="bbox 226 1694 1808 1765">
    <p class='ocr_par' dir='ltr' id='par_1_17' title="bbox 226 1694 1808 1765">
     <span class='ocr_line' id='line_1_17' title="bbox 226 1694 1808 1765; baseline 0.004 -16"><span class='ocrx_word' id='word_1_113' title='bbox 226 1694 481 1764; x_wconf 63' lang='lat' dir='ltr'><strong>praescita</strong></span> <span class='ocrx_word' id='word_1_114' title='bbox 522 1704 670 1762; x_wconf 86' lang='lat' dir='ltr'><strong>sunt,</strong></span> <span class='ocrx_word' id='word_1_115' title='bbox 702 1704 756 1751; x_wconf 89' lang='lat' dir='ltr'><strong>et</strong></span> <span class='ocrx_word' id='word_1_116' title='bbox 786 1696 832 1752; x_wconf 88' lang='lat' dir='ltr'><strong>si</strong></span> <span class='ocrx_word' id='word_1_117' title='bbox 869 1695 969 1752; x_wconf 89' lang='lat' dir='ltr'><strong>hoc</strong></span> <span class='ocrx_word' id='word_1_118' title='bbox 997 1697 1185 1753; x_wconf 84' lang='lat' dir='ltr'><strong>ordine</strong></span> <span class='ocrx_word' id='word_1_119' title='bbox 1226 1700 1463 1765; x_wconf 90' lang='lat' dir='ltr'><strong>venient,</strong></span> <span class='ocrx_word' id='word_1_120' title='bbox 1503 1708 1686 1757; x_wconf 89' lang='lat' dir='ltr'><strong>certus</strong></span> <span class='ocrx_word' id='word_1_121' title='bbox 1725 1710 1808 1756; x_wconf 88' lang='lat' dir='ltr'><strong>est</strong></span> 
     </span>
    </p>
   </div>
   <div class='ocr_carea' id='block_1_18' title="bbox 229 1772 1810 1856">
    <p class='ocr_par' dir='ltr' id='par_1_18' title="bbox 229 1772 1810 1856">
     <span class='ocr_line' id='line_1_18' title="bbox 229 1772 1810 1856; baseline 0.008 -18"><span class='ocrx_word' id='word_1_122' title='bbox 229 1785 365 1840; x_wconf 82' lang='lat' dir='ltr'><strong>ordo</strong></span> <span class='ocrx_word' id='word_1_123' title='bbox 410 1800 590 1841; x_wconf 86' lang='lat' dir='ltr'><strong>rerum</strong></span> <span class='ocrx_word' id='word_1_124' title='bbox 636 1772 941 1856; x_wconf 65' lang='lat' dir='ltr'><strong>praescienti</strong></span> <span class='ocrx_word' id='word_1_125' title='bbox 974 1789 1084 1844; x_wconf 90' lang='lat' dir='ltr'><strong>Deo</strong></span> <span class='ocrx_word' id='word_1_126' title='bbox 1137 1798 1191 1845; x_wconf 88' lang='lat' dir='ltr'><strong>et</strong></span> <span class='ocrx_word' id='word_1_127' title='bbox 1233 1791 1277 1846; x_wconf 89' lang='lat' dir='ltr'><strong>si</strong></span> <span class='ocrx_word' id='word_1_128' title='bbox 1328 1801 1509 1848; x_wconf 88' lang='lat' dir='ltr'><strong>certus</strong></span> <span class='ocrx_word' id='word_1_129' title='bbox 1556 1805 1638 1851; x_wconf 90' lang='lat' dir='ltr'><strong>est</strong></span> <span class='ocrx_word' id='word_1_130' title='bbox 1676 1793 1810 1851; x_wconf 88' lang='lat' dir='ltr'><strong>ordo</strong></span> 
     </span>
    </p>
   </div>
   <div class='ocr_carea' id='block_1_19' title="bbox 1903 596 3485 675">
    <p class='ocr_par' dir='ltr' id='par_1_19' title="bbox 1903 596 3485 675">
     <span class='ocr_line' id='line_1_19' title="bbox 1903 596 3485 675; baseline 0.005 -24"><span class='ocrx_word' id='word_1_131' title='bbox 1903 597 2171 652; x_wconf 83' lang='lat' dir='ltr'><strong>novimus.</strong></span> <span class='ocrx_word' id='word_1_132' title='bbox 2200 596 2392 653; x_wconf 89' lang='lat' dir='ltr'><strong>Omnia</strong></span> <span class='ocrx_word' id='word_1_133' title='bbox 2436 612 2567 654; x_wconf 89' lang='lat' dir='ltr'><strong>vero</strong></span> <span class='ocrx_word' id='word_1_134' title='bbox 2592 598 2703 654; x_wconf 87' lang='lat' dir='ltr'><strong>fato</strong></span> <span class='ocrx_word' id='word_1_135' title='bbox 2732 598 2847 665; x_wconf 85' lang='lat' dir='ltr'><strong>ﬁeri</strong></span> <span class='ocrx_word' id='word_1_136' title='bbox 2895 616 3015 675; x_wconf 13' lang='lat' dir='ltr'><strong>non;</strong></span> <span class='ocrx_word' id='word_1_137' title='bbox 3054 602 3287 661; x_wconf 88' lang='lat' dir='ltr'><strong>dicimus</strong></span> <span class='ocrx_word' id='word_1_138' title='bbox 3319 618 3332 656; x_wconf 91' lang='lat'><strong>:</strong></span> <span class='ocrx_word' id='word_1_139' title='bbox 3376 604 3485 659; x_wconf 92' lang='lat' dir='ltr'><strong>imo</strong></span> 
     </span>
    </p>
   </div>
   <div class='ocr_carea' id='block_1_20' title="bbox 1902 687 3485 765">
    <p class='ocr_par' dir='ltr' id='par_1_20' title="bbox 1902 687 3485 765">
     <span class='ocr_line' id='line_1_20' title="bbox 1902 687 3485 765; baseline 0.006 -21"><span class='ocrx_word' id='word_1_140' title='bbox 1902 688 2044 744; x_wconf 88' lang='lat' dir='ltr'><strong>nulla</strong></span> <span class='ocrx_word' id='word_1_141' title='bbox 2074 688 2190 743; x_wconf 89' lang='lat' dir='ltr'><strong>ﬁeri</strong></span> <span class='ocrx_word' id='word_1_142' title='bbox 2230 687 2341 744; x_wconf 89' lang='lat' dir='ltr'><strong>fato</strong></span> <span class='ocrx_word' id='word_1_143' title='bbox 2389 689 2651 758; x_wconf 89' lang='lat' dir='ltr'><strong>dicimus;</strong></span> <span class='ocrx_word' id='word_1_144' title='bbox 2708 692 2964 765; x_wconf 89' lang='lat' dir='ltr'><strong>quoniam</strong></span> <span class='ocrx_word' id='word_1_145' title='bbox 3013 691 3111 747; x_wconf 91' lang='lat' dir='ltr'><strong>fati</strong></span> <span class='ocrx_word' id='word_1_146' title='bbox 3153 706 3349 751; x_wconf 87' lang='lat' dir='ltr'><strong>nomen</strong></span> <span class='ocrx_word' id='word_1_147' title='bbox 3396 691 3485 753; x_wconf 84' lang='lat' dir='ltr'><strong>ubi</strong></span> 
     </span>
    </p>
   </div>
   <div class='ocr_carea' id='block_1_21' title="bbox 1903 778 3488 851">
    <p class='ocr_par' dir='ltr' id='par_1_21' title="bbox 1903 778 3488 851">
     <span class='ocr_line' id='line_1_21' title="bbox 1903 778 3488 851; baseline 0.002 -17"><span class='ocrx_word' id='word_1_148' title='bbox 1903 778 2040 835; x_wconf 88' lang='lat' dir='ltr'><strong>solet</strong></span> <span class='ocrx_word' id='word_1_149' title='bbox 2061 794 2090 833; x_wconf 93' lang='lat' dir='ltr'><strong>a</strong></span> <span class='ocrx_word' id='word_1_150' title='bbox 2117 780 2462 851; x_wconf 66' lang='lat' dir='ltr'><strong>loquentibus</strong></span> <span class='ocrx_word' id='word_1_151' title='bbox 2492 781 2649 850; x_wconf 89' lang='lat' dir='ltr'><strong>poni,</strong></span> <span class='ocrx_word' id='word_1_152' title='bbox 2695 780 2874 837; x_wconf 63' lang='lat' dir='ltr'><strong>id’est</strong></span> <span class='ocrx_word' id='word_1_153' title='bbox 2914 782 2967 837; x_wconf 90' lang='lat' dir='ltr'><strong>in</strong></span> <span class='ocrx_word' id='word_1_154' title='bbox 2999 782 3384 838; x_wconf 89' lang='lat' dir='ltr'><strong>constitutione</strong></span> <span class='ocrx_word' id='word_1_155' title='bbox 3415 781 3488 837; x_wconf 87' lang='lat' dir='ltr'><strong>si-</strong></span> 
     </span>
    </p>
   </div>
   <div class='ocr_carea' id='block_1_22' title="bbox 1903 868 3488 944">
    <p class='ocr_par' dir='ltr' id='par_1_22' title="bbox 1903 868 3488 944">
     <span class='ocr_line' id='line_1_22' title="bbox 1903 868 3488 944; baseline 0.001 -20"><span class='ocrx_word' id='word_1_156' title='bbox 1903 868 2091 925; x_wconf 90' lang='lat' dir='ltr'><strong>derum</strong></span> <span class='ocrx_word' id='word_1_157' title='bbox 2136 886 2241 941; x_wconf 90' lang='lat' dir='ltr'><strong>qua</strong></span> <span class='ocrx_word' id='word_1_158' title='bbox 2292 870 2520 942; x_wconf 91' lang='lat' dir='ltr'><strong>quisque</strong></span> <span class='ocrx_word' id='word_1_159' title='bbox 2554 879 2850 943; x_wconf 89' lang='lat' dir='ltr'><strong>conceptus</strong></span> <span class='ocrx_word' id='word_1_160' title='bbox 2891 882 2983 927; x_wconf 89' lang='lat' dir='ltr'><strong>aut</strong></span> <span class='ocrx_word' id='word_1_161' title='bbox 3014 881 3172 928; x_wconf 91' lang='lat' dir='ltr'><strong>natus</strong></span> <span class='ocrx_word' id='word_1_162' title='bbox 3214 880 3330 938; x_wconf 90' lang='lat' dir='ltr'><strong>est,</strong></span> <span class='ocrx_word' id='word_1_163' title='bbox 3354 885 3488 944; x_wconf 84' lang='lat' dir='ltr'><strong>quo-</strong></span> 
     </span>
    </p>
   </div>
   <div class='ocr_carea' id='block_1_23' title="bbox 1903 950 3489 1037">
    <p class='ocr_par' dir='ltr' id='par_1_23' title="bbox 1903 950 3489 1037">
     <span class='ocr_line' id='line_1_23' title="bbox 1903 950 3489 1037; baseline 0.001 -19"><span class='ocrx_word' id='word_1_164' title='bbox 1903 963 2049 1019; x_wconf 87' lang='lat' dir='ltr'><strong>niam</strong></span> <span class='ocrx_word' id='word_1_165' title='bbox 2071 979 2156 1019; x_wconf 91' lang='lat' dir='ltr'><strong>res</strong></span> <span class='ocrx_word' id='word_1_166' title='bbox 2179 964 2293 1034; x_wconf 87' lang='lat' dir='ltr'><strong>ipsa</strong></span> <span class='ocrx_word' id='word_1_167' title='bbox 2315 950 2549 1021; x_wconf 84' lang='lat' dir='ltr'><strong>inaniter</strong></span> <span class='ocrx_word' id='word_1_168' title='bbox 2570 964 2849 1037; x_wconf 86' lang='lat' dir='ltr'><strong>asseritur,</strong></span> <span class='ocrx_word' id='word_1_169' title='bbox 2866 965 2999 1021; x_wconf 87' lang='lat' dir='ltr'><strong>nihil</strong></span> <span class='ocrx_word' id='word_1_170' title='bbox 3019 964 3200 1021; x_wconf 89' lang='lat' dir='ltr'><strong>valere</strong></span> <span class='ocrx_word' id='word_1_171' title='bbox 3222 973 3489 1020; x_wconf 86' lang='lat' dir='ltr'><strong>monstra-</strong></span> 
     </span>
    </p>
   </div>
   <div class='ocr_carea' id='block_1_24' title="bbox 1903 1052 3489 1125">
    <p class='ocr_par' dir='ltr' id='par_1_24' title="bbox 1903 1052 3489 1125">
     <span class='ocr_line' id='line_1_24' title="bbox 1903 1052 3489 1125; baseline 0.001 -18"><span class='ocrx_word' id='word_1_172' title='bbox 1903 1067 2042 1108; x_wconf 89' lang='lat' dir='ltr'><strong>mus.</strong></span> <span class='ocrx_word' id='word_1_173' title='bbox 2076 1052 2329 1109; x_wconf 88' lang='lat' dir='ltr'><strong>Ordinem</strong></span> <span class='ocrx_word' id='word_1_174' title='bbox 2382 1063 2562 1110; x_wconf 91' lang='lat' dir='ltr'><strong>autem</strong></span> <span class='ocrx_word' id='word_1_175' title='bbox 2592 1070 2912 1123; x_wconf 89' lang='lat' dir='ltr'><strong>causarum,</strong></span> <span class='ocrx_word' id='word_1_176' title='bbox 2962 1056 3052 1111; x_wconf 88' lang='lat' dir='ltr'><strong>ubi</strong></span> <span class='ocrx_word' id='word_1_177' title='bbox 3102 1055 3352 1125; x_wconf 81' lang='lat' dir='ltr'><strong>voluntas</strong></span> <span class='ocrx_word' id='word_1_178' title='bbox 3394 1053 3489 1110; x_wconf 91' lang='lat' dir='ltr'><strong>Dei</strong></span> 
     </span>
    </p>
   </div>
   <div class='ocr_carea' id='block_1_25' title="bbox 1902 1141 3489 1216">
    <p class='ocr_par' dir='ltr' id='par_1_25' title="bbox 1902 1141 3489 1216">
     <span class='ocr_line' id='line_1_25' title="bbox 1902 1141 3489 1216; baseline 0.001 -20"><span class='ocrx_word' id='word_1_179' title='bbox 1902 1141 2199 1214; x_wconf 90' lang='lat' dir='ltr'><strong>plurimum</strong></span> <span class='ocrx_word' id='word_1_180' title='bbox 2230 1148 2438 1215; x_wconf 89' lang='lat' dir='ltr'><strong>potest,</strong></span> <span class='ocrx_word' id='word_1_181' title='bbox 2472 1158 2646 1216; x_wconf 84' lang='lat' dir='ltr'><strong>neque</strong></span> <span class='ocrx_word' id='word_1_182' title='bbox 2676 1157 2963 1216; x_wconf 76' lang='lat' dir='ltr'><strong>negamus,</strong></span> <span class='ocrx_word' id='word_1_183' title='bbox 2997 1159 3173 1216; x_wconf 91' lang='lat' dir='ltr'><strong>neque</strong></span> <span class='ocrx_word' id='word_1_184' title='bbox 3201 1143 3299 1199; x_wconf 86' lang='lat' dir='ltr'><strong>fati</strong></span> <span class='ocrx_word' id='word_1_185' title='bbox 3330 1159 3489 1199; x_wconf 84' lang='lat' dir='ltr'><strong>voca-</strong></span> 
     </span>
    </p>
   </div>
   <div class='ocr_carea' id='block_1_26' title="bbox 1905 1232 3489 1307">
    <p class='ocr_par' dir='ltr' id='par_1_26' title="bbox 1905 1232 3489 1307">
     <span class='ocr_line' id='line_1_26' title="bbox 1905 1232 3489 1307; baseline 0 -18"><span class='ocrx_word' id='word_1_186' title='bbox 1905 1232 2031 1289; x_wconf 93' lang='lat' dir='ltr'><strong>bulo</strong></span> <span class='ocrx_word' id='word_1_187' title='bbox 2051 1248 2445 1305; x_wconf 89' lang='lat' dir='ltr'><strong>nuncupamus.</strong></span> <span class='ocrx_word' id='word_1_188' title='bbox 2469 1234 2581 1291; x_wconf 81' lang='lat' dir='ltr'><strong>Nisi</strong></span> <span class='ocrx_word' id='word_1_189' title='bbox 2607 1234 2749 1291; x_wconf 87' lang='lat' dir='ltr'><strong>forte</strong></span> <span class='ocrx_word' id='word_1_190' title='bbox 2773 1246 2834 1291; x_wconf 93' lang='lat' dir='ltr'><strong>ut</strong></span> <span class='ocrx_word' id='word_1_191' title='bbox 2858 1237 3025 1307; x_wconf 79' lang='lat' dir='ltr'><strong>fatum</strong></span> <span class='ocrx_word' id='word_1_192' title='bbox 3052 1253 3080 1290; x_wconf 91' lang='lat' dir='ltr'><strong>a</strong></span> <span class='ocrx_word' id='word_1_193' title='bbox 3104 1236 3267 1307; x_wconf 77' lang='lat' dir='ltr'><strong>fando</strong></span> <span class='ocrx_word' id='word_1_194' title='bbox 3290 1235 3489 1291; x_wconf 86' lang='lat' dir='ltr'><strong>dictum</strong></span> 
     </span>
    </p>
   </div>
   <div class='ocr_carea' id='block_1_27' title="bbox 1905 1326 3493 1403">
    <p class='ocr_par' dir='ltr' id='par_1_27' title="bbox 1905 1326 3493 1403">
     <span class='ocr_line' id='line_1_27' title="bbox 1905 1326 3493 1403; baseline 0.004 -23"><span class='ocrx_word' id='word_1_195' title='bbox 1905 1326 2300 1396; x_wconf 80' lang='lat' dir='ltr'><strong>intelligamus,</strong></span> <span class='ocrx_word' id='word_1_196' title='bbox 2358 1329 2412 1383; x_wconf 93' lang='lat' dir='ltr'><strong>id</strong></span> <span class='ocrx_word' id='word_1_197' title='bbox 2471 1337 2583 1394; x_wconf 89' lang='lat' dir='ltr'><strong>est,</strong></span> <span class='ocrx_word' id='word_1_198' title='bbox 2633 1344 2663 1383; x_wconf 87' lang='lat' dir='ltr'><strong>a</strong></span> <span class='ocrx_word' id='word_1_199' title='bbox 2716 1330 2982 1403; x_wconf 88' lang='lat' dir='ltr'><strong>loquendo</strong></span> <span class='ocrx_word' id='word_1_200' title='bbox 3023 1347 3175 1386; x_wconf 92' lang='lat' dir='ltr'><strong>:non</strong></span> <span class='ocrx_word' id='word_1_201' title='bbox 3208 1331 3351 1387; x_wconf 90' lang='lat' dir='ltr'><strong>enim</strong></span> <span class='ocrx_word' id='word_1_202' title='bbox 3398 1331 3493 1386; x_wconf 86' lang='lat' dir='ltr'><strong>ab-</strong></span> 
     </span>
    </p>
   </div>
   <div class='ocr_carea' id='block_1_28' title="bbox 1906 1408 3489 1499">
    <p class='ocr_par' dir='ltr' id='par_1_28' title="bbox 1906 1408 3489 1499">
     <span class='ocr_line' id='line_1_28' title="bbox 1906 1408 3489 1499; baseline 0.004 -28"><span class='ocrx_word' id='word_1_203' title='bbox 1906 1433 2073 1473; x_wconf 90' lang='lat' dir='ltr'><strong>nuere</strong></span> <span class='ocrx_word' id='word_1_204' title='bbox 2117 1433 2405 1489; x_wconf 89' lang='lat' dir='ltr'><strong>possumus</strong></span> <span class='ocrx_word' id='word_1_205' title='bbox 2441 1434 2562 1476; x_wconf 89' lang='lat' dir='ltr'><strong>esse</strong></span> <span class='ocrx_word' id='word_1_206' title='bbox 2611 1408 2870 1493; x_wconf 83' lang='lat' dir='ltr'><strong>scriptum</strong></span> <span class='ocrx_word' id='word_1_207' title='bbox 2914 1422 2967 1477; x_wconf 91' lang='lat' dir='ltr'><strong>in</strong></span> <span class='ocrx_word' id='word_1_208' title='bbox 2994 1422 3201 1499; x_wconf 84' lang='lat' dir='ltr'><strong>litteris</strong></span> <span class='ocrx_word' id='word_1_209' title='bbox 3235 1420 3437 1478; x_wconf 90' lang='lat' dir='ltr'><strong>sanctis</strong></span> <span class='ocrx_word' id='word_1_210' title='bbox 3474 1439 3489 1477; x_wconf 88' lang='lat'><strong>:</strong></span> 
     </span>
    </p>
   </div>
   <div class='ocr_carea' id='block_1_29' title="bbox 1906 1500 3495 1585">
    <p class='ocr_par' dir='ltr' id='par_1_29' title="bbox 1906 1500 3495 1585">
     <span class='ocr_line' id='line_1_29' title="bbox 1906 1500 3495 1585; baseline 0.001 -21"><span class='ocrx_word' id='word_1_211' title='bbox 1906 1506 2077 1564; x_wconf 84' lang='lat' dir='ltr'><strong>Semel</strong></span> <span class='ocrx_word' id='word_1_212' title='bbox 2088 1500 2308 1565; x_wconf 50' lang='lat' dir='ltr'><strong>&#39;locutus</strong></span> <span class='ocrx_word' id='word_1_213' title='bbox 2330 1520 2405 1566; x_wconf 82' lang='lat' dir='ltr'><strong>est</strong></span> <span class='ocrx_word' id='word_1_214' title='bbox 2436 1510 2608 1578; x_wconf 76' lang='lat' dir='ltr'><strong>Deus,</strong></span> <span class='ocrx_word' id='word_1_215' title='bbox 2640 1511 2745 1565; x_wconf 87' lang='lat' dir='ltr'><strong>duo</strong></span> <span class='ocrx_word' id='word_1_216' title='bbox 2782 1512 2895 1567; x_wconf 75' lang='lat' dir='ltr'><strong>[nec</strong></span> <span class='ocrx_word' id='word_1_217' title='bbox 2922 1513 3101 1567; x_wconf 81' lang='lat' dir='ltr'><strong>audivi</strong></span> <span class='ocrx_word' id='word_1_218' title='bbox 3126 1514 3377 1585; x_wconf 85' lang='lat' dir='ltr'><strong>quoniam</strong></span> <span class='ocrx_word' id='word_1_219' title='bbox 3402 1529 3495 1584; x_wconf 88' lang='lat' dir='ltr'><strong>po-</strong></span> 
     </span>
    </p>
   </div>
   <div class='ocr_carea' id='block_1_30' title="bbox 1904 1598 3494 1672">
    <p class='ocr_par' dir='ltr' id='par_1_30' title="bbox 1904 1598 3494 1672">
     <span class='ocr_line' id='line_1_30' title="bbox 1904 1598 3494 1672; baseline 0.003 -21"><span class='ocrx_word' id='word_1_220' title='bbox 1904 1606 2062 1653; x_wconf 80' lang='lat' dir='ltr'><strong>testas</strong></span> <span class='ocrx_word' id='word_1_221' title='bbox 2086 1598 2181 1652; x_wconf 86' lang='lat' dir='ltr'><strong>Dei</strong></span> <span class='ocrx_word' id='word_1_222' title='bbox 2207 1608 2319 1664; x_wconf 77' lang='lat' dir='ltr'><strong>est;</strong></span> <span class='ocrx_word' id='word_1_223' title='bbox 2341 1609 2388 1654; x_wconf 85' lang='lat' dir='ltr'><strong>et</strong></span> <span class='ocrx_word' id='word_1_224' title='bbox 2410 1599 2526 1664; x_wconf 86' lang='lat' dir='ltr'><strong>tibi,</strong></span> <span class='ocrx_word' id='word_1_225' title='bbox 2551 1598 2793 1666; x_wconf 82' lang='lat' dir='ltr'><strong>Domine,</strong></span> <span class='ocrx_word' id='word_1_226' title='bbox 2810 1600 3181 1655; x_wconf 64' lang='lat' dir='ltr'><strong>&#39;misericordia</strong></span> <span class='ocrx_word' id='word_1_227' title='bbox 3202 1600 3293 1672; x_wconf 86' lang='lat' dir='ltr'><strong>qui</strong></span> <span class='ocrx_word' id='word_1_228' title='bbox 3320 1599 3494 1655; x_wconf 76' lang='lat' dir='ltr'><strong>reddis</strong></span> 
     </span>
    </p>
   </div>
   <div class='ocr_carea' id='block_1_31' title="bbox 1907 1686 3494 1762">
    <p class='ocr_par' dir='ltr' id='par_1_31' title="bbox 1907 1686 3494 1762">
     <span class='ocr_line' id='line_1_31' title="bbox 1907 1686 3494 1762; baseline 0.001 -21"><span class='ocrx_word' id='word_1_229' title='bbox 1907 1686 2173 1760; x_wconf 77' lang='lat' dir='ltr'><strong>[al.,quia</strong></span> <span class='ocrx_word' id='word_1_230' title='bbox 2198 1699 2253 1743; x_wconf 86' lang='lat' dir='ltr'><strong>tu</strong></span> <span class='ocrx_word' id='word_1_231' title='bbox 2295 1686 2499 1762; x_wconf 77' lang='lat' dir='ltr'><strong>reddes]</strong></span> <span class='ocrx_word' id='word_1_232' title='bbox 2542 1688 2820 1759; x_wconf 78' lang='lat' dir='ltr'><strong>unicuique</strong></span> <span class='ocrx_word' id='word_1_233' title='bbox 2858 1690 3143 1744; x_wconf 77' lang='lat' dir='ltr'><strong>secundum</strong></span> <span class='ocrx_word' id='word_1_234' title='bbox 3184 1706 3339 1760; x_wconf 85' lang='lat' dir='ltr'><strong>opera</strong></span> <span class='ocrx_word' id='word_1_235' title='bbox 3380 1689 3494 1761; x_wconf 75' lang='lat' dir='ltr'><strong>ejus</strong></span> 
     </span>
    </p>
   </div>
   <div class='ocr_carea' id='block_1_32' title="bbox 1908 1776 3495 1853">
    <p class='ocr_par' dir='ltr' id='par_1_32' title="bbox 1908 1776 3495 1853">
     <span class='ocr_line' id='line_1_32' title="bbox 1908 1776 3495 1853; baseline 0.001 -20"><span class='ocrx_word' id='word_1_236' title='bbox 1908 1776 2079 1851; x_wconf 79' lang='lat' dir='ltr'><strong>(Psal.</strong></span> <span class='ocrx_word' id='word_1_237' title='bbox 2117 1797 2232 1846; x_wconf 74' lang='lat' dir='ltr'><strong>ut,</strong></span> <span class='ocrx_word' id='word_1_238' title='bbox 2258 1780 2345 1848; x_wconf 75' lang='grc'><strong>12,</strong></span> <span class='ocrx_word' id='word_1_239' title='bbox 2379 1781 2489 1853; x_wconf 78' lang='grc'><strong>15).</strong></span> <span class='ocrx_word' id='word_1_240' title='bbox 2518 1780 2673 1850; x_wconf 84' lang='lat' dir='ltr'><strong>Quod</strong></span> <span class='ocrx_word' id='word_1_241' title='bbox 2699 1782 2843 1836; x_wconf 89' lang='lat' dir='ltr'><strong>enim</strong></span> <span class='ocrx_word' id='word_1_242' title='bbox 2871 1782 3073 1837; x_wconf 85' lang='lat' dir='ltr'><strong>dictum</strong></span> <span class='ocrx_word' id='word_1_243' title='bbox 3104 1790 3210 1849; x_wconf 86' lang='lat' dir='ltr'><strong>est,</strong></span> <span class='ocrx_word' id='word_1_244' title='bbox 3231 1780 3391 1836; x_wconf 79' lang='lat' dir='ltr'><strong>semel</strong></span> <span class='ocrx_word' id='word_1_245' title='bbox 3416 1780 3495 1835; x_wconf 86' lang='lat' dir='ltr'><strong>lo—</strong></span> 
     </span>
    </p>
   </div>
   <div class='ocr_carea' id='block_1_33' title="bbox 234 1864 3495 1949">
    <p class='ocr_par' dir='ltr' id='par_1_33' title="bbox 234 1864 3495 1949">
     <span class='ocr_line' id='line_1_33' title="bbox 234 1864 3495 1949; baseline 0.002 -28"><span class='ocrx_word' id='word_1_246' title='bbox 234 1891 438 1943; x_wconf 64' lang='lat' dir='ltr'><strong>rerum,</strong></span> <span class='ocrx_word' id='word_1_247' title='bbox 481 1886 660 1933; x_wconf 71' lang='lat' dir='ltr'><strong>certus</strong></span> <span class='ocrx_word' id='word_1_248' title='bbox 710 1887 796 1934; x_wconf 65' lang='lat' dir='ltr'><strong>es:</strong></span> <span class='ocrx_word' id='word_1_249' title='bbox 839 1878 976 1935; x_wconf 79' lang='lat' dir='ltr'><strong>ordo</strong></span> <span class='ocrx_word' id='word_1_250' title='bbox 1021 1894 1328 1949; x_wconf 61' lang='lat' dir='ltr'><strong>causarum,</strong></span> <span class='ocrx_word' id='word_1_251' title='bbox 1360 1898 1466 1938; x_wconf 81' lang='grc' dir='ltr'><strong>ηοη</strong></span> <span class='ocrx_word' id='word_1_252' title='bbox 1496 1886 1640 1940; x_wconf 75' lang='lat' dir='ltr'><strong>enim</strong></span> <span class='ocrx_word' id='word_1_253' title='bbox 1692 1885 1806 1940; x_wconf 74' lang='lat' dir='ltr'><strong>ﬁeri</strong></span> <span class='ocrx_word' id='word_1_254' title='bbox 1832 1870 1885 1937; x_wconf 69' lang='grc' dir='ltr'><strong>Β</strong></span> <span class='ocrx_word' id='word_1_255' title='bbox 1910 1883 2059 1927; x_wconf 79' lang='lat' dir='ltr'><strong>cutus</strong></span> <span class='ocrx_word' id='word_1_256' title='bbox 2104 1883 2210 1938; x_wconf 78' lang='lat' dir='ltr'><strong>est,</strong></span> <span class='ocrx_word' id='word_1_257' title='bbox 2262 1864 2580 1945; x_wconf 85' lang='lat' dir='ltr'><strong>intelligitur</strong></span> <span class='ocrx_word' id='word_1_258' title='bbox 2625 1871 2979 1941; x_wconf 77' lang='lat' dir='ltr'><strong>inmobiliter,</strong></span> <span class='ocrx_word' id='word_1_259' title='bbox 3028 1872 3131 1929; x_wconf 89' lang='lat' dir='ltr'><strong>hoc</strong></span> <span class='ocrx_word' id='word_1_260' title='bbox 3168 1880 3253 1928; x_wconf 91' lang='lat' dir='ltr'><strong>est</strong></span> <span class='ocrx_word' id='word_1_261' title='bbox 3284 1873 3495 1928; x_wconf 85' lang='lat' dir='ltr'><strong>incom-</strong></span> 
     </span>
    </p>
   </div>
   <div class='ocr_carea' id='block_1_34' title="bbox 233 1968 1809 2052">
    <p class='ocr_par' dir='ltr' id='par_1_34' title="bbox 233 1968 1809 2052">
     <span class='ocr_line' id='line_1_34' title="bbox 233 1968 1809 2052; baseline 0.01 -30"><span class='ocrx_word' id='word_1_262' title='bbox 233 1968 435 2039; x_wconf 88' lang='lat' dir='ltr'><strong>aliquid</strong></span> <span class='ocrx_word' id='word_1_263' title='bbox 482 1978 654 2042; x_wconf 88' lang='lat' dir='ltr'><strong>potest</strong></span> <span class='ocrx_word' id='word_1_264' title='bbox 685 1972 828 2042; x_wconf 92' lang='lat' dir='ltr'><strong>quod</strong></span> <span class='ocrx_word' id='word_1_265' title='bbox 870 1988 976 2029; x_wconf 92' lang='lat' dir='ltr'><strong>non</strong></span> <span class='ocrx_word' id='word_1_266' title='bbox 1015 1972 1194 2046; x_wconf 90' lang='lat' dir='ltr'><strong>aliqua</strong></span> <span class='ocrx_word' id='word_1_267' title='bbox 1223 1975 1459 2033; x_wconf 82' lang='lat' dir='ltr'><strong>eﬁiciens</strong></span> <span class='ocrx_word' id='word_1_268' title='bbox 1485 1994 1647 2034; x_wconf 87' lang='lat' dir='ltr'><strong>causa</strong></span> <span class='ocrx_word' id='word_1_269' title='bbox 1670 1995 1809 2052; x_wconf 63' lang='lat' dir='ltr'><strong>prae-</strong></span> 
     </span>
    </p>
   </div>
   <div class='ocr_carea' id='block_1_35' title="bbox 233 2059 1812 2140">
    <p class='ocr_par' dir='ltr' id='par_1_35' title="bbox 233 2059 1812 2140">
     <span class='ocr_line' id='line_1_35' title="bbox 233 2059 1812 2140; baseline 0.007 -25"><span class='ocrx_word' id='word_1_270' title='bbox 233 2060 477 2115; x_wconf 87' lang='lat' dir='ltr'><strong>cesserit.</strong></span> <span class='ocrx_word' id='word_1_271' title='bbox 505 2059 562 2115; x_wconf 90' lang='lat' dir='ltr'><strong>Si</strong></span> <span class='ocrx_word' id='word_1_272' title='bbox 602 2068 781 2117; x_wconf 89' lang='lat' dir='ltr'><strong>autem</strong></span> <span class='ocrx_word' id='word_1_273' title='bbox 833 2071 1015 2120; x_wconf 87' lang='lat' dir='ltr'><strong>certus</strong></span> <span class='ocrx_word' id='word_1_274' title='bbox 1036 2071 1117 2120; x_wconf 88' lang='lat' dir='ltr'><strong>est</strong></span> <span class='ocrx_word' id='word_1_275' title='bbox 1144 2067 1276 2121; x_wconf 87' lang='lat' dir='ltr'><strong>ordo</strong></span> <span class='ocrx_word' id='word_1_276' title='bbox 1307 2082 1593 2124; x_wconf 86' lang='lat' dir='ltr'><strong>causarum</strong></span> <span class='ocrx_word' id='word_1_277' title='bbox 1617 2085 1723 2140; x_wconf 88' lang='lat' dir='ltr'><strong>quo</strong></span> <span class='ocrx_word' id='word_1_278' title='bbox 1752 2069 1812 2126; x_wconf 90' lang='lat' dir='ltr'><strong>ﬁt</strong></span> 
     </span>
    </p>
   </div>
   <div class='ocr_carea' id='block_1_36' title="bbox 233 2148 1808 2231">
    <p class='ocr_par' dir='ltr' id='par_1_36' title="bbox 233 2148 1808 2231">
     <span class='ocr_line' id='line_1_36' title="bbox 233 2148 1808 2231; baseline 0.008 -28"><span class='ocrx_word' id='word_1_279' title='bbox 233 2164 395 2204; x_wconf 86' lang='lat' dir='ltr'><strong>omne</strong></span> <span class='ocrx_word' id='word_1_280' title='bbox 435 2151 575 2221; x_wconf 92' lang='lat' dir='ltr'><strong>quod</strong></span> <span class='ocrx_word' id='word_1_281' title='bbox 601 2149 680 2217; x_wconf 87' lang='lat' dir='ltr'><strong>ﬁt,</strong></span> <span class='ocrx_word' id='word_1_282' title='bbox 710 2148 846 2217; x_wconf 88' lang='lat' dir='ltr'><strong>fato,</strong></span> <span class='ocrx_word' id='word_1_283' title='bbox 892 2152 1087 2224; x_wconf 87' lang='lat' dir='ltr'><strong>inquit,</strong></span> <span class='ocrx_word' id='word_1_284' title='bbox 1117 2153 1252 2210; x_wconf 78' lang='lat' dir='ltr'><strong>ﬁunt</strong></span> <span class='ocrx_word' id='word_1_285' title='bbox 1293 2157 1473 2212; x_wconf 90' lang='lat' dir='ltr'><strong>omnia</strong></span> <span class='ocrx_word' id='word_1_286' title='bbox 1499 2174 1618 2229; x_wconf 70' lang='lat' dir='ltr'><strong>qua:</strong></span> <span class='ocrx_word' id='word_1_287' title='bbox 1646 2159 1808 2231; x_wconf 91' lang='lat' dir='ltr'><strong>ﬁunt;</strong></span> 
     </span>
    </p>
   </div>
   <div class='ocr_carea' id='block_1_37' title="bbox 234 2240 1814 2318">
    <p class='ocr_par' dir='ltr' id='par_1_37' title="bbox 234 2240 1814 2318">
     <span class='ocr_line' id='line_1_37' title="bbox 234 2240 1814 2318; baseline 0.008 -25"><span class='ocrx_word' id='word_1_288' title='bbox 234 2240 378 2310; x_wconf 82' lang='lat' dir='ltr'><strong>quod</strong></span> <span class='ocrx_word' id='word_1_289' title='bbox 406 2240 451 2296; x_wconf 87' lang='lat' dir='ltr'><strong>si</strong></span> <span class='ocrx_word' id='word_1_290' title='bbox 481 2241 554 2295; x_wconf 89' lang='lat' dir='ltr'><strong>ita</strong></span> <span class='ocrx_word' id='word_1_291' title='bbox 580 2251 681 2305; x_wconf 87' lang='lat' dir='ltr'><strong>est,</strong></span> <span class='ocrx_word' id='word_1_292' title='bbox 712 2242 844 2297; x_wconf 89' lang='lat' dir='ltr'><strong>nihil</strong></span> <span class='ocrx_word' id='word_1_293' title='bbox 875 2252 957 2299; x_wconf 92' lang='lat' dir='ltr'><strong>est</strong></span> <span class='ocrx_word' id='word_1_294' title='bbox 976 2246 1031 2300; x_wconf 92' lang='lat' dir='ltr'><strong>in</strong></span> <span class='ocrx_word' id='word_1_295' title='bbox 1061 2253 1242 2301; x_wconf 89' lang='lat' dir='ltr'><strong>nostra</strong></span> <span class='ocrx_word' id='word_1_296' title='bbox 1266 2257 1551 2318; x_wconf 87' lang='lat' dir='ltr'><strong>potestate,</strong></span> <span class='ocrx_word' id='word_1_297' title='bbox 1585 2250 1814 2305; x_wconf 86' lang='lat' dir='ltr'><strong>nullum-</strong></span> 
     </span>
    </p>
   </div>
   <div class='ocr_carea' id='block_1_38' title="bbox 236 2334 1812 2410">
    <p class='ocr_par' dir='ltr' id='par_1_38' title="bbox 236 2334 1812 2410">
     <span class='ocr_line' id='line_1_38' title="bbox 236 2334 1812 2410; baseline 0.009 -25"><span class='ocrx_word' id='word_1_298' title='bbox 236 2347 342 2401; x_wconf 86' lang='lat' dir='ltr'><strong>quc</strong></span> <span class='ocrx_word' id='word_1_299' title='bbox 377 2341 458 2387; x_wconf 86' lang='lat' dir='ltr'><strong>est</strong></span> <span class='ocrx_word' id='word_1_300' title='bbox 483 2334 795 2388; x_wconf 85' lang='lat' dir='ltr'><strong>arhritrium</strong></span> <span class='ocrx_word' id='word_1_301' title='bbox 840 2335 1150 2392; x_wconf 84' lang='lat' dir='ltr'><strong>voluntatis.</strong></span> <span class='ocrx_word' id='word_1_302' title='bbox 1182 2336 1338 2406; x_wconf 90' lang='lat' dir='ltr'><strong>Quod</strong></span> <span class='ocrx_word' id='word_1_303' title='bbox 1372 2342 1416 2396; x_wconf 89' lang='lat' dir='ltr'><strong>si</strong></span> <span class='ocrx_word' id='word_1_304' title='bbox 1445 2342 1812 2410; x_wconf 89' lang='lat' dir='ltr'><strong>concedimus,</strong></span> 
     </span>
    </p>
   </div>
   <div class='ocr_carea' id='block_1_39' title="bbox 240 2422 1815 2503">
    <p class='ocr_par' dir='ltr' id='par_1_39' title="bbox 240 2422 1815 2503">
     <span class='ocr_line' id='line_1_39' title="bbox 240 2422 1815 2503; baseline 0.008 -28"><span class='ocrx_word' id='word_1_305' title='bbox 240 2422 431 2491; x_wconf 89' lang='lat' dir='ltr'><strong>inquit,</strong></span> <span class='ocrx_word' id='word_1_306' title='bbox 458 2424 636 2479; x_wconf 87' lang='lat' dir='ltr'><strong>omnis</strong></span> <span class='ocrx_word' id='word_1_307' title='bbox 666 2426 901 2480; x_wconf 87' lang='lat' dir='ltr'><strong>humana</strong></span> <span class='ocrx_word' id='word_1_308' title='bbox 928 2427 1039 2481; x_wconf 90' lang='lat' dir='ltr'><strong>vita</strong></span> <span class='ocrx_word' id='word_1_309' title='bbox 1058 2428 1410 2494; x_wconf 75' lang='lat' dir='ltr'><strong>subvertitur,</strong></span> <span class='ocrx_word' id='word_1_310' title='bbox 1446 2429 1647 2486; x_wconf 87' lang='lat' dir='ltr'><strong>frustra</strong></span> <span class='ocrx_word' id='word_1_311' title='bbox 1666 2431 1815 2503; x_wconf 77' lang='lat' dir='ltr'><strong>leges</strong></span> 
     </span>
    </p>
   </div>
   <div class='ocr_carea' id='block_1_40' title="bbox 241 2515 1813 2593">
    <p class='ocr_par' dir='ltr' id='par_1_40' title="bbox 241 2515 1813 2593">
     <span class='ocr_line' id='line_1_40' title="bbox 241 2515 1813 2593; baseline 0.007 -25"><span class='ocrx_word' id='word_1_312' title='bbox 241 2516 455 2582; x_wconf 89' lang='lat' dir='ltr'><strong>dantur,</strong></span> <span class='ocrx_word' id='word_1_313' title='bbox 484 2515 685 2572; x_wconf 84' lang='lat' dir='ltr'><strong>frustra</strong></span> <span class='ocrx_word' id='word_1_314' title='bbox 734 2516 1152 2589; x_wconf 80' lang='lat' dir='ltr'><strong>obiurgationes,</strong></span> <span class='ocrx_word' id='word_1_315' title='bbox 1198 2520 1417 2587; x_wconf 89' lang='lat' dir='ltr'><strong>laudes,</strong></span> <span class='ocrx_word' id='word_1_316' title='bbox 1460 2523 1813 2593; x_wconf 85' lang='lat' dir='ltr'><strong>vituperatio-</strong></span> 
     </span>
    </p>
   </div>
   <div class='ocr_carea' id='block_1_41' title="bbox 241 2608 1815 2685">
    <p class='ocr_par' dir='ltr' id='par_1_41' title="bbox 241 2608 1815 2685">
     <span class='ocr_line' id='line_1_41' title="bbox 241 2608 1815 2685; baseline 0.006 -24"><span class='ocrx_word' id='word_1_317' title='bbox 241 2622 358 2671; x_wconf 85' lang='lat' dir='ltr'><strong>nes,</strong></span> <span class='ocrx_word' id='word_1_318' title='bbox 406 2608 810 2663; x_wconf 77' lang='lat' dir='ltr'><strong>exhortationes</strong></span> <span class='ocrx_word' id='word_1_319' title='bbox 857 2610 1199 2676; x_wconf 86' lang='lat' dir='ltr'><strong>adhibentur,</strong></span> <span class='ocrx_word' id='word_1_320' title='bbox 1248 2627 1422 2682; x_wconf 90' lang='lat' dir='ltr'><strong>neque</strong></span> <span class='ocrx_word' id='word_1_321' title='bbox 1466 2613 1571 2667; x_wconf 90' lang='lat' dir='ltr'><strong>ulla</strong></span> <span class='ocrx_word' id='word_1_322' title='bbox 1605 2614 1815 2685; x_wconf 87' lang='lat' dir='ltr'><strong>justitia</strong></span> 
     </span>
    </p>
   </div>
   <div class='ocr_carea' id='block_1_42' title="bbox 242 2698 1812 2783">
    <p class='ocr_par' dir='ltr' id='par_1_42' title="bbox 242 2698 1812 2783">
     <span class='ocr_line' id='line_1_42' title="bbox 242 2698 1812 2783; baseline 0.005 -30"><span class='ocrx_word' id='word_1_323' title='bbox 242 2698 399 2754; x_wconf 86' lang='lat' dir='ltr'><strong>bonis</strong></span> <span class='ocrx_word' id='word_1_324' title='bbox 426 2700 667 2777; x_wconf 75' lang='lat' dir='ltr'><strong>praemia,</strong></span> <span class='ocrx_word' id='word_1_325' title='bbox 698 2710 754 2754; x_wconf 87' lang='lat' dir='ltr'><strong>et</strong></span> <span class='ocrx_word' id='word_1_326' title='bbox 801 2700 960 2757; x_wconf 87' lang='lat' dir='ltr'><strong>malis</strong></span> <span class='ocrx_word' id='word_1_327' title='bbox 1008 2702 1263 2775; x_wconf 87' lang='lat' dir='ltr'><strong>supplicia</strong></span> <span class='ocrx_word' id='word_1_328' title='bbox 1316 2705 1610 2760; x_wconf 84' lang='lat' dir='ltr'><strong>constituta</strong></span> <span class='ocrx_word' id='word_1_329' title='bbox 1667 2718 1812 2783; x_wconf 81' lang='lat' dir='ltr'><strong>sunt.</strong></span> 
     </span>
    </p>
   </div>
   <div class='ocr_carea' id='block_1_43' title="bbox 243 2789 1818 2867">
    <p class='ocr_par' dir='ltr' id='par_1_43' title="bbox 243 2789 1818 2867">
     <span class='ocr_line' id='line_1_43' title="bbox 243 2789 1818 2867; baseline 0.007 -23"><span class='ocrx_word' id='word_1_330' title='bbox 243 2789 369 2845; x_wconf 77' lang='lat' dir='ltr'><strong>Haec</strong></span> <span class='ocrx_word' id='word_1_331' title='bbox 396 2806 525 2862; x_wconf 89' lang='lat' dir='ltr'><strong>ergo</strong></span> <span class='ocrx_word' id='word_1_332' title='bbox 567 2807 634 2846; x_wconf 92' lang='lat' dir='ltr'><strong>ne</strong></span> <span class='ocrx_word' id='word_1_333' title='bbox 658 2802 1081 2863; x_wconf 88' lang='lat' dir='ltr'><strong>consequantur,</strong></span> <span class='ocrx_word' id='word_1_334' title='bbox 1111 2794 1348 2867; x_wconf 90' lang='lat' dir='ltr'><strong>indigna,</strong></span> <span class='ocrx_word' id='word_1_335' title='bbox 1392 2805 1447 2852; x_wconf 92' lang='lat' dir='ltr'><strong>et</strong></span> <span class='ocrx_word' id='word_1_336' title='bbox 1485 2798 1740 2865; x_wconf 88' lang='lat' dir='ltr'><strong>absurda,</strong></span> <span class='ocrx_word' id='word_1_337' title='bbox 1762 2806 1818 2855; x_wconf 85' lang='lat' dir='ltr'><strong>et</strong></span> 
     </span>
    </p>
   </div>
   <div class='ocr_carea' id='block_1_44' title="bbox 244 2882 1818 2961">
    <p class='ocr_par' dir='ltr' id='par_1_44' title="bbox 244 2882 1818 2961">
     <span class='ocr_line' id='line_1_44' title="bbox 244 2882 1818 2961; baseline 0.008 -26"><span class='ocrx_word' id='word_1_338' title='bbox 244 2882 543 2952; x_wconf 86' lang='lat' dir='ltr'><strong>perniciosa</strong></span> <span class='ocrx_word' id='word_1_339' title='bbox 584 2885 746 2941; x_wconf 85' lang='lat' dir='ltr'><strong>rebus</strong></span> <span class='ocrx_word' id='word_1_340' title='bbox 775 2886 1049 2951; x_wconf 87' lang='lat' dir='ltr'><strong>humanis,</strong></span> <span class='ocrx_word' id='word_1_341' title='bbox 1077 2902 1183 2943; x_wconf 93' lang='lat' dir='ltr'><strong>non</strong></span> <span class='ocrx_word' id='word_1_342' title='bbox 1216 2887 1329 2943; x_wconf 88' lang='lat' dir='ltr'><strong>vult</strong></span> <span class='ocrx_word' id='word_1_343' title='bbox 1370 2904 1491 2945; x_wconf 88' lang='lat' dir='ltr'><strong>esse</strong></span> <span class='ocrx_word' id='word_1_344' title='bbox 1526 2891 1818 2961; x_wconf 68' lang='lat' dir='ltr'><strong>prrescien-</strong></span> 
     </span>
    </p>
   </div>
   <div class='ocr_carea' id='block_1_45' title="bbox 248 2972 1820 3050">
    <p class='ocr_par' dir='ltr' id='par_1_45' title="bbox 248 2972 1820 3050">
     <span class='ocr_line' id='line_1_45' title="bbox 248 2972 1820 3050; baseline 0.008 -24"><span class='ocrx_word' id='word_1_345' title='bbox 248 2972 374 3027; x_wconf 85' lang='lat' dir='ltr'><strong>tiam</strong></span> <span class='ocrx_word' id='word_1_346' title='bbox 396 2972 723 3043; x_wconf 90' lang='lat' dir='ltr'><strong>futurorum,</strong></span> <span class='ocrx_word' id='word_1_347' title='bbox 744 2987 905 3049; x_wconf 89' lang='lat' dir='ltr'><strong>atque</strong></span> <span class='ocrx_word' id='word_1_348' title='bbox 934 2978 986 3032; x_wconf 90' lang='lat' dir='ltr'><strong>in</strong></span> <span class='ocrx_word' id='word_1_349' title='bbox 1011 2980 1110 3035; x_wconf 92' lang='lat' dir='ltr'><strong>has</strong></span> <span class='ocrx_word' id='word_1_350' title='bbox 1146 2982 1425 3050; x_wconf 78' lang='lat' dir='ltr'><strong>angustias</strong></span> <span class='ocrx_word' id='word_1_351' title='bbox 1453 2982 1640 3039; x_wconf 89' lang='lat' dir='ltr'><strong>Cicero</strong></span> <span class='ocrx_word' id='word_1_352' title='bbox 1666 2999 1820 3039; x_wconf 90' lang='lat' dir='ltr'><strong>coar-</strong></span> 
     </span>
    </p>
   </div>
   <div class='ocr_carea' id='block_1_46' title="bbox 246 3066 1817 3146">
    <p class='ocr_par' dir='ltr' id='par_1_46' title="bbox 246 3066 1817 3146">
     <span class='ocr_line' id='line_1_46' title="bbox 246 3066 1817 3146; baseline 0.008 -26"><span class='ocrx_word' id='word_1_353' title='bbox 246 3073 360 3121; x_wconf 86' lang='lat' dir='ltr'><strong>ctat</strong></span> <span class='ocrx_word' id='word_1_354' title='bbox 404 3066 641 3123; x_wconf 89' lang='lat' dir='ltr'><strong>animum</strong></span> <span class='ocrx_word' id='word_1_355' title='bbox 686 3069 1017 3140; x_wconf 90' lang='lat' dir='ltr'><strong>religiosum,</strong></span> <span class='ocrx_word' id='word_1_356' title='bbox 1046 3081 1105 3126; x_wconf 91' lang='lat' dir='ltr'><strong>ut</strong></span> <span class='ocrx_word' id='word_1_357' title='bbox 1132 3086 1296 3127; x_wconf 92' lang='lat' dir='ltr'><strong>unum</strong></span> <span class='ocrx_word' id='word_1_358' title='bbox 1328 3073 1489 3146; x_wconf 90' lang='lat' dir='ltr'><strong>eligat</strong></span> <span class='ocrx_word' id='word_1_359' title='bbox 1518 3090 1549 3131; x_wconf 93' lang='lat' dir='ltr'><strong>e</strong></span> <span class='ocrx_word' id='word_1_360' title='bbox 1588 3075 1817 3142; x_wconf 88' lang='lat' dir='ltr'><strong>duobus,</strong></span> 
     </span>
    </p>
   </div>
   <div class='ocr_carea' id='block_1_47' title="bbox 247 3158 1823 3238">
    <p class='ocr_par' dir='ltr' id='par_1_47' title="bbox 247 3158 1823 3238">
     <span class='ocr_line' id='line_1_47' title="bbox 247 3158 1823 3238; baseline 0.007 -27"><span class='ocrx_word' id='word_1_361' title='bbox 247 3162 341 3211; x_wconf 89' lang='lat' dir='ltr'><strong>aut</strong></span> <span class='ocrx_word' id='word_1_362' title='bbox 381 3172 501 3214; x_wconf 84' lang='lat' dir='ltr'><strong>esse</strong></span> <span class='ocrx_word' id='word_1_363' title='bbox 528 3158 728 3229; x_wconf 78' lang='lat' dir='ltr'><strong>aliquid</strong></span> <span class='ocrx_word' id='word_1_364' title='bbox 759 3160 814 3215; x_wconf 91' lang='lat' dir='ltr'><strong>in</strong></span> <span class='ocrx_word' id='word_1_365' title='bbox 848 3169 1031 3216; x_wconf 85' lang='lat' dir='ltr'><strong>nostra</strong></span> <span class='ocrx_word' id='word_1_366' title='bbox 1057 3161 1355 3229; x_wconf 85' lang='lat' dir='ltr'><strong>voluntate,</strong></span> <span class='ocrx_word' id='word_1_367' title='bbox 1400 3173 1495 3219; x_wconf 92' lang='lat' dir='ltr'><strong>aut</strong></span> <span class='ocrx_word' id='word_1_368' title='bbox 1519 3181 1641 3222; x_wconf 90' lang='lat' dir='ltr'><strong>esse</strong></span> <span class='ocrx_word' id='word_1_369' title='bbox 1688 3180 1823 3238; x_wconf 74' lang='lat' dir='ltr'><strong>prte-</strong></span> 
     </span>
    </p>
   </div>
   <div class='ocr_carea' id='block_1_48' title="bbox 1916 1962 3497 2050">
    <p class='ocr_par' dir='ltr' id='par_1_48' title="bbox 1916 1962 3497 2050">
     <span class='ocr_line' id='line_1_48' title="bbox 1916 1962 3497 2050; baseline -0.002 -28"><span class='ocrx_word' id='word_1_370' title='bbox 1916 1966 2248 2023; x_wconf 87' lang='lat' dir='ltr'><strong>mutahilitcr</strong></span> <span class='ocrx_word' id='word_1_371' title='bbox 2272 1975 2357 2021; x_wconf 87' lang='lat' dir='ltr'><strong>est</strong></span> <span class='ocrx_word' id='word_1_372' title='bbox 2381 1962 2593 2021; x_wconf 90' lang='lat' dir='ltr'><strong>locutus</strong></span> <span class='ocrx_word' id='word_1_373' title='bbox 2608 1965 2787 2050; x_wconf 35' lang='lat' dir='ltr'><strong>,isicut</strong></span> <span class='ocrx_word' id='word_1_374' title='bbox 2812 1966 2964 2021; x_wconf 88' lang='lat' dir='ltr'><strong>novit</strong></span> <span class='ocrx_word' id='word_1_375' title='bbox 2984 1963 3497 2020; x_wconf 85' lang='lat' dir='ltr'><strong>incommutabiliter</strong></span> 
     </span>
    </p>
   </div>
   <div class='ocr_carea' id='block_1_49' title="bbox 1912 2056 3491 2131">
    <p class='ocr_par' dir='ltr' id='par_1_49' title="bbox 1912 2056 3491 2131">
     <span class='ocr_line' id='line_1_49' title="bbox 1912 2056 3491 2131; baseline -0.003 -17"><span class='ocrx_word' id='word_1_376' title='bbox 1912 2059 2096 2114; x_wconf 89' lang='lat' dir='ltr'><strong>omnia</strong></span> <span class='ocrx_word' id='word_1_377' title='bbox 2141 2074 2261 2131; x_wconf 68' lang='lat' dir='ltr'><strong>qua:</strong></span> <span class='ocrx_word' id='word_1_378' title='bbox 2291 2056 2469 2114; x_wconf 88' lang='lat' dir='ltr'><strong>futura</strong></span> <span class='ocrx_word' id='word_1_379' title='bbox 2501 2066 2658 2123; x_wconf 90' lang='lat' dir='ltr'><strong>sunt,</strong></span> <span class='ocrx_word' id='word_1_380' title='bbox 2709 2066 2765 2112; x_wconf 87' lang='lat' dir='ltr'><strong>et</strong></span> <span class='ocrx_word' id='word_1_381' title='bbox 2814 2072 2934 2128; x_wconf 76' lang='lat' dir='ltr'><strong>quae</strong></span> <span class='ocrx_word' id='word_1_382' title='bbox 2971 2057 3087 2128; x_wconf 89' lang='lat' dir='ltr'><strong>ipse</strong></span> <span class='ocrx_word' id='word_1_383' title='bbox 3114 2056 3359 2112; x_wconf 81' lang='lat' dir='ltr'><strong>facturus</strong></span> <span class='ocrx_word' id='word_1_384' title='bbox 3386 2063 3491 2111; x_wconf 88' lang='lat' dir='ltr'><strong>est.</strong></span> 
     </span>
    </p>
   </div>
   <div class='ocr_carea' id='block_1_50' title="bbox 1913 2138 3492 2223">
    <p class='ocr_par' dir='ltr' id='par_1_50' title="bbox 1913 2138 3492 2223">
     <span class='ocr_line' id='line_1_50' title="bbox 1913 2138 3492 2223; baseline -0.001 -17"><span class='ocrx_word' id='word_1_385' title='bbox 1913 2148 2027 2207; x_wconf 81' lang='lat' dir='ltr'><strong>Hac</strong></span> <span class='ocrx_word' id='word_1_386' title='bbox 2055 2152 2236 2223; x_wconf 90' lang='lat' dir='ltr'><strong>itaque</strong></span> <span class='ocrx_word' id='word_1_387' title='bbox 2268 2138 2479 2208; x_wconf 76' lang='lat' dir='ltr'><strong>ratione</strong></span> <span class='ocrx_word' id='word_1_388' title='bbox 2515 2164 2796 2222; x_wconf 88' lang='lat' dir='ltr'><strong>possemus</strong></span> <span class='ocrx_word' id='word_1_389' title='bbox 2824 2166 2855 2205; x_wconf 88' lang='lat' dir='ltr'><strong>a</strong></span> <span class='ocrx_word' id='word_1_390' title='bbox 2889 2152 3054 2207; x_wconf 90' lang='lat' dir='ltr'><strong>fando</strong></span> <span class='ocrx_word' id='word_1_391' title='bbox 3096 2150 3267 2206; x_wconf 90' lang='lat' dir='ltr'><strong>fatum</strong></span> <span class='ocrx_word' id='word_1_392' title='bbox 3312 2152 3492 2223; x_wconf 76' lang='lat' dir='ltr'><strong>appel-</strong></span> 
     </span>
    </p>
   </div>
   <div class='ocr_carea' id='block_1_51' title="bbox 1914 2241 3494 2316">
    <p class='ocr_par' dir='ltr' id='par_1_51' title="bbox 1914 2241 3494 2316">
     <span class='ocr_line' id='line_1_51' title="bbox 1914 2241 3494 2316; baseline 0 -20"><span class='ocrx_word' id='word_1_393' title='bbox 1914 2241 2060 2307; x_wconf 91' lang='lat' dir='ltr'><strong>lare,</strong></span> <span class='ocrx_word' id='word_1_394' title='bbox 2086 2244 2189 2298; x_wconf 89' lang='lat' dir='ltr'><strong>nisi</strong></span> <span class='ocrx_word' id='word_1_395' title='bbox 2219 2243 2323 2299; x_wconf 91' lang='lat' dir='ltr'><strong>hoc</strong></span> <span class='ocrx_word' id='word_1_396' title='bbox 2352 2257 2550 2299; x_wconf 90' lang='lat' dir='ltr'><strong>nomen</strong></span> <span class='ocrx_word' id='word_1_397' title='bbox 2579 2241 2692 2313; x_wconf 87' lang='lat' dir='ltr'><strong>jam</strong></span> <span class='ocrx_word' id='word_1_398' title='bbox 2724 2243 2779 2299; x_wconf 92' lang='lat' dir='ltr'><strong>in</strong></span> <span class='ocrx_word' id='word_1_399' title='bbox 2806 2243 2909 2298; x_wconf 90' lang='lat' dir='ltr'><strong>alia</strong></span> <span class='ocrx_word' id='word_1_400' title='bbox 2944 2258 3000 2298; x_wconf 90' lang='lat' dir='ltr'><strong>re</strong></span> <span class='ocrx_word' id='word_1_401' title='bbox 3022 2244 3221 2300; x_wconf 89' lang='lat' dir='ltr'><strong>soleret</strong></span> <span class='ocrx_word' id='word_1_402' title='bbox 3248 2243 3494 2316; x_wconf 88' lang='lat' dir='ltr'><strong>intelligi,</strong></span> 
     </span>
    </p>
   </div>
   <div class='ocr_carea' id='block_1_52' title="bbox 1916 2334 3583 2404">
    <p class='ocr_par' dir='ltr' id='par_1_52' title="bbox 1916 2334 3583 2404">
     <span class='ocr_line' id='line_1_52' title="bbox 1916 2334 3583 2404; baseline 0.004 -15"><span class='ocrx_word' id='word_1_403' title='bbox 1916 2348 2021 2404; x_wconf 85' lang='lat' dir='ltr'><strong>quo</strong></span> <span class='ocrx_word' id='word_1_404' title='bbox 2047 2335 2210 2389; x_wconf 89' lang='lat' dir='ltr'><strong>corda</strong></span> <span class='ocrx_word' id='word_1_405' title='bbox 2232 2334 2510 2389; x_wconf 91' lang='lat' dir='ltr'><strong>hominum</strong></span> <span class='ocrx_word' id='word_1_406' title='bbox 2544 2335 2797 2391; x_wconf 89' lang='lat' dir='ltr'><strong>nolumus</strong></span> <span class='ocrx_word' id='word_1_407' title='bbox 2828 2335 3099 2391; x_wconf 91' lang='lat' dir='ltr'><strong>inclinari.</strong></span> <span class='ocrx_word' id='word_1_408' title='bbox 3131 2334 3249 2391; x_wconf 85' lang='lat' dir='ltr'><strong>Non</strong></span> <span class='ocrx_word' id='word_1_409' title='bbox 3280 2345 3362 2392; x_wconf 88' lang='lat' dir='ltr'><strong>est</strong></span> <span class='ocrx_word' id='word_1_410' title='bbox 3398 2350 3496 2389; x_wconf 90' lang='lat' dir='ltr'><strong>au-</strong></span> <span class='ocrx_word' id='word_1_411' title='bbox 3573 2386 3583 2395; x_wconf 90' lang='lat'><strong>.</strong></span> 
     </span>
    </p>
   </div>
   <div class='ocr_carea' id='block_1_53' title="bbox 1914 2428 3500 2498">
    <p class='ocr_par' dir='ltr' id='par_1_53' title="bbox 1914 2428 3500 2498">
     <span class='ocr_line' id='line_1_53' title="bbox 1914 2428 3500 2498; baseline 0.003 -17"><span class='ocrx_word' id='word_1_412' title='bbox 1914 2434 2024 2483; x_wconf 87' lang='lat' dir='ltr'><strong>tem</strong></span> <span class='ocrx_word' id='word_1_413' title='bbox 2052 2442 2387 2498; x_wconf 88' lang='lat' dir='ltr'><strong>consequens</strong></span> <span class='ocrx_word' id='word_1_414' title='bbox 2430 2436 2516 2491; x_wconf 87' lang='lat' dir='ltr'><strong>ut,</strong></span> <span class='ocrx_word' id='word_1_415' title='bbox 2567 2428 2612 2483; x_wconf 90' lang='lat' dir='ltr'><strong>si</strong></span> <span class='ocrx_word' id='word_1_416' title='bbox 2666 2428 2776 2484; x_wconf 89' lang='lat' dir='ltr'><strong>Deo</strong></span> <span class='ocrx_word' id='word_1_417' title='bbox 2820 2438 3001 2485; x_wconf 91' lang='lat' dir='ltr'><strong>certus</strong></span> <span class='ocrx_word' id='word_1_418' title='bbox 3044 2438 3130 2486; x_wconf 88' lang='lat' dir='ltr'><strong>est</strong></span> <span class='ocrx_word' id='word_1_419' title='bbox 3168 2430 3342 2485; x_wconf 92' lang='lat' dir='ltr'><strong>omnis</strong></span> <span class='ocrx_word' id='word_1_420' title='bbox 3366 2429 3500 2485; x_wconf 87' lang='lat' dir='ltr'><strong>ordo</strong></span> 
     </span>
    </p>
   </div>
   <div class='ocr_carea' id='block_1_54' title="bbox 1917 2516 3496 2584">
    <p class='ocr_par' dir='ltr' id='par_1_54' title="bbox 1917 2516 3496 2584">
     <span class='ocr_line' id='line_1_54' title="bbox 1917 2516 3496 2584; baseline 0.001 -11"><span class='ocrx_word' id='word_1_421' title='bbox 1917 2532 2225 2584; x_wconf 88' lang='lat' dir='ltr'><strong>causarum,</strong></span> <span class='ocrx_word' id='word_1_422' title='bbox 2245 2516 2367 2573; x_wconf 91' lang='lat' dir='ltr'><strong>ideo</strong></span> <span class='ocrx_word' id='word_1_423' title='bbox 2390 2518 2520 2573; x_wconf 87' lang='lat' dir='ltr'><strong>nihil</strong></span> <span class='ocrx_word' id='word_1_424' title='bbox 2545 2520 2616 2574; x_wconf 90' lang='lat' dir='ltr'><strong>sit</strong></span> <span class='ocrx_word' id='word_1_425' title='bbox 2637 2521 2689 2573; x_wconf 90' lang='lat' dir='ltr'><strong>in</strong></span> <span class='ocrx_word' id='word_1_426' title='bbox 2717 2529 2915 2575; x_wconf 86' lang='lat' dir='ltr'><strong>nostrae</strong></span> <span class='ocrx_word' id='word_1_427' title='bbox 2935 2520 3225 2577; x_wconf 87' lang='lat' dir='ltr'><strong>voluntatis</strong></span> <span class='ocrx_word' id='word_1_428' title='bbox 3247 2521 3496 2577; x_wconf 89' lang='lat' dir='ltr'><strong>arbitrio.</strong></span> 
     </span>
    </p>
   </div>
   <div class='ocr_carea' id='block_1_55' title="bbox 1918 2609 3501 2682">
    <p class='ocr_par' dir='ltr' id='par_1_55' title="bbox 1918 2609 3501 2682">
     <span class='ocr_line' id='line_1_55' title="bbox 1918 2609 3501 2682; baseline 0.003 -18"><span class='ocrx_word' id='word_1_429' title='bbox 1918 2609 1987 2664; x_wconf 88' lang='lat' dir='ltr'><strong>Et</strong></span> <span class='ocrx_word' id='word_1_430' title='bbox 2014 2610 2145 2681; x_wconf 83' lang='lat' dir='ltr'><strong>ipsae</strong></span> <span class='ocrx_word' id='word_1_431' title='bbox 2173 2610 2371 2682; x_wconf 88' lang='lat' dir='ltr'><strong>quippe</strong></span> <span class='ocrx_word' id='word_1_432' title='bbox 2403 2622 2603 2667; x_wconf 69' lang='lat' dir='ltr'><strong>nostrm</strong></span> <span class='ocrx_word' id='word_1_433' title='bbox 2648 2612 2952 2669; x_wconf 85' lang='lat' dir='ltr'><strong>voluntates</strong></span> <span class='ocrx_word' id='word_1_434' title='bbox 2982 2614 3035 2668; x_wconf 88' lang='lat' dir='ltr'><strong>in</strong></span> <span class='ocrx_word' id='word_1_435' title='bbox 3088 2630 3379 2673; x_wconf 87' lang='lat' dir='ltr'><strong>causarum</strong></span> <span class='ocrx_word' id='word_1_436' title='bbox 3410 2629 3501 2670; x_wconf 86' lang='lat' dir='ltr'><strong>or-</strong></span> 
     </span>
    </p>
   </div>
   <div class='ocr_carea' id='block_1_56' title="bbox 1918 2701 3500 2781">
    <p class='ocr_par' dir='ltr' id='par_1_56' title="bbox 1918 2701 3500 2781">
     <span class='ocr_line' id='line_1_56' title="bbox 1918 2701 3500 2781; baseline 0.004 -24"><span class='ocrx_word' id='word_1_437' title='bbox 1918 2701 2044 2757; x_wconf 90' lang='lat' dir='ltr'><strong>dine</strong></span> <span class='ocrx_word' id='word_1_438' title='bbox 2085 2711 2239 2768; x_wconf 91' lang='lat' dir='ltr'><strong>sunt,</strong></span> <span class='ocrx_word' id='word_1_439' title='bbox 2270 2703 2362 2773; x_wconf 90' lang='lat' dir='ltr'><strong>qui</strong></span> <span class='ocrx_word' id='word_1_440' title='bbox 2398 2715 2580 2760; x_wconf 90' lang='lat' dir='ltr'><strong>certus</strong></span> <span class='ocrx_word' id='word_1_441' title='bbox 2622 2713 2705 2762; x_wconf 90' lang='lat' dir='ltr'><strong>est</strong></span> <span class='ocrx_word' id='word_1_442' title='bbox 2735 2707 2874 2773; x_wconf 91' lang='lat' dir='ltr'><strong>Deo,</strong></span> <span class='ocrx_word' id='word_1_443' title='bbox 2903 2706 3129 2779; x_wconf 88' lang='lat' dir='ltr'><strong>ejusque</strong></span> <span class='ocrx_word' id='word_1_444' title='bbox 3157 2706 3500 2781; x_wconf 84' lang='lat' dir='ltr'><strong>praescientia</strong></span> 
     </span>
    </p>
   </div>
   <div class='ocr_carea' id='block_1_57' title="bbox 1919 2797 3500 2867">
    <p class='ocr_par' dir='ltr' id='par_1_57' title="bbox 1919 2797 3500 2867">
     <span class='ocr_line' id='line_1_57' title="bbox 1919 2797 3500 2867; baseline 0.003 -15"><span class='ocrx_word' id='word_1_445' title='bbox 1919 2797 2244 2864; x_wconf 85' lang='lat' dir='ltr'><strong>continetur,</strong></span> <span class='ocrx_word' id='word_1_446' title='bbox 2260 2798 2566 2867; x_wconf 65' lang='lat' dir='ltr'><strong>quoniamze</strong></span> <span class='ocrx_word' id='word_1_447' title='bbox 2584 2806 2640 2853; x_wconf 91' lang='lat' dir='ltr'><strong>et</strong></span> <span class='ocrx_word' id='word_1_448' title='bbox 2654 2799 2903 2855; x_wconf 66' lang='lat' dir='ltr'><strong>humana:</strong></span> <span class='ocrx_word' id='word_1_449' title='bbox 2917 2801 3220 2857; x_wconf 89' lang='lat' dir='ltr'><strong>voluntates</strong></span> <span class='ocrx_word' id='word_1_450' title='bbox 3234 2802 3500 2857; x_wconf 88' lang='lat' dir='ltr'><strong>humano-</strong></span> 
     </span>
    </p>
   </div>
   <div class='ocr_carea' id='block_1_58' title="bbox 1920 2884 3500 2962">
    <p class='ocr_par' dir='ltr' id='par_1_58' title="bbox 1920 2884 3500 2962">
     <span class='ocr_line' id='line_1_58' title="bbox 1920 2884 3500 2962; baseline 0.004 -23"><span class='ocrx_word' id='word_1_451' title='bbox 1920 2900 2039 2940; x_wconf 89' lang='lat' dir='ltr'><strong>rum</strong></span> <span class='ocrx_word' id='word_1_452' title='bbox 2067 2900 2290 2956; x_wconf 86' lang='lat' dir='ltr'><strong>operum</strong></span> <span class='ocrx_word' id='word_1_453' title='bbox 2316 2902 2492 2942; x_wconf 75' lang='lat' dir='ltr'><strong>causa:</strong></span> <span class='ocrx_word' id='word_1_454' title='bbox 2523 2884 2665 2942; x_wconf 77' lang='lat' dir='ltr'><strong>sunt.</strong></span> <span class='ocrx_word' id='word_1_455' title='bbox 2695 2888 2870 2960; x_wconf 79' lang='lat' dir='ltr'><strong>Atque</strong></span> <span class='ocrx_word' id='word_1_456' title='bbox 2890 2890 2965 2944; x_wconf 88' lang='lat' dir='ltr'><strong>ita</strong></span> <span class='ocrx_word' id='word_1_457' title='bbox 2991 2891 3083 2962; x_wconf 91' lang='lat' dir='ltr'><strong>qui</strong></span> <span class='ocrx_word' id='word_1_458' title='bbox 3107 2905 3295 2946; x_wconf 89' lang='lat' dir='ltr'><strong>omnes</strong></span> <span class='ocrx_word' id='word_1_459' title='bbox 3319 2905 3500 2945; x_wconf 89' lang='lat' dir='ltr'><strong>rerum</strong></span> 
     </span>
    </p>
   </div>
   <div class='ocr_carea' id='block_1_59' title="bbox 1922 2977 3504 3051">
    <p class='ocr_par' dir='ltr' id='par_1_59' title="bbox 1922 2977 3504 3051">
     <span class='ocr_line' id='line_1_59' title="bbox 1922 2977 3504 3051; baseline 0.003 -19"><span class='ocrx_word' id='word_1_460' title='bbox 1922 2992 2117 3032; x_wconf 90' lang='lat' dir='ltr'><strong>causas</strong></span> <span class='ocrx_word' id='word_1_461' title='bbox 2135 2977 2428 3048; x_wconf 83' lang='lat' dir='ltr'><strong>praescivit,</strong></span> <span class='ocrx_word' id='word_1_462' title='bbox 2454 2977 2699 3051; x_wconf 89' lang='lat' dir='ltr'><strong>profecto</strong></span> <span class='ocrx_word' id='word_1_463' title='bbox 2722 2979 2774 3034; x_wconf 93' lang='lat' dir='ltr'><strong>in</strong></span> <span class='ocrx_word' id='word_1_464' title='bbox 2802 2981 2882 3035; x_wconf 89' lang='lat' dir='ltr'><strong>eis</strong></span> <span class='ocrx_word' id='word_1_465' title='bbox 2908 2982 3084 3037; x_wconf 88' lang='lat' dir='ltr'><strong>causis</strong></span> <span class='ocrx_word' id='word_1_466' title='bbox 3105 2983 3267 3037; x_wconf 89' lang='lat' dir='ltr'><strong>etiam</strong></span> <span class='ocrx_word' id='word_1_467' title='bbox 3291 2989 3504 3037; x_wconf 86' lang='lat' dir='ltr'><strong>nostras</strong></span> 
     </span>
    </p>
   </div>
   <div class='ocr_carea' id='block_1_60' title="bbox 1921 3067 3505 3142">
    <p class='ocr_par' dir='ltr' id='par_1_60' title="bbox 1921 3067 3505 3142">
     <span class='ocr_line' id='line_1_60' title="bbox 1921 3067 3505 3142; baseline 0.004 -20"><span class='ocrx_word' id='word_1_468' title='bbox 1921 3067 2230 3123; x_wconf 86' lang='lat' dir='ltr'><strong>voluntates</strong></span> <span class='ocrx_word' id='word_1_469' title='bbox 2284 3067 2538 3138; x_wconf 86' lang='lat' dir='ltr'><strong>ignorare</strong></span> <span class='ocrx_word' id='word_1_470' title='bbox 2594 3084 2702 3124; x_wconf 92' lang='lat' dir='ltr'><strong>non</strong></span> <span class='ocrx_word' id='word_1_471' title='bbox 2755 3070 2962 3139; x_wconf 90' lang='lat' dir='ltr'><strong>potuit,</strong></span> <span class='ocrx_word' id='word_1_472' title='bbox 3017 3087 3151 3142; x_wconf 91' lang='lat' dir='ltr'><strong>quas</strong></span> <span class='ocrx_word' id='word_1_473' title='bbox 3194 3080 3505 3129; x_wconf 87' lang='lat' dir='ltr'><strong>nostrorum</strong></span> 
     </span>
    </p>
   </div>
   <div class='ocr_carea' id='block_1_61' title="bbox 1923 3162 3505 3236">
    <p class='ocr_par' dir='ltr' id='par_1_61' title="bbox 1923 3162 3505 3236">
     <span class='ocr_line' id='line_1_61' title="bbox 1923 3162 3505 3236; baseline 0.003 -20"><span class='ocrx_word' id='word_1_474' title='bbox 1923 3175 2147 3232; x_wconf 89' lang='lat' dir='ltr'><strong>operum</strong></span> <span class='ocrx_word' id='word_1_475' title='bbox 2195 3175 2388 3216; x_wconf 90' lang='lat' dir='ltr'><strong>causas</strong></span> <span class='ocrx_word' id='word_1_476' title='bbox 2429 3176 2548 3217; x_wconf 85' lang='lat' dir='ltr'><strong>esse</strong></span> <span class='ocrx_word' id='word_1_477' title='bbox 2576 3162 2867 3232; x_wconf 81' lang='lat' dir='ltr'><strong>praescivit.</strong></span> <span class='ocrx_word' id='word_1_478' title='bbox 2915 3162 3048 3218; x_wconf 87' lang='lat' dir='ltr'><strong>Nam</strong></span> <span class='ocrx_word' id='word_1_479' title='bbox 3090 3173 3144 3219; x_wconf 92' lang='lat' dir='ltr'><strong>et</strong></span> <span class='ocrx_word' id='word_1_480' title='bbox 3187 3163 3317 3220; x_wconf 92' lang='lat' dir='ltr'><strong>illud</strong></span> <span class='ocrx_word' id='word_1_481' title='bbox 3361 3162 3505 3236; x_wconf 91' lang='lat' dir='ltr'><strong>quod</strong></span> 
     </span>
    </p>
   </div>
   <div class='ocr_carea' id='block_1_62' title="bbox 248 3225 3509 3326">
    <p class='ocr_par' dir='ltr' id='par_1_62' title="bbox 248 3225 3509 3326">
     <span class='ocr_line' id='line_1_62' title="bbox 248 3225 3509 3326; baseline 0.003 -21"><span class='ocrx_word' id='word_1_482' title='bbox 248 3250 532 3305; x_wconf 82' lang='lat' dir='ltr'><strong>scientiam</strong></span> <span class='ocrx_word' id='word_1_483' title='bbox 558 3225 883 3307; x_wconf 77' lang='lat' dir='ltr'><strong>futurorum.</strong></span> <span class='ocrx_word' id='word_1_484' title='bbox 909 3251 1172 3323; x_wconf 88' lang='lat' dir='ltr'><strong>Quoniam</strong></span> <span class='ocrx_word' id='word_1_485' title='bbox 1205 3225 1490 3326; x_wconf 88' lang='lat' dir='ltr'><strong>utrumque</strong></span> <span class='ocrx_word' id='word_1_486' title='bbox 1528 3225 1824 3314; x_wconf 66' lang='lat' dir='ltr'><strong>arbitratur</strong></span> <span class='ocrx_word' id='word_1_487' title='bbox 1848 3225 1895 3291; x_wconf 61' lang='grc' dir='ltr'><strong>δ</strong></span> <span class='ocrx_word' id='word_1_488' title='bbox 1926 3225 2067 3312; x_wconf 79' lang='lat' dir='ltr'><strong>idem</strong></span> <span class='ocrx_word' id='word_1_489' title='bbox 2102 3254 2296 3311; x_wconf 88' lang='lat' dir='ltr'><strong>Cicero</strong></span> <span class='ocrx_word' id='word_1_490' title='bbox 2324 3256 2600 3324; x_wconf 89' lang='lat' dir='ltr'><strong>concedit,</strong></span> <span class='ocrx_word' id='word_1_491' title='bbox 2631 3254 2765 3312; x_wconf 89' lang='lat' dir='ltr'><strong>nihil</strong></span> <span class='ocrx_word' id='word_1_492' title='bbox 2814 3254 2963 3324; x_wconf 88' lang='lat' dir='ltr'><strong>ﬁeri,</strong></span> <span class='ocrx_word' id='word_1_493' title='bbox 2996 3258 3041 3313; x_wconf 90' lang='lat' dir='ltr'><strong>si</strong></span> <span class='ocrx_word' id='word_1_494' title='bbox 3069 3273 3236 3314; x_wconf 90' lang='lat' dir='ltr'><strong>causa</strong></span> <span class='ocrx_word' id='word_1_495' title='bbox 3273 3256 3509 3316; x_wconf 72' lang='lat' dir='ltr'><strong>efﬁciens</strong></span> 
     </span>
    </p>
   </div>
   <div class='ocr_carea' id='block_1_63' title="bbox 247 3343 1826 3423">
    <p class='ocr_par' dir='ltr' id='par_1_63' title="bbox 247 3343 1826 3423">
     <span class='ocr_line' id='line_1_63' title="bbox 247 3343 1826 3423; baseline 0.005 -26"><span class='ocrx_word' id='word_1_496' title='bbox 247 3355 371 3398; x_wconf 82' lang='lat' dir='ltr'><strong>esse</strong></span> <span class='ocrx_word' id='word_1_497' title='bbox 411 3356 519 3398; x_wconf 85' lang='lat' dir='ltr'><strong>non</strong></span> <span class='ocrx_word' id='word_1_498' title='bbox 544 3357 720 3423; x_wconf 87' lang='lat' dir='ltr'><strong>posse,</strong></span> <span class='ocrx_word' id='word_1_499' title='bbox 749 3346 844 3400; x_wconf 85' lang='lat' dir='ltr'><strong>sed</strong></span> <span class='ocrx_word' id='word_1_500' title='bbox 875 3343 920 3401; x_wconf 92' lang='lat' dir='ltr'><strong>si</strong></span> <span class='ocrx_word' id='word_1_501' title='bbox 958 3344 1186 3402; x_wconf 79' lang='lat' dir='ltr'><strong>alterum</strong></span> <span class='ocrx_word' id='word_1_502' title='bbox 1227 3346 1655 3417; x_wconf 87' lang='lat' dir='ltr'><strong>conﬁrmabitur,</strong></span> <span class='ocrx_word' id='word_1_503' title='bbox 1701 3349 1826 3406; x_wconf 87' lang='lat' dir='ltr'><strong>alte-</strong></span> 
     </span>
    </p>
   </div>
   <div class='ocr_carea' id='block_1_64' title="bbox 250 3434 1824 3510">
    <p class='ocr_par' dir='ltr' id='par_1_64' title="bbox 250 3434 1824 3510">
     <span class='ocr_line' id='line_1_64' title="bbox 250 3434 1824 3510; baseline 0.006 -21"><span class='ocrx_word' id='word_1_504' title='bbox 250 3450 369 3489; x_wconf 85' lang='lat' dir='ltr'><strong>rum</strong></span> <span class='ocrx_word' id='word_1_505' title='bbox 418 3434 563 3501; x_wconf 86' lang='lat' dir='ltr'><strong>tolli,</strong></span> <span class='ocrx_word' id='word_1_506' title='bbox 597 3436 643 3492; x_wconf 89' lang='lat' dir='ltr'><strong>si</strong></span> <span class='ocrx_word' id='word_1_507' title='bbox 674 3435 996 3509; x_wconf 86' lang='lat' dir='ltr'><strong>elegerimus</strong></span> <span class='ocrx_word' id='word_1_508' title='bbox 1046 3440 1447 3509; x_wconf 60' lang='lat' dir='ltr'><strong>praescientiam</strong></span> <span class='ocrx_word' id='word_1_509' title='bbox 1496 3440 1824 3510; x_wconf 87' lang='lat' dir='ltr'><strong>futurorum,</strong></span> 
     </span>
    </p>
   </div>
   <div class='ocr_carea' id='block_1_65' title="bbox 252 3524 1828 3605">
    <p class='ocr_par' dir='ltr' id='par_1_65' title="bbox 252 3524 1828 3605">
     <span class='ocr_line' id='line_1_65' title="bbox 252 3524 1828 3605; baseline 0.006 -22"><span class='ocrx_word' id='word_1_510' title='bbox 252 3524 364 3583; x_wconf 86' lang='lat' dir='ltr'><strong>tolli</strong></span> <span class='ocrx_word' id='word_1_511' title='bbox 403 3526 690 3584; x_wconf 84' lang='lat' dir='ltr'><strong>voluntatis</strong></span> <span class='ocrx_word' id='word_1_512' title='bbox 717 3529 1040 3599; x_wconf 88' lang='lat' dir='ltr'><strong>arbitrium;</strong></span> <span class='ocrx_word' id='word_1_513' title='bbox 1089 3533 1134 3587; x_wconf 89' lang='lat' dir='ltr'><strong>si</strong></span> <span class='ocrx_word' id='word_1_514' title='bbox 1179 3532 1503 3605; x_wconf 82' lang='lat' dir='ltr'><strong>elegerimus</strong></span> <span class='ocrx_word' id='word_1_515' title='bbox 1535 3535 1828 3593; x_wconf 87' lang='lat' dir='ltr'><strong>voluntatis</strong></span> 
     </span>
    </p>
   </div>
   <div class='ocr_carea' id='block_1_66' title="bbox 143 3618 1825 3702">
    <p class='ocr_par' dir='ltr' id='par_1_66' title="bbox 143 3618 1825 3702">
     <span class='ocr_line' id='line_1_66' title="bbox 143 3618 1825 3702; baseline 0.008 -29"><span class='ocrx_word' id='word_1_516' title='bbox 143 3673 150 3679; x_wconf 80' lang='grc'>,</span> <span class='ocrx_word' id='word_1_517' title='bbox 252 3618 559 3687; x_wconf 87' lang='lat' dir='ltr'><strong>arbitrium,</strong></span> <span class='ocrx_word' id='word_1_518' title='bbox 577 3621 687 3677; x_wconf 88' lang='lat' dir='ltr'><strong>tolli</strong></span> <span class='ocrx_word' id='word_1_519' title='bbox 708 3623 1104 3693; x_wconf 84' lang='lat' dir='ltr'><strong>praeseientiam</strong></span> <span class='ocrx_word' id='word_1_520' title='bbox 1126 3624 1451 3683; x_wconf 85' lang='lat' dir='ltr'><strong>futurorum.</strong></span> <span class='ocrx_word' id='word_1_521' title='bbox 1476 3628 1594 3700; x_wconf 90' lang='lat' dir='ltr'><strong>Ipse</strong></span> <span class='ocrx_word' id='word_1_522' title='bbox 1621 3629 1825 3702; x_wconf 88' lang='lat' dir='ltr'><strong>itaque,</strong></span> 
     </span>
    </p>
   </div>
   <div class='ocr_carea' id='block_1_67' title="bbox 252 3713 1827 3793">
    <p class='ocr_par' dir='ltr' id='par_1_67' title="bbox 252 3713 1827 3793">
     <span class='ocr_line' id='line_1_67' title="bbox 252 3713 1827 3793; baseline 0.008 -26"><span class='ocrx_word' id='word_1_523' title='bbox 252 3721 314 3767; x_wconf 88' lang='lat' dir='ltr'><strong>ut</strong></span> <span class='ocrx_word' id='word_1_524' title='bbox 351 3713 433 3768; x_wconf 87' lang='lat' dir='ltr'><strong>vir</strong></span> <span class='ocrx_word' id='word_1_525' title='bbox 458 3728 683 3786; x_wconf 84' lang='lat' dir='ltr'><strong>magnus</strong></span> <span class='ocrx_word' id='word_1_526' title='bbox 706 3723 760 3771; x_wconf 91' lang='lat' dir='ltr'><strong>et</strong></span> <span class='ocrx_word' id='word_1_527' title='bbox 784 3716 975 3773; x_wconf 90' lang='lat' dir='ltr'><strong>doctus</strong></span> <span class='ocrx_word' id='word_1_528' title='bbox 1021 3727 1076 3773; x_wconf 91' lang='lat' dir='ltr'><strong>et</strong></span> <span class='ocrx_word' id='word_1_529' title='bbox 1098 3720 1223 3775; x_wconf 76' lang='lat' dir='ltr'><strong>vitae</strong></span> <span class='ocrx_word' id='word_1_530' title='bbox 1249 3721 1497 3778; x_wconf 80' lang='lat' dir='ltr'><strong>humanae</strong></span> <span class='ocrx_word' id='word_1_531' title='bbox 1537 3722 1827 3793; x_wconf 90' lang='lat' dir='ltr'><strong>plurimum</strong></span> 
     </span>
    </p>
   </div>
   <div class='ocr_carea' id='block_1_68' title="bbox 254 3808 1828 3891">
    <p class='ocr_par' dir='ltr' id='par_1_68' title="bbox 254 3808 1828 3891">
     <span class='ocr_line' id='line_1_68' title="bbox 254 3808 1828 3891; baseline 0.006 -28"><span class='ocrx_word' id='word_1_532' title='bbox 254 3824 319 3864; x_wconf 93' lang='lat' dir='ltr'><strong>ac</strong></span> <span class='ocrx_word' id='word_1_533' title='bbox 364 3808 689 3887; x_wconf 89' lang='lat' dir='ltr'><strong>peritissime</strong></span> <span class='ocrx_word' id='word_1_534' title='bbox 719 3810 1023 3878; x_wconf 89' lang='lat' dir='ltr'><strong>consulens,</strong></span> <span class='ocrx_word' id='word_1_535' title='bbox 1055 3814 1243 3870; x_wconf 74' lang='lat' dir='ltr'><strong>cx&#39;his</strong></span> <span class='ocrx_word' id='word_1_536' title='bbox 1288 3815 1496 3887; x_wconf 82' lang='lat' dir='ltr'><strong>duobus</strong></span> <span class='ocrx_word' id='word_1_537' title='bbox 1531 3818 1677 3888; x_wconf 89' lang='lat' dir='ltr'><strong>eligit</strong></span> <span class='ocrx_word' id='word_1_538' title='bbox 1709 3817 1828 3891; x_wconf 84' lang='lat' dir='ltr'><strong>[al.,</strong></span> 
     </span>
    </p>
   </div>
   <div class='ocr_carea' id='block_1_69' title="bbox 254 3896 1834 3977">
    <p class='ocr_par' dir='ltr' id='par_1_69' title="bbox 254 3896 1834 3977">
     <span class='ocr_line' id='line_1_69' title="bbox 254 3896 1834 3977; baseline 0.007 -26"><span class='ocrx_word' id='word_1_539' title='bbox 254 3897 454 3971; x_wconf 87' lang='lat' dir='ltr'><strong>elegit]</strong></span> <span class='ocrx_word' id='word_1_540' title='bbox 484 3896 710 3954; x_wconf 87' lang='lat' dir='ltr'><strong>liberum</strong></span> <span class='ocrx_word' id='word_1_541' title='bbox 745 3900 1043 3958; x_wconf 87' lang='lat' dir='ltr'><strong>voluntatis</strong></span> <span class='ocrx_word' id='word_1_542' title='bbox 1091 3903 1398 3977; x_wconf 84' lang='lat' dir='ltr'><strong>arbitrium,</strong></span> <span class='ocrx_word' id='word_1_543' title='bbox 1443 3907 1585 3976; x_wconf 91' lang='lat' dir='ltr'><strong>quod</strong></span> <span class='ocrx_word' id='word_1_544' title='bbox 1613 3916 1671 3961; x_wconf 92' lang='lat' dir='ltr'><strong>ut</strong></span> <span class='ocrx_word' id='word_1_545' title='bbox 1712 3924 1834 3963; x_wconf 89' lang='lat' dir='ltr'><strong>con-</strong></span> 
     </span>
    </p>
   </div>
   <div class='ocr_carea' id='block_1_70' title="bbox 256 3986 1834 4070">
    <p class='ocr_par' dir='ltr' id='par_1_70' title="bbox 256 3986 1834 4070">
     <span class='ocr_line' id='line_1_70' title="bbox 256 3986 1834 4070; baseline 0.008 -28"><span class='ocrx_word' id='word_1_546' title='bbox 256 3987 589 4058; x_wconf 83' lang='lat' dir='ltr'><strong>ﬁrmaretur,</strong></span> <span class='ocrx_word' id='word_1_547' title='bbox 620 3986 837 4065; x_wconf 82' lang='lat' dir='ltr'><strong>negavit</strong></span> <span class='ocrx_word' id='word_1_548' title='bbox 874 3996 1274 4066; x_wconf 86' lang='lat' dir='ltr'><strong>praescientiam</strong></span> <span class='ocrx_word' id='word_1_549' title='bbox 1306 3996 1641 4064; x_wconf 85' lang='lat' dir='ltr'><strong>futurorum;</strong></span> <span class='ocrx_word' id='word_1_550' title='bbox 1675 4011 1834 4070; x_wconf 87' lang='lat' dir='ltr'><strong>atque</strong></span> 
     </span>
    </p>
   </div>
   <div class='ocr_carea' id='block_1_71' title="bbox 254 4078 1837 4162">
    <p class='ocr_par' dir='ltr' id='par_1_71' title="bbox 254 4078 1837 4162">
     <span class='ocr_line' id='line_1_71' title="bbox 254 4078 1837 4162; baseline 0.008 -29"><span class='ocrx_word' id='word_1_551' title='bbox 254 4078 335 4134; x_wconf 89' lang='lat' dir='ltr'><strong>ita</strong></span> <span class='ocrx_word' id='word_1_552' title='bbox 363 4079 491 4136; x_wconf 89' lang='lat' dir='ltr'><strong>dum</strong></span> <span class='ocrx_word' id='word_1_553' title='bbox 510 4082 623 4137; x_wconf 86' lang='lat' dir='ltr'><strong>vult</strong></span> <span class='ocrx_word' id='word_1_554' title='bbox 648 4080 829 4139; x_wconf 86' lang='lat' dir='ltr'><strong>facere</strong></span> <span class='ocrx_word' id='word_1_555' title='bbox 848 4083 1069 4155; x_wconf 84' lang='lat' dir='ltr'><strong>liberos,</strong></span> <span class='ocrx_word' id='word_1_556' title='bbox 1099 4083 1229 4142; x_wconf 93' lang='lat' dir='ltr'><strong>fecit</strong></span> <span class='ocrx_word' id='word_1_557' title='bbox 1264 4088 1571 4161; x_wconf 85' lang='lat' dir='ltr'><strong>sacrilegos.</strong></span> <span class='ocrx_word' id='word_1_558' title='bbox 1604 4089 1837 4162; x_wconf 82' lang='lat' dir='ltr'><strong>Religio-</strong></span> 
     </span>
    </p>
   </div>
   <div class='ocr_carea' id='block_1_72' title="bbox 255 4176 1841 4261">
    <p class='ocr_par' dir='ltr' id='par_1_72' title="bbox 255 4176 1841 4261">
     <span class='ocr_line' id='line_1_72' title="bbox 255 4176 1841 4261; baseline 0.008 -35"><span class='ocrx_word' id='word_1_559' title='bbox 255 4186 356 4227; x_wconf 87' lang='lat' dir='ltr'><strong>sus</strong></span> <span class='ocrx_word' id='word_1_560' title='bbox 384 4182 563 4229; x_wconf 90' lang='lat' dir='ltr'><strong>autem</strong></span> <span class='ocrx_word' id='word_1_561' title='bbox 602 4176 816 4232; x_wconf 88' lang='lat' dir='ltr'><strong>animus</strong></span> <span class='ocrx_word' id='word_1_562' title='bbox 846 4185 1133 4261; x_wconf 87' lang='lat' dir='ltr'><strong>utrumque</strong></span> <span class='ocrx_word' id='word_1_563' title='bbox 1170 4179 1336 4252; x_wconf 91' lang='lat' dir='ltr'><strong>eligit,</strong></span> <span class='ocrx_word' id='word_1_564' title='bbox 1383 4191 1669 4254; x_wconf 91' lang='lat' dir='ltr'><strong>utrumque</strong></span> <span class='ocrx_word' id='word_1_565' title='bbox 1716 4199 1841 4239; x_wconf 87' lang='lat' dir='ltr'><strong>con-</strong></span> 
     </span>
    </p>
   </div>
   <div class='ocr_carea' id='block_1_73' title="bbox 255 4263 1836 4342">
    <p class='ocr_par' dir='ltr' id='par_1_73' title="bbox 255 4263 1836 4342">
     <span class='ocr_line' id='line_1_73' title="bbox 255 4263 1836 4342; baseline 0.008 -24"><span class='ocrx_word' id='word_1_566' title='bbox 255 4263 444 4320; x_wconf 71' lang='lat' dir='ltr'><strong>litetur</strong></span> <span class='ocrx_word' id='word_1_567' title='bbox 461 4275 516 4322; x_wconf 94' lang='lat' dir='ltr'><strong>et</strong></span> <span class='ocrx_word' id='word_1_568' title='bbox 537 4265 641 4324; x_wconf 85' lang='lat' dir='ltr'><strong>ﬁde</strong></span> <span class='ocrx_word' id='word_1_569' title='bbox 667 4269 882 4340; x_wconf 90' lang='lat' dir='ltr'><strong>pietatis</strong></span> <span class='ocrx_word' id='word_1_570' title='bbox 902 4277 1191 4341; x_wconf 90' lang='lat' dir='ltr'><strong>utrumque</strong></span> <span class='ocrx_word' id='word_1_571' title='bbox 1215 4272 1517 4328; x_wconf 89' lang='lat' dir='ltr'><strong>conﬁrmat.</strong></span> <span class='ocrx_word' id='word_1_572' title='bbox 1537 4274 1836 4342; x_wconf 87' lang='lat' dir='ltr'><strong>Quomodo,</strong></span> 
     </span>
    </p>
   </div>
   <div class='ocr_carea' id='block_1_74' title="bbox 260 4356 1842 4436">
    <p class='ocr_par' dir='ltr' id='par_1_74' title="bbox 260 4356 1842 4436">
     <span class='ocr_line' id='line_1_74' title="bbox 260 4356 1842 4436; baseline 0.008 -27"><span class='ocrx_word' id='word_1_573' title='bbox 260 4356 458 4427; x_wconf 88' lang='lat' dir='ltr'><strong>inquit,</strong></span> <span class='ocrx_word' id='word_1_574' title='bbox 479 4373 602 4413; x_wconf 90' lang='lat' dir='ltr'><strong>nam</strong></span> <span class='ocrx_word' id='word_1_575' title='bbox 631 4358 677 4414; x_wconf 89' lang='lat' dir='ltr'><strong>si</strong></span> <span class='ocrx_word' id='word_1_576' title='bbox 707 4369 791 4416; x_wconf 91' lang='lat' dir='ltr'><strong>est</strong></span> <span class='ocrx_word' id='word_1_577' title='bbox 819 4361 1157 4429; x_wconf 75' lang='lat' dir='ltr'><strong>prmscientia</strong></span> <span class='ocrx_word' id='word_1_578' title='bbox 1187 4362 1514 4432; x_wconf 90' lang='lat' dir='ltr'><strong>futurorum,</strong></span> <span class='ocrx_word' id='word_1_579' title='bbox 1547 4376 1842 4436; x_wconf 89' lang='lat' dir='ltr'><strong>sequentur</strong></span> 
     </span>
    </p>
   </div>
   <div class='ocr_carea' id='block_1_75' title="bbox 258 4444 1844 4533">
    <p class='ocr_par' dir='ltr' id='par_1_75' title="bbox 258 4444 1844 4533">
     <span class='ocr_line' id='line_1_75' title="bbox 258 4444 1844 4533; baseline 0.008 -33"><span class='ocrx_word' id='word_1_580' title='bbox 258 4444 356 4500; x_wconf 86' lang='lat' dir='ltr'><strong>illa</strong></span> <span class='ocrx_word' id='word_1_581' title='bbox 378 4446 554 4503; x_wconf 89' lang='lat' dir='ltr'><strong>omnia</strong></span> <span class='ocrx_word' id='word_1_582' title='bbox 576 4463 696 4533; x_wconf 72' lang='lat' dir='ltr'><strong>quae</strong></span> <span class='ocrx_word' id='word_1_583' title='bbox 720 4465 959 4506; x_wconf 80' lang='lat' dir='ltr'><strong>connexa</strong></span> <span class='ocrx_word' id='word_1_584' title='bbox 983 4459 1126 4523; x_wconf 78' lang='lat' dir='ltr'><strong>sunt,</strong></span> <span class='ocrx_word' id='word_1_585' title='bbox 1144 4453 1314 4508; x_wconf 92' lang='lat' dir='ltr'><strong>donec</strong></span> <span class='ocrx_word' id='word_1_586' title='bbox 1335 4468 1400 4509; x_wconf 89' lang='lat' dir='ltr'><strong>eo</strong></span> <span class='ocrx_word' id='word_1_587' title='bbox 1418 4456 1762 4527; x_wconf 86' lang='lat' dir='ltr'><strong>perveniatur</strong></span> <span class='ocrx_word' id='word_1_588' title='bbox 1786 4467 1844 4513; x_wconf 92' lang='lat' dir='ltr'><strong>ut</strong></span> 
     </span>
    </p>
   </div>
   <div class='ocr_carea' id='block_1_76' title="bbox 260 4537 1841 4620">
    <p class='ocr_par' dir='ltr' id='par_1_76' title="bbox 260 4537 1841 4620">
     <span class='ocr_line' id='line_1_76' title="bbox 260 4537 1841 4620; baseline 0.008 -26"><span class='ocrx_word' id='word_1_589' title='bbox 260 4537 402 4594; x_wconf 93' lang='lat' dir='ltr'><strong>nihil</strong></span> <span class='ocrx_word' id='word_1_590' title='bbox 429 4539 500 4594; x_wconf 92' lang='lat' dir='ltr'><strong>sit</strong></span> <span class='ocrx_word' id='word_1_591' title='bbox 545 4539 598 4595; x_wconf 91' lang='lat' dir='ltr'><strong>in</strong></span> <span class='ocrx_word' id='word_1_592' title='bbox 634 4550 819 4597; x_wconf 91' lang='lat' dir='ltr'><strong>nostra</strong></span> <span class='ocrx_word' id='word_1_593' title='bbox 845 4542 1138 4599; x_wconf 89' lang='lat' dir='ltr'><strong>voluntate.</strong></span> <span class='ocrx_word' id='word_1_594' title='bbox 1171 4543 1340 4600; x_wconf 84' lang='lat' dir='ltr'><strong>Porro</strong></span> <span class='ocrx_word' id='word_1_595' title='bbox 1362 4546 1406 4601; x_wconf 91' lang='lat' dir='ltr'><strong>si</strong></span> <span class='ocrx_word' id='word_1_596' title='bbox 1435 4555 1517 4611; x_wconf 85' lang='lat' dir='ltr'><strong>est</strong></span> <span class='ocrx_word' id='word_1_597' title='bbox 1557 4547 1759 4620; x_wconf 88' lang='lat' dir='ltr'><strong>aliquid</strong></span> <span class='ocrx_word' id='word_1_598' title='bbox 1789 4551 1841 4605; x_wconf 94' lang='lat' dir='ltr'><strong>in</strong></span> 
     </span>
    </p>
   </div>
   <div class='ocr_carea' id='block_1_77' title="bbox 262 4631 1838 4733">
    <p class='ocr_par' dir='ltr' id='par_1_77' title="bbox 262 4631 1838 4733">
     <span class='ocr_line' id='line_1_77' title="bbox 262 4631 1838 4733; baseline 0.009 -49"><span class='ocrx_word' id='word_1_599' title='bbox 262 4639 454 4686; x_wconf 88' lang='lat' dir='ltr'><strong>nostra</strong></span> <span class='ocrx_word' id='word_1_600' title='bbox 484 4631 757 4688; x_wconf 87' lang='lat' dir='ltr'><strong>voluntate</strong></span> <span class='ocrx_word' id='word_1_601' title='bbox 783 4633 987 4715; x_wconf 77' lang='lat' dir='ltr'><strong>eisdein</strong></span> <span class='ocrx_word' id='word_1_602' title='bbox 1009 4637 1247 4692; x_wconf 90' lang='lat' dir='ltr'><strong>recursis</strong></span> <span class='ocrx_word' id='word_1_603' title='bbox 1274 4638 1530 4709; x_wconf 89' lang='lat' dir='ltr'><strong>gradibus</strong></span> <span class='ocrx_word' id='word_1_604' title='bbox 1553 4656 1619 4696; x_wconf 91' lang='lat' dir='ltr'><strong>eo</strong></span> <span class='ocrx_word' id='word_1_605' title='bbox 1644 4657 1838 4733; x_wconf 81' lang='lat' dir='ltr'><strong>perve-</strong></span> 
     </span>
    </p>
   </div>
   <div class='ocr_carea' id='block_1_78' title="bbox 263 4719 1845 4809">
    <p class='ocr_par' dir='ltr' id='par_1_78' title="bbox 263 4719 1845 4809">
     <span class='ocr_line' id='line_1_78' title="bbox 263 4719 1845 4809; baseline 0.01 -37"><span class='ocrx_word' id='word_1_606' title='bbox 263 4719 416 4774; x_wconf 91' lang='lat' dir='ltr'><strong>nitur</strong></span> <span class='ocrx_word' id='word_1_607' title='bbox 440 4728 625 4779; x_wconf 89' lang='lat' dir='ltr'><strong>utnon</strong></span> <span class='ocrx_word' id='word_1_608' title='bbox 654 4724 725 4779; x_wconf 91' lang='lat' dir='ltr'><strong>sit</strong></span> <span class='ocrx_word' id='word_1_609' title='bbox 750 4724 1086 4809; x_wconf 86' lang='lat' dir='ltr'><strong>praescientia</strong></span> <span class='ocrx_word' id='word_1_610' title='bbox 1117 4725 1416 4783; x_wconf 90' lang='lat' dir='ltr'><strong>futurorum</strong></span> <span class='ocrx_word' id='word_1_611' title='bbox 1446 4748 1458 4783; x_wconf 88' lang='lat'><strong>:</strong></span> <span class='ocrx_word' id='word_1_612' title='bbox 1491 4747 1614 4786; x_wconf 90' lang='lat' dir='ltr'><strong>nam</strong></span> <span class='ocrx_word' id='word_1_613' title='bbox 1638 4719 1733 4809; x_wconf 80' lang='lat' dir='ltr'><strong>per</strong></span> <span class='ocrx_word' id='word_1_614' title='bbox 1757 4733 1845 4789; x_wconf 90' lang='lat' dir='ltr'><strong>illa</strong></span> 
     </span>
    </p>
   </div>
   <div class='ocr_carea' id='block_1_79' title="bbox 264 4806 1847 4890">
    <p class='ocr_par' dir='ltr' id='par_1_79' title="bbox 264 4806 1847 4890">
     <span class='ocr_line' id='line_1_79' title="bbox 264 4806 1847 4890; baseline 0.011 -25"><span class='ocrx_word' id='word_1_615' title='bbox 264 4812 452 4868; x_wconf 88' lang='lat' dir='ltr'><strong>omnia</strong></span> <span class='ocrx_word' id='word_1_616' title='bbox 470 4814 549 4869; x_wconf 92' lang='lat' dir='ltr'><strong>sic</strong></span> <span class='ocrx_word' id='word_1_617' title='bbox 570 4816 886 4872; x_wconf 89' lang='lat' dir='ltr'><strong>recurritur.</strong></span> <span class='ocrx_word' id='word_1_618' title='bbox 915 4806 971 4873; x_wconf 87' lang='lat' dir='ltr'><strong>Si</strong></span> <span class='ocrx_word' id='word_1_619' title='bbox 996 4827 1081 4873; x_wconf 90' lang='lat' dir='ltr'><strong>est</strong></span> <span class='ocrx_word' id='word_1_620' title='bbox 1102 4818 1395 4875; x_wconf 83' lang='lat' dir='ltr'><strong>voluntatis</strong></span> <span class='ocrx_word' id='word_1_621' title='bbox 1416 4806 1722 4890; x_wconf 76' lang='lat' dir='ltr'><strong>arbitrium,</strong></span> <span class='ocrx_word' id='word_1_622' title='bbox 1740 4840 1847 4882; x_wconf 87' lang='lat' dir='ltr'><strong>non</strong></span> 
     </span>
    </p>
   </div>
   <div class='ocr_carea' id='block_1_80' title="bbox 266 4906 1851 4979">
    <p class='ocr_par' dir='ltr' id='par_1_80' title="bbox 266 4906 1851 4979">
     <span class='ocr_line' id='line_1_80' title="bbox 266 4906 1851 4979; baseline 0.008 -19"><span class='ocrx_word' id='word_1_623' title='bbox 266 4906 452 4961; x_wconf 89' lang='lat' dir='ltr'><strong>omnia</strong></span> <span class='ocrx_word' id='word_1_624' title='bbox 498 4906 610 4974; x_wconf 85' lang='lat' dir='ltr'><strong>fato</strong></span> <span class='ocrx_word' id='word_1_625' title='bbox 638 4909 807 4977; x_wconf 89' lang='lat' dir='ltr'><strong>ﬁunt;</strong></span> <span class='ocrx_word' id='word_1_626' title='bbox 847 4911 891 4965; x_wconf 92' lang='lat' dir='ltr'><strong>si</strong></span> <span class='ocrx_word' id='word_1_627' title='bbox 941 4925 1047 4966; x_wconf 91' lang='lat' dir='ltr'><strong>non</strong></span> <span class='ocrx_word' id='word_1_628' title='bbox 1078 4912 1259 4967; x_wconf 90' lang='lat' dir='ltr'><strong>omnia</strong></span> <span class='ocrx_word' id='word_1_629' title='bbox 1288 4910 1401 4967; x_wconf 90' lang='lat' dir='ltr'><strong>fato</strong></span> <span class='ocrx_word' id='word_1_630' title='bbox 1448 4913 1601 4979; x_wconf 91' lang='lat' dir='ltr'><strong>ﬁunt,</strong></span> <span class='ocrx_word' id='word_1_631' title='bbox 1632 4932 1738 4971; x_wconf 92' lang='lat' dir='ltr'><strong>non</strong></span> <span class='ocrx_word' id='word_1_632' title='bbox 1768 4925 1851 4973; x_wconf 89' lang='lat' dir='ltr'><strong>est</strong></span> 
     </span>
    </p>
   </div>
   <div class='ocr_carea' id='block_1_81' title="bbox 268 4999 1847 5081">
    <p class='ocr_par' dir='ltr' id='par_1_81' title="bbox 268 4999 1847 5081">
     <span class='ocr_line' id='line_1_81' title="bbox 268 4999 1847 5081; baseline 0.008 -30"><span class='ocrx_word' id='word_1_633' title='bbox 268 4999 513 5055; x_wconf 89' lang='lat' dir='ltr'><strong>omnium</strong></span> <span class='ocrx_word' id='word_1_634' title='bbox 542 5009 725 5057; x_wconf 90' lang='lat' dir='ltr'><strong>certus</strong></span> <span class='ocrx_word' id='word_1_635' title='bbox 754 5001 887 5059; x_wconf 89' lang='lat' dir='ltr'><strong>ordo</strong></span> <span class='ocrx_word' id='word_1_636' title='bbox 915 5018 1233 5081; x_wconf 86' lang='lat' dir='ltr'><strong>causarum;</strong></span> <span class='ocrx_word' id='word_1_637' title='bbox 1272 5003 1317 5058; x_wconf 90' lang='lat' dir='ltr'><strong>si</strong></span> <span class='ocrx_word' id='word_1_638' title='bbox 1346 5014 1529 5060; x_wconf 88' lang='lat' dir='ltr'><strong>certus</strong></span> <span class='ocrx_word' id='word_1_639' title='bbox 1559 5021 1847 5063; x_wconf 89' lang='lat' dir='ltr'><strong>causarum</strong></span> 
     </span>
    </p>
   </div>
   <div class='ocr_carea' id='block_1_82' title="bbox 270 5089 1852 5171">
    <p class='ocr_par' dir='ltr' id='par_1_82' title="bbox 270 5089 1852 5171">
     <span class='ocr_line' id='line_1_82' title="bbox 270 5089 1852 5171; baseline 0.006 -29"><span class='ocrx_word' id='word_1_640' title='bbox 270 5089 409 5144; x_wconf 92' lang='lat' dir='ltr'><strong>ordo</strong></span> <span class='ocrx_word' id='word_1_641' title='bbox 430 5105 535 5146; x_wconf 92' lang='lat' dir='ltr'><strong>non</strong></span> <span class='ocrx_word' id='word_1_642' title='bbox 566 5100 679 5157; x_wconf 89' lang='lat' dir='ltr'><strong>est,</strong></span> <span class='ocrx_word' id='word_1_643' title='bbox 705 5108 805 5148; x_wconf 86' lang='lat' dir='ltr'><strong>nec</strong></span> <span class='ocrx_word' id='word_1_644' title='bbox 832 5108 1021 5161; x_wconf 71' lang='lat' dir='ltr'><strong>eorum</strong></span> <span class='ocrx_word' id='word_1_645' title='bbox 1053 5101 1238 5149; x_wconf 91' lang='lat' dir='ltr'><strong>certus</strong></span> <span class='ocrx_word' id='word_1_646' title='bbox 1264 5102 1346 5149; x_wconf 89' lang='lat' dir='ltr'><strong>est</strong></span> <span class='ocrx_word' id='word_1_647' title='bbox 1380 5094 1515 5151; x_wconf 91' lang='lat' dir='ltr'><strong>ordo</strong></span> <span class='ocrx_word' id='word_1_648' title='bbox 1542 5098 1852 5171; x_wconf 75' lang='lat' dir='ltr'><strong>praescienti</strong></span> 
     </span>
    </p>
   </div>
   <div class='ocr_carea' id='block_1_83' title="bbox 277 5181 1855 5259">
    <p class='ocr_par' dir='ltr' id='par_1_83' title="bbox 277 5181 1855 5259">
     <span class='ocr_line' id='line_1_83' title="bbox 277 5181 1855 5259; baseline 0.006 -22"><span class='ocrx_word' id='word_1_649' title='bbox 277 5181 419 5250; x_wconf 89' lang='lat' dir='ltr'><strong>Deo,</strong></span> <span class='ocrx_word' id='word_1_650' title='bbox 450 5199 568 5254; x_wconf 74' lang='lat' dir='ltr'><strong>quae</strong></span> <span class='ocrx_word' id='word_1_651' title='bbox 596 5182 713 5241; x_wconf 82' lang='lat' dir='ltr'><strong>ﬁeri</strong></span> <span class='ocrx_word' id='word_1_652' title='bbox 743 5201 849 5241; x_wconf 91' lang='lat' dir='ltr'><strong>non</strong></span> <span class='ocrx_word' id='word_1_653' title='bbox 874 5194 1099 5258; x_wconf 89' lang='lat' dir='ltr'><strong>possunt</strong></span> <span class='ocrx_word' id='word_1_654' title='bbox 1128 5185 1230 5241; x_wconf 90' lang='lat' dir='ltr'><strong>nisi</strong></span> <span class='ocrx_word' id='word_1_655' title='bbox 1254 5186 1681 5259; x_wconf 67' lang='lat' dir='ltr'><strong>praecedentibus</strong></span> <span class='ocrx_word' id='word_1_656' title='bbox 1702 5198 1756 5243; x_wconf 90' lang='lat' dir='ltr'><strong>et</strong></span> <span class='ocrx_word' id='word_1_657' title='bbox 1776 5188 1855 5247; x_wconf 82' lang='lat' dir='ltr'><strong>ef—</strong></span> 
     </span>
    </p>
   </div>
   <div class='ocr_carea' id='block_1_84' title="bbox 278 5276 1855 5349">
    <p class='ocr_par' dir='ltr' id='par_1_84' title="bbox 278 5276 1855 5349">
     <span class='ocr_line' id='line_1_84' title="bbox 278 5276 1855 5349; baseline 0.003 -18"><span class='ocrx_word' id='word_1_658' title='bbox 278 5276 584 5333; x_wconf 85' lang='lat' dir='ltr'><strong>ﬁcientibus</strong></span> <span class='ocrx_word' id='word_1_659' title='bbox 605 5278 802 5334; x_wconf 86' lang='lat' dir='ltr'><strong>causis.</strong></span> <span class='ocrx_word' id='word_1_660' title='bbox 827 5277 883 5334; x_wconf 92' lang='lat' dir='ltr'><strong>Si</strong></span> <span class='ocrx_word' id='word_1_661' title='bbox 911 5294 1089 5334; x_wconf 90' lang='lat' dir='ltr'><strong>rerum</strong></span> <span class='ocrx_word' id='word_1_662' title='bbox 1112 5278 1245 5333; x_wconf 88' lang='lat' dir='ltr'><strong>ordo</strong></span> <span class='ocrx_word' id='word_1_663' title='bbox 1272 5279 1578 5349; x_wconf 71' lang='lat' dir='ltr'><strong>prmscienti</strong></span> <span class='ocrx_word' id='word_1_664' title='bbox 1608 5279 1717 5334; x_wconf 88' lang='lat' dir='ltr'><strong>Deo</strong></span> <span class='ocrx_word' id='word_1_665' title='bbox 1739 5295 1855 5335; x_wconf 87' lang='lat' dir='ltr'><strong>cer-</strong></span> 
     </span>
    </p>
   </div>
   <div class='ocr_carea' id='block_1_85' title="bbox 281 5369 1854 5434">
    <p class='ocr_par' dir='ltr' id='par_1_85' title="bbox 281 5369 1854 5434">
     <span class='ocr_line' id='line_1_85' title="bbox 281 5369 1854 5434; baseline 0.002 -11"><span class='ocrx_word' id='word_1_666' title='bbox 281 5376 369 5423; x_wconf 92' lang='lat' dir='ltr'><strong>tus</strong></span> <span class='ocrx_word' id='word_1_667' title='bbox 396 5384 501 5424; x_wconf 92' lang='lat' dir='ltr'><strong>non</strong></span> <span class='ocrx_word' id='word_1_668' title='bbox 550 5376 660 5434; x_wconf 86' lang='lat' dir='ltr'><strong>est,</strong></span> <span class='ocrx_word' id='word_1_669' title='bbox 696 5385 801 5425; x_wconf 91' lang='lat' dir='ltr'><strong>non</strong></span> <span class='ocrx_word' id='word_1_670' title='bbox 846 5369 1027 5425; x_wconf 90' lang='lat' dir='ltr'><strong>omnia</strong></span> <span class='ocrx_word' id='word_1_671' title='bbox 1058 5370 1137 5425; x_wconf 91' lang='lat' dir='ltr'><strong>sic</strong></span> <span class='ocrx_word' id='word_1_672' title='bbox 1163 5370 1387 5424; x_wconf 89' lang='lat' dir='ltr'><strong>veniunt</strong></span> <span class='ocrx_word' id='word_1_673' title='bbox 1426 5378 1483 5424; x_wconf 91' lang='lat' dir='ltr'><strong>ut</strong></span> <span class='ocrx_word' id='word_1_674' title='bbox 1520 5386 1583 5425; x_wconf 89' lang='lat' dir='ltr'><strong>ea</strong></span> <span class='ocrx_word' id='word_1_675' title='bbox 1628 5379 1854 5431; x_wconf 88' lang='lat' dir='ltr'><strong>ventura</strong></span> 
     </span>
    </p>
   </div>
   <div class='ocr_carea' id='block_1_86' title="bbox 277 5454 1857 5528">
    <p class='ocr_par' dir='ltr' id='par_1_86' title="bbox 277 5454 1857 5528">
     <span class='ocr_line' id='line_1_86' title="bbox 277 5454 1857 5528; baseline 0 -17"><span class='ocrx_word' id='word_1_676' title='bbox 277 5456 574 5528; x_wconf 87' lang='lat' dir='ltr'><strong>praescivit.</strong></span> <span class='ocrx_word' id='word_1_677' title='bbox 600 5454 769 5511; x_wconf 91' lang='lat' dir='ltr'><strong>Porro</strong></span> <span class='ocrx_word' id='word_1_678' title='bbox 796 5455 843 5510; x_wconf 88' lang='lat' dir='ltr'><strong>si</strong></span> <span class='ocrx_word' id='word_1_679' title='bbox 874 5470 980 5510; x_wconf 92' lang='lat' dir='ltr'><strong>non</strong></span> <span class='ocrx_word' id='word_1_680' title='bbox 1015 5455 1196 5509; x_wconf 90' lang='lat' dir='ltr'><strong>omnia</strong></span> <span class='ocrx_word' id='word_1_681' title='bbox 1222 5456 1303 5510; x_wconf 89' lang='lat' dir='ltr'><strong>sic</strong></span> <span class='ocrx_word' id='word_1_682' title='bbox 1332 5454 1552 5511; x_wconf 90' lang='lat' dir='ltr'><strong>veniunt</strong></span> <span class='ocrx_word' id='word_1_683' title='bbox 1580 5464 1640 5511; x_wconf 91' lang='lat' dir='ltr'><strong>ut</strong></span> <span class='ocrx_word' id='word_1_684' title='bbox 1668 5456 1736 5511; x_wconf 89' lang='lat' dir='ltr'><strong>ab</strong></span> <span class='ocrx_word' id='word_1_685' title='bbox 1767 5455 1857 5512; x_wconf 92' lang='lat' dir='ltr'><strong>illo</strong></span> 
     </span>
    </p>
   </div>
   <div class='ocr_carea' id='block_1_87' title="bbox 282 5547 1856 5619">
    <p class='ocr_par' dir='ltr' id='par_1_87' title="bbox 282 5547 1856 5619">
     <span class='ocr_line' id='line_1_87' title="bbox 282 5547 1856 5619; baseline 0.001 -16"><span class='ocrx_word' id='word_1_686' title='bbox 282 5558 509 5605; x_wconf 91' lang='lat' dir='ltr'><strong>ventura</strong></span> <span class='ocrx_word' id='word_1_687' title='bbox 532 5548 780 5619; x_wconf 57' lang='lat' dir='ltr'><strong>praescita</strong></span> <span class='ocrx_word' id='word_1_688' title='bbox 820 5554 979 5612; x_wconf 91' lang='lat' dir='ltr'><strong>sunt,</strong></span> <span class='ocrx_word' id='word_1_689' title='bbox 1002 5561 1110 5602; x_wconf 90' lang='lat' dir='ltr'><strong>non</strong></span> <span class='ocrx_word' id='word_1_690' title='bbox 1134 5555 1248 5613; x_wconf 76' lang='lat' dir='ltr'><strong>est,</strong></span> <span class='ocrx_word' id='word_1_691' title='bbox 1274 5547 1478 5619; x_wconf 92' lang='lat' dir='ltr'><strong>inquit,</strong></span> <span class='ocrx_word' id='word_1_692' title='bbox 1507 5548 1562 5603; x_wconf 94' lang='lat' dir='ltr'><strong>in</strong></span> <span class='ocrx_word' id='word_1_693' title='bbox 1587 5548 1695 5604; x_wconf 84' lang='lat' dir='ltr'><strong>Deo</strong></span> <span class='ocrx_word' id='word_1_694' title='bbox 1717 5565 1856 5619; x_wconf 70' lang='lat' dir='ltr'><strong>pra:-</strong></span> 
     </span>
    </p>
   </div>
   <div class='ocr_carea' id='block_1_88' title="bbox 284 5635 1857 5695">
    <p class='ocr_par' dir='ltr' id='par_1_88' title="bbox 284 5635 1857 5695">
     <span class='ocr_line' id='line_1_88' title="bbox 284 5635 1857 5695; baseline 0 0"><span class='ocrx_word' id='word_1_695' title='bbox 284 5640 511 5695; x_wconf 91' lang='lat' dir='ltr'><strong>scientia</strong></span> <span class='ocrx_word' id='word_1_696' title='bbox 541 5638 781 5694; x_wconf 91' lang='lat' dir='ltr'><strong>omnium</strong></span> <span class='ocrx_word' id='word_1_697' title='bbox 817 5636 1140 5693; x_wconf 87' lang='lat' dir='ltr'><strong>futurorum.</strong></span> <span class='ocrx_word' id='word_1_698' title='bbox 1168 5635 1276 5693; x_wconf 83' lang='lat' dir='ltr'><strong>Nos</strong></span> <span class='ocrx_word' id='word_1_699' title='bbox 1322 5639 1580 5695; x_wconf 87' lang='lat' dir='ltr'><strong>adversus</strong></span> <span class='ocrx_word' id='word_1_700' title='bbox 1605 5640 1738 5695; x_wconf 90' lang='lat' dir='ltr'><strong>istos</strong></span> <span class='ocrx_word' id='word_1_701' title='bbox 1768 5656 1857 5695; x_wconf 88' lang='lat' dir='ltr'><strong>sa-</strong></span> 
     </span>
    </p>
   </div>
   <div class='ocr_carea' id='block_1_89' title="bbox 285 5728 1860 5803">
    <p class='ocr_par' dir='ltr' id='par_1_89' title="bbox 285 5728 1860 5803">
     <span class='ocr_line' id='line_1_89' title="bbox 285 5728 1860 5803; baseline 0.001 -17"><span class='ocrx_word' id='word_1_702' title='bbox 285 5729 515 5803; x_wconf 83' lang='lat' dir='ltr'><strong>crilegos</strong></span> <span class='ocrx_word' id='word_1_703' title='bbox 540 5744 705 5785; x_wconf 90' lang='lat' dir='ltr'><strong>ausus</strong></span> <span class='ocrx_word' id='word_1_704' title='bbox 724 5738 888 5799; x_wconf 91' lang='lat' dir='ltr'><strong>atque</strong></span> <span class='ocrx_word' id='word_1_705' title='bbox 908 5728 1103 5799; x_wconf 89' lang='lat' dir='ltr'><strong>impios</strong></span> <span class='ocrx_word' id='word_1_706' title='bbox 1122 5768 1136 5794; x_wconf 92' lang='lat'><strong>,</strong></span> <span class='ocrx_word' id='word_1_707' title='bbox 1160 5736 1215 5783; x_wconf 90' lang='lat' dir='ltr'><strong>et</strong></span> <span class='ocrx_word' id='word_1_708' title='bbox 1236 5728 1402 5785; x_wconf 91' lang='lat' dir='ltr'><strong>Deum</strong></span> <span class='ocrx_word' id='word_1_709' title='bbox 1428 5729 1658 5787; x_wconf 90' lang='lat' dir='ltr'><strong>dicimus</strong></span> <span class='ocrx_word' id='word_1_710' title='bbox 1678 5732 1860 5787; x_wconf 90' lang='lat' dir='ltr'><strong>omnia</strong></span> 
     </span>
    </p>
   </div>
   <div class='ocr_carea' id='block_1_90' title="bbox 286 5819 1862 5897">
    <p class='ocr_par' dir='ltr' id='par_1_90' title="bbox 286 5819 1862 5897">
     <span class='ocr_line' id='line_1_90' title="bbox 286 5819 1862 5897; baseline 0.001 -19"><span class='ocrx_word' id='word_1_711' title='bbox 286 5825 430 5879; x_wconf 87' lang='lat' dir='ltr'><strong>seire</strong></span> <span class='ocrx_word' id='word_1_712' title='bbox 458 5832 745 5895; x_wconf 86' lang='lat' dir='ltr'><strong>antequam</strong></span> <span class='ocrx_word' id='word_1_713' title='bbox 777 5821 939 5886; x_wconf 89' lang='lat' dir='ltr'><strong>ﬁant,</strong></span> <span class='ocrx_word' id='word_1_714' title='bbox 973 5828 1027 5874; x_wconf 89' lang='lat' dir='ltr'><strong>et</strong></span> <span class='ocrx_word' id='word_1_715' title='bbox 1062 5819 1335 5876; x_wconf 89' lang='lat' dir='ltr'><strong>voluntate</strong></span> <span class='ocrx_word' id='word_1_716' title='bbox 1364 5837 1463 5879; x_wconf 83' lang='lat' dir='ltr'><strong>nos</strong></span> <span class='ocrx_word' id='word_1_717' title='bbox 1502 5820 1678 5879; x_wconf 89' lang='lat' dir='ltr'><strong>facere</strong></span> <span class='ocrx_word' id='word_1_718' title='bbox 1708 5826 1862 5897; x_wconf 91' lang='lat' dir='ltr'><strong>quid-</strong></span> 
     </span>
    </p>
   </div>
   <div class='ocr_carea' id='block_1_91' title="bbox 1926 3345 3511 3419">
    <p class='ocr_par' dir='ltr' id='par_1_91' title="bbox 1926 3345 3511 3419">
     <span class='ocr_line' id='line_1_91' title="bbox 1926 3345 3511 3419; baseline 0.002 -19"><span class='ocrx_word' id='word_1_719' title='bbox 1926 3361 2031 3401; x_wconf 93' lang='lat' dir='ltr'><strong>non</strong></span> <span class='ocrx_word' id='word_1_720' title='bbox 2062 3345 2359 3415; x_wconf 69' lang='lat' dir='ltr'><strong>praecedat,</strong></span> <span class='ocrx_word' id='word_1_721' title='bbox 2401 3346 2533 3401; x_wconf 88' lang='lat' dir='ltr'><strong>satis</strong></span> <span class='ocrx_word' id='word_1_722' title='bbox 2570 3354 2652 3401; x_wconf 90' lang='lat' dir='ltr'><strong>est</strong></span> <span class='ocrx_word' id='word_1_723' title='bbox 2697 3346 2765 3401; x_wconf 84' lang='lat' dir='ltr'><strong>ad</strong></span> <span class='ocrx_word' id='word_1_724' title='bbox 2803 3360 2926 3400; x_wconf 91' lang='lat' dir='ltr'><strong>eum</strong></span> <span class='ocrx_word' id='word_1_725' title='bbox 2974 3347 3028 3402; x_wconf 92' lang='lat' dir='ltr'><strong>in</strong></span> <span class='ocrx_word' id='word_1_726' title='bbox 3080 3347 3183 3402; x_wconf 89' lang='lat' dir='ltr'><strong>hac</strong></span> <span class='ocrx_word' id='word_1_727' title='bbox 3211 3348 3511 3419; x_wconf 66' lang='lat' dir='ltr'><strong>quaestione</strong></span> 
     </span>
    </p>
   </div>
   <div class='ocr_carea' id='block_1_92' title="bbox 1930 3436 3511 3511">
    <p class='ocr_par' dir='ltr' id='par_1_92' title="bbox 1930 3436 3511 3511">
     <span class='ocr_line' id='line_1_92' title="bbox 1930 3436 3511 3511; baseline 0.003 -19"><span class='ocrx_word' id='word_1_728' title='bbox 1930 3436 2374 3510; x_wconf 85' lang='lat' dir='ltr'><strong>redarguendum.</strong></span> <span class='ocrx_word' id='word_1_729' title='bbox 2394 3436 2531 3505; x_wconf 89' lang='lat' dir='ltr'><strong>Quid</strong></span> <span class='ocrx_word' id='word_1_730' title='bbox 2548 3438 2692 3494; x_wconf 88' lang='lat' dir='ltr'><strong>enim</strong></span> <span class='ocrx_word' id='word_1_731' title='bbox 2720 3452 2843 3493; x_wconf 90' lang='lat' dir='ltr'><strong>eum</strong></span> <span class='ocrx_word' id='word_1_732' title='bbox 2863 3436 3233 3511; x_wconf 85' lang='lat' dir='ltr'><strong>adjuvatquod</strong></span> <span class='ocrx_word' id='word_1_733' title='bbox 3247 3440 3406 3507; x_wconf 88' lang='lat' dir='ltr'><strong>dicit,</strong></span> <span class='ocrx_word' id='word_1_734' title='bbox 3425 3440 3511 3496; x_wconf 87' lang='lat' dir='ltr'><strong>ni-</strong></span> 
     </span>
    </p>
   </div>
   <div class='ocr_carea' id='block_1_93' title="bbox 1928 3528 3508 3598">
    <p class='ocr_par' dir='ltr' id='par_1_93' title="bbox 1928 3528 3508 3598">
     <span class='ocr_line' id='line_1_93' title="bbox 1928 3528 3508 3598; baseline 0.002 -15"><span class='ocrx_word' id='word_1_735' title='bbox 1928 3529 2002 3583; x_wconf 87' lang='lat' dir='ltr'><strong>hil</strong></span> <span class='ocrx_word' id='word_1_736' title='bbox 2033 3528 2248 3598; x_wconf 90' lang='lat' dir='ltr'><strong>quidem</strong></span> <span class='ocrx_word' id='word_1_737' title='bbox 2285 3528 2397 3584; x_wconf 87' lang='lat' dir='ltr'><strong>ﬁeri</strong></span> <span class='ocrx_word' id='word_1_738' title='bbox 2421 3529 2537 3583; x_wconf 90' lang='lat' dir='ltr'><strong>sine</strong></span> <span class='ocrx_word' id='word_1_739' title='bbox 2573 3544 2756 3597; x_wconf 89' lang='lat' dir='ltr'><strong>causa,</strong></span> <span class='ocrx_word' id='word_1_740' title='bbox 2781 3530 2875 3585; x_wconf 91' lang='lat' dir='ltr'><strong>sed</strong></span> <span class='ocrx_word' id='word_1_741' title='bbox 2899 3545 3004 3585; x_wconf 92' lang='lat' dir='ltr'><strong>non</strong></span> <span class='ocrx_word' id='word_1_742' title='bbox 3046 3546 3261 3587; x_wconf 91' lang='lat' dir='ltr'><strong>omnem</strong></span> <span class='ocrx_word' id='word_1_743' title='bbox 3286 3545 3508 3588; x_wconf 89' lang='lat' dir='ltr'><strong>causam</strong></span> 
     </span>
    </p>
   </div>
   <div class='ocr_carea' id='block_1_94' title="bbox 1930 3619 3516 3691">
    <p class='ocr_par' dir='ltr' id='par_1_94' title="bbox 1930 3619 3516 3691">
     <span class='ocr_line' id='line_1_94' title="bbox 1930 3619 3516 3691; baseline 0.001 -17"><span class='ocrx_word' id='word_1_744' title='bbox 1930 3635 2049 3676; x_wconf 75' lang='lat' dir='ltr'><strong>esse</strong></span> <span class='ocrx_word' id='word_1_745' title='bbox 2064 3620 2304 3686; x_wconf 85' lang='lat' dir='ltr'><strong>fatalem,</strong></span> <span class='ocrx_word' id='word_1_746' title='bbox 2330 3622 2456 3691; x_wconf 86' lang='lat' dir='ltr'><strong>quia</strong></span> <span class='ocrx_word' id='word_1_747' title='bbox 2477 3630 2559 3676; x_wconf 89' lang='lat' dir='ltr'><strong>est</strong></span> <span class='ocrx_word' id='word_1_748' title='bbox 2574 3636 2735 3677; x_wconf 91' lang='lat' dir='ltr'><strong>causa</strong></span> <span class='ocrx_word' id='word_1_749' title='bbox 2762 3619 3007 3687; x_wconf 87' lang='lat' dir='ltr'><strong>fortuita,</strong></span> <span class='ocrx_word' id='word_1_750' title='bbox 3025 3633 3111 3676; x_wconf 90' lang='lat' dir='ltr'><strong>est</strong></span> <span class='ocrx_word' id='word_1_751' title='bbox 3126 3621 3409 3689; x_wconf 91' lang='lat' dir='ltr'><strong>naturalis,</strong></span> <span class='ocrx_word' id='word_1_752' title='bbox 3428 3628 3516 3677; x_wconf 90' lang='lat' dir='ltr'><strong>est</strong></span> 
     </span>
    </p>
   </div>
   <div class='ocr_carea' id='block_1_95' title="bbox 1929 3709 3518 3784">
    <p class='ocr_par' dir='ltr' id='par_1_95' title="bbox 1929 3709 3518 3784">
     <span class='ocr_line' id='line_1_95' title="bbox 1929 3709 3518 3784; baseline 0 -17"><span class='ocrx_word' id='word_1_753' title='bbox 1929 3713 2270 3769; x_wconf 78' lang='lat' dir='ltr'><strong>voluntaria?</strong></span> <span class='ocrx_word' id='word_1_754' title='bbox 2317 3709 2525 3767; x_wconf 85' lang='lat' dir='ltr'><strong>Snliicit</strong></span> <span class='ocrx_word' id='word_1_755' title='bbox 2553 3712 2883 3781; x_wconf 70' lang='lat' dir='ltr'><strong>quia‘omne</strong></span> <span class='ocrx_word' id='word_1_756' title='bbox 2932 3712 3075 3784; x_wconf 91' lang='lat' dir='ltr'><strong>quod</strong></span> <span class='ocrx_word' id='word_1_757' title='bbox 3124 3713 3215 3779; x_wconf 90' lang='lat' dir='ltr'><strong>ﬁt,</strong></span> <span class='ocrx_word' id='word_1_758' title='bbox 3265 3727 3371 3768; x_wconf 92' lang='lat' dir='ltr'><strong>non</strong></span> <span class='ocrx_word' id='word_1_759' title='bbox 3412 3711 3518 3771; x_wconf 79' lang='lat' dir='ltr'><strong>nisi</strong></span> 
     </span>
    </p>
   </div>
   <div class='ocr_carea' id='block_1_96' title="bbox 1933 3802 3517 3875">
    <p class='ocr_par' dir='ltr' id='par_1_96' title="bbox 1933 3802 3517 3875">
     <span class='ocr_line' id='line_1_96' title="bbox 1933 3802 3517 3875; baseline 0.001 -16"><span class='ocrx_word' id='word_1_760' title='bbox 1933 3821 2094 3860; x_wconf 89' lang='lat' dir='ltr'><strong>causa</strong></span> <span class='ocrx_word' id='word_1_761' title='bbox 2115 3803 2455 3875; x_wconf 77' lang='lat' dir='ltr'><strong>praecedente</strong></span> <span class='ocrx_word' id='word_1_762' title='bbox 2482 3803 2595 3859; x_wconf 89' lang='lat' dir='ltr'><strong>ﬁeri</strong></span> <span class='ocrx_word' id='word_1_763' title='bbox 2619 3802 2928 3859; x_wconf 78' lang='lat' dir='ltr'><strong>conﬁtetur.</strong></span> <span class='ocrx_word' id='word_1_764' title='bbox 2978 3803 3086 3859; x_wconf 85' lang='lat' dir='ltr'><strong>Nos</strong></span> <span class='ocrx_word' id='word_1_765' title='bbox 3110 3804 3253 3860; x_wconf 91' lang='lat' dir='ltr'><strong>enim</strong></span> <span class='ocrx_word' id='word_1_766' title='bbox 3274 3817 3369 3861; x_wconf 89' lang='lat' dir='ltr'><strong>eas</strong></span> <span class='ocrx_word' id='word_1_767' title='bbox 3390 3820 3517 3861; x_wconf 89' lang='lat' dir='ltr'><strong>cau-</strong></span> 
     </span>
    </p>
   </div>
   <div class='ocr_carea' id='block_1_97' title="bbox 1934 3892 3519 3965">
    <p class='ocr_par' dir='ltr' id='par_1_97' title="bbox 1934 3892 3519 3965">
     <span class='ocr_line' id='line_1_97' title="bbox 1934 3892 3519 3965; baseline 0.001 -15"><span class='ocrx_word' id='word_1_768' title='bbox 1934 3910 2022 3950; x_wconf 89' lang='lat' dir='ltr'><strong>sas</strong></span> <span class='ocrx_word' id='word_1_769' title='bbox 2053 3910 2173 3965; x_wconf 76' lang='lat' dir='ltr'><strong>quae</strong></span> <span class='ocrx_word' id='word_1_770' title='bbox 2217 3894 2468 3949; x_wconf 84' lang='lat' dir='ltr'><strong>dicuntur</strong></span> <span class='ocrx_word' id='word_1_771' title='bbox 2512 3892 2782 3960; x_wconf 66' lang='lat' dir='ltr'><strong>fortuitae,</strong></span> <span class='ocrx_word' id='word_1_772' title='bbox 2818 3894 2957 3948; x_wconf 91' lang='lat' dir='ltr'><strong>unde</strong></span> <span class='ocrx_word' id='word_1_773' title='bbox 2981 3894 3146 3951; x_wconf 91' lang='lat' dir='ltr'><strong>etiam</strong></span> <span class='ocrx_word' id='word_1_774' title='bbox 3175 3895 3392 3951; x_wconf 90' lang='lat' dir='ltr'><strong>fortuna</strong></span> <span class='ocrx_word' id='word_1_775' title='bbox 3422 3911 3519 3952; x_wconf 93' lang='lat' dir='ltr'><strong>no-</strong></span> 
     </span>
    </p>
   </div>
   <div class='ocr_carea' id='block_1_98' title="bbox 1936 3984 3516 4055">
    <p class='ocr_par' dir='ltr' id='par_1_98' title="bbox 1936 3984 3516 4055">
     <span class='ocr_line' id='line_1_98' title="bbox 1936 3984 3516 4055; baseline 0.003 -16"><span class='ocrx_word' id='word_1_776' title='bbox 1936 4000 2059 4039; x_wconf 92' lang='lat' dir='ltr'><strong>men</strong></span> <span class='ocrx_word' id='word_1_777' title='bbox 2092 3984 2333 4055; x_wconf 90' lang='lat' dir='ltr'><strong>accepit,</strong></span> <span class='ocrx_word' id='word_1_778' title='bbox 2363 4000 2467 4039; x_wconf 91' lang='lat' dir='ltr'><strong>non</strong></span> <span class='ocrx_word' id='word_1_779' title='bbox 2500 4000 2621 4040; x_wconf 86' lang='lat' dir='ltr'><strong>esse</strong></span> <span class='ocrx_word' id='word_1_780' title='bbox 2658 3985 2887 4040; x_wconf 88' lang='lat' dir='ltr'><strong>dicimus</strong></span> <span class='ocrx_word' id='word_1_781' title='bbox 2916 3984 3090 4041; x_wconf 90' lang='lat' dir='ltr'><strong>nullas</strong></span> <span class='ocrx_word' id='word_1_782' title='bbox 3119 3986 3212 4041; x_wconf 89' lang='lat' dir='ltr'><strong>sed</strong></span> <span class='ocrx_word' id='word_1_783' title='bbox 3234 3986 3465 4043; x_wconf 90' lang='lat' dir='ltr'><strong>latentes</strong></span> <span class='ocrx_word' id='word_1_784' title='bbox 3502 4005 3516 4042; x_wconf 91' lang='lat'><strong>:</strong></span> 
     </span>
    </p>
   </div>
   <div class='ocr_carea' id='block_1_99' title="bbox 1939 4076 3522 4149">
    <p class='ocr_par' dir='ltr' id='par_1_99' title="bbox 1939 4076 3522 4149">
     <span class='ocr_line' id='line_1_99' title="bbox 1939 4076 3522 4149; baseline 0.002 -18"><span class='ocrx_word' id='word_1_785' title='bbox 1939 4092 2143 4148; x_wconf 86' lang='lat' dir='ltr'><strong>easque</strong></span> <span class='ocrx_word' id='word_1_786' title='bbox 2179 4076 2468 4131; x_wconf 89' lang='lat' dir='ltr'><strong>tribuimus</strong></span> <span class='ocrx_word' id='word_1_787' title='bbox 2492 4076 2576 4132; x_wconf 91' lang='lat' dir='ltr'><strong>vel</strong></span> <span class='ocrx_word' id='word_1_788' title='bbox 2605 4077 2697 4131; x_wconf 90' lang='lat' dir='ltr'><strong>Dei</strong></span> <span class='ocrx_word' id='word_1_789' title='bbox 2726 4077 2871 4143; x_wconf 89' lang='lat' dir='ltr'><strong>veri,</strong></span> <span class='ocrx_word' id='word_1_790' title='bbox 2901 4076 2982 4133; x_wconf 90' lang='lat' dir='ltr'><strong>vel</strong></span> <span class='ocrx_word' id='word_1_791' title='bbox 3016 4077 3382 4147; x_wconf 91' lang='lat' dir='ltr'><strong>quorumlibet</strong></span> <span class='ocrx_word' id='word_1_792' title='bbox 3413 4079 3522 4149; x_wconf 88' lang='lat' dir='ltr'><strong>spi-</strong></span> 
     </span>
    </p>
   </div>
   <div class='ocr_carea' id='block_1_100' title="bbox 1942 4169 3521 4242">
    <p class='ocr_par' dir='ltr' id='par_1_100' title="bbox 1942 4169 3521 4242">
     <span class='ocr_line' id='line_1_100' title="bbox 1942 4169 3521 4242; baseline 0.002 -18"><span class='ocrx_word' id='word_1_793' title='bbox 1942 4169 2142 4224; x_wconf 88' lang='lat' dir='ltr'><strong>rituum</strong></span> <span class='ocrx_word' id='word_1_794' title='bbox 2172 4170 2467 4235; x_wconf 90' lang='lat' dir='ltr'><strong>voluntati,</strong></span> <span class='ocrx_word' id='word_1_795' title='bbox 2502 4170 2754 4242; x_wconf 88' lang='lat' dir='ltr'><strong>ipsasque</strong></span> <span class='ocrx_word' id='word_1_796' title='bbox 2782 4170 3057 4226; x_wconf 86' lang='lat' dir='ltr'><strong>naturales</strong></span> <span class='ocrx_word' id='word_1_797' title='bbox 3086 4186 3424 4242; x_wconf 87' lang='lat' dir='ltr'><strong>nequaquam</strong></span> <span class='ocrx_word' id='word_1_798' title='bbox 3454 4172 3521 4227; x_wconf 89' lang='lat' dir='ltr'><strong>ab</strong></span> 
     </span>
    </p>
   </div>
   <div class='ocr_carea' id='block_1_101' title="bbox 1945 4259 3525 4332">
    <p class='ocr_par' dir='ltr' id='par_1_101' title="bbox 1945 4259 3525 4332">
     <span class='ocr_line' id='line_1_101' title="bbox 1945 4259 3525 4332; baseline 0.003 -17"><span class='ocrx_word' id='word_1_799' title='bbox 1945 4259 2088 4315; x_wconf 90' lang='lat' dir='ltr'><strong>illius</strong></span> <span class='ocrx_word' id='word_1_800' title='bbox 2112 4260 2388 4316; x_wconf 88' lang='lat' dir='ltr'><strong>voluntate</strong></span> <span class='ocrx_word' id='word_1_801' title='bbox 2413 4260 2741 4332; x_wconf 87' lang='lat' dir='ltr'><strong>sejungimus</strong></span> <span class='ocrx_word' id='word_1_802' title='bbox 2760 4260 2850 4331; x_wconf 90' lang='lat' dir='ltr'><strong>qui</strong></span> <span class='ocrx_word' id='word_1_803' title='bbox 2875 4271 2958 4316; x_wconf 91' lang='lat' dir='ltr'><strong>est</strong></span> <span class='ocrx_word' id='word_1_804' title='bbox 2979 4271 3169 4319; x_wconf 90' lang='lat' dir='ltr'><strong>auctor</strong></span> <span class='ocrx_word' id='word_1_805' title='bbox 3195 4262 3369 4319; x_wconf 89' lang='lat' dir='ltr'><strong>omnis</strong></span> <span class='ocrx_word' id='word_1_806' title='bbox 3395 4279 3525 4320; x_wconf 85' lang='lat' dir='ltr'><strong>con-</strong></span> 
     </span>
    </p>
   </div>
   <div class='ocr_carea' id='block_1_102' title="bbox 1945 4351 3524 4423">
    <p class='ocr_par' dir='ltr' id='par_1_102' title="bbox 1945 4351 3524 4423">
     <span class='ocr_line' id='line_1_102' title="bbox 1945 4351 3524 4423; baseline 0 -15"><span class='ocrx_word' id='word_1_807' title='bbox 1945 4354 2193 4423; x_wconf 90' lang='lat' dir='ltr'><strong>ditorque</strong></span> <span class='ocrx_word' id='word_1_808' title='bbox 2218 4360 2444 4408; x_wconf 84' lang='lat' dir='ltr'><strong>naturae.</strong></span> <span class='ocrx_word' id='word_1_809' title='bbox 2469 4351 2588 4408; x_wconf 79' lang='lat' dir='ltr'><strong>Jam</strong></span> <span class='ocrx_word' id='word_1_810' title='bbox 2614 4366 2743 4406; x_wconf 90' lang='lat' dir='ltr'><strong>vero</strong></span> <span class='ocrx_word' id='word_1_811' title='bbox 2766 4367 2943 4408; x_wconf 58' lang='lat' dir='ltr'><strong>causa?</strong></span> <span class='ocrx_word' id='word_1_812' title='bbox 2965 4352 3286 4409; x_wconf 47' lang='lat' dir='ltr'><strong>voluntariae.</strong></span> <span class='ocrx_word' id='word_1_813' title='bbox 3314 4363 3406 4408; x_wconf 90' lang='lat' dir='ltr'><strong>aut</strong></span> <span class='ocrx_word' id='word_1_814' title='bbox 3430 4354 3524 4410; x_wconf 91' lang='lat' dir='ltr'><strong>Dei</strong></span> 
     </span>
    </p>
   </div>
   <div class='ocr_carea' id='block_1_103' title="bbox 1946 4445 3527 4519">
    <p class='ocr_par' dir='ltr' id='par_1_103' title="bbox 1946 4445 3527 4519">
     <span class='ocr_line' id='line_1_103' title="bbox 1946 4445 3527 4519; baseline 0 -16"><span class='ocrx_word' id='word_1_815' title='bbox 1946 4455 2105 4514; x_wconf 89' lang='lat' dir='ltr'><strong>sunt,</strong></span> <span class='ocrx_word' id='word_1_816' title='bbox 2133 4454 2225 4502; x_wconf 91' lang='lat' dir='ltr'><strong>aut</strong></span> <span class='ocrx_word' id='word_1_817' title='bbox 2245 4445 2559 4518; x_wconf 85' lang='lat' dir='ltr'><strong>angelorum</strong></span> <span class='ocrx_word' id='word_1_818' title='bbox 2578 4487 2594 4514; x_wconf 90' lang='lat'><strong>,</strong></span> <span class='ocrx_word' id='word_1_819' title='bbox 2618 4453 2712 4500; x_wconf 92' lang='lat' dir='ltr'><strong>aut</strong></span> <span class='ocrx_word' id='word_1_820' title='bbox 2743 4447 3047 4514; x_wconf 90' lang='lat' dir='ltr'><strong>hominum,</strong></span> <span class='ocrx_word' id='word_1_821' title='bbox 3076 4455 3169 4503; x_wconf 93' lang='lat' dir='ltr'><strong>aut</strong></span> <span class='ocrx_word' id='word_1_822' title='bbox 3188 4462 3527 4519; x_wconf 85' lang='lat' dir='ltr'><strong>quorumque</strong></span> 
     </span>
    </p>
   </div>
   <div class='ocr_carea' id='block_1_104' title="bbox 1949 4537 3585 4609">
    <p class='ocr_par' dir='ltr' id='par_1_104' title="bbox 1949 4537 3585 4609">
     <span class='ocr_line' id='line_1_104' title="bbox 1949 4537 3585 4609; baseline 0 -16"><span class='ocrx_word' id='word_1_823' title='bbox 1949 4539 2260 4593; x_wconf 89' lang='lat' dir='ltr'><strong>animalium</strong></span> <span class='ocrx_word' id='word_1_824' title='bbox 2278 4579 2292 4604; x_wconf 94' lang='lat'><strong>,</strong></span> <span class='ocrx_word' id='word_1_825' title='bbox 2319 4540 2361 4594; x_wconf 93' lang='lat' dir='ltr'><strong>si</strong></span> <span class='ocrx_word' id='word_1_826' title='bbox 2387 4547 2563 4594; x_wconf 81' lang='lat' dir='ltr'><strong>tamen</strong></span> <span class='ocrx_word' id='word_1_827' title='bbox 2585 4537 2889 4594; x_wconf 91' lang='lat' dir='ltr'><strong>voluntates</strong></span> <span class='ocrx_word' id='word_1_828' title='bbox 2909 4538 3249 4609; x_wconf 72' lang='lat' dir='ltr'><strong>appellandas”</strong></span> <span class='ocrx_word' id='word_1_829' title='bbox 3265 4547 3389 4595; x_wconf 90' lang='lat' dir='ltr'><strong>sunt</strong></span> <span class='ocrx_word' id='word_1_830' title='bbox 3410 4540 3527 4594; x_wconf 89' lang='lat' dir='ltr'><strong>ani-</strong></span> <span class='ocrx_word' id='word_1_831' title='bbox 3576 4586 3585 4593; x_wconf 94' lang='lat'><strong>.</strong></span> 
     </span>
    </p>
   </div>
   <div class='ocr_carea' id='block_1_105' title="bbox 1951 4630 3528 4706">
    <p class='ocr_par' dir='ltr' id='par_1_105' title="bbox 1951 4630 3528 4706">
     <span class='ocr_line' id='line_1_105' title="bbox 1951 4630 3528 4706; baseline 0 -19"><span class='ocrx_word' id='word_1_832' title='bbox 1951 4649 2158 4688; x_wconf 91' lang='lat' dir='ltr'><strong>marum</strong></span> <span class='ocrx_word' id='word_1_833' title='bbox 2207 4630 2327 4706; x_wconf 84' lang='lat' dir='ltr'><strong>[al.,&#39;</strong></span> <span class='ocrx_word' id='word_1_834' title='bbox 2363 4631 2698 4705; x_wconf 90' lang='lat' dir='ltr'><strong>animalium]</strong></span> <span class='ocrx_word' id='word_1_835' title='bbox 2742 4632 2969 4687; x_wconf 90' lang='lat' dir='ltr'><strong>rationis</strong></span> <span class='ocrx_word' id='word_1_836' title='bbox 2999 4633 3301 4704; x_wconf 82' lang='lat' dir='ltr'><strong>expertium</strong></span> <span class='ocrx_word' id='word_1_837' title='bbox 3349 4641 3528 4687; x_wconf 92' lang='lat' dir='ltr'><strong>motus</strong></span> 
     </span>
    </p>
   </div>
   <div class='ocr_carea' id='block_1_106' title="bbox 1951 4723 3525 4797">
    <p class='ocr_par' dir='ltr' id='par_1_106' title="bbox 1951 4723 3525 4797">
     <span class='ocr_line' id='line_1_106' title="bbox 1951 4723 3525 4797; baseline -0.002 -17"><span class='ocrx_word' id='word_1_838' title='bbox 1951 4726 2023 4781; x_wconf 93' lang='lat' dir='ltr'><strong>illi</strong></span> <span class='ocrx_word' id='word_1_839' title='bbox 2056 4726 2251 4797; x_wconf 88' lang='lat' dir='ltr'><strong>quibus</strong></span> <span class='ocrx_word' id='word_1_840' title='bbox 2287 4725 2465 4797; x_wconf 90' lang='lat' dir='ltr'><strong>aliqua</strong></span> <span class='ocrx_word' id='word_1_841' title='bbox 2499 4723 2705 4780; x_wconf 84' lang='lat' dir='ltr'><strong>iaciunt</strong></span> <span class='ocrx_word' id='word_1_842' title='bbox 2734 4726 3026 4781; x_wconf 89' lang='lat' dir='ltr'><strong>secundum</strong></span> <span class='ocrx_word' id='word_1_843' title='bbox 3059 4734 3307 4779; x_wconf 88' lang='lat' dir='ltr'><strong>naturam</strong></span> <span class='ocrx_word' id='word_1_844' title='bbox 3339 4739 3489 4779; x_wconf 88' lang='lat' dir='ltr'><strong>suam</strong></span> <span class='ocrx_word' id='word_1_845' title='bbox 3510 4764 3525 4791; x_wconf 94' lang='lat'><strong>,</strong></span> 
     </span>
    </p>
   </div>
   <div class='ocr_carea' id='block_1_107' title="bbox 1950 4817 3524 4891">
    <p class='ocr_par' dir='ltr' id='par_1_107' title="bbox 1950 4817 3524 4891">
     <span class='ocr_line' id='line_1_107' title="bbox 1950 4817 3524 4891; baseline -0.002 -17"><span class='ocrx_word' id='word_1_846' title='bbox 1950 4835 2070 4874; x_wconf 90' lang='lat' dir='ltr'><strong>cum</strong></span> <span class='ocrx_word' id='word_1_847' title='bbox 2097 4818 2223 4889; x_wconf 89' lang='lat' dir='ltr'><strong>quid</strong></span> <span class='ocrx_word' id='word_1_848' title='bbox 2263 4819 2387 4873; x_wconf 90' lang='lat' dir='ltr'><strong>boni</strong></span> <span class='ocrx_word' id='word_1_849' title='bbox 2414 4818 2607 4873; x_wconf 83' lang='lat' dir='ltr'><strong>malive</strong></span> <span class='ocrx_word' id='word_1_850' title='bbox 2636 4818 3006 4891; x_wconf 83' lang='lat' dir='ltr'><strong>vel-appetunt</strong></span> <span class='ocrx_word' id='word_1_851' title='bbox 3046 4818 3129 4874; x_wconf 85' lang='lat' dir='ltr'><strong>vel</strong></span> <span class='ocrx_word' id='word_1_852' title='bbox 3158 4817 3383 4874; x_wconf 89' lang='lat' dir='ltr'><strong>evitant.</strong></span> <span class='ocrx_word' id='word_1_853' title='bbox 3412 4817 3524 4872; x_wconf 81' lang='lat' dir='ltr'><strong>An-</strong></span> 
     </span>
    </p>
   </div>
   <div class='ocr_carea' id='block_1_108' title="bbox 1950 4911 3530 4999">
    <p class='ocr_par' dir='ltr' id='par_1_108' title="bbox 1950 4911 3530 4999">
     <span class='ocr_line' id='line_1_108' title="bbox 1950 4911 3530 4999; baseline 0.002 -33"><span class='ocrx_word' id='word_1_854' title='bbox 1950 4911 2192 4985; x_wconf 90' lang='lat' dir='ltr'><strong>gelorum</strong></span> <span class='ocrx_word' id='word_1_855' title='bbox 2233 4919 2412 4969; x_wconf 86' lang='lat' dir='ltr'><strong>autem</strong></span> <span class='ocrx_word' id='word_1_856' title='bbox 2442 4911 2749 4968; x_wconf 89' lang='lat' dir='ltr'><strong>voluntates</strong></span> <span class='ocrx_word' id='word_1_857' title='bbox 2791 4913 2911 4968; x_wconf 90' lang='lat' dir='ltr'><strong>dico</strong></span> <span class='ocrx_word' id='word_1_858' title='bbox 2934 4928 3045 4999; x_wconf 54' lang='lat' dir='ltr'><strong>seu</strong></span> <span class='ocrx_word' id='word_1_859' title='bbox 3063 4912 3327 4967; x_wconf 87' lang='lat' dir='ltr'><strong>bonorum</strong></span> <span class='ocrx_word' id='word_1_860' title='bbox 3346 4952 3362 4981; x_wconf 90' lang='lat'><strong>,</strong></span> <span class='ocrx_word' id='word_1_861' title='bbox 3392 4927 3530 4982; x_wconf 87' lang='lat' dir='ltr'><strong>quos</strong></span> 
     </span>
    </p>
   </div>
   <div class='ocr_carea' id='block_1_109' title="bbox 1952 5002 3525 5081">
    <p class='ocr_par' dir='ltr' id='par_1_109' title="bbox 1952 5002 3525 5081">
     <span class='ocr_line' id='line_1_109' title="bbox 1952 5002 3525 5081; baseline 0 -21"><span class='ocrx_word' id='word_1_862' title='bbox 1952 5004 2170 5077; x_wconf 85' lang='lat' dir='ltr'><strong>angelos</strong></span> <span class='ocrx_word' id='word_1_863' title='bbox 2218 5004 2311 5059; x_wconf 90' lang='lat' dir='ltr'><strong>Dei</strong></span> <span class='ocrx_word' id='word_1_864' title='bbox 2359 5002 2621 5072; x_wconf 90' lang='lat' dir='ltr'><strong>dicimus,</strong></span> <span class='ocrx_word' id='word_1_865' title='bbox 2666 5022 2760 5061; x_wconf 93' lang='lat' dir='ltr'><strong>seu</strong></span> <span class='ocrx_word' id='word_1_866' title='bbox 2792 5005 3087 5069; x_wconf 90' lang='lat' dir='ltr'><strong>malorum,</strong></span> <span class='ocrx_word' id='word_1_867' title='bbox 3119 5019 3254 5081; x_wconf 88' lang='lat' dir='ltr'><strong>quos</strong></span> <span class='ocrx_word' id='word_1_868' title='bbox 3306 5003 3525 5076; x_wconf 86' lang='lat' dir='ltr'><strong>angelos</strong></span> 
     </span>
    </p>
   </div>
   <div class='ocr_carea' id='block_1_110' title="bbox 1934 5084 3535 5166">
    <p class='ocr_par' dir='ltr' id='par_1_110' title="bbox 1934 5084 3535 5166">
     <span class='ocr_line' id='line_1_110' title="bbox 1934 5084 3535 5166; baseline 0 -17"><span class='ocrx_word' id='word_1_869' title='bbox 1934 5084 2149 5149; x_wconf 29' lang='lat' dir='ltr'><strong>’diaholi</strong></span> <span class='ocrx_word' id='word_1_870' title='bbox 2178 5093 2259 5148; x_wconf 90' lang='lat' dir='ltr'><strong>vel</strong></span> <span class='ocrx_word' id='word_1_871' title='bbox 2291 5094 2454 5149; x_wconf 90' lang='lat' dir='ltr'><strong>etiam</strong></span> <span class='ocrx_word' id='word_1_872' title='bbox 2483 5096 2758 5151; x_wconf 59' lang='lat' dir='ltr'><strong>daemones</strong></span> <span class='ocrx_word' id='word_1_873' title='bbox 2786 5093 3147 5166; x_wconf 84' lang='lat' dir='ltr'><strong>appellamus,</strong></span> <span class='ocrx_word' id='word_1_874' title='bbox 3176 5095 3255 5153; x_wconf 92' lang='lat' dir='ltr'><strong>sic</strong></span> <span class='ocrx_word' id='word_1_875' title='bbox 3284 5104 3338 5151; x_wconf 94' lang='lat' dir='ltr'><strong>et</strong></span> <span class='ocrx_word' id='word_1_876' title='bbox 3360 5092 3535 5150; x_wconf 86' lang='lat' dir='ltr'><strong>homi-</strong></span> 
     </span>
    </p>
   </div>
   <div class='ocr_carea' id='block_1_111' title="bbox 1958 5183 3533 5257">
    <p class='ocr_par' dir='ltr' id='par_1_111' title="bbox 1958 5183 3533 5257">
     <span class='ocr_line' id='line_1_111' title="bbox 1958 5183 3533 5257; baseline 0.001 -18"><span class='ocrx_word' id='word_1_877' title='bbox 1958 5200 2083 5239; x_wconf 88' lang='lat' dir='ltr'><strong>num</strong></span> <span class='ocrx_word' id='word_1_878' title='bbox 2103 5225 2118 5249; x_wconf 93' lang='lat'><strong>,</strong></span> <span class='ocrx_word' id='word_1_879' title='bbox 2144 5183 2410 5239; x_wconf 87' lang='lat' dir='ltr'><strong>honorum</strong></span> <span class='ocrx_word' id='word_1_880' title='bbox 2440 5184 2647 5240; x_wconf 90' lang='lat' dir='ltr'><strong>scilicet</strong></span> <span class='ocrx_word' id='word_1_881' title='bbox 2676 5193 2731 5238; x_wconf 89' lang='lat' dir='ltr'><strong>et</strong></span> <span class='ocrx_word' id='word_1_882' title='bbox 2752 5184 3034 5239; x_wconf 91' lang='lat' dir='ltr'><strong>malorum.</strong></span> <span class='ocrx_word' id='word_1_883' title='bbox 3058 5184 3138 5243; x_wconf 85' lang='lat' dir='ltr'><strong>Ac</strong></span> <span class='ocrx_word' id='word_1_884' title='bbox 3167 5200 3264 5257; x_wconf 90' lang='lat' dir='ltr'><strong>per</strong></span> <span class='ocrx_word' id='word_1_885' title='bbox 3290 5185 3395 5241; x_wconf 90' lang='lat' dir='ltr'><strong>hoc</strong></span> <span class='ocrx_word' id='word_1_886' title='bbox 3420 5183 3533 5241; x_wconf 89' lang='lat' dir='ltr'><strong>col-</strong></span> 
     </span>
    </p>
   </div>
   <div class='ocr_carea' id='block_1_112' title="bbox 1954 5273 3534 5348">
    <p class='ocr_par' dir='ltr' id='par_1_112' title="bbox 1954 5273 3534 5348">
     <span class='ocr_line' id='line_1_112' title="bbox 1954 5273 3534 5348; baseline 0.003 -21"><span class='ocrx_word' id='word_1_887' title='bbox 1954 5273 2137 5344; x_wconf 88' lang='lat' dir='ltr'><strong>ligitur</strong></span> <span class='ocrx_word' id='word_1_888' title='bbox 2157 5289 2260 5330; x_wconf 94' lang='lat' dir='ltr'><strong>non</strong></span> <span class='ocrx_word' id='word_1_889' title='bbox 2282 5289 2403 5330; x_wconf 90' lang='lat' dir='ltr'><strong>esse</strong></span> <span class='ocrx_word' id='word_1_890' title='bbox 2432 5290 2625 5330; x_wconf 90' lang='lat' dir='ltr'><strong>causas</strong></span> <span class='ocrx_word' id='word_1_891' title='bbox 2653 5274 2950 5329; x_wconf 89' lang='lat' dir='ltr'><strong>efﬁcientes</strong></span> <span class='ocrx_word' id='word_1_892' title='bbox 2970 5276 3209 5330; x_wconf 91' lang='lat' dir='ltr'><strong>omnium</strong></span> <span class='ocrx_word' id='word_1_893' title='bbox 3232 5290 3352 5348; x_wconf 65' lang='lat' dir='ltr'><strong>quae</strong></span> <span class='ocrx_word' id='word_1_894' title='bbox 3377 5275 3534 5343; x_wconf 89' lang='lat' dir='ltr'><strong>ﬁunt,</strong></span> 
     </span>
    </p>
   </div>
   <div class='ocr_carea' id='block_1_113' title="bbox 1959 5365 3649 5443">
    <p class='ocr_par' dir='ltr' id='par_1_113' title="bbox 1959 5365 3649 5443">
     <span class='ocr_line' id='line_1_113' title="bbox 1959 5365 3649 5443; baseline 0.001 -22"><span class='ocrx_word' id='word_1_895' title='bbox 1959 5367 2061 5422; x_wconf 92' lang='lat' dir='ltr'><strong>nisi</strong></span> <span class='ocrx_word' id='word_1_896' title='bbox 2110 5367 2440 5423; x_wconf 86' lang='lat' dir='ltr'><strong>voluntarias</strong></span> <span class='ocrx_word' id='word_1_897' title='bbox 2469 5366 2615 5421; x_wconf 90' lang='lat' dir='ltr'><strong>illius</strong></span> <span class='ocrx_word' id='word_1_898' title='bbox 2646 5374 2854 5420; x_wconf 85' lang='lat' dir='ltr'><strong>naturae</strong></span> <span class='ocrx_word' id='word_1_899' title='bbox 2900 5365 3108 5421; x_wconf 89' lang='lat' dir='ltr'><strong>scilicet</strong></span> <span class='ocrx_word' id='word_1_900' title='bbox 3154 5382 3272 5436; x_wconf 87' lang='lat' dir='ltr'><strong>quae</strong></span> <span class='ocrx_word' id='word_1_901' title='bbox 3316 5366 3538 5443; x_wconf 87' lang='lat' dir='ltr'><strong>spiritus</strong></span> <span class='ocrx_word' id='word_1_902' title='bbox 3636 5385 3649 5397; x_wconf 87' lang='grc'><strong>·</strong></span> 
     </span>
    </p>
   </div>
   <div class='ocr_carea' id='block_1_114' title="bbox 1961 5456 3536 5531">
    <p class='ocr_par' dir='ltr' id='par_1_114' title="bbox 1961 5456 3536 5531">
     <span class='ocr_line' id='line_1_114' title="bbox 1961 5456 3536 5531; baseline 0.001 -20"><span class='ocrx_word' id='word_1_903' title='bbox 1961 5459 2081 5513; x_wconf 77' lang='lat' dir='ltr'><strong>vitae</strong></span> <span class='ocrx_word' id='word_1_904' title='bbox 2109 5466 2206 5513; x_wconf 88' lang='lat' dir='ltr'><strong>est.</strong></span> <span class='ocrx_word' id='word_1_905' title='bbox 2252 5456 2386 5511; x_wconf 83' lang='lat' dir='ltr'><strong>Nam</strong></span> <span class='ocrx_word' id='word_1_906' title='bbox 2410 5465 2464 5512; x_wconf 88' lang='lat' dir='ltr'><strong>et</strong></span> <span class='ocrx_word' id='word_1_907' title='bbox 2487 5470 2579 5511; x_wconf 87' lang='lat' dir='ltr'><strong>aer</strong></span> <span class='ocrx_word' id='word_1_908' title='bbox 2604 5456 2711 5511; x_wconf 87' lang='lat' dir='ltr'><strong>iste</strong></span> <span class='ocrx_word' id='word_1_909' title='bbox 2736 5456 3268 5531; x_wconf 27' lang='lat' dir='ltr'><strong>seu&#39;ventus’dicitur</strong></span> <span class='ocrx_word' id='word_1_910' title='bbox 3292 5457 3536 5531; x_wconf 70' lang='lat' dir='ltr'><strong>spiritus,</strong></span> 
     </span>
    </p>
   </div>
   <div class='ocr_carea' id='block_1_115' title="bbox 1962 5544 3539 5619">
    <p class='ocr_par' dir='ltr' id='par_1_115' title="bbox 1962 5544 3539 5619">
     <span class='ocr_line' id='line_1_115' title="bbox 1962 5544 3539 5619; baseline -0.003 -14"><span class='ocrx_word' id='word_1_911' title='bbox 1962 5551 2054 5605; x_wconf 91' lang='lat' dir='ltr'><strong>sed</strong></span> <span class='ocrx_word' id='word_1_912' title='bbox 2074 5590 2088 5616; x_wconf 90' lang='lat'><strong>,</strong></span> <span class='ocrx_word' id='word_1_913' title='bbox 2126 5549 2378 5619; x_wconf 88' lang='lat' dir='ltr'><strong>quoniam</strong></span> <span class='ocrx_word' id='word_1_914' title='bbox 2408 5562 2604 5618; x_wconf 86' lang='lat' dir='ltr'><strong>corpus</strong></span> <span class='ocrx_word' id='word_1_915' title='bbox 2629 5554 2744 5613; x_wconf 90' lang='lat' dir='ltr'><strong>est,</strong></span> <span class='ocrx_word' id='word_1_916' title='bbox 2771 5560 2875 5601; x_wconf 94' lang='lat' dir='ltr'><strong>non</strong></span> <span class='ocrx_word' id='word_1_917' title='bbox 2892 5554 2986 5601; x_wconf 86' lang='lat' dir='ltr'><strong>&#39;est</strong></span> <span class='ocrx_word' id='word_1_918' title='bbox 3011 5547 3230 5617; x_wconf 86' lang='lat' dir='ltr'><strong>spiritus</strong></span> <span class='ocrx_word' id='word_1_919' title='bbox 3254 5548 3394 5602; x_wconf 64' lang='lat' dir='ltr'><strong>vitm.</strong></span> <span class='ocrx_word' id='word_1_920' title='bbox 3419 5544 3539 5619; x_wconf 82' lang='lat' dir='ltr'><strong>Spi-</strong></span> 
     </span>
    </p>
   </div>
   <div class='ocr_carea' id='block_1_116' title="bbox 1967 5636 3538 5713">
    <p class='ocr_par' dir='ltr' id='par_1_116' title="bbox 1967 5636 3538 5713">
     <span class='ocr_line' id='line_1_116' title="bbox 1967 5636 3538 5713; baseline -0.001 -16"><span class='ocrx_word' id='word_1_921' title='bbox 1967 5643 2101 5698; x_wconf 86' lang='lat' dir='ltr'><strong>ritus</strong></span> <span class='ocrx_word' id='word_1_922' title='bbox 2125 5657 2253 5713; x_wconf 88' lang='lat' dir='ltr'><strong>ergo</strong></span> <span class='ocrx_word' id='word_1_923' title='bbox 2285 5640 2408 5693; x_wconf 70' lang='lat' dir='ltr'><strong>vita:</strong></span> <span class='ocrx_word' id='word_1_924' title='bbox 2434 5639 2524 5710; x_wconf 88' lang='lat' dir='ltr'><strong>qui</strong></span> <span class='ocrx_word' id='word_1_925' title='bbox 2558 5636 2792 5695; x_wconf 88' lang='lat' dir='ltr'><strong>viviﬁcat</strong></span> <span class='ocrx_word' id='word_1_926' title='bbox 2822 5639 3001 5695; x_wconf 85' lang='lat' dir='ltr'><strong>omnia</strong></span> <span class='ocrx_word' id='word_1_927' title='bbox 3026 5638 3111 5711; x_wconf 89' lang='lat' dir='ltr'><strong>(II</strong></span> <span class='ocrx_word' id='word_1_928' title='bbox 3139 5637 3297 5697; x_wconf 76' lang='lat' dir='ltr'><strong>Esdr.</strong></span> <span class='ocrx_word' id='word_1_929' title='bbox 3330 5657 3419 5707; x_wconf 78' lang='lat' dir='ltr'><strong>lx,</strong></span> <span class='ocrx_word' id='word_1_930' title='bbox 3459 5638 3538 5710; x_wconf 85' lang='lat'><strong>6),</strong></span> 
     </span>
    </p>
   </div>
   <div class='ocr_carea' id='block_1_117' title="bbox 1965 5730 3542 5805">
    <p class='ocr_par' dir='ltr' id='par_1_117' title="bbox 1965 5730 3542 5805">
     <span class='ocr_line' id='line_1_117' title="bbox 1965 5730 3542 5805; baseline -0.002 -17"><span class='ocrx_word' id='word_1_931' title='bbox 1965 5741 2284 5802; x_wconf 84' lang='lat' dir='ltr'><strong>creatorque</strong></span> <span class='ocrx_word' id='word_1_932' title='bbox 2309 5738 2391 5784; x_wconf 90' lang='lat' dir='ltr'><strong>est</strong></span> <span class='ocrx_word' id='word_1_933' title='bbox 2419 5730 2598 5785; x_wconf 88' lang='lat' dir='ltr'><strong>omnis</strong></span> <span class='ocrx_word' id='word_1_934' title='bbox 2620 5731 2864 5805; x_wconf 89' lang='lat' dir='ltr'><strong>corporis</strong></span> <span class='ocrx_word' id='word_1_935' title='bbox 2892 5739 2946 5785; x_wconf 90' lang='lat' dir='ltr'><strong>et</strong></span> <span class='ocrx_word' id='word_1_936' title='bbox 2970 5730 3148 5786; x_wconf 89' lang='lat' dir='ltr'><strong>omnis</strong></span> <span class='ocrx_word' id='word_1_937' title='bbox 3174 5734 3341 5788; x_wconf 88' lang='lat' dir='ltr'><strong>creati</strong></span> <span class='ocrx_word' id='word_1_938' title='bbox 3384 5731 3542 5804; x_wconf 78' lang='lat' dir='ltr'><strong>spiri-</strong></span> 
     </span>
    </p>
   </div>
   <div class='ocr_carea' id='block_1_118' title="bbox 1971 5819 3543 5895">
    <p class='ocr_par' dir='ltr' id='par_1_118' title="bbox 1971 5819 3543 5895">
     <span class='ocr_line' id='line_1_118' title="bbox 1971 5819 3543 5895; baseline -0.002 -14"><span class='ocrx_word' id='word_1_939' title='bbox 1971 5836 2093 5889; x_wconf 86' lang='lat' dir='ltr'><strong>tus,</strong></span> <span class='ocrx_word' id='word_1_940' title='bbox 2137 5823 2250 5895; x_wconf 84' lang='lat' dir='ltr'><strong>ipsc</strong></span> <span class='ocrx_word' id='word_1_941' title='bbox 2279 5829 2361 5875; x_wconf 86' lang='lat' dir='ltr'><strong>est</strong></span> <span class='ocrx_word' id='word_1_942' title='bbox 2395 5819 2538 5875; x_wconf 70' lang='lat' dir='ltr'><strong>Deus</strong></span> <span class='ocrx_word' id='word_1_943' title='bbox 2566 5820 2801 5895; x_wconf 85' lang='lat' dir='ltr'><strong>Spiritus</strong></span> <span class='ocrx_word' id='word_1_944' title='bbox 2848 5822 3032 5893; x_wconf 88' lang='lat' dir='ltr'><strong>utique</strong></span> <span class='ocrx_word' id='word_1_945' title='bbox 3064 5839 3167 5878; x_wconf 91' lang='lat' dir='ltr'><strong>non</strong></span> <span class='ocrx_word' id='word_1_946' title='bbox 3206 5832 3455 5893; x_wconf 86' lang='lat' dir='ltr'><strong>creatus;</strong></span> <span class='ocrx_word' id='word_1_947' title='bbox 3490 5823 3543 5878; x_wconf 89' lang='lat' dir='ltr'><strong>in</strong></span> 
     </span>
    </p>
   </div>
  </div>
