4010 6352
279 409 415 507 ms

1083 514 1086 518 ,
1124 441 1211 496 ne
1249 395 1926 496 annssrm'rtous
1963 440 2240 496 comm
2277 441 2324 496 ι.
2373 439 2670 498 scoruu.
2747 420 2756 426 “

3389 447 3527 503 1146

276 567 397 621 ideo
424 576 532 618 non
570 559 847 616 dubitatur
870 558 1043 627 ipsum
1076 571 1304 626 peccare
1325 571 1446 610 cum
1477 565 1688 625 peccat,
1714 555 1840 625 quia
1869 562 1921 620 Λ
1947 574 2057 614 rus.
2087 559 2130 631 1-
2160 558 2367 627 Quibus
2410 559 2859 616 enucleatissimis
2901 561 3043 614 beati
3094 547 3281 617 Patris
3310 573 3525 619 senten-

275 659 362 714 tlle
402 654 554 724 cujus
579 650 916 724 prmscientia
953 648 1063 703 falli
1103 664 1206 704 non
1253 657 1461 719 potest,
1509 663 1614 702 non
1647 647 1840 712 fatum,

273 763 379 803 non
409 744 700 804 fortunam,
743 754 852 795 non
882 737 1084 808 aliquid
1113 736 1280 802 aliud,
1302 737 1396 792 sed
1433 736 1609 806 ipsum
1647 750 1843 806 pecca-

272 849 452 894 turum
497 849 618 891 esse
644 830 946 904 praescivit;
973 829 1066 900 qui
1092 827 1138 884 si
1165 827 1318 894 nolit,
1355 827 1542 898 utique
1572 825 1690 898 [al.,
1723 841 1844 881 om-

271 927 420 1002 nino]
458 943 566 982 non
596 931 786 996 peccat
823 940 837 978 :
874 920 990 989 sed,
1019 919 1067 975 si
1100 933 1327 990 peccare
1375 917 1631 984 noluerit,
1679 917 1842 972 etiam

269 1024 372 1079 hoc
399 1021 490 1078 ille
515 1017 794 1092 praescivit

339 1155 526 1228 (Ibid.,
552 1168 600 1210 c.
629 1151 741 1224 11.)
767 1149 932 1225 [Deus
952 1150 1132 1219 itaque
1160 1162 1402 1204 summus
1426 1155 1482 1203 et
1512 1162 1689 1213 verus,
1718 1161 1843 1202 cum

269 1248 452 1303 Verbo
479 1261 577 1302 suo
612 1251 668 1300 et
703 1242 910 1314 Spiritu
955 1248 1165 1305 sancto,
1195 1253 1314 1309 quae
1345 1238 1447 1292 tria
1483 1252 1651 1292 unum
1695 1243 1841 1301 sunt,

269 1342 412 1396 Deus
430 1353 570 1394 unus
588 1335 931 1406 omnipotens
946 1338 1160 1388 creator
1177 1337 1233 1386 et
1252 1329 1425 1385 factor
1449 1327 1625 1384 omnis
1650 1327 1842 1381 animm

268 1440 432 1502 atque
464 1427 640 1487 omnis
683 1425 928 1497 corporis
955 1424 1109 1492 cujus
1149 1430 1276 1478 sunt
1319 1419 1738 1492 participatione
1768 1416 1844 1473 fe-

266 1525 431 1589 lices,
459 1521 767 1592 quicunque
796 1526 922 1574 sunt
944 1517 1199 1581 veritate,
1225 1530 1332 1570 non
1367 1513 1606 1568 vanitate
1634 1510 1839 1576 felices,

267 1615 357 1683 qui
383 1613 509 1668 fecit
533 1609 806 1666 hominem
835 1606 1099 1663 rationale
1120 1604 1319 1660 animal
1348 1619 1413 1659 ex
1441 1604 1619 1658 anima
1650 1611 1704 1657 et
1724 1617 1844 1658 cor-

266 1722 420 1776 pore,
453 1703 543 1775 qui
571 1717 694 1758 eum
717 1708 1030 1772 peccantem
1066 1712 1167 1752 nec
1204 1696 1526 1766 1mpunitum
1561 1709 1681 1750 esse
1718 1708 1844 1757 per-

269 1797 440 1863 misit,
468 1809 570 1851 nec
595 1794 714 1850 sine
743 1788 1112 1848 misericordia
1141 1786 1450 1857 dereliquit,
1490 1786 1581 1854 qui
1609 1777 1774 1841 bonis
1791 1793 1846 1839 et

269 1885 424 1942 malis
441 1883 735 1941 essentiam
763 1881 926 1937 etiam
948 1893 1071 1936 cum
1100 1876 1390 1947 lapidibus,
1418 1875 1582 1930 vitam
1610 1875 1844 1930 semina-

267 1979 372 2035 lem
415 1980 578 2035 etiam
622 1991 744 2032 cum
787 1973 1095 2036 arboribus,
1121 1971 1287 2025 vitam
1330 1969 1632 2025 sensualem
1677 1970 1842 2024 etiam

266 2087 389 2126 cum
410 2069 716 2141 pecoribus,
745 2066 912 2120 vitam
942 2060 1356 2118 intellectualem
1377 2059 1652 2115 cum'solis
1683 2073 1844 2127 ange-

267 2163 355 2227 lis,
387 2160 568 2226 dedit;
603 2174 634 2213 a
669 2171 775 2227 quo
816 2162 900 2212 est
932 2153 1109 2209 omnis
1135 2151 1349 2218 modus,
1391 2149 1567 2205 omnis
1615 2149 1840 2219 species,

265 2251 443 2306 omnis
461 2249 614 2316 ordo,
646 2263 676 2302 a
708 2262 816 2318 quo
839 2254 922 2302 est
951 2258 1224 2309 mensura,
1250 2257 1530 2306 numerus,
1560 2239 1786 2311 pondus,
1811 2255 1843 2294 ει

266 2357 374 2412 quo
403 2349 486 2398 est
511 2339 768 2410 quidquid
796 2336 1119 2393 naturaliter
1145 2342 1248 2399 est,
1283 2333 1654 2403 cujuscunque
1681 2346 1842 2402 gene-

269 2435 345 2490 ris
387 2442 489 2498 est,
516 2429 804 2503 cujuslibet
851 2427 1222 2485 azstimationis
1247 2436 1362 2490 est;
1393 2440 1421 2477 a
1449 2440 1556 2493 quo
1584 2432 1710 2480 sunt
1757 2439 1842 2479 se-

264 2528 411 2582 mina
443 2526 758 2590 formarum,
785 2521 973 2578 formae
1023 2520 1309 2584 seminum,
1351 2525 1527 2571 motus
1571 2515 1840 2571 seminum

263 2627 423 2688 atque
447 2616 777 2680 formarum;
822 2612 916 2684 qui
943 2610 1090 2666 dedit
1123 2617 1178 2664 et
1225 2608 1376 2664 carni
1407 2607 1691 2677 originem,
1723 2605 1842 2676 pul-

265 2709 647 2772 chritudinem,
685 2704 1066 2768 valetudinem,
1106 2701 1508 2772 propagatioms
1546 2699 1843 2754 fecundita-

266 2813 398 2868 tem,
446 2799 812 2855 membrorum
841 2794 1244 2866 dispositionem
1269 2833 1284 2858 ,
1327 2791 1576 2858 salutem,
1617 2805 1841 2847 concor—

262 2897 442 2962 diam;
486 2894 662 2964 quiet
703 2893 895 2948 anima:
937 2888 1234 2945 irrationali
1287 2887 1437 2944 dedit
1482 2887 1834 2953 memoriam,

259 3003 497 3043 sensum.
527 2983 858 3056 appetitum;
901 2980 1146 3037 rationali
1192 2988 1374 3035 autem
1420 2978 1640 3048 insuper
1687 2994 1839 3034 men-

261 3086 371 3133 tem
398 3117 413 3142 ,
462 3073 867 3146 intelligentiam
895 3113 909 3138 ,
952 3070 1315 3135 voluntatem,
1363 3069 1454 3139 qui
1503 3083 1610 3124 non
1664 3069 1837 3125 solum

259 3170 458 3226 caelum
499 3178 554 3225 et
581 3178 801 3231 terram,
828 3179 926 3219 nec
957 3163 1130 3218 solum
1175 3159 1424 3233 angelum
1453 3168 1508 3214 et
1540 3160 1833 3224 hominem,

261 3263 358 3318 sed
387 3276 487 3318 nec
513 3260 691 3332 exigui
730 3267 785 3314 et
814 3255 1231 3326 contemptibilis
1266 3254 1561 3310 animantis
1601 3255 1834 3320 viscera,

263 3370 364 3410 nec
402 3355 516 3410 avis
543 3351 850 3422 pennulam,
883 3363 985 3404 nec
1008 3347 1186 3403 herba:
1213 3345 1492 3402 ﬁosculum
1515 3386 1528 3412 ,
1553 3362 1651 3402 nec
1676 3347 1834 3402 arbo-

262 3448 341 3501 ris
386 3445 570 3501 folium
611 3446 727 3500 sine
765 3456 983 3497 suarum
1035 3439 1270 3510 partium
1327 3438 1735 3503 convenientia,
1785 3445 1841 3492 et

259 3538 495 3608 quadam
521 3535 688 3591 veluti
734 3548 875 3605 pace
908 3531 1212 3600 dereliquit,
1261 3529 1406 3584 nullo
1429 3529 1587 3584 modo
1612 3535 1694 3583 est
1721 3542 1839 3584 cre-

261 3629 466 3685 dendus
501 3643 662 3698 regna
710 3625 1012 3689 hominum,
1045 3635 1342 3690 eorumque
1371 3619 1612 3675 omnium
1660 3616 1837 3672 domi-

259 3721 510 3776 nationes
553 3727 610 3774 et
659 3716 950 3773 servitutes
995 3730 1028 3769 a
1075 3727 1186 3769 sua:
1235 3710 1581 3784 providentia:
1631 3707 1839 3781 legibus

257 3813 464 3871 alienas
495 3828 616 3869 esse
646 3808 928 3882 voluisse.]

342 3948 552 4020 'j'ldem
601 3948 656 4003 in
708 3947 928 4002 homilia
965 3945 1034 4000 55
1082 3945 1134 3998 in
1185 3942 1536 4013 Evangelium
1573 3939 1834 3995 Joannis:

253 4038 394 4095 Cum
421 4050 593 4094 autem
627 4047 775 4093 tanta
800 4038 950 4108 signa
991 4036 1191 4105 fecisset
1219 4051 1396 4089 coram
1420 4034 1492 4087 eis
1531 4049 1634 4086 non
1673 4031 1840 4086 credi-

255 4131 449 4185 derunt
471 4131 527 4185 in
563 4147 703 4195 eum,
735 4138 790 4183 ut
826 4143 996 4182 sermo
1023 4125 1182 4180 Isaiw
1223 4126 1484 4195 propheta:
1516 4123 1836 4194 impleretur,

254 4237 413 4293 quem
438 4221 609 4279 dixit:
637 4221 880 4285 Domine,
932 4219 1046 4290 quis
1072 4218 1288 4272 credidit
1313 4217 1520 4270 auditui
1545 4226 1743 4283 nostro,
1791 4225 1838 4270 et

257 4317 532 4372 brachium
559 4314 770 4371 Domini
797 4315 881 4368 cui
922 4313 1202 4368 revelatum
1227 4312 1346 4368 est?
1373 4312 1557 4384 (Joan.
1604 4327 1704 4377 x11,
1733 4311 1836 4379 57;

259 4409 376 4465 Isa.
419 4425 536 4474 1.111,
581 4407 660 4479 1.)
707 4406 810 4463 Ubi
852 4407 982 4462 satis
1025 4404 1261 4461 ostendit
1312 4403 1581 4459 brachium
1627 4401 1840 4457 Domini

257 4505 437 4572 ipsum
485 4501 580 4555 Dei
626 4498 821 4554 Filium
876 4505 1263 4567 nuncupatum,
1295 4505 1401 4552 etc.
1431 4495 1658 4564 Quidam
1689 4510 1840 4572 ergo

259 4569 403 4644 inter
431 4603 491 4644 se
517 4588 826 4654 mussitant,
849 4596 906 4644 et
943 4587 1032 4642 ubi
1061 4595 1287 4656 possunt
1312 4583 1600 4655 aliquando
1623 4569 1836 4658 procla-

256 4690 432 4748 mant,
461 4690 516 4736 et
547 4679 851 4736 turbulenta
873 4679 1262 4749 disceptatione
1291 4677 1622 4734 contendunt
1649 4677 1833 4733 dicen-

259 4781 345 4826 tes
375 4789 388 4824 :
427 4770 555 4842 quid
575 4769 824 4827 fecerunt
849 4767 1040 4833 Judaei,
1065 4767 1151 4822 vel
1173 4782 1292 4836 qum
1319 4766 1473 4837 culpa
1497 4781 1687 4822 eorum
1707 4765 1830 4832 fuit,

257 4862 307 4916 si
331 4861 551 4918 necesse
570 4868 690 4916 erat
727 4869 786 4914 ut
811 4874 991 4914 sermo
1011 4859 1162 4915 Isaia:
1186 4858 1460 4930 pr0pheta3
1486 4857 1837 4928 impleretur?

259 4954 456 5024 quibus
483 4953 867 5026 respondemus
903 4952 1073 5007 Deum
1098 4951 1383 5022 praescium
1414 4950 1714 5006 futurorum
1742 4967 1839 5021 per

262 5052 589 5123 Prophetam
604 5050 920 5120 praedixisse
942 5047 1318 5104 inﬁdelitatem
1348 5046 1679 5113 Iudaeorum,
1703 5061 1838 5117 prae-

263 5143 467 5197 dixisse
503 5149 718 5205 tamen,
768 5155 874 5194 non
923 5139 1118 5194 fecisse
1167 5153 1317 5193 :non
1361 5139 1506 5194 enim
1554 5147 1840 5208 propterea

261 5243 590 5301 quemquam
632 5227 774 5282 Deus
814 5227 880 5282 ad
928 5236 1212 5297 peccatum
1257 5227 1440 5298 cogit,
1498 5227 1621 5296 quia
1662 5226 1839 5282 futura

265 5320 546 5377 hominum
587 5326 808 5390 peccata
838 5317 952 5387 jam
1001 5319 1184 5374 novit?
1231 5319 1494 5375 Fecerunt
1541 5333 1669 5390 ergo
1715 5335 1843 5389 pec-

265 5421 447 5468 catum
475 5411 665 5477 Judaei,
688 5411 833 5482 quod
854 5427 948 5466 eos
967 5411 1148 5467 facere
1181 5428 1287 5468 non
1309 5411 1586 5483 compulit,
1615 5413 1702 5468 cui
1722 5427 1843 5482 pec-

267 5515 448 5561 catum
487 5519 596 5560 non
622 5503 816 5574 placet,
846 5504 940 5558 sed
963 5502 1203 5559 facturos
1223 5518 1342 5560 esse
1365 5503 1644 5574 praedixit,
1678 5519 1839 5576 quem

266 5598 404 5654 nihil
438 5597 592 5654 latet.
623 5598 692 5654 Et
719 5597 840 5653 ideo
875 5598 921 5652 si
952 5611 1060 5652 non
1109 5595 1330 5662 malum,
1380 5599 1474 5653 sed
1509 5598 1710 5654 bonum
1761 5596 1842 5651 fa-

269 5706 394 5748 cere
418 5692 744 5760 voluissent,
785 5707 892 5748 non
938 5690 1374 5761 prohiberentur,
1403 5699 1458 5746 et
1499 5691 1602 5746 hoc
1647 5689 1844 5746 facturi

269 5784 700 5854 praeviderentur
745 5784 814 5839 ab
858 5797 923 5839 eo
977 5782 1068 5853 qui
1114 5781 1266 5837 novit
1313 5784 1441 5852 quid
1497 5784 1566 5838 sit
1617 5785 1844 5854 quisque

274 5873 555 5944 facturus,
600 5887 654 5932 et
699 5876 826 5950 quid
871 5877 920 5934 ei
969 5876 1041 5931 sit
1072 5889 1172 5960 pro
1217 5873 1338 5945 ejus
1391 5889 1554 5948 opere
1602 5876 1846 5932 redditu-

1948 649 2036 704 tiis
2084 665 2220 720 pene
2263 665 2453 707 omnes
2503 651 2751 721 superius
2799 652 3176 724 comprehensi
3231 656 3525 708 sententia-

1947 754 2066 794 rum
2117 751 2330 796 tuarum
2397 740 2600 797 fetores
2652 743 2902 798 exhausti
2954 754 3099 798 sunt.
3153 743 3358 799 Verum
3417 759 3522 800 non

1944 830 2013 887 ab
2042 845 2102 886 re
2127 845 2248 887 esse
2277 831 2548 898 duximus,
2587 848 2633 889 s1
2683 834 2857 890 adhuc
2902 835 3142 904 ejusdem
3175 833 3355 891 Patris
3381 837 3523 891 dicta

1946 921 2012 976 ad
2049 922 2285 977 medium
2319 923 2701 992 producamus,
2753 924 2987 993 qualiter
3033 925 3100 980 de
3142 925 3321 995 poenis
3356 941 3386 980 a
3415 926 3525 982 Deo

1947 1012 2227 1068 retributis
2256 1021 2418 1084 atque
2454 1015 2814 1070 retribuendis
2865 1015 3130 1080 senserit,
3171 1031 3238 1071 ex
3272 1015 3412 1072 libro
3441 1018 3524 1072 vi-

1943 1101 2134 1158 delicet
2154 1102 2268 1171 ejus
2281 1111 2470 1160 contra
2491 1105 2861 1161 adversarium
2883 1105 3018 1177 legis
3035 1113 3092 1162 et
3113 1105 3518 1176 prophetarum.

2015 1195 2266 1267 (Contra'
2300 1197 2502 1253 advers.
2551 1197 2650 1269 leg.
2693 1207 2740 1252 et
2784 1204 2966 1269 proph.
3009 1197 3104 1254 lib.
3152 1215 3194 1264 1,
3239 1212 3361 1268 cap.
3395 1197 3523 1268 15.)

1946 1285 2139 1359 [Porro
2184 1297 2364 1343 autem
2408 1290 2493 1346 cui
2547 1289 2795 1361 displicet
2839 1299 3093 1362 peccator
3137 1291 3443 1362 prohibitus
3491 1307 3524 1346 a

1945 1380 2089 1452 ligno
2113 1381 2260 1446 vitae,
2290 1383 2420 1450 quid
2463 1383 2566 1437 nisi
2596 1383 2812 1454 impune
2852 1383 2966 1439 vult
2998 1384 3136 1440 male
3165 1385 3384 1440 vivere?
3414 1383 3523 1438 Nec

1944 1489 2198 1545 magnum
2227 1483 2348 1529 erat
2389 1473 2498 1531 Deo
2534 1484 2589 1529 et
2617 1475 2721 1530 alio
2751 1474 2994 1546 quolibet
3021 1475 3181 1531 modo
3209 1475 3376 1530 vitam
3400 1476 3526 1530 sub-

1945 1566 2164 1622 trahere
2187 1565 2414 1631 homini,
2437 1581 2598 1635 quem
2620 1566 2804 1623 vivere
2829 1565 3119 1634 noluisset;
3146 1566 3242 1622 sed
3266 1567 3524 1636 quoniam

1946 1658 2236 1714 rationales
2269 1673 2463 1714 animae
2493 1674 2558 1714 ac
2588 1659 2852 1729 sapientia
2887 1660 3096 1726 vivunt,
3119 1674 3347 1728 quarum
3377 1673 3527 1714 mors

1946 1757 2030 1802 est
2057 1749 2387 1818 insipientia,
2412 1748 2568 1818 hujus
2597 1750 2674 1804 rei
2707 1749 3075 1820 signiﬁcanda:
3122 1749 3293 1820 gratia
3326 1748 3525 1818 lignum

1947 1839 2065 1892 vitw
2090 1837 2242 1909 (Gen.
2259 1840 2390 1910 11,9)
2416 1841 2468 1896 in
2493 1841 2744 1910 paradiso
2759 1840 2934 1896 fructu
2960 1856 3056 1896 suo
3082 1841 3219 1896 mori
3249 1841 3524 1896 hominem

1872 1929 1919 1990 B
1948 1944 2045 1984 nec
2057 1946 2284 2000 corpore
2306 1932 2526 1986 sineret.
2544 1931 2696 2000 Quod
2707 1947 2839 2003 ergo
2853 1933 2977 1988 inde
2992 1940 3274 2002 separatus
3298 1932 3526 1986 traditus

1946 2030 2028 2076 est
2063 2023 2224 2077 morti
2269 2024 2668 2080 consumendus
2710 2032 2868 2078 aetate
2916 2021 3076 2095 (Gen.
3121 2039 3214 2088 ιιι,
3241 2021 3340 2085 2'2,
3383 2020 3521 2089 25),

1943 2112 2085 2183 quod
2127 2130 2470 2184 nequaquam
2511 2114 2588 2170 illi
2643 2113 2951 2178 accidisset,
2985 2117 3033 2169 si
3081 2127 3294 2184 semper
3333 2111 3523 2166 eodem

1944 2205 2064 2260 cibo
2093 2204 2382 2272 frueretur,
2408 2204 2765 2277 significatum
2793 2213 2876 2261 est
2912 2205 3055 2275 quod
3079 2205 3231 2276 prius
3258 2203 3327 2258 ab
3362 2202 3522 2272 spiri-

1945 2297 2039 2352 tali
2068 2297 2193 2353 vitae
2221 2297 2365 2369 ligno
2396 2305 2618 2368 propter
2641 2305 2923 2368 peccatum
2950 2297 3131 2352 anima
3158 2297 3276 2368 ejus
3305 2295 3524 2352 exclusa

1943 2397 2046 2454 cst,
2077 2397 2134 2444 et
2162 2389 2238 2444 ita
2264 2404 2496 2460 quanam
2521 2404 2619 2444 sua
2652 2389 2909 2445 interiore
2936 2395 3109 2444 morte
3128 2387 3242 2458 jam
3269 2393 3482 2441 mortua
3507 2403 3522 2452 ;

1943 2496 2067 2534 11am
2089 2479 2156 2534 de
2181 2479 2446 2549 sapientia
2477 2479 2737 2549 scriptum
2765 2487 2849 2534 est
2878 2498 2890 2533 :
2916 2479 3140 2550 Lignum
3166 2480 3286 2533 vita:
3308 2487 3383 2533 est
3413 2495 3526 2532 amo

1941 2570 2276 2641 plectentibus
2306 2587 2422 2624 eam
2450 2567 2860 2641 (Pror.1u,l8).
2886 2569 3039 2638 Quod
3067 2571 3172 2626 iste
3193 2585 3301 2626 non
3327 2569 3526 2625 intelli-

1942 2676 2073 2728 gens
2095 2660 2170 2715 ait
2198 2678 2210 2714 :
2233 2659 2514 2727 Quatenus
2534 2673 2663 2730 ergo
2689 2667 2812 2714 ante
2833 2658 3177 2714 maledictum
3202 2659 3524 2714 immortalis

1943 2758 2104 2807 homo
2145 2759 2404 2822 perpetuo
2429 2750 2608 2806 vivere
2648 2758 2879 2819 poterat,
2909 2751 3003 2821 qui
3046 2751 3283 2807 nondum
3309 2767 3375 2806 ex
3422 2751 3522 2807 ista

1943 2843 2136 2898 arbore
2164 2843 2346 2898 cibum
2366 2829 2689 2911 sumpserat,
2719 2842 2872 2911 quasi
2898 2843 3093 2911 aliquis
3117 2841 3168 2898 ei
3191 2842 3406 2907 dixerit,
3431 2851 3523 2896 aut

1942 2935 1994 2989 in
2044 2933 2136 2990 illo
2184 2932 2322 2988 libro
2373 2933 2569 2988 alicubi
2621 2932 2828 3004 legerit,
2871 2934 3015 3004 quod
3063 2934 3300 2990 nondum
3350 2935 3520 2989 Adam

1942 3035 2246 3098 sumpserat
2271 3042 2340 3082 ex
2369 3027 2489 3081 cibo
2517 3027 2728 3082 arboris
2755 3027 2910 3093 vitae;
2941 3027 3071 3098 quin
3101 3027 3281 3097 potius
3323 3026 3522 3081 intelli-

1940 3122 2146 3194 gendus
2186 3130 2290 3188 est,
2318 3122 2574 3191 quoniam
2604 3121 2727 3176 inde
2749 3121 2827 3176 illi
2855 3121 2965 3176 vita
2988 3122 3042 3176 in
3073 3135 3298 3192 corpore
3337 3135 3524 3192 perpe-

1944 3225 2033 3269 tua
2068 3213 2406 3282 suppetebat,
2434 3227 2506 3267 ne
2552 3220 2822 3268 vetustate
2867 3219 3280 3268 consumeretur
3322 3211 3518 3265 aetatis.

1864 3288 1909 3351 Ο
1940 3308 2022 3363 Ad
2045 3308 2147 3363 hoc
2177 3307 2304 3362 inde
2328 3306 2662 3378 prohibitus,
2695 3316 2757 3362 ut
2783 3319 2850 3362 ex
2886 3305 3091 3377 peccati
3117 3319 3274 3376 paena
3300 3303 3413 3373 jam
3449 3303 3522 3358 illi

1941 3406 2085 3454 esset
2138 3397 2433 3454 necessitas
2481 3397 3022 3468 mortiszquomodo,
3071 3395 3264 3467 inquit,
3310 3411 3376 3451 ex
3426 3395 3521 3450 Dei

1940 3488 2228 3544 maledicto
2269 3489 2408 3544 mori
2435 3489 2681 3560 coeperit,
2716 3502 2840 3544 cum
2865 3488 2973 3543 vita
3000 3488 3115 3558 ipsa
3145 3503 3420 3558 nunquam
3455 3501 3522 3542 ex

1939 3579 2058 3652 ipso
2080 3581 2291 3636 initium
2323 3582 2638 3650 sumpserit,
2662 3580 2817 3651 quasi
2839 3579 3109 3650 optaverit
3132 3578 3184 3634 ei
3214 3579 3352 3634 Deus
3378 3593 3524 3633 mor-

1941 3683 2073 3736 tem,
2100 3674 2241 3729 sicut
2269 3675 2431 3730 homo
2461 3672 2684 3737 homini,
2717 3687 2780 3726 ac
2826 3687 2932 3727 non
2967 3673 3064 3726 Dei
3093 3671 3259 3725 verba
3299 3670 3365 3724 ad
3396 3685 3522 3725 sen-

1941 3767 2164 3821 tentiam
2192 3765 2498 3834 pertineant
2545 3764 2840 3833 punientis,
2877 3777 2983 3817 non
3015 3762 3082 3816 ad
3121 3761 3258 3816 iram
3302 3759 3522 3816 maledi-

1939 3858 2134 3914 centis.
2181 3856 2381 3912 Punire
2429 3863 2612 3912 autem
2653 3868 2826 3910 morte
2868 3853 3161 3924 corporali,
3209 3853 3312 3907 fuit
3341 3869 3372 3906 a
3401 3853 3522 3908 vita:

1940 3953 2136 4008 arbore
2152 3965 2428 4020 separare,
2443 3965 2568 4005 cum
2584 3949 2696 4018 jam
2719 3947 2910 4004 fuisset
2922 3946 3239 4017 spiritaliter
3255 3956 3520 4010 mortuus,

1940 4043 2120 4098 animo
2141 4041 2327 4110 utique
2355 4047 2639 4110 separatus
2661 4039 2730 4094 ab
2758 4039 3013 4093 alimento
3042 4037 3320 4107 sapientia:
3345 4051 3358 4089 :
3381 4037 3519 4091 Deus
3587 4027 3590 4030 ’

1941 4137 2124 4207 itaque
2152 4133 2280 4205 quid
2315 4132 2364 4189 ei
2409 4131 2726 4204 contigisset
2767 4131 2822 4185 in
2858 4129 3037 4184 animo
3073 4127 3383 4199 signiﬁcare
3424 4143 3520 4184 vo-

1941 4229 2058 4293 luit,
2090 4224 2392 4295 separando
2421 4238 2544 4280 eum
2572 4239 2602 4276 ει
2630 4221 2774 4294 ligno
2806 4221 2950 4286 vitm,
2974 4235 3084 4290 quo
3113 4216 3523 4290 signiﬁcabatur

1939 4315 2225 4387 sapientia.
2271 4313 2378 4368 Sed
2421 4313 2560 4377 ista,
2585 4311 2788 4381 inquit,
2823 4309 3005 4376 arbor,
3037 4324 3157 4379 quae
3186 4309 3239 4363 in
3266 4308 3522 4378 paradiso

1941 4409 2064 4464 vitae
2093 4407 2302 4463 fructus
2348 4403 2580 4470 ferebat,
2608 4404 2696 4460 cui
2747 4403 3035 4474 proderat?
3079 4401 3212 4458 Cui?
3243 4401 3347 4458 nisi
3370 4401 3524 4472 prius

1940 4501 2046 4557 illis
2075 4501 2264 4571 primis
2289 4498 2599 4554 hominibus
2642 4496 2883 4554 masculo
2907 4506 2962 4553 et
2987 4497 3217 4561 feminae,
3251 4497 3343 4566 qui
3370 4497 3524 4566 prius

1941 4592 1995 4647 in
2022 4590 2272 4662 paradiso
2299 4589 2518 4644 fuerant
2544 4587 2845 4644 constituti.
2879 4587 3081 4645 Deinde
3117 4589 3237 4644 istis
3264 4587 3330 4642 de
3358 4601 3519 4657 para-

1941 4687 2058 4743 diso
2085 4701 2184 4754 pro
2207 4685 2401 4739 merito
2422 4697 2532 4738 suae
2552 4681 2854 4752 iniquitatis
2877 4681 3067 4753 ejectis
3087 4680 3289 4736 mansit
3314 4679 3382 4735 ad
3410 4695 3521 4734 me-

1944 4780 2168 4834 moriam
2220 4775 2589 4849 signiﬁcanda:
2632 4773 2891 4845 spiritalis
2937 4774 3148 4829 arboris
3190 4771 3346 4837 vitae,
3378 4770 3521 4841 quod
3577 4773 3588 4782 ’

1943 4881 2045 4939 est,
2069 4879 2128 4928 ut
2153 4870 2408 4935 diximus,
2438 4868 2552 4939 ipsa
2596 4867 2863 4938 sapientia
2885 4907 2901 4933 ,
2929 4865 3212 4921 beatarum
3240 4862 3394 4919 cibus
3420 4861 3520 4917 im-

1943 4961 2218 5018 mutabilis
2259 4961 2582 5015 animarum.
2633 4958 2826 5016 Utrum
2863 4966 3043 5012 autem
3087 4955 3180 5010 illo
3216 4954 3336 5010 cibo
3374 4969 3519 5009 nunc

1945 5064 2194 5108 vescatur
2220 5050 2434 5122 aliquis,
2464 5049 2567 5105 nisi
2595 5048 2733 5104 forte
2757 5047 2978 5103 Henoch
3005 5052 3059 5099 et
3087 5043 3287 5108 Helias,
3303 5058 3410 5098 non
3439 5051 3517 5097 te-

1942 5159 2090 5200 mere
2109 5143 2523 5200 asseverandum
2545 5151 2677 5212 puto
2700 5160 2712 5195 :
2741 5140 2883 5211 ligno
2905 5148 3083 5194 tamen
3107 5136 3198 5194 illo
3216 5135 3362 5201 vitat,
3376 5137 3518 5205 quod

1943 5247 2023 5292 cst
2050 5237 2106 5291 in
2139 5234 2404 5308 spirituali
2430 5233 2700 5304 paradiso,
2734 5230 2836 5284 nisi
2865 5229 3144 5284 alerentur
3168 5227 3362 5283 animae
3387 5227 3515 5282 bea-

1945 5339 2142 5396 torum,
2173 5344 2304 5396 non,
2334 5343 2431 5398 pro
2461 5339 2686 5382 munere
2717 5323 2936 5394 pietatis
2960 5329 3016 5377 et
3038 5321 3364 5378 ﬁdelissima:
3388 5334 3516 5376 con-

1944 5421 2219 5487 fessionis,
2249 5420 2476 5476 latronis
2505 5418 2697 5473 animae
2739 5414 3010 5471 credentis
3045 5414 3100 5469 in
3128 5413 3402 5470 Christum
3436 5411 3515 5468 le-

1945 5527 2193 5585 geremus
2218 5511 2528 5582 paradisum
2569 5507 2760 5563 eodem
2803 5506 2898 5561 Dei
2928 5518 3154 5561 munere
3197 5503 3519 5560 fuisse'con-

1944 5618 2155 5660 cessum
2183 5621 2195 5656 :
2220 5602 2403 5665 Amen,
2431 5599 2629 5669 inquit,
2669 5598 2786 5654 dico
2830 5599 2944 5663 tibi,
2972 5598 3126 5653 hodie
3169 5613 3371 5652 mecum
3415 5596 3520 5650 eris

1943 5694 1999 5748 in
2043 5693 2291 5764 paradiso
2321 5689 2470 5761 (Luc.
2501 5705 2658 5754 χχιιι,
2705 5689 2816 5761 45).
2873 5689 3005 5744 Esse
3048 5697 3228 5744 autem
3278 5688 3350 5742 ibi
3395 5699 3519 5743 cum

1944 5783 2182 5846 Christo,
2208 5783 2310 5836 hoc
2333 5790 2413 5837 est
2441 5796 2561 5838 esse
2581 5798 2702 5837 cum
2731 5783 2854 5837 vitae
2888 5780 3050 5852 ligno.
3076 5780 3193 5851 Ipse
3219 5789 3296 5835 est
3326 5779 3522 5850 quippe

1949 5874 2240 5950 sapientia,
2270 5874 2336 5929 de
2382 5889 2506 5946 qua,
2537 5883 2596 5930 ut
2645 5875 2892 5947 superius
2921 5887 3362 5942 commemoravi,
3389 5885 3524 5956 scrt-
