4010 6352
476 343 611 400 ΗΠ

1466 335 1523 391 S.
1565 334 1933 392 PRUDENTII
1974 336 2353 395 TBECENSIS
2392 337 2699 407 EPISCOP]

3597 351 3757 413 1148

473 470 624 535 ptum
665 469 769 531 est,
794 459 990 532 lignum
1017 458 1135 514 uiue
1160 464 1235 513 est
1264 456 1688 527 antplectentibus
1718 472 1833 510 eam
1856 455 2039 528 (Prov.
2070 459 2123 529 ᾼ
2148 457 2319 513 ﬁdelis
2368 459 2538 516 lector
2572 461 2871 517 advertere.
2902 461 3015 518 Hoc
3042 478 3172 537 ergo
3211 466 3374 523 etiam
3408 470 3472 522 de
3512 470 3754 526 diluvia,

475 573 560 623 ιιι,
594 558 704 623 l8).

759 646 883 719 16.)
932 643 1305 715 Nunquidnam
1349 649 1406 697 et
1445 641 1549 697 hoc
1592 638 1940 696 refellendum
1970 647 2055 695 est

477 740 621 812 quod
672 737 818 811 velut
868 744 1047 803 acute,
1097 742 1156 789 ut
1197 734 1297 789 sibi
1346 730 1581 799 videtur,
1628 731 2054 801 irridetzprimo

477 833 648 888 Deum
684 845 791 886 non
834 827 1118 900 praescisse
1145 824 1286 896 quod
1331 824 1587 896 contigit;
1614 823 1806 878 deinde
1834 822 2054 892 implere

480 941 589 981 non
641 906 875 978 valuisse
921 919 1063 990 quod
1112 930 1439 988 magnopere
1475 915 1764 985 cogitavit;
1804 912 1963 969 tertio
1990 913 2055 968 ad

480 1016 826 1073 maledictum
879 1027 939 1068 se
986 1009 1319 1066 convertisse
1371 1014 1704 1079 superatum.
1754 1004 1907 1062 Unde
1953 1004 2055 1060 scit

479 1109 649 1171 Deum
680 1120 786 1161 non
813 1102 1093 1176 praescisse
1133 1100 1275 1171 quod
1311 1097 1571 1169 contigit?
1615 1111 1683 1150 an
1715 1096 1840 1166 quia
1882 1095 2056 1151 conti-

481 1196 597 1273 git?
623 1195 863 1267 quinimo
887 1193 932 1249 si
960 1207 1071 1248 non
1102 1190 1439 1262 contigisset,
1486 1187 1794 1244 nullomodo
1835 1187 1889 1242 id
1922 1202 2059 1258 ιιι-εε-

482 1290 674 1347 scisset
702 1287 959 1355 l‘uturum,
982 1284 1113 1356 quia
1141 1299 1249 1340 non
1273 1291 1393 1338 erat
1421 1282 1679 1338 futurum.
1706 1281 1812 1337 Aut
1833 1281 1878 1337 si
1906 1288 2062 1352 putat

481 1391 764 1454 propterea
794 1394 898 1433 non
925 1377 1228 1463 praescisse,
1262 1375 1390 1445 quia
1414 1374 1457 1429 si
1485 1374 1811 1444 praescisset,
1838 1388 1905 1428 ne
1932 1388 2062 1428 con-

484 1475 719 1553 tingeret.
740 1470 1062 1542 providisset
1095 1467 1216 1553 [al.,
1244 1464 1625 1540 przevidisset],
1656 1474 1830 1537 potest
1858 1466 1960 1522 hoc
2007 1473 2064 1521 et

484 1567 550 1621 de
591 1563 808 1619 Christo
835 1558 1043 1628 dicere,
1079 1559 1169 1633 qui
1216 1559 1472 1616 talentum
1502 1558 1648 1615 dedit
1692 1558 1894 1614 homini
1926 1558 2062 1613 nihil

484 1655 840 1724 acquisituro,
869 1654 1010 1724 quod
1056 1659 1342 1726 propterea
1374 1651 1559 1722 utique
1599 1651 1819 1707 dederat
1859 1658 1919 1705 ut
1948 1651 2063 1723 ejus

485 1757 773 1816 augeretur
846 1745 1114 1816 pecunia,
1158 1743 1418 1815 quidquid
1489 1751 1572 1799 est
1630 1743 1773 1815 quod
1838 1743 1929 1798 illa
1992 1744 2064 1800 si-

2153 551 2339 626 Neque
2358 554 2502 610 enim
2526 556 2786 611 Dominus
2809 554 2965 611 Iesus
2993 571 3098 611 non
3128 556 3231 611 tale
3262 557 3462 628 aliquid
3496 558 3757 619 futurum

2155 643 2209 698 in
2250 659 2347 699 suo
2382 645 2762 717 praenuntiavit
2810 646 3077 710 adventu,
3108 646 3323 717 quando
3350 648 3464 701 ait:
3504 647 3668 703 Sicut
3702 651 3759 703 in

2155 735 2335 791 diebus
2371 735 2487 792 Noe
2526 737 2919 791 manducabant
2957 747 3006 791 et
3054 738 3333 805 bibebant,
3384 739 3757 805 novellabant,

2157 810 2511 897 wdi/icabant,
2528 827 2809 897 nubebant,
2825 844 3015 882 uxores
3036 828 3316 899 ducebant,
3331 830 3467 903 uenit
3482 828 3761 885 diluriunt

2156 926 2203 971 et
2257 918 2483 988 perdidit
2514 936 2712 974 omnes.
2756 918 2847 975 Sic
2874 919 2972 974 erit
2997 929 3044 974 et
3077 920 3326 975 aduentus
3354 917 3489 974 Filii
3517 922 3765 976 hominis

2161 1004 2312 1077 (Luc.
2336 1023 2470 1073 xvu,
2515 1007 2627 1080 26).
2676 1007 2790 1063 Hoc
2832 1016 2887 1064 et
2921 1006 2989 1062 de.
3018 1008 3361 1063 obduratione
3392 1010 3578 1063 cordis
3612 1009 3767 1065 Pita-

2158 1098 2336 1153 raonis
2364 1112 2383 1149 :
2418 1097 2604 1169 Neque
2649 1099 2795 1154 enim
2843 1096 2980 1154 Novi
3016 1097 3347 1155 Testamenti
3384 1097 3594 1155 littera
3648 1115 3765 1155 non

2160 1187 2348 1244 dicunt
2374 1189 2441 1245 de
2467 1190 2792 1260 quibusdam
2819 1205 2833 1244 :
2877 1188 3117 1244 Tradidit
3150 1189 3269 1245 illos
3304 1189 3450 1246 Deus
3479 1191 3539 1245 in
3566 1208 3766 1261 repro-

2160 1278 2279 1333 bant
2306 1290 2548 1345 mentem,
2578 1290 2635 1335 ut
2658 1281 2856 1351 faciant
2878 1298 2997 1353 qua:
3023 1298 3127 1336 non
3156 1283 3467 1337 conveniunt
3502 1281 3699 1351 (Boas.
3722 1299 3765 1347 ι,

2164 1366 2272 1440 18).
2302 1367 2416 1424 Hoc
2465 1369 2530 1425 de
2557 1370 2745 1441 spiritu
2794 1371 3052 1437 mendaci,
3085 1386 3246 1440 quem
3276 1372 3441 1437 Deus,
3472 1373 3573 1441 qui
3618 1371 3769 1429 bene

2163 1460 2334 1519 utitur
2382 1461 2544 1516 etiam
2595 1461 2772 1528 malis,
2813 1460 3118 1532 justissima
3155 1462 3359 1532 judicio
3410 1465 3479 1521 ad
3524 1466 3767 1536 impium

2164 1564 2345 1620 regem
2375 1550 2750 1621 decipiendum
2796 1553 2946 1609 misit
2973 1552 3098 1624 (111
3118 1552 3242 1624 Reg.
3276 1570 3416 1620 xxn,
3446 1554 3573 1625 20).
3604 1556 3770 1613 Sicut

2166 1641 2419 1700 Michatas
2438 1646 2698 1716 propheta
2728 1646 2829 1703 sibi
2856 1647 2911 1702 in
2940 1647 3146 1703 visione
3170 1649 3491 1721 prophetica
3524 1650 3766 1709 demou-

2165 1746 2394 1793 stratum
2419 1754 2539 1796 esse
2566 1750 2829 1797 testatur:
2852 1756 3027 1812 neque
3055 1741 3200 1796 enim
3224 1742 3499 1797 dubitavit
3529 1743 3646 1799 tale
3664 1744 3771 1798 ali-

484 1837 707 1908 gnilicat
743 1836 961 1906 (Matth.
1008 1852 1134 1902 xxv,
1164 1835 1261 1900 24,
1286 1834 1437 1905 etc.).
1484 1835 1626 1907 Ergo
1669 1835 1793 1906 quia
1839 1834 2065 1907 contigit
2094 1824 2141 1887 Β
2164 1830 2296 1901 quid
2320 1831 2502 1888 dicere
2529 1833 2801 1904 apostolus
2826 1833 3184 1900 Paulus,cum
3204 1849 3262 1889 se
3280 1835 3453 1890 sciret
3468 1836 3771 1892 verissime

485 1935 544 1981 ut
572 1927 664 1983 ille
690 1942 784 1983 sua
810 1927 1028 1999 pigritia
1058 1926 1193 1981 nihil
1226 1912 1554 1996 acquireret,
1582 1927 1683 1982 hoc
1708 1942 1814 1982 non
1840 1928 2063 1999 praesci-

484 2017 564 2073 vit
592 2018 680 2074 ille
706 2018 797 2088 qui
828 2019 1008 2073 dedit?
1028 2019 1222 2075 Dicere
1264 2020 1428 2083 etiam
1468 2026 1646 2090 potest
1680 2035 1783 2075 non
1818 2021 2067 2091 implesse

487 2110 556 2166 de
596 2110 698 2165 hoc
730 2109 882 2166 lucro
918 2109 1191 2166 Christum
1237 2111 1378 2181 quod
1419 2126 1745 2183 magnopere
1788 2114 2063 2185 cogitavit.

486 2197 671 2254 Potest
703 2208 759 2254 et
796 2198 927 2253 illud
968 2197 1211 2264 tertium,
1244 2200 1311 2254 ad
1354 2199 1698 2255 maledictum
1738 2216 1795 2261 se
1841 2217 2069 2261 conver-

486 2291 619 2346 tisse
672 2298 1004 2361 superatum,
1040 2290 1295 2360 quoniam
1341 2290 1720 2364 dixit:Ligate
1764 2292 1843 2351 illi
1881 2270 2068 2350 manus

486 2391 533 2437 et
562 2381 733 2453 pedes,
754 2391 802 2435 et
826 2381 1064 2453 projicite
1084 2398 1201 2437 eum
1222 2382 1278 2437 in
1299 2385 1536 2438 tenebras
1558 2385 1838 2440 exteriores
1852 2385 2060 2457 (Matth.

486 2490 625 2541 χιιι,
658 2474 769 2547 15),
797 2475 938 2530 sicut
964 2473 1032 2530 de
1067 2470 1244 2530 Adam’
1268 2475 1469 2531 dictum
1501 2485 1685 2543 estut,
1712 2494 1741 2533 a
1772 2477 1916 2553 ligno
1944 2479 2070 2536 vitae

485 2574 767 2638 separatus
794 2560 944 2638 (Gen.
988 2581 1070 2632 ιιι,
1096 2565 1169 2621 22
1197 2566 1399 2639 et25),
1451 2577 1627 2624 morte
1671 2569 1835 2625 etiam
1879 2586 2068 2643 corpo-

484 2659 560 2714 ris
588 2659 929 2732 plecteretur.
968 2658 1103 2715 Huic
1149 2660 1293 2733 enim
1328 2661 1532 2717 homini
1573 2662 1790 2718 deserto
1816 2662 2071 2720 deiicien-

485 2752 556 2807 tis
592 2751 715 2827 [al.,
750 2752 1075 2828 deﬁnientis]
1120 2753 1459 2813 maledictum
1507 2756 1720 2810 videtur
1762 2757 2071 2828 impotentis

485 2847 790 2921 imperium.
840 2847 995 2903 Dicat
1043 2863 1173 2925 ergo
1204 2848 1556 2918 impotentem
1596 2848 1905 2921 Christum,
1938 2866 2070 2922 quo-

484 2938 632 2993 niam
655 2938 722 2995 de
743 2937 1070 3011 acquirenda
1093 2939 1319 3013 Spiritali
1351 2940 1575 3010 pecunia
1598 2955 1704 2995 non
1736 2942 1906 3013 potuit
1928 2942 2069 3013 quod

486 3030 737 3102 cupiebat
761 3030 1003 3098 allicere;
1031 3032 1171 3089 dicat
1198 3032 1447 3087 aemulum
1473 3047 1535 3088 ac
1556 3032 1901 3100 malitiosum,
1926 3036 2067 3106 quod

2168 1924 2370 1991 dicere,
2393 1924 2485 1979 ubi
2516 1925 2624 1980 ait:
2658 1923 2827 1980 Hittet
2849 1925 2956 1983 illis
2980 1925 3125 1981 Deus
3149 1927 3509 1997 operationem
3536 1931 3767 1996 error-is,

2168 2023 2227 2068 ut
2270 2014 2487 2069 credant
2532 2016 2823 2084 mendacio,
2874 2026 2922 2071 et
2950 2016 3260 2087 judicentur
3298 2033 3480 2072 omnes
3522 2021 3623 2088 qui
3660 2036 3771 2075 ιη

2167 2106 2504 2165 crediderunt
2546 2109 2771 2175 veritati,
2799 2109 2890 2164 sed
2934 2098 3305 2166 consenserunt
3344 2112 3629 2181 iniquitati
3674 2111 3769 2182 (II

2173 2194 2353 2253 Thess.
2398 2212 2457 2263 ιι,
2496 2197 2604 2269 l0).
2638 2197 2753 2254 Hoc
2781 2199 2847 2254 de
2891 2197 3034 2255 iacto
3073 2214 3168 2269 per
3208 2199 3449 2271 Moysen,
3488 2202 3583 2255 cui
3622 2201 3771 2257 Dens

2168 2284 2307 2341 dixit
2340 2305 2353 2339 :
2386 2287 2576 2357 Accipe
2618 2304 2796 2343 omnes
2848 2289 3006 2344 duces
3047 2290 3246 2361 populi,
3296 2302 3347 2349 et
3385 2292 3607 2347 uictima
3643 2292 3769 2346 illos

2172 2378 2395 2434 Domino
2427 2389 2615 2435 contra
2641 2380 2826 2447 solem,
2852 2382 2957 2438 hoc
2972 2388 3060 2438 est
3090 2383 3145 2437 in
3168 2383 3462 2439 manifesto
3493 2384 3768 2455 μετάξει

2171 2468 2363 2541 (Nam.
2396 2487 2527 2539 xxv,
2550 2471 2630 2545 4).
2656 2472 2755 2529 Vel
2780 2474 2923 2544 quod
2954 2472 3155 2529 factum
3192 2474 3393 2531 idolum
3434 2475 3659 2547 Hoyscs
3686 2477 3769 2532 ita

2168 2560 2464 2617 vindicavit
2504 2571 2563 2617 ut
2612 2579 2714 2619 nec
2762 2565 3008 2637 proximo
3052 2581 3153 2621 suo
3201 2567 3434 2638 quisque
3480 2578 3768 2639 parcent,

2170 2651 2316 2708 ferro
2341 2655 2615 2724 perimens
2627 2654 2822 2726 impios
2842 2655 3040 2727 (Exod.
3070 2670 3243 2723 xxxu,
3263 2658 3332 2712 27
3354 2666 3411 2714 et
3428 2658 3550 2730 28).
3573 2659 3772 2732 Neque

2139 2743 2313 2800 enim
2358 2754 2414 2800 ct
2461 2745 2722 2802 Dominus
2751 2744 2909 2803 Iesus
2934 2762 3043 2802 non
3072 2747 3251 2802 dixit:
3283 2746 3392 2803 Eos
3444 2760 3629 2804 autem
3672 2754 3771 2822 qui

2170 2834 2452 2899 noluerunt
2478 2853 2559 2893 me
2584 2854 2800 2909 regnare
2820 2839 2941 2907 sibi,
2963 2839 3241 2906 adducite;
3264 2840 3549 2910 interﬁcite
3578 2860 3766 2898 me.

2169 2944 2251 2984 me
2292 2928 2446 3001 (Luc.
2480 2947 2597 2998 xu,
2636 2931 2727 3003 27)
2761 2950 2775 2987 :
2810 2932 2914 2988 Ubi
2940 2933 3205 3005 profecto,
3240 2936 3368 3005 quia
3398 2945 3639 2995 mortem
3688 2940 3767 2994 si-

2167 3018 2393 3091 gnificat
2440 3022 2769 3089 animarum,
2814 3024 2987 3094 magis
3014 3032 3099 3079 est
3148 3025 3338 3096 utique
3386 3025 3766 3085 illalidelibos

485 3138 643 3178 servo
673 3138 771 3178 suo
798 3122 1050 3177 inviderit
1088 3122 1260 3177 lucem
1292 3138 1357 3179 ac
1391 3122 1641 3189 salutem,
1685 3138 1843 3199 quem
1874 3125 2063 3197 projici
2097 3178 2141 3199 η
2170 3111 2440 3167 horrenda
2478 3120 2534 3168 ει
2577 3113 2863 3169 mea“
2898 3130 3059 3186 quam
3092 3129 3402 3187 corromm-
3434 3116 3595 3174 unde
3618 3119 3766 3175 id.

478 3213 644 3283 jussit
671 3214 725 3271 in
746 3214 1002 3280 tenebras,
1050 3213 1137 3268 ubi
1166 3223 1297 3269 esset
1336 3216 1489 3285 ﬂetus
1513 3223 1562 3270 et
1591 3178 1787 3273 stridor
1834 3178 2064 3275 (legalium
2169 3200 2431 3258 Dominus
2452 3202 2585 3259 die“
2608 3222 2621 3257 ε
2650 3201 2827 3260 Non“
2859 3206 3040 3263 “"4"
3053 3224 3139 3263 σοι
3160 3208 3250 3280 qui
3271 3209 3519 3265 πεδέων
3544 3227 3764 3281 αφιῆ

486 3301 705 3374 (Matth.
736 3317 873 3367 xxu,
904 3302 1012 3372 l5).
1043 3300 1100 3357 Si
1130 3312 1310 3358 autem
1334 3303 1399 3358 de
1420 3303 1636 3360 Christo
1661 3304 1763 3375 ista
1788 3322 1893 3360 non
1915 3306 2065 3374 dicit,

486 3406 557 3447 ne
583 3392 686 3447 hoc
717 3391 874 3446 modo
903 3406 960 3447 se
985 3392 1192 3464 judicet
1230 3407 1335 3447 non
1381 3408 1500 3450 esse
1525 3394 1923 3465 Christianum;
1972 3414 2070 3453 cur

486 3485 647 3539 audet
678 3484 856 3540 dicere
882 3484 946 3539 de
971 3484 1206 3541 hominis
1229 3485 1526 3551 conditore,
1556 3495 1611 3543 et
1636 3489 1840 3561 peccati
1874 3489 2068 3545 merito

485 3574 823 3645 damnatore,
863 3575 1004 3646 quod
1051 3590 1157 3630 non
1186 3576 1345 3631 audet
1389 3576 1569 3634 dicere
1613 3579 1679 3634 de
1718 3579 1951 3635 hominis
1982 3594 2067 3635 re-

485 3661 800 3735 demptorel
829 3650 897 3719 Et
924 3665 968 3720 si
996 3663 1111 3734 ejus
1142 3675 1406 3737 praecepta
1440 3670 1858 3740 contempserit,
1904 3685 2067 3745 ptena

484 3763 698 3810 aeterna:
718 3755 910 3811 mortis
947 3756 1232 3826 plectetur,
1265 3759 1439 3815 ultore
1464 3761 1652 3817 eodem
1686 3762 1803 3834 ipso
1840 3764 2063 3821 scilicet.

484 3846 617 3903 Nam
644 3846 695 3903 in
717 3862 877 3919 quem
908 3848 1069 3903 alium
1107 3849 1209 3905 nisi
1242 3851 1294 3905 in
1322 3850 1597 3919 Christum
1628 3853 1742 3908 haec
1783 3855 2066 3914 maledicta

483 3945 735 4000 nesciens
766 3945 867 3999 iste
905 3944 1211 4016 jaculatur?
1240 3944 1681 4017 Quandoquidem
1712 3948 1801 4003 ille
1849 3951 1960 4005 ait:
2005 3951 2068 4007 Si

486 4037 763 4090 crederetis
807 4035 996 4108 Moysi,
1033 4037 1307 4091 crederetis
1333 4048 1380 4092 et
1410 4039 1536 4092 mihi
1562 4052 1581 4091 :
1610 4038 1677 4095 de
1706 4057 1786 4095 me
1811 4043 1947 4095 enim
1978 4041 2067 4097 ille

483 4127 690 4197 scripsit
731 4126 911 4197 (Joan.
946 4143 999 4193 v,
1039 4127 1150 4199 46).
1192 4128 1327 4195 Quid
1360 4131 1504 4185 enim
1555 4129 1716 4188 Pater
1756 4133 1872 4189 sine
1906 4132 2063 4200 Filio,

483 4217 566 4270 vel
599 4225 726 4271 tunc
770 4216 895 4272 fecit
940 4217 1024 4273 vel
1050 4234 1287 4291 unquam
1332 4220 1480 4277 facit.
1513 4221 1569 4276 Si
1604 4237 1732 4294 ergo
1778 4224 2067 4283 salubriter

485 4323 588 4363 non
639 4307 808 4362 solum
840 4308 1156 4377 bonitatem,
1192 4327 1379 4367 verum
1407 4313 1569 4377 etiam
1602 4315 1944 4375 severitatem
1969 4317 2062 4373 Dei

485 4407 670 4452 sancta
713 4396 994 4470 Scriptura
1044 4404 1407 4470 commendat,
1455 4406 1708 4477 quoniam
1751 4417 1807 4463 et
1852 4418 2065 4466 amatur

486 4489 629 4545 Deus
649 4489 855 4546 utiliter
884 4499 939 4546 et
967 4491 1187 4563 timetur
1216 4496 1381 4567 (unde
1400 4494 1693 4568 Apostolus
1719 4501 1907 4556 eodem
1947 4502 2064 4559 loco

485 4594 773 4656 utrumque
812 4595 1223 4654 commemorat,
1259 4588 1482 4649 dicens:
1520 4589 1674 4647 Vides
1701 4610 1825 4667 ergo
1862 4595 2063 4651 bonita-

428 4740 435 4745 ἁ
482 4685 581 4729 tem
611 4683 658 4730 et
685 4677 1009 4732 severitatem
1038 4676 1132 4732 Dei
1174 4676 1351 4752 [Rom
1384 4694 1461 4748 ιιι,
1487 4680 1600 4754 22],
1633 4684 1760 4752 quid
1790 4694 1873 4740 est
1917 4685 2061 4757 quod

483 4766 583 4821 iste
612 4766 833 4823 insanus
879 4775 934 4823 et
981 4782 1243 4840 prmceps,
1275 4786 1396 4825 cum
1446 4771 1813 4831 Christianum
1839 4793 1958 4832 esse
2003 4794 2063 4833 se

474 4855 666 4926 jactet,
684 4859 865 4915 ethoc
894 4861 1241 4931 reprehendit
1267 4864 1319 4918 in
1340 4863 1456 4921 .Deo
1484 4868 1893 4939 prophetarum,
1917 4873 2061 4943 quod

482 4946 535 5002 in
568 4948 678 5005 Deo
726 4950 935 5007 invenit
987 4953 1387 5023 apostolorum?
1433 4958 1689 5031 quoniam
1737 4961 1879 5016 idem
1920 4962 2062 5021 Deus

481 5046 564 5094 est
589 5048 646 5095 et
676 5040 888 5113 illorum
914 5052 969 5099 et
994 5043 1241 5100 istorum.
1266 5044 1417 5112 Quod
1452 5055 1630 5104 autem
1678 5050 1744 5106 de
1781 5052 1885 5107 isto
1914 5069 2061 5109 com-

482 5134 775 5187 memoravi
797 5149 955 5203 quem
981 5135 1191 5206 pigrum
1207 5152 1409 5191 seruum
1434 5139 1573 5193 misit
1594 5141 1646 5194 in
1666 5144 1902 5198 tenebras
1922 5156 2061 5201 exte-

480 5225 643 5279 riores
669 5224 881 5295 (Matth.
932 5243 1061 5293 xxv,
1083 5228 1197 5300 ‘24),
1256 5231 1516 5287 severitas
1555 5240 1638 5289 est
1674 5234 1787 5303 Dei,
1819 5237 1907 5291 ubi
1961 5255 2058 5295 nec

479 5311 783 5369 futurorum
831 5316 1162 5387 improvidus
1204 5318 1404 5374 dicitur
1449 5322 1576 5392 quia
1631 5323 1721 5379 tali
1773 5327 2053 5397 pecuniam

479 5420 631 5461 suam
661 5408 920 5477 credidit;
969 5424 1070 5464 nec
1114 5409 1406 5481 impotens,
1454 5415 1579 5484 quia
1628 5431 1784 5486 quem
1826 5428 1884 5473 ut
1918 5421 2056 5476 bene

479 5508 665 5565 ageret
694 5512 799 5553 non
829 5498 942 5570 ipse
972 5500 1129 5564 rexit,
1162 5501 1277 5573 ipse
1299 5504 1567 5571 correxit;
1603 5523 1701 5561 nec
1726 5509 1948 5564 aemulus
1989 5528 2052 5567 ac

480 5589 779 5646 malitiosos
802 5591 944 5661 quod
969 5608 997 5646 a
1030 5590 1148 5650 luce
1175 5604 1483 5665 separatum
1512 5599 1564 5652 in
1610 5600 1860 5655 tenebras
1882 5603 2047 5658 misit.

479 5678 591 5735 Hoc
644 5681 710 5736 de
734 5684 982 5740 omnibus
1007 5688 1182 5757 pinnis
1226 5689 1523 5753 hominum,
1570 5708 1688 5762 qua:
1719 5693 1968 5765 leguntur
1998 5697 2048 5755 iu

476 5768 812 5843 Propheticis
850 5774 1001 5831 libris
1039 5776 1252 5833 inﬂictae
1286 5778 1452 5834 fuisse
1487 5783 1857 5855 peccantibus,
1891 5785 2050 5841 debet

2171 3294 2403 3350 animum
2435 3306 2608 3352 autem
2630 3314 2735 3353 non
2770 3307 2986 3369 possunt
3015 3299 3281 3365 occidere;
3320 3300 3414 3355 sed
3436 3302 3620 3371 potius
3641 3319 3763 3357 ex.

2170 3389 2343 3445 timete
2392 3392 2484 3462 qui
2528 3402 2690 3461 potest
2734 3402 2784 3448 et
2816 3394 3066 3460 animum,
3101 3403 3150 3449 et
3198 3411 3389 3467 corpus
3439 3396 3664 3467 perdere
3704 3399 3764 3453 in

2170 3481 2455 3552 gehennam
2483 3482 2717 3556 (natm,
2738 3501 2794 3551 x,
2821 3485 2935 3559 38).
2959 3485 3126 3555 Hujus
3158 3487 3378 3558 generis
3405 3498 3641 3555 mortes,
3664 3504 3765 3562 per

2170 3588 2304 3643 quas
2340 3575 2534 3631 animae
2579 3577 2868 3637 mittuntur
2913 3579 2966 3633 in
2996 3578 3316 3649 gehennam,
3360 3580 3409 3636 si
3440 3582 3569 3652 quis
3614 3580 3761 3639 “ddi

2170 3675 2352 3727 mente
2407 3666 2489 3738 (ut
2537 3668 2758 3740 dignum
2815 3668 2919 3742 est)
2961 3668 3311 3742 cogitaverit,
3364 3671 3527 3727 vaide
3576 3673 3761 3729 uiliter

2169 3756 2462 3813 aestimabit
2519 3759 2813 3828 quamlibet
2877 3759 3304 3833 ingentissimm
3359 3770 3651 3834 stragem,
3700 3775 3761 3821 et

2170 3849 2448 3922 sanguinis
2474 3849 2664 3907 ﬂuvios
2692 3852 2998 3909 mortalium
3027 3868 3336 3929 corporum,
3364 3863 3422 3911 et
3448 3858 3755 3931 quomodo-

2169 3955 2381 4010 cunque
2446 3943 2875 4015 quandocunque
2922 3944 3340 4014 moriturorum;
3398 3963 3539 4018 quas
3580 3950 3756 4005 cades

2170 4029 2272 4086 iste
2309 4040 2640 4105 exaggerans
2676 4044 2729 4088 et
2767 4034 3086 4091 scholastica
3141 4034 3380 4092 vanitate
3413 4037 3751 4105 describens,

2167 4121 2233 4175 ad
2265 4122 2747 4194 blasphemandum
2774 4124 2964 4192 Deum,
2996 4126 3087 4197 qui
3122 4123 3316 4183 talibus
3355 4132 3632 4187 mortibus
3662 4148 3755 4190 eos

2165 4213 2359 4285 quibus
2409 4214 2712 4287 hujusmodi
2762 4226 2937 4272 terror
2983 4218 3129 4274 utilis
3182 4218 3355 4275 fuerat
3407 4218 3750 4295 ﬂagellabat;

2166 4304 2447 4360 horrorem
2485 4304 2679 4365 incutit
2711 4307 3032 4367 mortalibus
3055 4310 3327 4376 sensibus,
3357 4322 3412 4381 et
3452 4314 3667 4386 aliquid
3695 4331 3754 4372 se

2166 4410 2324 4467 agere
2353 4406 2506 4473 putat
2552 4398 2729 4455 calces
2774 4400 3030 4456 adversus
3059 4402 3335 4459 stimulum
3359 4405 3643 4477 jaciendo,
3674 4418 3749 4473 ut,

2167 4500 2289 4541 cum
2320 4487 2385 4542 de
2415 4498 2586 4544 morte
2627 4490 2807 4546 carnis
2842 4501 3059 4547 accusat
3096 4494 3190 4548 Dei
3239 4478 3668 4571 providentiam,
3696 4500 3750 4555 in

2166 4585 2339 4632 morte
2368 4578 2546 4635 cordis
2578 4580 2808 4636 intratur
2850 4581 2968 4654 (aL,
3003 4582 3269 4657 mittatur)
3310 4586 3362 4641 in
3418 4589 3747 4663 gehennam.

2166 4666 2299 4735 Quis
2326 4677 2503 4725 autem
2538 4672 2845 4729 utriuslibet
2896 4689 3059 4732 sexus
3091 4677 3251 4735 homo
3282 4693 3388 4734 non
3420 4679 3611 4736 mallet
3642 4680 3751 4753 gla-

2165 4760 2254 4815 dio
2285 4761 2564 4828 trucidari,
2597 4763 2759 4818 etiam
2789 4764 2880 4819 illo
2909 4765 3068 4837 modo
3095 4782 3202 4839 quo
3232 4769 3525 4825 trucidavit
3553 4768 3749 4839 Sacer-

2165 4850 2262 4906 dos
2298 4850 2520 4907 Plu'nees
2554 4853 2743 4926 (Num.
2790 4873 2927 4924 xxv,
2977 4856 3036 4923 7,
3079 4857 3143 4924 8,
3192 4859 3281 4933 ll)
3321 4858 3649 4917 fornicarios
3695 4862 3745 4917 in

2165 4941 2282 5013 ipso
2313 4942 2594 5013 complexu
2625 4946 2843 5005 nefariae
2884 4949 3206 5021 voluptatis,
3258 4951 3501 5008 terribile
3543 4954 3747 5009 consti-

2165 5041 2319 5089 tuens
2348 5036 2606 5092 adversus
2635 5040 2998 5096 exsecrandas
3028 5041 3279 5099 libidines
3307 5044 3531 5101 ultionis
3559 5061 3744 5100 exem-

2160 5124 2329 5196 plum,
2362 5138 2585 5200 propter
2635 5130 2776 5202 quod
2820 5134 3054 5203 maxime
3098 5134 3207 5189 Deo
3233 5136 3457 5206 placuit,
3485 5138 3629 5209 quis,
3664 5137 3743 5193 in-

2160 5234 2344 5289 quam,
2372 5237 2476 5276 non
2506 5223 2687 5278 mallet
2735 5224 2823 5279 tali
2856 5242 3054 5299 genere
3078 5229 3269 5287 mortis
3302 5229 3569 5303 interﬁci?
3611 5230 3743 5297 Quis

2160 5325 2264 5365 non
2314 5321 2590 5381 postremo
2638 5314 2759 5387 igne
2802 5318 3067 5382 consumi,
3100 5312 3185 5372 vel
3237 5317 3426 5375 ferinis
3472 5323 3741 5379 morsibus

2161 5419 2259 5474 per
2282 5403 2395 5476 ipsa
2424 5407 2670 5476 pudenda
2712 5407 2925 5474 laniari,
2957 5425 3117 5483 quam
3173 5409 3313 5465 mitti
3355 5408 3409 5467 in
3436 5412 3739 5487 gehennam

2160 5506 2299 5578 ignis
2320 5508 2546 5563 aeterni?
2573 5507 2682 5563 Cur
2707 5508 2868 5580 igitur
2896 5510 3038 5565 Deus
3059 5509 3489 5577 Christianorum
3512 5526 3739 5583 peccan-

2159 5606 2239 5653 tes
2263 5596 2458 5655 talibus
2487 5588 2749 5657 mortibus
2776 5601 2984 5671 puniat,
3020 5610 3097 5666 ut,
3127 5611 3249 5685 post
3276 5602 3522 5674 corporis
3558 5602 3739 5657 interi—

2157 5696 2267 5744 tum
2288 5691 2676 5755 transitorium,
2697 5701 2951 5762 sequatur
2967 5690 3019 5746 in
3038 5693 3336 5764 gehennam
3352 5692 3470 5751 sine
3486 5696 3593 5753 line
3614 5710 3735 5759 sup-

2154 5784 2396 5859 pliciuui,
2430 5784 2530 5838 nisi
2571 5784 2688 5857 (al.,
2711 5784 2932 5859 nonne),
2959 5785 3086 5857 quia
3130 5787 3438 5847 testamenti
3462 5788 3742 5857 utr-ilum.
