4010 6352
231 395 366 453 1119

1083 393 1172 449 DE
1211 391 1882 458 PBEDESTINATIONE
1919 395 2194 456 CONTRA
2233 397 2280 454 J.
2329 397 2624 460 SCOTUM.

3333 399 3472 466 H50

229 520 368 560 unus
407 511 490 559 est
515 501 692 556 Deus?
729 501 860 556 Nam
890 510 1108 572 possent
1131 501 1300 557 Judaei
1337 503 1514 558 dicere
1539 503 1798 559 adversus
1827 511 1872 570 Λ
1903 509 2386 580 signiﬁcationibus
2403 509 2790 566 sacrificiorum
2821 509 3088 580 vestisque
3109 493 3362 586 nuptialis
3395 513 3472 566 ἰιι-

229 597 388 666 hujus
457 597 803 674 impietatem,
857 597 1250 668 quantumlibet
1295 607 1586 672 exaggerat
1637 601 1800 668 bella,

229 691 426 754 caedes,
481 683 725 756 vulnera,
757 687 966 754 funera,
1000 691 1335 762 sanguinem,
1383 692 1540 764 longe
1593 692 1799 750 incom-

229 781 540 852 parabiliter
565 783 676 838 Deo
719 791 906 838 nostro
951 785 1116 838 Deum
1155 800 1212 840 se
1261 785 1462 840 habere
1489 783 1798 840 mitiorem:

229 857 386 944 longe
412 875 624 952 scilicet
647 875 832 930 mitius
857 877 1166 946 punientem
1185 877 1492 932 transituris
1512 877 1630 948 (aL,
1653 887 1800 933 tran-

227 963 448 1036 sitoriis)
471 965 732 1020 mortibus
757 981 1064 1036 corporum,
1091 981 1250 1037 quam
1273 965 1502 1022 ﬂammis
1527 967 1800 1040 perpetuis

227 1057 618 1126 gehennarum.
667 1055 740 1110 At
771 1055 912 1110 enim
943 1063 1228 1126 propterea
1261 1055 1474 1112 videtur
1497 1057 1626 1112 huic
1655 1057 1800 1114 Deus

227 1145 360 1216 legis
387 1155 442 1203 et
489 1145 892 1218 prophetarum,
929 1147 1018 1218 qui
1065 1163 1204 1204 unus
1229 1155 1286 1204 et
1313 1163 1474 1204 verus
1515 1157 1598 1205 est
1633 1149 1796 1218 Deus,

225 1237 456 1292 crimine
497 1237 830 1308 crudelitatis
861 1239 1186 1308 arguendus,
1232 1239 1356 1308 quia
1385 1247 1608 1310 propter
1639 1239 1798 1298 levis-

225 1329 392 1384 simas
421 1343 610 1384 causas
649 1329 734 1384 vel
761 1329 926 1386 etiam
952 1331 1344 1386 erubescendas
1367 1346 1582 1402 poenam
1611 1331 1800 1388 mortis

221 1419 310 1476 vel
339 1419 634 1490 corporalis
679 1419 894 1486 inﬂixit,
921 1423 1062 1492 quod
1111 1421 1278 1478 David
1328 1423 1582 1492 populum
1611 1439 1800 1480 nume-

223 1519 420 1576 rasset,
453 1513 594 1580 quod
645 1511 896 1578 infantes,
942 1515 1084 1568 sicut
1117 1514 1218 1570 iste
1245 1515 1408 1580 dicit,
1439 1515 1530 1570 filii
1569 1515 1682 1570 Heli
1713 1531 1798 1571 sa-

225 1603 464 1658 cerdotis
505 1603 570 1658 de
599 1601 720 1658 ollis
747 1603 834 1658 vel
861 1603 1074 1660 cacabis
1099 1607 1210 1660 Deo
1235 1607 1550 1676 praeparatis
1597 1605 1798 1678 aliquid

227 1692 638 1762 degustassent:
673 1707 778 1762 qua
824 1693 878 1748 in
921 1707 978 1748 re
1027 1709 1132 1748 non
1181 1695 1394 1764 disputo
1437 1704 1694 1764 quantum
1743 1703 1798 1750 et

225 1798 388 1854 quam
413 1783 772 1852 perniciosum
807 1783 1056 1839 elationis
1079 1785 1268 1838 vitium
1311 1795 1420 1841 tam
1447 1797 1632 1843 sancto
1657 1787 1796 1853 viro,

1905 603 2310 660 convenientem
2326 603 2632 660 carnalibus
2647 602 2896 658 sensibus
2913 601 3048 658 velle
3069 601 3340 672 inculcare
3361 619 3474 658 ser-

1903 710 2114 752 monem
2131 695 2154 748 ?
2171 693 2310 750 Ecce
2323 695 2464 768 quod
2479 702 2562 750 est
2574 692 2910 750 manifestius
2931 691 3286 764 proferamus.
3303 691 3474 746 Evan-

1901 785 2096 857 gelium
2141 785 2242 856 legi
2271 785 2438 840 veteri
2468 799 2790 854 comparans
2815 781 3073 844 Dominus
3094 823 3108 848 ,
3132 790 3185 838 et
3209 798 3314 838 non
3344 783 3472 838 illud

1903 879 2102 934 malum
2133 879 2274 949 quod
2303 879 2548 934 homines
2573 885 2698 934 ante
2721 877 3048 942 dedicerant,
3079 875 3171 934 sed
3199 875 3339 946 quod
3361 875 3474 944 ipse

1875 957 2146 1035 docebat,
2172 968 2464 1042 perfectius
2487 985 2605 1024 esse
2630 975 2957 1040 contestans.
2991 967 3246 1032 Audistis,
3275 967 3469 1036 inquit,

1899 1061 2022 1130 quia
2067 1061 2262 1114 dictum
2309 1063 2382 1114 est
2407 1073 2424 1110 :
2455 1059 2574 1114 Non
2617 1059 2852 1124 occides;
2877 1059 2966 1128 qui
3007 1068 3178 1112 autent
3205 1058 3470 1124 occiderit,
3569 1067 3574 1072 '

1879 1151 2020 1206 'reus
2050 1153 2146 1206 erit
2183 1151 2410 1222 judicio.
2441 1149 2553 1222 Ego
2599 1161 2768 1204 autem
2806 1151 2920 1204 dico
2951 1151 3090 1204 vobis
3120 1163 3138 1201 :
3171 1150 3474 1222 Quicunque

1883 1231 2066 1297 iratus
2111 1243 2268 1314 fuerit
2313 1241 2469 1312 fratri
2501 1259 2614 1308 suo,
2658 1259 2774 1296 reus
2797 1243 2892 1296 erit
2909 1241 3147 1310 judicio;
3173 1243 3262 1314 qui
3299 1251 3472 1296 autem

1899 1337 2090 1392 dixerit
2137 1335 2336 1402 Racha,
2369 1353 2484 1390 reus
2513 1337 2610 1390 erit
2655 1333 2912 1390 co’nsilio:
2943 1335 3032 1406 qui
3061 1343 3233 1394 autem
3283 1335 3472 1389 dixerit

1879 1425 1886 1428 ”
1901 1427 2090 1494 Fatue,
2117 1445 2232 1482 reus
2257 1429 2352 1481 erit
2370 1428 2614 1498 gehennae
2641 1427 2774 1498 ignis
2800 1425 3012 1500 (Matth.
3041 1443 3092 1494 v,
3121 1427 3212 1492 21,
3239 1427 3328 1494 22,
3355 1425 3468 1498 25).

1899 1521 2036 1590 Quid
2071 1531 2176 1576 tam
2194 1537 2414 1592 parvum
2439 1521 2492 1574 in
2513 1521 2943 1594 peccatis,quam
2971 1519 3122 1576 fratri
3151 1521 3330 1576 dicere
3355 1519 3470 1574 Fa-

1899 1613 2024 1668 tue?
2045 1613 2172 1682 quid
2201 1621 2308 1668 tam
2355 1627 2607 1686 magnum
2641 1612 2694 1666 in
2728 1611 3020 1686 suppliciis,
3052 1627 3210 1682 quam
3240 1611 3470 1684 gelienna

1897 1705 2030 1776 ignis
2047 1703 2140 1760 ?Si
2161 1706 2211 1760 in
2231 1705 2346 1776 lege
2365 1705 2448 1760 vel
2475 1705 2750 1776 prephetis
2781 1705 2880 1760 iste
2903 1704 3198 1760 invenisset
3219 1703 3467 1772 aliquem,

1899 1797 2153 1870 quoniam
2180 1799 2405 1852 dixisset
2431 1797 2587 1852 fratri
2618 1813 2714 1852 suo
2749 1795 2936 1862 Fatue,
2969 1796 3208 1866 lapidare
3247 1795 3460 1866 jussum

225 1887 286 1932 ut
313 1875 448 1932 velle
475 1877 570 1930 Dei
597 1876 852 1948 populum
879 1893 1164 1932 numerare
1205 1879 1556 1948 subrepserit,
1587 1895 1800 1936 eorum-
1829 1877 1874 1938 B
1901 1888 2069 1944 fuisse
2097 1887 2372 1954 divinitus,
2399 1897 2615 1958 quanta:
2639 1887 2806 1944 Deum
2829 1885 3162 1942 crudelitatis
3188 1883 3474 1958 argueret?

223 1983 330 2040 que
353 1969 618 2024 mortibus
647 1985 754 2024 non
783 1969 1020 2036 aeternis,
1055 1971 1149 2026 sed
1193 1969 1304 2040 jam
1353 1973 1586 2030 humana
1613 1975 1798 2030 condi-

227 2063 372 2118 tione
393 2063 654 2128 venturis,
701 2069 758 2118 et
784 2063 1032 2118 celeriter
1061 2064 1394 2130 transituris,
1425 2063 1588 2120 fuerit
1617 2065 1798 2138 ﬂagel-

225 2155 388 2224 latus,
417 2171 646 2226 quorum
697 2155 878 2212 fuerat
925 2155 1268 2210 multitudine
1313 2155 1528 2212 inﬂatus
1557 2157 1642 2228 (II
1671 2157 1794 2228 Reg.

225 2261 368 2310 xxiv,
405 2247 490 2312 10,
513 2245 668 2316 etc.).
700 2237 810 2302 Nec
837 2247 956 2302 dico
985 2245 1124 2302 filios
1181 2233 1298 2302 Heli
1347 2262 1452 2302 non
1503 2246 1668 2302 fuisse
1721 2248 1799 2302 in-

227 2337 420 2404 fantes,
449 2347 508 2392 ut
541 2341 644 2396 iste
668 2339 928 2410 loquitur,
957 2339 1204 2396 nesciens
1241 2341 1370 2410 quid
1395 2339 1662 2410 loquatur,
1705 2342 1798 2396 sed

225 2429 344 2498 ejus
375 2431 550 2486 aetatis
591 2446 696 2502 qua
737 2439 956 2502 possent
1006 2441 1062 2485 et
1091 2431 1364 2492 deberent,
1397 2447 1496 2502 pro
1539 2433 1798 2502 sacrilego

227 2537 360 2586 ausu
389 2537 494 2592 quo
521 2537 580 2578 se
625 2523 852 2578 Domino
878 2523 990 2578 Deo
1019 2521 1072 2578 in
1111 2523 1390 2578 sacrificiis
1417 2523 1796 2592 praeferebant,

227 2609 382 2679 digna
413 2611 740 2666 coercitione
783 2611 1022 2666 cohiberi
1071 2609 1120 2681 (1
1145 2609 1275 2682 Reg.
1319 2627 1382 2676 ll,
1409 2611 1464 2676 2,
1499 2613 1588 2678 12,
1621 2611 1796 2682 seq.);

225 2699 370 2766 quod
407 2699 708 2771 neglectum
749 2701 910 2766 Deus,
937 2717 1041 2756 non
1087 2703 1184 2756 sibi
1223 2703 1526 2768 consulens,
1575 2703 1668 2758 sed
1707 2719 1798 2772 po-

225 2791 352 2860 pulo
403 2793 486 2846 cui
541 2791 728 2863 religio
781 2793 1058 2864 pietasque
1101 2793 1416 2866 profuisset,
1461 2795 1600 2850 bello
1635 2795 1798 2850 etiam

229 2881 544 2949 vindicavit,
589 2884 680 2938 tibi
732 2885 822 2940 Dei
855 2885 1098 2940 timorem
1151 2895 1442 2956 potuerunt
1491 2903 1688 2958 augere
1719 2891 1800 2942 vi-

231 2973 394 3040 cturi,
415 2989 512 3044 per
539 2989 724 3030 eorum
759 2985 958 3032 mortes
991 2978 1080 3048 qui
1113 2977 1342 3044 fuerant,
1365 2988 1440 3046 et,
1470 2979 1516 3036 si
1549 2995 1606 3034 se
1633 2979 1800 3036 nesci—

229 3075 350 3120 rent
377 3073 498 3134 post
525 3081 630 3122 non
657 3065 814 3138 longa
845 3076 1144 3140 temporum
1171 3071 1342 3139 spatia
1371 3071 1636 3126 morituri.
1665 3069 1802 3126 Mor-

229 3159 372 3213 tibus
409 3149 604 3228 quippe
633 3175 920 3229 corporum
951 3159 1180 3232 legimus
1205 3161 1338 3218 alios
1365 3163 1528 3217 etiam
1559 3171 1800 3218 mortuos

1899 1979 2030 2048 Quis
2057 1995 2164 2036 non
2198 1987 2374 2034 autem
2407 1993 2511 2034 non
2544 1977 2664 2033 dico
2699 1977 2946 2048 lapidari,
2980 1979 3072 2032 sed
3097 1993 3196 2048 per
3235 1975 3472 2048 singulos

1900 2079 2050 2126 artus
2069 2113 2082 2137 ,
2114 2071 2224 2126 imo
2245 2085 2342 2142 per
2371 2069 2577 2138 singula
2617 2069 2860 2140 corporis
2887 2067 3058 2124 frusta
3087 2067 3342 2140 paulatim
3390 2075 3474 2122 at-

1899 2178 2002 2234 que
2049 2161 2355 2216 minutatim
2401 2161 2587 2216 vivens
2622 2167 2676 2214 et
2713 2161 2952 2214 sentiens
2999 2157 3248 2212 dilamari
3277 2173 3475 2214 consu-

1898 2253 2080 2326 mique
2103 2251 2401 2320 maluisset,
2429 2267 2592 2322 quam
2617 2247 2874 2322 gehennae
2897 2247 3111 2320 ignibus
3141 2249 3474 2320 nuncupari?

1899 2345 2054 2400 Absit
2083 2354 2260 2400 tamen
2303 2353 2362 2399 ut
2411 2345 2764 2400 crudeliorem
2809 2343 3091 2412 quisquam
3121 2344 3266 2398 dicat
3295 2345 3474 2400 Evan-

1899 2437 2022 2508 gelii
2061 2452 2220 2508 quam
2267 2435 2400 2506 legis
2447 2435 2644 2488 Deum!
2691 2433 2996 2504 intelligens
3030 2435 3310 2508 utriusque
3356 2449 3474 2490 esse

1901 2543 2066 2582 unum
2095 2535 2148 2582 et
2173 2525 2422 2580 eumdem
2453 2525 2620 2581 Deum
2643 2565 2658 2592 ,
2689 2527 2742 2580 in
2773 2525 2890 2596 lege
2921 2533 3212 2586 terrentem
3243 2525 3474 2580 carnali-

1903 2621 2022 2686 bus,
2057 2619 2110 2673 in
2143 2617 2432 2690 Evangelia
2461 2617 2792 2688 spiritalibus
2831 2619 3043 2688 poenis,
3073 2625 3128 2672 et
3169 2617 3240 2672 ibi
3287 2625 3342 2672 et
3385 2619 3472 2673 hic

1903 2709 2136 2772 fidelem,
2171 2721 2434 2778 nusquam
2483 2707 2772 2762 crudelem.
2803 2695 3134 2778 Quid'illud?
3171 2721 3349 2762 nonne
3373 2705 3474 2762 sia

1901 2799 2116 2856 Christo
2157 2797 2392 2870 linguam
2430 2797 2690 2867 reperiret
2721 2797 2969 2866 alienam,
3003 2797 3330 2868 in‘cumque
3373 2795 3478 2850 bla-

1901 2891 2202 2962 sphemam,
2227 2899 2282 2944 et
2335 2887 2532 2960 (qualis
2585 2897 2668 2943 est
2721 2887 2900 2958 hujus)
2947 2887 3109 2960 impia
3157 2887 3474 2966 garrulitate

1901 2977 2279 3044 damnabilem,
2305 2977 2548 3032 acerbius
2567 2985 2620 3031 et
2643 2981 2880 3032 amarius
2901 2979 3112 3052 exagita
3123 2987 3292 3044 retur,
3313 2991 3475 3048 quam

1903 3071 2044 3142 quod
2075 3071 2196 3136 iste,
2225 3069 2292 3125 de
2319 3069 2544 3126 obsonio
2573 3069 2820 3124 sacrificii
2847 3079 3196 3140 przrgustato,
3215 3085 3472 3140 corpora-

1903 3163 2006 3217 lem
2039 3161 2492 3232 tcmporalemque
2515 3175 2730 3232 poenam
2753 3161 3034 3236 sacrilegio
3063 3163 3142 3218 sic
3167 3161 3479 3232 indignatur

227 3259 446 3322 propter
469 3267 574 3306 non
603 3267 722 3318 sua,
769 3253 861 3308 sed
891 3253 1064 3308 aliena
1091 3261 1310 3324 peccata
1341 3255 1396 3326 (1
1429 3255 1554 3328 Reg.
1585 3273 1658 3322 tv,
1685 3255 1796 3328 l0).
1827 3237 1872 3300 C
1907 3255 2208 3325 ingestam?
2239 3253 2330 3309 ubi
2351 3261 2638 3308 venturum
2661 3269 2720 3307 se
2753 3251 3012 3308 Dominus
3033 3261 3086 3322 et
3113 3255 3180 3308 ad
3203 3253 3476 3310 sinistram

231 3341 334 3398 Ubi
383 3345 554 3414 magis
601 3353 684 3400 est
733 3345 784 3400 in
843 3345 1026 3402 dolore
1071 3349 1248 3404 cordis
1287 3349 1442 3418 plaga
1483 3349 1799 3416 viventium,

141 3501 148 3506 ί
227 3451 390 3504 quam
437 3437 489 3491 in
519 3437 848 3493 resolutione
877 3439 1056 3494 carnis
1097 3455 1252 3509 paena
1301 3439 1678 3508 morientium;
1711 3443 1802 3497 ubi

225 3529 422 3582 anima!
450 3531 514 3584 de
563 3531 878 3600 corporibus
904 3539 1162 3588 exeuntes
1213 3547 1342 3587 suas
1367 3548 1557 3592 causas
1601 3533 1803 3600 habent

225 3619 314 3674 vel
357 3620 524 3676 malas
573 3621 656 3688 vel
703 3621 893 3686 bonas,
921 3637 1026 3676 non
1067 3631 1352 3694 pr0pterea
1401 3633 1636 3694 gravatae
1673 3627 1800 3694 quia

223 3723 432 3780 exuta);
457 3715 758 3770 animarum
783 3731 912 3772 vero
943 3725 1116 3772 morte
1139 3717 1274 3774 alius
1297 3734 1396 3788 pro
1419 3719 1524 3774 alio
1549 3719 1802 3790 plectitur

227 3823 404 3862 nemo.
433 3807 536 3864 Sed
565 3809 668 3864 hoc
701 3809 844 3876 dico,
869 3819 1126 3882 quantum
1173 3811 1448 3868 existimet
1485 3813 1588 3868 iste
1637 3811 1802 3868 fuisse

223 3907 534 3970 peccatum,
587 3899 740 3965 Quod
791 3903 844 3954 in
897 3903 1126 3956 convivio
1175 3901 1395 3972 nuptiali
1445 3903 1682 3958 inventus
1727 3912 1802 3958 est

225 3989 380 4042 homo
405 4005 504 4043 non
525 3991 718 4044 habens
741 3999 924 4044 vestem
963 3991 1264 4062 nuptialem.
1301 3991 1458 4056 Puto,
1493 3993 1536 4046 si
1567 3993 1802 4048 humana

225 4079 658 4136 consideratione
705 4081 804 4136 ista
873 4083 1189 4148 metiamur,
1237 4081 1361 4136 huic
1411 4081 1800 4152 aliquantulum

225 4171 472 4226 sufﬁcere
495 4171 680 4226 debuit
703 4173 1046 4238 erubescere,
1073 4181 1150 4238 et,
1179 4181 1234 4228 ut
1255 4173 1542 4242 plurimum
1573 4175 1804 4230 invitan-

227 4263 300 4318 tis
349 4263 643 4334 indignatio
667 4265 1098 4336 protenderetur,
1153 4273 1354 4321 vestem
1409 4277 1617 4322 mutare
1659 4283 1804 4323 com-

221 4355 372 4426 pelli.
407 4355 474 4410 Et
499 4367 676 4418 tamen
705 4357 902 4412 dictum
937 4365 1018 4412 est
1051 4376 1064 4426 _:
1099 4355 1278 4428 Ligate
1299 4357 1378 4412 illi
1411 4375 1597 4412 manus
1637 4369 1682 4412 et
1713 4375 1806 4428 pe-

225 4453 340 4516 des,
377 4461 422 4504 et
465 4451 708 4522 projicite
745 4467 863 4505 eum
895 4451 948 4504 in
975 4449 1208 4504 tenebras
1259 4449 1570 4514 exteriores;
1603 4450 1674 4504 ibi
1707 4451 1804 4504 erit

227 4543 380 4596 fletus
408 4551 452 4594 et
481 4539 672 4594 stridor
697 4542 928 4596 dentium
959 4539 1168 4612 (Matth.
1219 4555 1330 4594 χχιι
1351 4579 1366 4606 ,
1403 4539 1500 4604 12,
1543 4539 1652 4612 15).
1699 4537 1804 4594 Sed

1903 3347 2092 3420 positis
2115 3345 2364 3418 gentibus
2391 3345 2626 3400 minatur
2648 3359 2768 3400 esse
2798 3345 3066 3400 dicturum
3091 3363 3104 3397 :
3131 3343 3212 3398 Ite
3237 3345 3288 3398 in
3309 3347 3477 3416 ignem
3557 3345 3560 3354 '

1905 3447 2194 3500 wternum,
2239 3435 2330 3506 qui
2379 3443 2596 3506 paratus
2647 3443 2720 3488 est
2769 3433 2978 3488 diabolo
3025 3445 3072 3488 et
3115 3433 3311 3504 angelis
3363 3433 3476 3504 ejus

1906 3529 2118 3602 (illatth.
2155 3545 2277 3600 χεν,
2305 3527 2402 3592 «il,
2433 3527 2544 3596 42).
2599 3525 2766 3596 Hujus
2814 3523 2946 3578 tanti
3003 3523 3248 3596 supplicii
3299 3537 3480 3592 quaero

1907 3621 2000 3694 (al.
2043 3619 2260 3692 quaeris]
2291 3635 2528 3674 causam.
2567 3615 2798 3682 Esurivi,
2821 3615 3015 3686 inquit,
3056 3623 3104 3668 et
3135 3631 3236 3668 non
3265 3611 3480 3670 dedistis

1903 3713 2030 3766 mihi
2053 3709 2373 3764 manducare
2391 3725 2408 3771 ;
2429 3721 2555 3764 ecce
2570 3723 2669 3778 pro
2695 3721 2820 3762 esca
2845 3703 3120 3776 temporali
3149 3717 3252 3758 non
3279 3701 3478 3768 ablata,

1904 3803 1996 3860 sed
2043 3817 2148 3856 non
2199 3801 2322 3856 data
2371 3807 2632 3854 aeternum
2687 3807 2738 3852 et
2787 3795 3114 3850 horrendum
3163 3793 3478 3864 supplicium

1903 3890 2284 3954 comminatur,
2312 3895 2368 3943 et
2392 3897 2557 3954 recte,
2591 3887 2636 3941 si
2661 3885 2914 3952 consulas
2945 3883 3243 3938 veritatem.
3275 3881 3478 3952 Perpa-

1905 4003 2024 4042 rum
2051 3993 2134 4040 est
2159 3984 2300 4038 enim
2331 3983 2472 4054 quod
2511 3983 2566 4036 in
2597 3977 2954 4050 eleemosynis
2999 3977 3188 4041 datur;
3219 3977 3310 4032 sed
3355 3991 3477 4030 cum

1903 4077 1992 4148 pie
2037 4077 2217 4140 datur,
2246 4083 2506 4128 aeternum
2555 4073 2676 4126 inde
2723 4069 2974 4124 meritum
3019 4073 3482 4138 comparaturzet

1905 4167 2026 4222 ideo
2063 4167 2260 4238 potius,
2291 4165 2414 4235 quia
2445 4179 2635 4234 parum
2664 4169 2746 4216 est
2781 4161 2922 4232 quod
2953 4159 3132 4224 datur,
3159 4173 3352 4227 magna
3383 4157 3482 4212 im-

1905 4261 2102 4332 pietate
2145 4275 2248 4314 non
2280 4257 2460 4312 datur.
2497 4255 2652 4312 Unde
2677 4269 2780 4308 non
2809 4253 3004 4308 mirum
3029 4259 3114 4304 est
3138 4251 3279 4322 quod
3323 4257 3482 4304 tanta:

1907 4349 2216 4414 sterilitati,
2265 4347 2414 4404 velut
2475 4345 2934 4400 infructuosarum
2999 4343 3294 4408 arborum,
3343 4341 3484 4414 ignis

1907 4443 2092 4498 aeterni
2143 4439 2462 4512 supplicium
2505 4449 2860 4508 praeparatur.
2915 4433 2970 4490 Si
3007 4445 3184 4488 autem
3231 4433 3482 4489 consulas

1906 4535 2176 4590 hominem
2207 4541 2268 4588 ut
2309 4533 2376 4587 de
2409 4545 2508 4586 suo
2541 4529 2893 4600 respondeat,
2927 4524 3016 4580 ubi
3053 4525 3145 4599 (al.
3179 4525 3294 4598 tibi]
3317 4525 3482 4578 omnis

223 4633 370 4704 quod
406 4633 602 4686 dicitur
625 4633 740 4703 (aL,
773 4633 862 4688 sed
887 4633 1058 4702 dicit),
1083 4647 1186 4686 non
1205 4631 1374 4686 levem
1396 4631 1608 4702 culpam
1634 4631 1802 4702 sigui-
1907 4631 2058 4704 (ramo
2109 4625 2356 4688 mendax,
2385 4623 2684 4680 contemnit
2713 4621 2924 4692 culpam
2953 4629 3010 4676 et
3051 4625 3338 4688 exaggerat
3359 4627 3482 4686 pa:-

224 4725 354 4780 ﬁcat
401 4733 604 4782 vestem
634 4741 740 4780 non
781 4723 1034 4780 habuisse
1065 4723 1356 4794 nuptialem
1403 4723 1655 4794 quoniam
1697 4725 1798 4780 ista

225 4832 392 4888 parva
419 4833 734 4890 magnarum
763 4817 910 4887 signa
947 4825 1070 4880 sunt
1111 4831 1310 4870 rerum.
1345 4813 1436 4872 Sic
1483 4831 1610 4888 ergo
1635 4823 1690 4870 et
1715 4831 1800 4870 sa-

225 4907 432 4964 criticia
465 4907 714 4976 visibilia,
759 4925 880 4978 cum
909 4909 1016 4962 sint
1047 4907 1098 4962 in
1125 4907 1352 4962 terrenis
1391 4907 1551 4962 rebus
1577 4907 1796 4978 exigua,

225 5014 562 5070 magnarum,
607 4999 858 5068 quoniam
889 4997 1006 5069 (aL,
1043 4998 1116 5070 et)
1156 4999 1456 5054 divinarum
1489 5000 1642 5068 signa
1674 5007 1800 5053 sunt

227 5107 432 5154 rerum,
459 5091 510 5144 in
539 5091 736 5160 quibus
765 5089 854 5144 lilii
889 5089 1194 5146 Sacerdotis
1219 5105 1276 5145 se
1305 5091 1450 5162 ipsos
1481 5089 1611 5156 Deo,
1641 5091 1798 5160 cujus

227 5185 404 5237 ῐιυιιοι·
427 5183 478 5238 iu
513 5183 791 5236 sacriﬁciis
818 5183 1132 5246 attenditur,
1155 5181 1534 5252 praeferebant.
1573 5181 1688 5236 Non
1713 5199 1804 5236 au-

229 5291 340 5332 tem
369 5275 458 5330 ille
485 5275 706 5330 conviva
731 5291 788 5328 se
811 5273 1044 5344 praetulit
1081 5289 1298 5344 sponso,
1325 5273 1416 5328 sed
1461 5281 1667 5328 tantum
1697 5289 1800 5328 non

225 5367 496 5438 congruit,
545 5367 668 5436 quia
733 5365 1038 5434 nuptiarum
1069 5365 1188 5436 (aL,
1221 5365 1532 5436 nuptialem)
1567 5365 1804 5420 tunicam

229 5475 340 5516 non
377 5459 626 5514 habebat.
655 5459 1034 5512 Verumtamen
1063 5457 1204 5510 inter
1227 5457 1370 5526 ipsas
1395 5473 1582 5526 poenas
1609 5457 1800 5526 quibus

229 5563 520 5622 utrumque
563 5551 890 5606 vindicatum
921 5559 1021 5610 est,
1057 5547 1142 5602 ille
1182 5549 1310 5618 quid
1352 5549 1512 5604 distet
1547 5543 1800 5612 advertit,

227 5659 504 5716 quamque
548 5639 1038 5710 incomparabiliter
1063 5640 1164 5692 ista
1197 5637 1340 5692 illam
1373 5639 1574 5704 vincat,
1609 5638 1800 5694 intelli-

229 5741 314 5812 git
335 5740 424 5808 qui
449 5735 814 5808 corporalibus
836 5743 889 5790 et
911 5723 1294 5806 temporalibus
1315 5733 1574 5802 spiritalia
1596 5743 1650 5786 et
1669 5749 1805 5788 sem-

231 5833 440 5900 piterna
481 5829 762 5894 praeponit.
795 5829 994 5884 Verum
1024 5825 1150 5900 quid
1187 5839 1322 5900 Opus
1345 5831 1428 5880 est
1468 5827 1532 5880 de
1563 5823 1808 5896 mysticis

1907 4737 2051 4786 nam,
2081 4719 2226 4774 illam
2274 4717 2482 4786 quippe
2515 4729 2620 4770 non
2673 4715 2822 4768 videt
2861 4719 3041 4768 mente
3089 4709 3316 4772 carnali,
3345 4707 3482 4760 hanc

1893 4813 2164 4878 ,exhorret
2198 4823 2360 4864 carne
2403 4806 2636 4862 mortali.
2675 4805 2822 4860 Talis
2869 4813 2954 4859 est
2997 4803 3098 4858 iste
3145 4801 3198 4854 in
3242 4799 3480 4854 omnium

1905 4899 2182 4959 hominum
2231 4899 2320 4970 qui
2373 4899 2669 4970 puniuntur
2695 4895 2778 4950 vel
2821 4894 3188 4964 corripiuntur
3217 4891 3268 4944 in
3299 4889 3481 4944 Veteri

1909 4999 2276 5060 Testamento,
2293 4993 2450 5062 longe
2473 4991 2776 5046 mitioribus
2795 5004 2954 5060 quam
2973 4987 3223 5058 leguntur
3245 4983 3296 5037 in
3315 4981 3482 5036 Evan-

1907 5087 2064 5160 gelio,
2088 5085 2458 5156 corporalibus
2479 5083 2672 5154 poenis.
2703 5081 2854 5149 Quod
2891 5079 3032 5134 enim
3058 5075 3312 5134 diluvium
3337 5089 3483 5127 com-

1905 5179 2086 5252 parari
2113 5177 2331 5234 :eternis
2361 5175 2574 5250 ignibus
2601 5173 2814 5244 potest?
2833 5185 2952 5240 quae
2983 5167 3192 5222 cmtlcs?
3219 5181 3338 5236 quae
3371 5163 3480 5218 vul-

1908 5273 2072 5328 nera?
2093 5289 2210 5342 qna:
2228 5285 2512 5342 corporum
2531 5277 2734 5322 mortes
2749 5265 3081 5320 cruciatibus
3103 5259 3480 5332 sempiternis?

1909 5361 2106 5434 Viginti
2143 5369 2376 5431 quatuor
2421 5359 2588 5412 millia
2617 5349 2946 5410 'cadentium
2996 5351 3196 5426 (Nunt.
3229 5367 3359 5420 xxv,
3385 5349 3478 5422 9),

1909 5465 2060 5512 tanto
2103 5457 2394 5510 buccarum
2437 5449 2664 5520 strepitu
2713 5447 2862 5504 inﬂat
2909 5449 3150 5512 insanus,
3177 5445 3330 5518 quasi
3375 5461 3482 5522 non

1907 5546 2316 5602 innumerabilia
2365 5543 2528 5597 millia
2581 5539 2822 5610 quotidie
2867 5541 3166 5604 moriantur
3199 5525 3319 5594 toto
3351 5539 3483 5602 orbe

1909 5649 2196 5702 terrarum,
2221 5635 2312 5692 sed
2330 5633 2636 5688 transitoria
2673 5631 2774 5686 i'sta
2793 5631 3036 5704 corporis
3053 5629 3146 5704 [aL
3166 5645 3450 5704 corporum
3457 5628 3476 5702 J

1907 5746 2054 5786 mors
2077 5737 2176 5784 est.
2205 5727 2338 5794 Quis
2363 5739 2492 5780 vero
2515 5723 2786 5779 aestimare
2813 5724 2986 5794 possit
3025 5731 3155 5794 quot
3181 5721 3344 5776 millia
3373 5731 3482 5776 sta-

1907 5823 2042 5878 bunt
2063 5821 2129 5876 ad
2159 5819 2432 5876 sinistram
2465 5832 2532 5876 ex
2557 5815 2808 5874 omnibus
2853 5817 3120 5892 gentibus,
3147 5831 3267 5894 quae
3289 5813 3485 5892 sempi-
