4010 6352
657 420 790 476 1151

1644 414 1702 499 8τ
1739 412 2107 470 PRUDENTII
2145 413 2188 470 Τ
2194 411 2526 470 RECENSIS
2563 413 2868 470 EPISCOPI

3683 428 3772 484 “5‘3

657 533 831 591 ternis
848 533 1150 589 damnanda
1175 538 1302 585 sunt
1322 527 1568 600 ignibus?
1595 525 1696 582 Eat
1713 527 1814 582 iste
1833 534 1889 581 et
1913 525 2109 582 clamet
2130 539 2226 580 ore
2252 527 2305 588 Α
2330 526 2613 580 mendatur
2656 526 2750 581 Dei
2801 516 3012 581 bonitas
3041 567 3056 590 ,
3111 537 3166 582 et
3219 531 3503 587 econtrario
3547 533 3602 588 de
3639 535 3772 605 Novo,

659 633 865 695 aperto,
892 632 948 680 et
989 622 1158 679 oculis
1210 620 1436 685 clausis,
1467 619 1622 688 quasi
1664 616 1943 674 confessus
1981 618 2050 673 sil.
2084 617 2228 674 Deus

659 732 815 774 suam
839 714 1230 778 crudelitatem,
1257 712 1382 783 quia
1417 711 1548 766 dicit
1573 726 1672 781 per
1698 711 2014 782 prophetam
2039 727 2054 764 :
2076 709 2225 764 Esca-

658 827 812 866 cuam
859 811 990 864 sicut
1022 807 1202 878 fulgur
1227 806 1462 879 gladium
1499 821 1693 871 meum,
1722 805 1988 861 inebriabo
2011 806 2227 875 sagittas

657 919 800 956 meas
826 900 1096 971 sanguine,
1126 908 1173 953 et
1195 897 1571 969 gladius‘meus
1595 897 1932 953 manducabit
1963 915 2144 953 carnes
2164 899 2229 953 de

658 990 910 1061 sanguine
938 987 1329 1042 vulneratorum
1356 985 1536 1059 (Deut.
1559 987 1812 1054 xxxn,“
1828 1028 1842 1053 ,
1866 987 1979 1060 42).
2013 988 2091 1043 De
2116 987 2231 1058 qui-

657 1082 758 1138 bus
785 1081 963 1137 verbis
987 1081 1065 1136 sic
1100 1081 1202 1136 iste
1236 1088 1458 1136 accusat
1501 1080 1670 1136 Deum
1697 1079 1846 1136 velut
1871 1095 2084 1150 semper
2124 1081 2227 1136 hu-

657 1187 874 1227 manum
943 1171 1260 1243 sanguinem
1313 1170 1690 1236 esurientem;
1759 1170 1913 1241 quasi
1975 1171 2225 1227 dixerit:

656 1265 934 1321 inebriabo
976 1279 1064 1319 me
1110 1264 1391 1335 sanguine,
1436 1271 1492 1318 et
1535 1263 1873 1318 manducabo
1927 1279 2120 1320 carnes
2165 1265 2232 1321 de

656 1357 919 1426 sanguine
940 1355 1362 1409 vulneratorum.
1398 1352 1503 1409 Sed
1533 1353 1931 1423 quantumlibet
1955 1354 2093 1409 hanc
2121 1354 2229 1410 uti-

655 1450 759 1505 lem
787 1451 881 1506 Dei
913 1448 1385 1504 comminationem
1414 1455 1670 1517 tanquam
1712 1445 1968 1502 facinoris
1993 1448 2228 1512 avidam,

657 1548 728 1604 et,
759 1549 819 1593 ut
861 1538 1022 1603 dicit,
1051 1537 1104 1591 in
1148 1537 1261 1592 sola
1309 1537 1626 1592 crudelitate
1664 1536 1823 1592 malis
1864 1537 2234 1592 tantummodo

655 1627 995 1698 gloriantem,
1022 1640 1194 1681 vanus
1229 1633 1285 1680 et
1320 1639 1552 1681 vesanus
1594 1627 1902 1682 cxhorreat.
1953 1625 2096 1694 Quid
2141 1635 2233 1680 aut

653 1725 915 1788 quantum
937 1717 1100 1784 valet,
1125 1719 1306 1774 verbis
1346 1726 1657 1789 comparata
1682 1719 1942 1774 dicentis:
1970 1719 2234 1774 Discedite

655 1827 686 1864 a
727 1826 825 1873 me,
849 1808 1135 1876 maledicti,
1156 1811 1211 1864 in
1241 1811 1409 1880 ignem
1457 1819 1710 1865 aeternum
1757 1811 1847 1881 qui
1895 1820 2107 1881 paratus
2157 1819 2235 1866 est

2327 617 2522 687 quibus
2543 618 2616 673 ibi
2642 618 3049 672 commendatur
3071 618 3164 675 Dei
3190 622 3465 688 severitas;
3491 634 3540 678 et
3561 625 3712 685 clamet
3727 634 3773 687 in-

2329 708 2566 764 vidiosus
2588 717 2750 778 atque
2778 724 3083 764 venenosus
3108 727 3121 764 :
3152 711 3289 766 Ecce
3310 712 3396 783 qui
3439 713 3562 770 Deus
3595 717 3774 778 colendus

2324 807 2426 865 est,
2458 801 2750 854 misericors
2774 808 2822 854 et
2846 800 3138 867 miserator,
3173 802 3468 873 longanimis
3490 817 3532 860 et
3554 808 3692 863 multa
3709 814 3773 864 mi-

2327 893 2624 947 sericordite
2655 907 2675 944 :
2703 894 2792 963 qui
2822 910 2926 948 non
2954 895 3008 948 in
3035 894 3190 962 ﬁnem
3231 896 3488 964 irascetur,
3519 913 3596 952 nec
3618 901 3660 954 in
3678 912 3760 956 teter

2328 999 2452 1037 num
2476 983 2836 1053 indignabitur
2860 999 2880 1038 :
2907 984 2996 1054 qui
3023 1000 3126 1039 non
3149 985 3423 1039 secundum
3461 997 3637 1056 peccata
3658 1002 3775 1046 nostra

2329 1074 2454 1144 facit
2485 1074 2654 1139 nobis,
2690 1090 2852 1146 neque
2878 1075 3161 1129 secundum
3186 1075 3470 1146 iniquitates
3495 1088 3662 1133 nostras
3683 1083 3776 1135 rati-

2331 1165 2438 1219 buit
2467 1165 2612 1219 nobis
2640 1166 2771 1230 ;sed
2807 1176 3058 1236 quantum
3101 1167 3261 1222 distat
3290 1170 3451 1223 oriens
3488 1171 3544 1224 ab
3579 1173 3774 1237 occidente,

2329 1257 2478 1328 longe
2523 1257 2650 1328 facit
2701 1255 2823 1330 [al.,
2871 1255 3011 1329 fecit]
3042 1275 3074 1311 a
3119 1258 3266 1312 nobis
3308 1268 3504 1328 peccata
3545 1266 3779 1332 nostra,qu

2330 1351 2463 1406 sicut
2493 1351 2771 1406 miseratur
2787 1361 2934 1422 pater
2957 1351 3115 1420 ﬁlios,
3157 1352 3235 1406 sic
3275 1353 3533 1406 miseratur
3563 1354 3779 1408 timentur:

2337 1439 2506 1512 (Psal.
2534 1458 2627 1508 cu,
2653 1441 2830 1511 8—13).
2861 1441 2962 1508 Qui
2989 1441 3118 1496 dicit
3145 1459 3162 1496 :
3193 1440 3332 1496 Nolo
3356 1451 3550 1496 mortem
3578 1444 3688 1509 impii
3706 1445 3777 1516 |al.,

2332 1532 2672 1604 peccatoris),
2710 1542 2964 1603 quantum
3003 1542 3056 1586 ut
3101 1541 3386 1587 revertatur
3422 1533 3527 1605 [al.,
3571 1545 3720 1588 tantum
3747 1549 3776 1589 ut

2335 1620 2683 1694 convertatur]
2713 1632 2763 1678 et
2787 1623 2922 1678 vivat
2954 1621 3168 1692 (Ezech.
3200 1638 3357 1690 xvru,
3386 1623 3489 1695 25).
3511 1623 3606 1680 Non
3638 1626 3701 1681 ille
3726 1631 3779 1696 qui

2335 1719 2554 1782 propter
2581 1711 2853 1768 lucrorum
2880 1713 3166 1768 avaritiam
3190 1714 3355 1769 etiam
3393 1730 3507 1770 eum
3541 1731 3702 1771 servum
3729 1721 3781 1786 qui

2339 1816 2443 1856 non
2464 1801 2696 1872 perdidit
2727 1801 2984 1857 talentum
3027 1803 3172 1873 quod
3215 1815 3504 1874 acceperat,
3545 1807 3621 1861 sed
3649 1816 3778 1861 tantum

656 1900 860 1954 diabolo
882 1910 929 1956 et
955 1900 1151 1970 angelis
1179 1900 1295 1972 ejus
1331 1899 1548 1973 (Matth.
1573 1917 1702 1968 xxv,
1725 1899 1840 1972 41).
1871 1901 1950 1957 lbi
1977 1917 2082 1956 non
2111 1917 2232 1958 san-
2266 1893 2314 1954 Β
2339 1895 2463 1964 quia
2493 1910 2600 1950 non
2621 1894 2848 1966 amplius
2871 1895 3173 1965 acquisivit,
3206 1895 3382 1966 ligatis
3410 1898 3621 1953 manibus
3642 1907 3681 1952 et
3693 1899 3780 1966 pedi-

656 1993 817 2058 gnine
863 1992 1274 2047 inebriabuntur
1318 1992 1568 2063 sagittae,
1598 1993 1691 2048 sed
1737 2007 1842 2048 non
1895 1994 2236 2050 satiabuntur

657 2080 912 2135 membris
939 2081 1192 2138 omnibus
1216 2081 1476 2150 flammae;
1504 2097 1606 2138 nec
1626 2097 1818 2139 carnes
1845 2083 2054 2155 gladius
2081 2100 2236 2160 man,-

657 2171 895 2236 dncabit,
911 2185 1124 2227 sensum
1143 2171 1346 2228 doloris
1365 2174 1527 2229 citius
1547 2173 1798 2230 auferens
1821 2175 2053 2231 mortuis
2073 2190 2235 2245 quam

658 2263 894 2318 inferens
937 2263 1266 2332 vulneratis;
1315 2266 1412 2322 sed
1462 2282 1622 2322 nemo
1661 2251 1993 2322 cruciatibus
2043 2267 2234 2323 saltem

657 2357 938 2412 moriendo
968 2357 1327 2425 subtrahitur,
1357 2373 1425 2414 ne
1471 2359 1526 2412 in
1573 2360 1838 2415 moriente
1881 2358 2041 2414 simul
2069 2360 2236 2415 etiam

659 2451 771 2516 ipsa
813 2461 972 2516 poena
1019 2447 1301 2504 moriatur.
1335 2447 1445 2504 Cur
1474 2464 1582 2503 non
1620 2450 1707 2504 hic
1755 2450 1886 2505 dicit
1911 2466 1923 2503 :
1949 2449 2235 2505 colendum

655 2553 723 2593 ne
746 2537 930 2603 istum,
958 2552 1027 2592 an
1048 2537 1225 2608 potius
1244 2537 1634 2594 exsecrandum
1663 2538 2084 2610 fugiendumque
2113 2553 2234 2595 esse

655 2627 931 2682 dicemus?
960 2627 1043 2682 An
1071 2628 1226 2683 timet
1252 2630 1318 2684 de
1355 2628 1569 2686 Christo
1599 2630 1701 2685 ista
1733 2631 1933 2697 dicere,
1967 2646 2036 2686 ne
2067 2632 2237 2703 ipsius

655 2721 796 2792 ignis
837 2729 1024 2778 aeterm
1068 2722 1387 2793 supplicium
1413 2739 1518 2779 non
1544 2724 1756 2790 evadat,
1789 2739 1898 2794 quo
1925 2725 2013 2780 ille
2043 2726 2238 2797 impios

641 2804 926 2882 praeparat
955 2813 1204 2868 mittere?
1228 2813 1308 2868 "Et
1335 2814 1546 2884 ignorat
1577 2815 1742 2869 miser
1770 2815 1886 2870 haec
1909 2815 2137 2871 dicendo
2169 2815 2236 2871 de

657 2904 764 2960 Deo
807 2905 1215 2976 prophetarum,
1242 2907 1309 2962 de
1338 2907 1454 2976 ipso
1495 2921 1553 2962 se
1582 2907 1764 2963 dicere
1799 2906 1951 2975 cujus
1991 2915 2102 2961 tam
2128 2915 2237 2962 tre-

656 2995 906 3050 mendam
947 2997 1292 3054 severitatem
1342 2998 1397 3052 in
1443 2998 1732 3070 Evangelio
1769 2997 2020 3054 formidat
2063 2996 2235 3054 offen-

658 3083 805 3140 dere.

733 3177 1098 3248 Reprehendit
1137 3189 1302 3237 etiam
1333 3183 1475 3250 quod
1504 3195 1693 3252 poenas
1730 3182 2034 3251 impiorum,
2069 3181 2234 3252 signi-

660 3267 851 3324 ficatas
890 3284 988 3338 per
1033 3274 1190 3325 ubam
1223 3270 1360 3340 fellis
1381 3313 1396 3338 ,
1432 3283 1480 3328 et
1518 3272 1721 3326 botrum
1757 3273 2156 3338 amaritudinis,
2189 3281 2238 3326 et
2264 3253 2312 3317 α

659 3364 894 3430 [arerem
919 3361 1207 3416 draconum
1236 3372 1389 3434 atque
1417 3363 1679 3434 aspidum,
1705 3362 1945 3418 collectas
1977 3363 2103 3417 dicit
2129 3380 2239 3418 esse

662 3452 804 3507 Deus
826 3453 966 3524 apud
987 3470 1060 3518 se,
1089 3466 1136 3508 et
1167 3455 1400 3526 signatas
1425 3457 1481 3510 in
1501 3455 1758 3510 thesauris
1785 3455 1914 3520 suis,
1944 3455 2236 3510 reddendas

657 3545 712 3597 in
740 3553 986 3614 tempore,
1012 3562 1130 3600 cum
1159 3545 1336 3615 lapsus
1363 3546 1521 3616 fuerit
1545 3563 1634 3617 pes
1659 3563 1839 3601 eorum
1859 3545 2039 3617 (Deut.
2063 3562 2236 3613 xxxu,

656 3637 746 3701 32,
775 3636 866 3702 55,
893 3637 1018 3709 54);
1045 3638 1299 3708 ignorans
1319 3639 1600 3695 thesauros
1636 3639 1724 3695 hic
1744 3637 2037 3708 appellatos
2063 3638 2241 3694 occul-

660 3735 741 3782 tas
755 3727 1132 3798 dispositiones
1151 3727 1246 3782 Dei
1267 3729 1359 3798 qui
1379 3728 1614 3798 disponit
1633 3728 1844 3782 reddere
1867 3727 2142 3798 unicuique
2161 3745 2242 3782 se-

656 3820 886 3874 cundum
900 3836 1057 3890 opera
1075 3819 1188 3891 ejus
1204 3819 1335 3892 (1b.,
1350 3820 1676 3882 c.l7).Unde
1689 3820 1975 3890 Apostolus
1991 3821 2119 3876 dicit
2135 3821 2236 3875 :Tu

658 3924 830 3968 autem
853 3914 1134 3968 secundum
1159 3914 1411 3969 duritiam
1434 3915 1605 3970 cordis
1628 3915 1706 3968 tui
1733 3926 1780 3969 et
1806 3931 1895 3968 cor
1918 3915 2240 3985 impaenitens

658 4006 986 4060 thesaurizas
1011 4005 1104 4060 tibi
1129 4008 1264 4060 iram
1312 4007 1368 4060 in
1407 4006 1492 4060 die
1527 4007 1622 4060 ira:
1659 4016 1710 4060 et
1739 4007 2067 4061 reuelationis
2107 4007 2240 4077 justi

651 4097 844 4169 judicii
874 4097 994 4163 Dei,
1018 4099 1108 4169 qui
1137 4098 1314 4152 reddet
1338 4097 1612 4170 unicuique
1642 4099 1924 4153 secundum
1949 4115 2102 4169 opera
2125 4099 2238 4169 ejus

663 4186 842 4252 (Rom.
867 4204 930 4254 ιι,
946 4188 1094 4259 5,6).
1119 4188 1273 4260 Apud
1295 4203 1452 4258 quem
1465 4189 1608 4245 enim
1632 4187 1733 4244 sibi
1750 4189 2075 4242 thesaurizat
2102 4189 2238 4242 iram

661 4289 756 4332 cor
779 4276 1148 4346 impmnitens,
1175 4278 1280 4334 nisi
1318 4278 1458 4349 apud
1488 4294 1610 4354 eum
1633 4279 1722 4350 qui
1750 4279 1901 4333 vivos
1925 4287 2010 4335 est
2030 4279 2240 4349 judica-

664 4382 821 4425 turns
846 4377 902 4424 et
925 4371 1200 4424 mortuos?
1248 4369 1432 4440 Neque
1478 4370 1621 4426 enim
1668 4370 1913 4426 nesciunt
1956 4369 2118 4426 etiam
2160 4369 2238 4426 illi

663 4472 875 4520 veteres
923 4461 1046 4516 libri
1088 4462 1399 4518 thesaurum
1444 4463 1852 4520 desiderabilem
1901 4461 2084 4534 (Prov.
2123 4480 2235 4530 χχι,

645 4553 774 4626 20),
808 4555 874 4610 de
905 4571 1011 4625 quo
1041 4557 1113 4612 ibi
1141 4559 1397 4628 scriptum
1420 4570 1519 4623 est,
1553 4559 1690 4629 quod
1737 4559 2020 4629 requiescat
2061 4559 2116 4612 in
2147 4574 2235 4612 ore

2334 1990 2434 2040 bus
2477 1985 2812 2057 projecturus
2837 1986 2908 2042 sit
2935 1973 3069 2060 '[al.,
3113 1988 3309 2058 projici
3355 1987 3522 2060 jussit]
3559 1989 3605 2042 in
3625 1989 3782 2042 tenebras

2335 2083 2650 2148 exteriores,
2696 2083 2788 2138 ubi
2829 2092 2976 2139 esset
3021 2083 3072 2138 ei
3119 2082 3280 2140 fletus
3326 2093 3379 2140 et
3423 2083 3598 2139 stridor
3626 2083 3778 2138 dentium

2335 2174 2550 2248 (Matth.
2589 2191 2725 2242 χχιι,
2775 2175 2883 2247 l2),
2935 2185 2990 2230 et
3034 2177 3126 2247 qui
3165 2177 3436 2232 hominem
3465 2191 3558 2231 non
3591 2175 3780 2229 habentem

2335 2276 2536 2322 vestem
2565 2268 2856 2338 nuptialem
2887 2267 2952 2322 de
2974 2267 3226 2324 convivio
3248 2283 3346 2324 suo
3383 2267 3509 2324 tollit
3545 2275 3590 2322 et
3621 2264 3781 2321 similiter

2335 2357 2610 2431 alligatum
2659 2358 2818 2413 simili
2849 2359 3112 2428 supplicio
3141 2360 3336 2429 punit;
3369 2368 3419 2413 et
3442 2360 3524 2429 qui
3550 2357 3781 2412 venientibus

2335 2452 2400 2506 ad
2425 2467 2483 2506 se
2507 2460 2562 2506 et
2602 2450 2938 2520 pulsantibus
2982 2461 3036 2506 et
3079 2451 3383 2507 dicentibus
3424 2467 3438 2506 :
3479 2450 3670 2512 Domine,
3695 2449 3780 2517 aperi

2336 2543 2502 2607 nobis,
2546 2541 2878 2611 respondet:
2918 2539 3040 2594 Non
3083 2558 3172 2596 vos
3217 2543 3336 2596 novi
3377 2539 3565 2612 (Matth.
3593 2555 3684 2600 xxv,
3710 2537 3780 2606 l2}:

2337 2639 2544 2702 tantum
2592 2634 2717 2703 quia
2753 2633 2929 2688 oleum
2985 2650 3172 2690 secum
3223 2635 3366 2707 quod
3403 2634 3687 2691 infunderent
3718 2632 3782 2686 suis

2336 2723 2690 2794 lampadibus,
2738 2739 2846 2780 non
2899 2725 3171 2791 tulerunt;
3230 2735 3287 2782 et
3336 2726 3422 2796 qui
3472 2733 3650 2795 propter
3681 2737 3781 2774 unum

2336 2813 2781 2870 contumeliosum
2829 2815 3053 2870 verbum
3083 2815 3255 2870 mittit
3283 2816 3336 2870 in
3357 2817 3640 2888 gehennam,
3666 2822 3704 2866 et
3729 2813 3780 2880 qui

2334 2918 2433 2973 pro
2463 2904 2743 2975 temporali
2765 2905 2885 2960 cibo
2915 2922 3021 2960 non
3044 2914 3290 2977 accepto,
3321 2908 3440 2978 igne
3452 2907 3643 2960 damnat
3658 2913 3783 2958 aeterno

2338 2992 2552 3065 (Matth.
2580 3010 2637 3060 v,
2672 2995 2762 3060 22,
2796 2995 2950 3067 etc.).
2984 2996 3111 3053 Haec
3140 3007 3309 3069 atque
3354 2995 3620 3066 huiusmodi
3655 2995 3686 3050 si
3713 2993 3783 3064 quis

2338 3099 2535 3139 vesana
2579 3095 2760 3141 mente
2801 3087 3094 3160 sacrilegus
3151 3089 3281 3144 inde
3334 3088 3482 3151 lenia,
3530 3087 3630 3141 hinc
3665 3099 3781 3153 aspera

2339 3179 2572 3250 colligat,
2605 3195 2670 3236 ac
2697 3181 2775 3236 sic
2798 3181 3046 3237 homines
3071 3190 3421 3253 utrarumque
3459 3181 3698 3235 litterarum
3725 3176 3782 3227 im-

2343 3272 2546 3343 peritos
2569 3287 2600 3326 a
2627 3270 2844 3329 Christo
2893 3282 3149 3343 tanquam
3195 3289 3338 3330 saevo
3362 3283 3414 3328 et
3441 3271 3612 3328 crudeli
3641 3276 3782 3323 conetur

2343 3370 2610 3428 avertere,
2651 3372 2708 3418 et
2745 3363 2812 3419 ad
2858 3361 3027 3418 Deum
3071 3364 3452 3434 prophetarum
3498 3354 3782 3416 misericordem

2343 3453 2637 3524 mitemque
2662 3462 3001 3520 convertere,
3029 3469 3212 3510 nonne
3262 3463 3318 3510 et
3369 3453 3485 3508 huic
3524 3451 3607 3520 ipsi
3637 3446 3700 3518 qui
3727 3445 3782 3498 hoc

2343 3545 2492 3611 facit,
2507 3546 2688 3602 Veteri
2702 3545 3068 3612 Testamento,
3084 3546 3230 3616 quod
3245 3547 3313 3602 ab
3330 3545 3530 3601 homine
3547 3538 3728 3596 similiter
3737 3550 3782 3588 sa-

2345 3637 2544 3709 crilcgo
2573 3645 2756 3707 posset
2775 3635 2892 3691 fieri
2910 3636 3075 3700 Novo,
3099 3637 3342 3708 impurus
3355 3644 3502 3705 atque
3516 3631 3670 3701 impius
3684 3641 3779 3697 apii”

2344 3728 2634 3796 rebit?Qni
2658 3738 2837 3783 autem
2861 3737 3006 3784 recte
3027 3728 3157 3784 colit
3184 3729 3438 3794 Denm,et
3455 3724 3653 3797 profecto
3663 3718 3782 3774 utrius

2342 3836 2447 3890 quc
2473 3820 2805 3876 Testamenti
2826 3821 3031 3876 invenit
3043 3837 3208 3876 unum
3223 3821 3412 3886 Deum,
3426 3827 3476 3875 et
3487 3817 3678 3889 ejusdem
3691 3810 3782 3865 unius

2342 3909 2436 3964 Dei
2462 3911 2515 3964 in
2550 3918 2780 3980 utroque
2808 3910 2981 3982 diligit
3019 3911 3352 3978 bonitatem,
3380 3911 3428 3964 in
3452 3915 3642 3976 utroque
3668 3897 3782 3955 metuit

2341 4001 2684 4057 severitatem
2695 4041 2709 4066 ,
2727 4001 2776 4055 in
2792 4000 2881 4056 illo
2893 4001 3196 4071 intelligens
3211 4001 3516 4074 promissum
3527 3995 3742 4054 Christum,
3753 3988 3781 4040 in

2343 4092 2448 4146 isto
2471 4091 2740 4161 accipiens
2761 4091 3028 4147 redditum
3059 4091 3354 4150 Christum.
3380 4093 3548 4148 Nonne
3565 4089 3621 4142 ibi
3639 4084 3738 4154 prius
3752 4079 3782 4131 in

2342 4181 2448 4237 illis
2471 4183 2745 4237 veteribus
2761 4183 2911 4238 libris
2927 4184 3124 4238 lectum
3143 4193 3229 4239 est
3240 4199 3344 4240 non
3366 4171 3782 4239 reddendnmnnlun

2341 4290 2440 4345 pro
2463 4274 2628 4339 malo,
2661 4274 2749 4330 ubi
2775 4275 3101 4346 praecipitur,
3128 4278 3255 4332 utsi
3277 4278 3555 4350 jumentum
3577 4265 3722 4326 inimici
3737 4261 3782 4355 sui

2341 4375 2530 4417 errare
2559 4362 2786 4432 quisque
2816 4361 3102 4429 invenerit,
3131 4373 3348 4419 revocet
3364 4361 3565 4418 Domino
3585 4356 3689 4426 ejus,
3709 4357 3781 4405 ets:

2340 4451 2626 4507 cecidisset
2663 4451 2718 4506 in
2766 4451 2874 4516 via,
2934 4467 3037 4508 non
3085 4462 3439 4523 pertranseat,
3480 4450 3560 4506 sed
3596 4447 3782 4500 levetcutn

2340 4539 2465 4596 illo?
2503 4540 2698 4612 (Exod.
2736 4557 2890 4607 χχιιι,
2921 4541 3000 4614 5.)
3031 4541 3220 4599 Nonne
3246 4545 3317 4600 ibi
3351 4543 3491 4616 prius
3527 4538 3722 4607 scriptum
3737 4537 3783 4581 es!

661 4645 909 4716 sapientis
937 4662 956 4701 :
982 4645 1051 4702 Et
1077 4646 1131 4702 in
1157 4647 1463 4704 Proverbiis
1486 4649 1697 4719 legitur,
1725 4650 1850 4717 quia
1870 4648 2004 4703 Deus
2027 4650 2234 4702 tltesau-

2198 4667 2234 4701 l-
2266 4623 2315 4683 ι)
2339 4632 2480 4700 (Ιυοά
2505 4631 2794 4701 Apostolus
2826 4633 2975 4701 ponit
3001 4651 3014 4687 :
3056 4631 3115 4688 Si
3140 4637 3302 4689 esurit
3332 4635 3552 4689 inimicus
3586 4619 3781 4719 tuna-till

661 4737 794 4791 rizat
821 4735 1152 4809 diligentibus
1170 4755 1226 4795 se
1248 4738 1487 4794 salutem.
1518 4739 1584 4795 Et
1605 4739 1770 4796 Isaias
1785 4741 2045 4811 propheta
2071 4739 2231 4794 dicit:

663 4827 727 4883 In
757 4829 1017 4885 thesauris
1043 4840 1119 4886 est
1146 4830 1291 4886 salus
1332 4841 1528 4897 nostra,
1558 4832 1627 4886 ibi
1668 4832 1926 4902 sapientia
1977 4840 2026 4886 et
2078 4831 2237 4886 disci-

658 4916 806 4987 plina
836 4927 883 4972 et
907 4919 1073 4988 pietas
1097 4919 1166 4974 ad
1196 4918 1471 4975 Dominum
1495 4919 1631 4992 (Isa.
1662 4935 1858 4986 χχχιιι,
1883 4919 1960 4991 6).
2003 4918 2068 4974 Hi
2109 4927 2236 4974 sunt

664 5008 903 5064 thesauri
924 5008 1166 5078 iustitiae,
1195 5011 1289 5066 sed
1312 5010 1582 5082 vaniloqni
1607 5019 1661 5066 et
1692 5012 1891 5066 mentis
1923 5011 2236 5066 scductores

664 5098 1013 5156 adversantes
1039 5101 1231 5159 litteris
1257 5103 1446 5170 sacris,
1490 5118 1626 5173 quas
1660 5102 1954 5174 intelligere
1997 5101 2185 5156 nolunt
2215 5116 2228 5154 :

662 5187 868 5258 eligunt
897 5203 965 5245 ex
986 5191 1066 5246 eis
1088 5207 1278 5263 aspera
1314 5208 1435 5262 qua:
1460 5193 1534 5248 ibi
1561 5192 1831 5264 leguntur,
1864 5191 1932 5245 ad
1961 5205 2234 5246 commen-

664 5279 893 5334 dandam
925 5282 1266 5338 severitatem
1305 5284 1422 5350 Dei,
1466 5283 1618 5340 etde
1659 5283 1854 5337 litteris
1899 5279 2236 5351 Evangelicis

664 5380 829 5442 atque
860 5373 1166 5443 apostolicis
1192 5375 1326 5431 levia
1356 5392 1475 5447 qua:
1495 5376 1568 5432 ibi
1596 5375 1846 5447 leguntur
1870 5374 1938 5429 ad
1965 5388 2237 5430 commen-

663 5463 899 5518 dandam
921 5463 1216 5520 bonitatem
1249 5466 1366 5532 Dei,
1399 5476 1454 5522 et
1483 5468 1623 5538 apud
1670 5465 1915 5522 homines
1957 5464 2238 5535 imperitos

665 5554 792 5610 hinc
840 5555 1090 5624 ingerunt
1130 5557 1435 5624 horrorem,
1484 5559 1608 5614 inde
1659 5565 1909 5628 quaerunt
1953 5554 2234 5620 favorem;

665 5648 820 5715 quasi
855 5647 1068 5705 dilllcile
1097 5651 1254 5706 situt
1287 5653 1571 5723 quisquam
1603 5653 1851 5709 similiter
1895 5651 2238 5722 blasphemus

669 5744 833 5806 atque
857 5739 1054 5809 impius
1074 5756 1138 5797 eo
1167 5743 1326 5797 modo
1346 5744 1660 5800 adversetur
1687 5744 1836 5802 Novo
1862 5741 2230 5810 Testamento,

667 5842 776 5916 quo
798 5827 898 5886 iste
925 5829 1124 5899 Veteri,
1157 5849 1386 5914 carpens
1413 5836 1478 5893 de
1522 5837 1700 5897 Veteri
1727 5837 1923 5924 quibus
1959 5835 2032 5898 ibi
2061 5850 2234 5912 ⁴οοιιι·
2270 5896 2279 5908 .

2338 4718 2521 4785 illum;
2566 4721 2612 4774 si
2656 4722 2785 4786 sitit,
2817 4732 2995 4791 potum
3030 4723 3101 4777 da
3142 4724 3270 4778 illi?
3296 4724 3458 4795 (Rom.
3487 4717 3663 4786 111,20:
3686 4709 3781 4764 Ρνοτ·

2337 4825 2464 4874 xxv,
2516 4809 2632 4882 2i.)
2681 4810 2868 4866 Nonne
2904 4813 2974 4866 ibi
3011 4814 3161 4884 prius
3193 4815 3351 4870 homo
3379 4814 3466 4870 Dei
3492 4813 3585 4867 Deo
3606 4820 3679 4863 suo
3698 4795 3781 4869 ‘le

2337 4901 2386 4955 ei
2415 4901 2597 4970 utique
2639 4902 2738 4957 scit
2773 4902 2988 4984 placere
3027 4902 3160 4960 dicit
3192 4923 3205 4959 :
3234 4904 3448 4959 Domine
3473 4902 3592 4957 Deus
3621 4886 3782 4952 meus.“

2338 5001 2437 5071 feci
2482 5002 2644 5067 istud,
2686 5004 2730 5057 si
2775 5013 2848 5057 est
2876 5004 3125 5074 iniquitas
3153 5005 3208 5059 in
3248 5005 3476 5059 manibus
3501 5001 3619 5060 meis,
3650 4995 3684 5048 εἰ
3713 4987 3782 5041 ηδ·

2336 5100 2448 5154 didi
2479 5100 2873 5155 retribuentibus
2912 5104 3039 5157 mihi
3073 5103 3253 5157 mala?
3291 5100 3452 5176 (Psal.
3480 5114 3561 5163 vn,
3583 5094 3644 5164 4.)
3667 5087 3784 5142 Non“?

2341 5191 2410 5246 ibi
2434 5191 2585 5262 prius
2619 5191 2882 5248 Jeremias
2905 5195 3169 5264 propheta
3208 5195 3454 5250 describit
3484 5186 3626 5246 sancti
3649 5178 3768 5251 ραιίείι

2341 5283 2470 5336 tiam
2500 5284 2790 5353 praebentis
2815 5285 3139 5354 percutienti
3164 5301 3222 5341 se
3243 5282 3530 5340 maxillam?
3558 5276 3780 5366 (Thrnell).

2339 5375 2453 5443 '50.)
2482 5373 2670 5430 Nonne
2702 5375 2774 5430 ibi
2817 5377 2967 5446 prius
2997 5392 3093 5446 per
3125 5377 3286 5432 alium
3329 5375 3605 5447 prOphetam
3623 5371 3766 5452 ρηεεψξ

2341 5474 2431 5519 tur
2477 5471 2537 5518 ut
2579 5465 2796 5519 malitiae
2842 5468 3208 5537 unusquisque
3239 5466 3418 5521 fratris
3453 5461 3528 5518 sui
3564 5471 3646 5512 non
3675 5460 3768 5546 rei“

2345 5557 2626 5613 niscatur?
2654 5543 2795 5626 (Leu.
2823 5573 2935 5623 χιχ,
2977 5558 3088 5626 18.)
3119 5558 3261 5626 Quid
3309 5565 3390 5612 est
3425 5568 3536 5622 ergo
3579 5541 3686 5616 quod
3723 5541 3781 5588 ist?

2343 5649 2689 5718 blasphemus
2729 5650 2842 5704 haec
2881 5657 3136 5720 tanquam
3188 5647 3444 5704 contraria
3479 5634 3627 5694 Veteri
3662 5626 3766 5731 Trsti

2345 5753 2526 5798 mento
2541 5743 2606 5798 de
2622 5741 2770 5798 Novo
2794 5742 3019 5815 colligit,
3034 5750 3126 5797 aut
3142 5751 3387 5812 utrasque
3399 5739 3576 5793 .itteras
3597 5731 3777 5815 nestit-ﬁla“.

2345 5847 2436 5900 aut
2463 5847 2522 5896 ut
2549 5838 2781 5918 decipiat
2825 5805 3102 5918 imperitos
3155 5852 3213 5898 se
3255 5805 3389 5902 scire
3427 5812 3725 5888 dissimulans?
3753 5805 3776 5858 Α
