4010 6352
222 406 361 463 “53

221 535 333 591 quo
357 525 558 579 tamen,
593 512 636 568 si
669 517 942 582 quaeratur
973 518 1153 564 utrum
1190 481 1298 562 non
1349 503 1540 560 reddat
1590 481 1792 558 malum
1819 499 1869 558 A

221 623 324 680 pro
343 605 506 670 malo,
537 603 627 673 qui
655 617 754 673 pro
781 600 900 656 cibo
932 615 1037 655 non
1061 606 1281 668 accepto
1327 595 1381 649 in
1409 595 1588 664 ignem
1633 591 1797 647 mittit

226 709 484 755 aeternum
523 693 734 766 (Matth.
784 709 912 758 xxv,
941 691 1056 764 42),
1099 689 1342 760 profecto
1395 685 1698 742 turbabitur
1740 692 1798 739 et

228 788 603 846 admonebitur
639 782 1134 854 incomparabiliter
1189 793 1310 836 esse
1351 777 1536 832 mitius
1591 772 1798 829 oculum

226 902 324 956 pro
369 883 539 948 oculo,
592 882 794 936 dentem
843 894 936 948 pro
989 877 1140 931 dente
1187 870 1386 945 (Exod.
1419 885 1536 935 xxx,
1565 867 1656 937 24)
1701 867 1799 922 ho-

230 975 364 1030 mini
410 971 644 1036 aul‘erre,
693 969 784 1026 ubi
825 980 1078 1023 mensura
1131 961 1383 1018 vindictae
1425 958 1645 1014 modum
1689 968 1796 1011 non

231 1064 428 1120 transit
472 1061 680 1133 injuria:
728 1057 1087 1121 (Lev.’xx1v,
1145 1053 1248 1119 l9,
1298 1049 1408 1120 20)
1455 1065 1615 1121 quam
1659 1045 1802 1116 quod

231 1162 450 1227 propter
512 1151 808 1208 exhibitam
877 1146 1272 1204 humanitatem
1349 1149 1551 1197 tantam
1621 1153 1803 1210 repre-

233 1247 471 1302 hendere
499 1239 838 1316 [rependere]
870 1241 1236 1303 severitatem,
1260 1235 1350 1292 ubi
1380 1233 1690 1289 transitoria
1721 1239 1806 1288 est

242 1337 430 1407 culpa,
450 1345 507 1390 et
528 1333 688 1389 ﬁnem
709 1347 815 1388 non
836 1331 996 1388 habet
1023 1344 1183 1401 paena
1211 1342 1225 1382 :
1251 1334 1413 1397 atque
1441 1326 1518 1380 ita
1546 1324 1736 1389 discet,
1757 1322 1803 1379 si

230 1425 485 1495 pervicax
525 1439 629 1478 non
663 1431 769 1488 est,
797 1421 852 1476 in
873 1430 1101 1491 utroque
1128 1418 1225 1474 Dei
1245 1419 1409 1472 unius
1436 1414 1801 1480 Testamento,

235 1523 291 1569 et
346 1514 631 1568 amandam
676 1509 971 1566 bonitatem
1016 1519 1071 1564 et
1124 1507 1415 1562 timendam
1440 1506 1802 1561 severitatem.

236 1607 492 1675 Quamvis
525 1605 670 1660 enim
700 1604 754 1659 in
793 1601 976 1658 Veteri
1020 1600 1371 1657 Testamento
1421 1607 1644 1670 propter
1673 1607 1804 1653 tem-

236 1698 501 1768 poralium
530 1697 795 1752 bonorum
815 1693 1232 1764 promissionem
1254 1691 1626 1761 malorumque
1663 1704 1806 1745 com-

240 1789 590 1864 minationem
629 1801 815 1843 servos
863 1785 1039 1855 pariat
1079 1782 1390 1852 temporalis
1423 1777 1802 1835 Hierusalem:

1067 393 1154 448 DE
1194 381 1864 447 PRIEDESTINATIONE
1901 378 2178 438 CONTRA
2217 377 2284 432 ,ιι
2308 373 2608 432 SCOTUM.
3315 363 3462 454 (HM

2519 479 2746 539 CAPUT
2781 476 2870 534 XI.

1899 581 2052 648 Quod
2083 579 2257 634 divina
2286 578 2617 648 humanaque
2657 569 2968 648 auctoritate
3002 565 3327 648 comprobari
3353 582 3469 648 pos:

1968 654 2034 706 sit
2066 667 2169 705 non
2193 663 2302 703 esse
2319 647 2418 701 Dei
2442 635 2966 716 praedatinationent,
2991 639 3091 692 nisi
3118 635 3207 690 de
3254 636 3334 690 his
3356 635 3360 636 “
3379 635 3470 707 qui

1968 721 2249 792 prazparati
2276 727 2398 773 sunt
2427 709 2497 770 ad
2527 723 2774 769 wternam
2806 709 3128 780 felicitatem.

1968 815 2009 884 -ι-
2048 811 2343 870 Undecimo
2368 813 2742 882 portentorum
2769 811 2982 858 tuorum
3011 806 3257 858 monstro
3279 797 3360 855 ais
3387 816 3398 852 :

2449 934 2676 977 ιολΝΝεδ
2713 931 2933 974 εοοτυδ.

1973 1017 2126 1091 (Cap.
2161 1017 2250 1082 Η,
2281 1029 2432 1070 num.
2461 1013 2512 1079 1,
2540 1020 2675 1068 sect.
2704 1009 2783 1081 1.)
2813 1018 2856 1066 Θ
2896 1006 3048 1074 Quod
3087 1005 3260 1059 dicina
3286 1003 3475 1057 huma-

1903 1125 2072 1181 naque
2097 1107 2406 1163 auctoritate
2433 1101 2760 1174 comprobari
2779 1102 2939 1170 possit
2961 1115 3065 1154 non
3091 1113 3200 1152 esse
3220 1096 3316 1150 Dei
3340 1110 3477 1165 prat-

1903 1199 2326 1262 destinationem,
2348 1195 2448 1250 nisi
2473 1194 2538 1250 de
2559 1193 2640 1248 his
2663 1192 2753 1264 qui
2780 1189 3065 1262 prteparati
3091 1197 3212 1244 sunt
3239 1187 3308 1240 ad
3329 1194 3478 1240 (cter-

1904 1309 2026 1349 nam
2055 1291 2382 1363 felicitatem.

2534 1392 2852 1438 οοιιιιεοτιο.

1973 1478 2015 1548 -ι-
2050 1475 2110 1532 ιιι
2141 1465 2250 1547 quo
2285 1488 2408 1531 cum
2445 1471 2588 1529 dicta
2615 1471 2869 1543 replicas,
2901 1477 3048 1524 tuam
3073 1463 3339 1523 insaniam
3367 1478 3481 1518 ma-

1905 1567 2130 1624 nifestas
2183 1567 2266 1623 ais
2294 1565 2439 1621 enim
2467 1582 2480 1618 :

2458 1689 2687 1732 JOANNES
2723 1687 2944 1730 SCOTUS.

1982 1773 2163 1846 (Num.
2194 1771 2275 1842 2.)
2311 1779 2354 1828 Θ
2381 1770 2483 1824 Aut
2508 1766 2766 1840 quomodo
2802 1782 2836 1820 a
2869 1763 3083 1819 veritate
3114 1759 3412 1822 abhorreat,
3443 1754 3491 1809 si

241 1882 297 1936 in
326 1862 475 1937 Novo
503 1889 704 1945 autem,
742 1877 833 1933 ubi
863 1847 1006 1932 lides
1053 1847 1282 1945 imperat
1315 1873 1658 1938 charitatem,
1702 1883 1808 1940 qua
1839 1849 1885 1911 Β
1911 1865 2122 1920 dicatur
2151 1880 2184 1916 a
2226 1859 2406 1926 simili,
2443 1857 2698 1930 praesciuit
2725 1855 2868 1910 Deus
2898 1852 3074 1907 omnia
3105 1865 3222 1921 qua:
3252 1847 3488 1917 facturus

241 1973 326 2028 lex
347 1972 516 2044 possit
540 1970 782 2042 impleri,
819 1985 928 2026 non
979 1970 1150 2038 magis
1197 1967 1390 2021 timore
1426 1978 1600 2036 pmnae
1648 1977 1810 2032 quam

245 2063 600 2120 delectatione
643 2061 762 2134 [al.,
793 2059 1097 2132 dilectione]
1135 2058 1358 2129 justitiaa
1402 2056 1601 2112 liberos
1637 2053 1813 2124 pariat

245 2164 444 2212 :eterna
485 2155 822 2210 Hierusalem
854 2171 867 2207 :
903 2161 1083 2207 tamen
1113 2159 1169 2206 et
1198 2151 1304 2206 illis
1336 2147 1665 2219 temporibus
1697 2145 1812 2201 fue-

245 2248 358 2303 rint
373 2247 505 2318 justi
527 2245 817 2316 spiritales,
856 2259 991 2314 quos
1039 2259 1144 2298 non
1177 2240 1458 2299 occidebat
1505 2240 1682 2294 littera
1727 2239 1814 2310 ju-

247 2341 401 2405 bens,
437 2339 530 2396 sed
553 2338 863 2393 viviﬁcabat
897 2335 1118 2407 spiritus
1138 2333 1358 2404 juvaus.
1410 2331 1560 2388 Unde
1587 2339 1642 2386 et
1681 2329 1814 2386 ﬁdes

251 2432 462 2488 venturi
485 2430 691 2487 Christi
721 2430 995 2485 habitabat
1043 2429 1231 2498 utique
1264 2427 1318 2481 in
1345 2425 1645 2496 prophetis,
1693 2439 1816 2479 ven-

250 2531 431 2577 turum
460 2519 936 2592 pronuntiantibus
964 2517 1276 2582 Christum;
1306 2525 1362 2571 et
1383 2531 1526 2571 nunc
1551 2515 1814 2586 suntplu-

251 2615 371 2670 rimi
414 2613 676 2677 carnales,
699 2612 791 2682 qui
819 2610 904 2666 vel
942 2610 1174 2665 haereses
1211 2608 1436 2671 faciunt,
1462 2622 1568 2662 non
1613 2605 1817 2661 intelli-

255 2705 425 2777 gendo
453 2703 782 2776 Scripturas,
809 2701 896 2756 vel
925 2701 978 2756 in
1027 2700 1142 2770 ipsa
1173 2697 1449 2754 Catholica
1499 2705 1595 2751 aut
1644 2696 1818 2751 adhuc

251 2797 456 2868 parvuli
491 2797 630 2853 lacte
660 2794 986 2850 nutriuntur.
1024 2800 1118 2847 aut
1145 2800 1400 2860 tanquam
1426 2789 1579 2860 palea
1630 2801 1816 2859 perse-

253 2903 448 2944 verans
496 2885 693 2942 futuris
745 2885 956 2955 ignibus
1005 2889 1392 2954 praeparantur.
1437 2881 1590 2936 Sicut
1641 2888 1820 2934 autem

254 2983 398 3036 Deus
432 2995 567 3035 unus
595 2988 648 3034 et
673 2992 831 3032 verus
854 2984 1066 3031 creator
1087 2975 1351 3030 bonorum
1395 2981 1496 3038 est,
1535 2979 1590 3026 et
1619 2979 1822 3042 tempo-

254 3073 446 3128 ralium
473 3079 528 3126 ct
546 3079 890 3132 aeternorum,
919 3068 992 3122 ita
1037 3067 1177 3122 idem
1229 3067 1343 3135 ipse
1389 3074 1578 3120 auctor
1598 3071 1681 3120 est
1707 3078 1822 3117 am-

257 3166 445 3221 borum
470 3164 956 3227 Testamentorum,
985 3161 1110 3231 quia
1135 3169 1190 3216 et
1214 3159 1422 3215 Novum
1453 3176 1508 3214 in
1536 3159 1719 3214 Veteri
1741 3167 1826 3214 est

259 3259 561 3328 ﬁguratum,
597 3265 651 3310 et
683 3255 846 3309 Vetus
895 3253 948 3307 in
994 3251 1142 3308 Novo
1189 3261 1272 3306 est
1315 3251 1630 3306 revelatum.
1671 3251 1827 3323 Igno-

259 3348 441 3408 scetuli
461 3355 642 3406 autem
668 3344 976 3406 misericors
1001 3342 1379 3411 mansuetudo,
1412 3350 1634 3416 propter
1663 3355 1826 3416 quam

259 3445 460 3498 dictum
486 3451 562 3498 est
596 3460 609 3495 :
637 3441 754 3497 Non
785 3441 954 3497 solum
1010 3440 1226 3510 septies,
1279 3439 1371 3494 sed
1396 3439 1560 3496 etiam
1609 3444 1826 3509 septua-

257 3538 376 3609 gies
404 3537 598 3608 septies
639 3535 793 3592 fratri
819 3537 1142 3593 remittenda
1189 3550 1310 3591 esse
1336 3547 1560 3606 peccata
1611 3533 1824 3606 (Matth,

257 3644 418 3697 xvm,
437 3629 528 3702 22)
557 3647 570 3684 :
601 3645 706 3686 non
736 3630 804 3685 ad
834 3631 936 3685 hoc
961 3629 1123 3694 valet,
1157 3636 1218 3683 ut
1247 3627 1317 3682 sit
1347 3627 1604 3698 iniquitas
1651 3626 1828 3697 impu—

255 3721 395 3787 nita,
425 3730 517 3776 aut
553 3730 771 3792 torpens
813 3729 868 3775 et
901 3719 1174 3777 dormiens
1202 3719 1507 3789 disciplina,
1550 3717 1695 3788 quod
1735 3732 1832 3786 po-

254 3814 369 3869 tius
395 3814 538 3869 obsit
569 3828 730 3883 quam
755 3811 982 3880 diligens
1005 3812 1339 3884 vigilansque
1355 3812 1611 3866 vindicta.
1637 3810 1832 3865 Claves

252 3905 456 3976 quippe
487 3904 632 3976 regni
659 3903 918 3958 caelorum
948 3903 1026 3959 sic
1056 3903 1202 3957 dedit
1246 3901 1492 3958 Christus
1541 3900 1822 3965 Ecclesiae,

253 4005 322 4050 ut
352 4010 457 4050 non
485 3995 654 4050 solum
684 3994 890 4048 diceret
919 4011 931 4046 :
961 3993 1091 4059 Qua:
1117 3991 1374 4046 solveritis
1414 4007 1570 4060 super
1613 4001 1829 4056 terram,

253 4085 433 4140 soluta
457 4094 608 4141 erunt
637 4095 684 4138 et
713 4086 768 4137 in
803 4081 941 4136 cretis
996 4079 1210 4152 (Matth.
1240 4096 1348 4144 xvr,
1377 4080 1496 4151 l9);
1535 4080 1625 4135 ubi
1673 4095 1831 4150 aper-

254 4176 468 4232 tissime
488 4175 711 4239 bonum,
734 4160 842 4228 non
867 4171 1068 4227 malum
1097 4187 1196 4242 pro
1214 4169 1356 4226 malo
1385 4170 1830 4236 redditEcclesia;

253 4282 449 4322 verum
487 4274 543 4322 et
563 4265 877 4336 adjungeret
909 4281 922 4317 :
954 4263 1085 4329 Quae
1109 4262 1396 4332 ligaveritis
1419 4262 1474 4316 in
1495 4271 1656 4325 terra,
1681 4271 1832 4316 erunt

253 4362 422 4432 ligata
445 4370 494 4415 et
531 4361 586 4414 in
620 4358 768 4424 caelo,
791 4357 918 4428 quia
966 4357 1106 4412 bona
1160 4363 1245 4410 est
1291 4364 1345 4410 et
1391 4353 1698 4409 vindicandi
1747 4353 1836 4423 ju-

254 4453 427 4510 stitia.
448 4451 583 4507 lllud
603 4451 747 4506 enim
771 4449 912 4519 quod
935 4449 1046 4502 ait:
1072 4445 1134 4503 Si
1155 4463 1247 4502 nec
1268 4445 1560 4501 Ecclesium
1585 4447 1834 4511 audierit,

1913 1967 2064 2023 esset,
2093 1957 2305 2011 dicatur
2330 1972 2362 2008 a
2391 1951 2655 2008 contrario
2692 1949 2945 2020 praesciuit
2976 1961 3093 2018 qutc
3123 1943 3359 2014 facturus
3385 1955 3491 1994 non

1913 2059 2042 2104 esset
2071 2064 2165 2120 pro
2197 2046 2408 2101 nescivit
2437 2057 2454 2096 :
2479 2041 2720 2098 similiter
2759 2041 2824 2094 de
2853 2035 3307 2110 praedestinatione
3340 2028 3494 2084 intel-

1915 2137 2179 2209 ligendum
2208 2154 2241 2190 a
2275 2133 2456 2199 simili,
2484 2130 2870 2205 prcedestinavit
2896 2128 3036 2182 Deus
3060 2141 3190 2195 quos
3219 2137 3491 2195 prepara-

1916 2229 1987 2283 vit
2025 2228 2093 2282 ad
2127 2243 2279 2282 suam
2310 2225 2594 2296 gratuitam
2639 2221 2865 2292 gratiam
2893 2215 3271 2288 accipiendam,
3300 2230 3334 2267 a
3369 2227 3495 2266 con-

1916 2319 2080 2372 trario
2108 2316 2499 2388 prcedestinavit
2531 2313 2718 2382 impios
2757 2310 2824 2364 ad
2860 2308 3130 2362 interitum
3173 2303 3249 2360 vel
3295 2301 3496 2372 suppli-

1918 2408 2057 2462 cium
2087 2417 2362 2471 wternum,
2389 2419 2520 2476 quos
2545 2413 2720 2458 tamen
2748 2417 2852 2456 non
2877 2396 3283 2470 praedestinavit.

2548 2529 2750 2572 COBREC
2756 2529 2864 2570 1‘10.

1989 2615 2026 2687 -ι-
2060 2613 2105 2670 0
2133 2610 2407 2684 ingenium
2448 2607 2669 2664 venenis
2706 2605 2984 2669 infectum,
3015 2616 3049 2657 ο
3082 2616 3300 2658 sensum
3342 2613 3496 2656 erro-

1921 2722 2040 2762 rum
2096 2703 2334 2760 tenebris
2385 2696 2886 2770 incomparabiliter
2932 2693 3316 2758 obscuratum,
3355 2705 3496 2744 nun-

1920 2811 2080 2868 quam
2126 2795 2325 2866 quippe
2372 2790 2537 2847 etiam
2582 2787 2957 2844 haereticorum
2996 2783 3254 2855 quislibet
3291 2787 3413 2835 ante
3452 2787 3503 2834 te

1922 2889 2068 2943 hunc
2096 2884 2365 2940 nefarium
2397 2879 2731 2936 intellectum
2767 2876 2986 2933 admisit
3015 2892 3028 2929 :
3057 2873 3237 2929 nullus
3270 2870 3501 2928 catholi-

1923 2991 2110 3034 corum
2148 2974 2338 3031 saltem
2363 2981 2542 3028 mente
2573 2970 2840 3040 concepit,
2872 2975 2931 3022 ut
2962 2968 3129 3022 Deum
3152 2964 3292 3020 scire
3313 2978 3414 3033 pro
3441 2976 3506 3017 eo

1926 3070 2068 3141 quod
2108 3077 2190 3124 est
2226 3065 2458 3131 nescire,
2487 3071 2543 3118 et
2575 3060 2967 3134 praedestinare
3006 3072 3106 3129 pro
3143 3070 3208 3111 eo
3251 3055 3394 3125 quod
3426 3060 3508 3108 est

1927 3178 2033 3218 non
2074 3159 2478 3232 praedestinare,
2530 3163 2623 3210 aut
2665 3153 3049 3222 intelligerent,
3083 3157 3178 3203 aut
3209 3146 3508 3216 intelligen-

1852 3217 1896 3281 α
1932 3257 2056 3316 dum
2102 3253 2410 3313 suaderent.
2441 3249 2646 3321 Nempe
2692 3259 2881 3304 omnes
2919 3249 3232 3320 sanctarum
3265 3237 3510 3309 Scriptu-

1930 3363 2115 3404 rarum
2145 3343 2444 3403 ﬁdelissimi
2479 3351 2534 3398 et
2560 3337 2864 3398 doctissimi
2891 3341 3212 3392 tractatores
3235 3343 3510 3401 nunquam

1931 3460 1962 3498 a
1989 3439 2264 3498 contrario
2291 3437 2462 3492 Deum
2487 3434 2651 3500 scire,
2675 3431 2762 3488 vel
2787 3430 3174 3503 praedestinare
3194 3424 3336 3480 mala
3361 3437 3510 3493 quae-

1930 3537 2064 3592 libet
2086 3535 2384 3590 docuerunt
2413 3549 2427 3585 :
2454 3529 2548 3585 sed
2573 3527 2712 3584 sicut
2735 3540 2794 3581 se
2824 3524 2986 3580 habet
3015 3519 3219 3577 veritas
3240 3514 3510 3577 lectionis,

1931 3628 2008 3686 ita
2029 3635 2090 3682 ut
2115 3632 2272 3682 sonat
2303 3622 2540 3694 seposito
2568 3618 2716 3675 omni
2755 3613 3108 3672 obscuritatis
3136 3608 3323 3665 nubilo
3355 3605 3514 3661 intel-

1931 3721 2200 3791 ligendam
2236 3716 2500 3773 veraciter
2520 3712 2905 3783 praedicarunt.
2931 3706 3120 3776 Itaque
3143 3701 3189 3757 si
3219 3698 3513 3756 secundum

1935 3823 2081 3869 tuam
2107 3810 2435 3882 pravitatem
2464 3804 2633 3876 (quod
2670 3799 2833 3871 absit)
2864 3797 3130 3867 accipitur
3154 3800 3216 3848 ut
3239 3791 3380 3848 scire
3417 3803 3517 3861 pro

1935 3881 2166 3967 nescire,
2198 3908 2255 3956 et
2281 3895 2671 3970 praedestinare
2712 3906 2811 3964 pro
2858 3904 2965 3944 non
3009 3884 3393 3959 praedestinare
3435 3881 3518 3935 in-

1937 3996 2227 4068 telligatur,
2278 3991 2406 4060 quid
2465 3985 2784 4051 absurdius,
2845 3982 2952 4038 imo
3006 3976 3348 4068 perversius,
3399 3971 3516 4068 dici

1935 4061 2099 4154 queat
2124 4096 2235 4137 non
2261 4077 2458 4133 video:
2489 4075 2672 4130 omnia
2708 4071 2878 4134 enim,
2908 4079 3242 4139 quascunque
3283 4063 3339 4118 in
3383 4061 3518 4117 divi-

1912 4151 2042 4238 nis,
2075 4172 2161 4227 vel
2198 4178 2415 4241 patrum
2456 4163 2653 4220 litteris
2699 4159 2892 4217 similia
2927 4155 3298 4228 proferuntur,
3332 4151 3510 4208 eidem

1938 4264 2162 4320 insaniae
2186 4257 2564 4329 subjacebunt.
2597 4251 2860 4308 Videlicet
2891 4257 2953 4304 ut
2982 4246 3406 4318 quotiescunque
3437 4241 3514 4298 le-

1937 4358 2080 4430 gitur
2100 4357 2242 4411 Deus
2270 4352 2471 4415 facere,
2499 4361 2711 4412 creare,
2737 4343 2896 4408 scire,
2920 4340 3194 4412 praescire,
3222 4336 3516 4399 destinare,

1937 4447 2356 4520 praedestinare,
2407 4441 2690 4504 ordinare,
2745 4435 3142 4506 praeordinare,
3200 4431 3515 4500 disponere,

254 4547 329 4600 sit
363 4544 454 4598 tibi
481 4554 728 4613 tanquam
753 4540 986 4595 ethnicus
1018 4548 1066 4593 et
1111 4537 1418 4608 publicanus
1444 4535 1656 4608 (Matt/1.
1681 4552 1832 4599 xvm,
1868 4572 1915 4630 υ
1940 4540 2220 4610 deputare,
2247 4535 2517 4603 delegare,
2541 4531 2851 4591 decernere,
2883 4532 3140 4588 statuere,
3164 4520 3516 4581 constituere,

258 4637 378 4708 17),
407 4637 621 4709 gravius
649 4643 917 4704 estquam
949 4632 994 4687 si
1021 4631 1199 4702 gladio
1231 4629 1504 4695 feriretur,
1537 4631 1581 4684 si
1609 4628 1838 4684 ﬂammis

209 4729 212 4733 '
259 4731 654 4794 absumeretur,
684 4727 729 4782 si
756 4725 886 4781 feris
911 4723 1282 4794 subrigeretur
1306 4722 1403 4795 [αι.
1434 4721 1835 4794 subjiceretur].

258 4821 400 4878 Nam
429 4820 502 4876 ibi
525 4833 736 4890 quoque
764 4817 1038 4888 subjuuxit
1067 4833 1079 4870 :
1107 4816 1272 4870 Amen
1297 4813 1413 4868 dico
1439 4814 1604 4880 vobis,
1631 4829 1748 4884 qua:
1775 4812 1840 4866 li-

259 4912 504 4985 gaveritis
531 4912 587 4964 in
613 4921 753 4965 terra
772 4917 921 4963 erunt
949 4907 1110 4978 ligata
1129 4917 1177 4960 et
1207 4907 1263 4960 in
1291 4905 1452 4960 caelis.
1483 4905 1555 4960 Ut
1580 4903 1840 4974 intellige-

259 5012 416 5058 retur
456 5015 614 5072 quam
664 4998 880 5070 gravius
927 4998 999 5053 sit
1040 4997 1284 5068 punitus,
1312 4997 1402 5067 qui
1434 4997 1580 5051 velut
1619 4995 1836 5051 relictus

260 5102 350 5149 est
379 5091 691 5162 impunitus.
725 5089 824 5144 Hic
851 5088 996 5144 dicat
1024 5088 1125 5144 iste
1154 5089 1198 5144 si
1223 5088 1417 5158 placet,
1449 5085 1661 5142 Siccine
1681 5101 1835 5141 man-

265 5185 394 5239 data
429 5181 723 5238 Salvatoris
755 5181 1060 5251 accepimus
1088 5180 1364 5249 jubentis?
1401 5177 1613 5233 Nemini
1657 5177 1836 5233 reddi-

269 5275 462 5332 deritis
478 5275 677 5329 malum
690 5287 787 5344 pro
814 5272 986 5338 malo;
1020 5272 1139 5339 sed,
1162 5271 1207 5328 si
1240 5272 1362 5344 quis
1392 5285 1488 5326 vos
1514 5269 1842 5341 percusserit

266 5373 324 5428 in
363 5387 524 5426 unam
559 5369 852 5433 maxillam,
878 5369 1113 5448 praebete
1146 5377 1201 5424 et
1233 5369 1492 5435 alteram;
1523 5377 1578 5424 et
1609 5385 1623 5422 :
1653 5367 1843 5422 Dimit-

268 5463 370 5518 tite
419 5460 642 5531 injurias
684 5458 944 5515 fratribus
991 5459 1208 5515 vestris.
1255 5459 1396 5515 Ecce
1427 5459 1494 5513 ah
1533 5457 1844 5514 hominibus

271 5569 380 5611 non
417 5551 760 5608 reddentibus
807 5549 1004 5605 malum
1053 5566 1151 5620 pro
1204 5549 1344 5604 malo
1393 5549 1646 5618 alligatur
1683 5549 1844 5602 homo

271 5644 512 5700 amarius
562 5653 616 5699 et
665 5642 933 5698 infelicius
969 5641 1224 5698 Ecclesia:
1255 5641 1494 5698 clavibus
1531 5655 1694 5711 quam
1727 5640 1846 5711 qui-

273 5737 508 5792 buslibet
549 5734 883 5806 gravissimis
930 5743 985 5789 et
1029 5733 1330 5790 durissimis
1375 5733 1565 5790 ferreis
1614 5732 1694 5788 vel
1747 5732 1845 5788 ad-

275 5829 562 5884 amantinis
589 5827 834 5884 nexibus.

1943 4630 2184 4692 tradere,
2230 4625 2446 4697 punire,
2501 4622 2770 4684 excitare,
2824 4615 3117 4679 suscitare,
3174 4623 3516 4673 convertere,

1941 4720 2236 4783 damnare,
2283 4715 2675 4778 condemnare,
2718 4709 2983 4781 judicare,
3022 4704 3265 4777 perdere,
3311 4701 3516 4770 disper-

1942 4812 2089 4876 dere,
2123 4811 2341 4874 ducere,
2387 4806 2662 4869 inducere,
2696 4801 2967 4864 indurare,
2998 4795 3266 4860 occidere,
3301 4805 3515 4862 parare,

1939 4915 2264 4976 praeparare,
2298 4916 2330 4954 a
2375 4898 2648 4955 contrario
2701 4893 3035 4965 intelligatur
3067 4907 3080 4943 :
3111 4885 3360 4943 videlicet
3411 4900 3516 4940 non

1942 4993 2141 5059 facere,
2169 5007 2275 5048 non
2323 5005 2533 5055 creare,
2574 4986 2807 5051 nescire,
2841 4999 2949 5040 non
2985 4978 3260 5052 praescire,
3291 4991 3397 5032 non
3427 4976 3522 5031 de-

1943 5089 2168 5152 stinare,
2199 5102 2304 5142 non
2346 5083 2752 5156 praedestinare,
2782 5096 2886 5136 non
2932 5075 3204 5140 ordinare,
3236 5088 3341 5128 non
3382 5086 3521 5142 prae-

1945 5179 2217 5244 ordinare,
2259 5191 2365 5232 non
2409 5176 2718 5247 disponere,
2760 5185 2865 5226 non
2913 5168 3193 5238 deputare,
3231 5180 3338 5220 non
3380 5162 3520 5219 dele-

1945 5285 2092 5342 gare,
2121 5283 2227 5325 non
2256 5267 2568 5331 decernere,
2599 5279 2705 5319 non
2751 5269 3007 5324 statuere,
3030 5272 3138 5313 non
3169 5254 3516 5315 constituere,

1948 5378 2054 5418 non
2086 5360 2324 5425 tradere,
2361 5373 2488 5427 non,
2511 5355 2724 5428 punire,
2758 5367 2865 5408 non
2907 5350 3164 5414 excitare,
3197 5362 3302 5403 non
3345 5345 3520 5402 susci-

1950 5464 2087 5522 tare,
2117 5469 2226 5510 non
2271 5457 2608 5513 convertere,
2650 5461 2757 5502 non
2809 5447 3084 5511 damnare,
3115 5458 3222 5499 non
3263 5440 3520 5498 condem-

1950 5560 2101 5612 nare,
2138 5560 2244 5600 non
2281 5541 2544 5612 judicare,
2593 5553 2701 5594 non
2750 5537 2995 5608 perdere,
3037 5549 3146 5592 non
3189 5531 3518 5602 disperdere,

1949 5653 2056 5694 non
2086 5636 2302 5699 ducere,
2335 5647 2440 5687 non
2473 5631 2750 5697 inducere,
2777 5644 2884 5685 non
2925 5627 3198 5692 indurare,
3233 5640 3341 5680 non
3379 5625 3523 5681 occi-

1951 5730 2098 5795 dere,
2133 5742 2237 5781 non
2274 5738 2486 5793 parare,
2518 5736 2626 5778 non
2656 5733 2992 5792 praeparare;
3029 5717 3170 5790 quod
3197 5716 3242 5772 si
3277 5715 3518 5772 admitti-

1951 5829 2058 5887 tur,
2089 5833 2310 5889 prorsus
2329 5813 2844 5885 omnisjudiciorum
2866 5815 2960 5871 Dei
2981 5813 3181 5870 veritas
3209 5809 3520 5872 abrogatur.
