  <div class='ocr_page' id='page_1' title='image "/cluster/home/n/w/nwhite01/storage/ocr_20150623/115/hvd.32044015466873/581.png"; bbox 0 0 4010 6352; ppageno 0'>
   <div class='ocr_carea' id='block_1_1' title="bbox 510 366 647 427">
    <p class='ocr_par' dir='ltr' id='par_1_1' title="bbox 510 366 647 427">
     <span class='ocr_line' id='line_1_1' title="bbox 510 366 647 427; baseline -0.036 -1"><span class='ocrx_word' id='word_1_1' title='bbox 510 366 647 427; x_wconf 72' lang='lat'><strong>“55</strong></span> 
     </span>
    </p>
   </div>
   <div class='ocr_carea' id='block_1_2' title="bbox 1492 342 2720 419">
    <p class='ocr_par' dir='ltr' id='par_1_2' title="bbox 1492 342 2720 419">
     <span class='ocr_line' id='line_1_2' title="bbox 1492 342 2720 419; baseline 0.001 -4"><span class='ocrx_word' id='word_1_2' title='bbox 1492 356 1548 415; x_wconf 87' lang='lat' dir='ltr'><strong>s.</strong></span> <span class='ocrx_word' id='word_1_3' title='bbox 1585 350 1955 415; x_wconf 71' lang='lat' dir='ltr'><strong>pauonum</strong></span> <span class='ocrx_word' id='word_1_4' title='bbox 1995 342 2377 419; x_wconf 70' lang='lat' dir='ltr'><strong>reticensrs</strong></span> <span class='ocrx_word' id='word_1_5' title='bbox 2411 359 2720 418; x_wconf 84' lang='lat' dir='ltr'><strong>EPISCOPI</strong></span> 
     </span>
    </p>
   </div>
   <div class='ocr_carea' id='block_1_3' title="bbox 3626 356 3776 411">
    <p class='ocr_par' dir='ltr' id='par_1_3' title="bbox 3626 356 3776 411">
     <span class='ocr_line' id='line_1_3' title="bbox 3626 356 3776 411; baseline 0 0"><span class='ocrx_word' id='word_1_6' title='bbox 3626 356 3776 411; x_wconf 77' lang='lat'><strong>“56</strong></span> 
     </span>
    </p>
   </div>
   <div class='ocr_carea' id='block_1_4' title="bbox 575 472 3775 557">
    <p class='ocr_par' dir='ltr' id='par_1_4' title="bbox 575 472 3775 557">
     <span class='ocr_line' id='line_1_4' title="bbox 575 472 3775 557; baseline -0.002 -24"><span class='ocrx_word' id='word_1_7' title='bbox 575 478 710 533; x_wconf 78' lang='lat' dir='ltr'><strong>Nam</strong></span> <span class='ocrx_word' id='word_1_8' title='bbox 743 477 788 557; x_wconf 82' lang='lat' dir='ltr'><strong>si</strong></span> <span class='ocrx_word' id='word_1_9' title='bbox 816 490 881 531; x_wconf 87' lang='lat' dir='ltr'><strong>ea</strong></span> <span class='ocrx_word' id='word_1_10' title='bbox 908 488 1030 546; x_wconf 71' lang='lat' dir='ltr'><strong>qua:</strong></span> <span class='ocrx_word' id='word_1_11' title='bbox 1061 473 1293 529; x_wconf 78' lang='lat' dir='ltr'><strong>diximus</strong></span> <span class='ocrx_word' id='word_1_12' title='bbox 1316 482 1374 528; x_wconf 90' lang='lat' dir='ltr'><strong>et</strong></span> <span class='ocrx_word' id='word_1_13' title='bbox 1404 472 1573 537; x_wconf 83' lang='lat' dir='ltr'><strong>multa</strong></span> <span class='ocrx_word' id='word_1_14' title='bbox 1616 473 1720 529; x_wconf 91' lang='lat' dir='ltr'><strong>alia</strong></span> <span class='ocrx_word' id='word_1_15' title='bbox 1765 474 2071 546; x_wconf 84' lang='lat' dir='ltr'><strong>ubicunque</strong></span> <span class='ocrx_word' id='word_1_16' title='bbox 2097 480 2151 541; x_wconf 81' lang='grc' dir='ltr'><strong>Α</strong></span> <span class='ocrx_word' id='word_1_17' title='bbox 2174 477 2261 533; x_wconf 83' lang='lat' dir='ltr'><strong>ubi</strong></span> <span class='ocrx_word' id='word_1_18' title='bbox 2282 478 2381 533; x_wconf 87' lang='lat' dir='ltr'><strong>erit</strong></span> <span class='ocrx_word' id='word_1_19' title='bbox 2406 478 2481 533; x_wconf 80' lang='lat' dir='ltr'><strong>eis</strong></span> <span class='ocrx_word' id='word_1_20' title='bbox 2515 479 2672 548; x_wconf 74' lang='lat' dir='ltr'><strong>ﬂetus</strong></span> <span class='ocrx_word' id='word_1_21' title='bbox 2692 485 2740 532; x_wconf 84' lang='lat' dir='ltr'><strong>et</strong></span> <span class='ocrx_word' id='word_1_22' title='bbox 2759 477 2954 531; x_wconf 85' lang='lat' dir='ltr'><strong>stridor</strong></span> <span class='ocrx_word' id='word_1_23' title='bbox 2977 477 3210 533; x_wconf 76' lang='lat' dir='ltr'><strong>dentium</strong></span> <span class='ocrx_word' id='word_1_24' title='bbox 3236 475 3449 546; x_wconf 75' lang='lat' dir='ltr'><strong>(Matth.</strong></span> <span class='ocrx_word' id='word_1_25' title='bbox 3488 491 3630 542; x_wconf 72' lang='lat' dir='ltr'><strong>xxv,</strong></span> <span class='ocrx_word' id='word_1_26' title='bbox 3651 475 3775 543; x_wconf 73' lang='lat'><strong>50),</strong></span> 
     </span>
    </p>
   </div>
   <div class='ocr_carea' id='block_1_5' title="bbox 504 564 2074 638">
    <p class='ocr_par' dir='ltr' id='par_1_5' title="bbox 504 564 2074 638">
     <span class='ocr_line' id='line_1_5' title="bbox 504 564 2074 638; baseline -0.003 -10"><span class='ocrx_word' id='word_1_27' title='bbox 504 573 572 628; x_wconf 85' lang='lat' dir='ltr'><strong>de</strong></span> <span class='ocrx_word' id='word_1_28' title='bbox 598 569 708 626; x_wconf 88' lang='lat' dir='ltr'><strong>Deo</strong></span> <span class='ocrx_word' id='word_1_29' title='bbox 733 568 1005 631; x_wconf 90' lang='lat' dir='ltr'><strong>dicuntur,</strong></span> <span class='ocrx_word' id='word_1_30' title='bbox 1028 565 1209 621; x_wconf 85' lang='lat' dir='ltr'><strong>addita</strong></span> <span class='ocrx_word' id='word_1_31' title='bbox 1237 564 1485 636; x_wconf 84' lang='lat' dir='ltr'><strong>negativa</strong></span> <span class='ocrx_word' id='word_1_32' title='bbox 1509 565 1773 635; x_wconf 84' lang='lat' dir='ltr'><strong>particula</strong></span> <span class='ocrx_word' id='word_1_33' title='bbox 1802 567 2074 638; x_wconf 79' lang='lat' dir='ltr'><strong>accipian-</strong></span> 
     </span>
    </p>
   </div>
   <div class='ocr_carea' id='block_1_6' title="bbox 506 652 2073 731">
    <p class='ocr_par' dir='ltr' id='par_1_6' title="bbox 506 652 2073 731">
     <span class='ocr_line' id='line_1_6' title="bbox 506 652 2073 731; baseline -0.004 -12"><span class='ocrx_word' id='word_1_34' title='bbox 506 671 615 730; x_wconf 91' lang='lat' dir='ltr'><strong>tur,</strong></span> <span class='ocrx_word' id='word_1_35' title='bbox 643 659 890 731; x_wconf 75' lang='lat' dir='ltr'><strong>sequitur</strong></span> <span class='ocrx_word' id='word_1_36' title='bbox 916 665 978 714; x_wconf 89' lang='lat' dir='ltr'><strong>ut</strong></span> <span class='ocrx_word' id='word_1_37' title='bbox 1005 652 1173 712; x_wconf 83' lang='lat' dir='ltr'><strong>Deum</strong></span> <span class='ocrx_word' id='word_1_38' title='bbox 1216 668 1561 727; x_wconf 80' lang='lat' dir='ltr'><strong>nequaquam</strong></span> <span class='ocrx_word' id='word_1_39' title='bbox 1594 668 1788 712; x_wconf 83' lang='lat' dir='ltr'><strong>curare</strong></span> <span class='ocrx_word' id='word_1_40' title='bbox 1825 657 2073 713; x_wconf 74' lang='lat' dir='ltr'><strong>mortalia</strong></span> 
     </span>
    </p>
   </div>
   <div class='ocr_carea' id='block_1_7' title="bbox 502 744 2074 819">
    <p class='ocr_par' dir='ltr' id='par_1_7' title="bbox 502 744 2074 819">
     <span class='ocr_line' id='line_1_7' title="bbox 502 744 2074 819; baseline -0.004 -8"><span class='ocrx_word' id='word_1_41' title='bbox 502 754 752 817; x_wconf 78' lang='lat' dir='ltr'><strong>fateatur,</strong></span> <span class='ocrx_word' id='word_1_42' title='bbox 780 759 835 807; x_wconf 88' lang='lat' dir='ltr'><strong>et</strong></span> <span class='ocrx_word' id='word_1_43' title='bbox 869 748 1144 805; x_wconf 77' lang='lat' dir='ltr'><strong>auferatur</strong></span> <span class='ocrx_word' id='word_1_44' title='bbox 1181 748 1276 803; x_wconf 85' lang='lat' dir='ltr'><strong>Dei</strong></span> <span class='ocrx_word' id='word_1_45' title='bbox 1307 744 1594 815; x_wconf 69' lang='lat' dir='ltr'><strong>judicium,</strong></span> <span class='ocrx_word' id='word_1_46' title='bbox 1622 749 1765 819; x_wconf 85' lang='lat' dir='ltr'><strong>quod</strong></span> <span class='ocrx_word' id='word_1_47' title='bbox 1795 744 1918 806; x_wconf 83' lang='lat' dir='ltr'><strong>ideo</strong></span> <span class='ocrx_word' id='word_1_48' title='bbox 1945 756 2074 806; x_wconf 81' lang='lat' dir='ltr'><strong>con-</strong></span> 
     </span>
    </p>
   </div>
   <div class='ocr_carea' id='block_1_8' title="bbox 503 839 2078 913">
    <p class='ocr_par' dir='ltr' id='par_1_8' title="bbox 503 839 2078 913">
     <span class='ocr_line' id='line_1_8' title="bbox 503 839 2078 913; baseline -0.003 -10"><span class='ocrx_word' id='word_1_49' title='bbox 503 852 749 904; x_wconf 80' lang='lat' dir='ltr'><strong>stitutum</strong></span> <span class='ocrx_word' id='word_1_50' title='bbox 782 841 1076 913; x_wconf 70' lang='lat' dir='ltr'><strong>Scriptura</strong></span> <span class='ocrx_word' id='word_1_51' title='bbox 1113 839 1417 908; x_wconf 73' lang='lat' dir='ltr'><strong>clamitant,</strong></span> <span class='ocrx_word' id='word_1_52' title='bbox 1440 849 1503 896; x_wconf 85' lang='lat' dir='ltr'><strong>ut</strong></span> <span class='ocrx_word' id='word_1_53' title='bbox 1531 841 1582 896; x_wconf 94' lang='lat' dir='ltr'><strong>in</strong></span> <span class='ocrx_word' id='word_1_54' title='bbox 1612 857 1678 898; x_wconf 88' lang='lat' dir='ltr'><strong>eo</strong></span> <span class='ocrx_word' id='word_1_55' title='bbox 1720 843 1787 898; x_wconf 93' lang='lat' dir='ltr'><strong>de</strong></span> <span class='ocrx_word' id='word_1_56' title='bbox 1818 840 1982 911; x_wconf 86' lang='lat' dir='ltr'><strong>justis</strong></span> <span class='ocrx_word' id='word_1_57' title='bbox 2020 851 2078 899; x_wconf 90' lang='lat' dir='ltr'><strong>et</strong></span> 
     </span>
    </p>
   </div>
   <div class='ocr_carea' id='block_1_9' title="bbox 502 930 2074 1008">
    <p class='ocr_par' dir='ltr' id='par_1_9' title="bbox 502 930 2074 1008">
     <span class='ocr_line' id='line_1_9' title="bbox 502 930 2074 1008; baseline -0.003 -16"><span class='ocrx_word' id='word_1_58' title='bbox 502 932 872 1008; x_wconf 77' lang='lat' dir='ltr'><strong>peccatoribus</strong></span> <span class='ocrx_word' id='word_1_59' title='bbox 918 930 1213 1002; x_wconf 73' lang='lat' dir='ltr'><strong>iudicetur,</strong></span> <span class='ocrx_word' id='word_1_60' title='bbox 1248 932 1621 1002; x_wconf 80' lang='lat' dir='ltr'><strong>separatisque</strong></span> <span class='ocrx_word' id='word_1_61' title='bbox 1667 931 1848 1004; x_wconf 80' lang='lat' dir='ltr'><strong>impiis</strong></span> <span class='ocrx_word' id='word_1_62' title='bbox 1901 944 1939 989; x_wconf 83' lang='grc' dir='ltr'><strong>ι·</strong></span> <span class='ocrx_word' id='word_1_63' title='bbox 1982 949 2074 993; x_wconf 84' lang='lat' dir='ltr'><strong>so-</strong></span> 
     </span>
    </p>
   </div>
   <div class='ocr_carea' id='block_1_10' title="bbox 502 1027 2075 1098">
    <p class='ocr_par' dir='ltr' id='par_1_10' title="bbox 502 1027 2075 1098">
     <span class='ocr_line' id='line_1_10' title="bbox 502 1027 2075 1098; baseline -0.001 -12"><span class='ocrx_word' id='word_1_64' title='bbox 502 1030 698 1086; x_wconf 91' lang='lat' dir='ltr'><strong>cietate</strong></span> <span class='ocrx_word' id='word_1_65' title='bbox 739 1027 1041 1098; x_wconf 71' lang='lat' dir='ltr'><strong>iustorum,</strong></span> <span class='ocrx_word' id='word_1_66' title='bbox 1098 1033 1358 1097; x_wconf 86' lang='lat' dir='ltr'><strong>sequatur</strong></span> <span class='ocrx_word' id='word_1_67' title='bbox 1401 1034 1661 1096; x_wconf 83' lang='lat' dir='ltr'><strong>utrosque</strong></span> <span class='ocrx_word' id='word_1_68' title='bbox 1708 1030 2075 1085; x_wconf 75' lang='lat' dir='ltr'><strong>remuneratio</strong></span> 
     </span>
    </p>
   </div>
   <div class='ocr_carea' id='block_1_11' title="bbox 500 1116 2074 1185">
    <p class='ocr_par' dir='ltr' id='par_1_11' title="bbox 500 1116 2074 1185">
     <span class='ocr_line' id='line_1_11' title="bbox 500 1116 2074 1185; baseline -0.003 -6"><span class='ocrx_word' id='word_1_69' title='bbox 500 1119 713 1185; x_wconf 82' lang='lat' dir='ltr'><strong>merita,</strong></span> <span class='ocrx_word' id='word_1_70' title='bbox 744 1124 806 1175; x_wconf 88' lang='lat' dir='ltr'><strong>ut</strong></span> <span class='ocrx_word' id='word_1_71' title='bbox 848 1116 1143 1173; x_wconf 87' lang='lat' dir='ltr'><strong>secundum</strong></span> <span class='ocrx_word' id='word_1_72' title='bbox 1187 1116 1400 1172; x_wconf 80' lang='lat' dir='ltr'><strong>Domini</strong></span> <span class='ocrx_word' id='word_1_73' title='bbox 1447 1116 1650 1174; x_wconf 78' lang='lat' dir='ltr'><strong>dictum</strong></span> <span class='ocrx_word' id='word_1_74' title='bbox 1684 1137 1699 1173; x_wconf 83' lang='lat'><strong>:</strong></span> <span class='ocrx_word' id='word_1_75' title='bbox 1735 1118 1876 1175; x_wconf 74' lang='lat' dir='ltr'><strong>Eant</strong></span> <span class='ocrx_word' id='word_1_76' title='bbox 1915 1120 1971 1175; x_wconf 73' lang='lat' dir='ltr'><strong>lli</strong></span> <span class='ocrx_word' id='word_1_77' title='bbox 2018 1121 2074 1176; x_wconf 80' lang='lat' dir='ltr'><strong>in</strong></span> 
     </span>
    </p>
   </div>
   <div class='ocr_carea' id='block_1_12' title="bbox 499 1210 2074 1281">
    <p class='ocr_par' dir='ltr' id='par_1_12' title="bbox 499 1210 2074 1281">
     <span class='ocr_line' id='line_1_12' title="bbox 499 1210 2074 1281; baseline 0.003 -14"><span class='ocrx_word' id='word_1_78' title='bbox 499 1210 808 1281; x_wconf 71' lang='lat' dir='ltr'><strong>supplicium</strong></span> <span class='ocrx_word' id='word_1_79' title='bbox 839 1218 1112 1276; x_wconf 66' lang='lat' dir='ltr'><strong>internum,</strong></span> <span class='ocrx_word' id='word_1_80' title='bbox 1137 1210 1272 1280; x_wconf 83' lang='lat' dir='ltr'><strong>justi</strong></span> <span class='ocrx_word' id='word_1_81' title='bbox 1315 1219 1491 1265; x_wconf 85' lang='lat' dir='ltr'><strong>autem</strong></span> <span class='ocrx_word' id='word_1_82' title='bbox 1524 1212 1579 1266; x_wconf 85' lang='lat' dir='ltr'><strong>in</strong></span> <span class='ocrx_word' id='word_1_83' title='bbox 1620 1212 1783 1267; x_wconf 70' lang='lat' dir='ltr'><strong>vitam</strong></span> <span class='ocrx_word' id='word_1_84' title='bbox 1823 1220 2074 1271; x_wconf 66' lang='lat' dir='ltr'><strong>autem</strong></span> 
     </span>
    </p>
   </div>
   <div class='ocr_carea' id='block_1_13' title="bbox 500 1301 2074 1376">
    <p class='ocr_par' dir='ltr' id='par_1_13' title="bbox 500 1301 2074 1376">
     <span class='ocr_line' id='line_1_13' title="bbox 500 1301 2074 1376; baseline 0.003 -18"><span class='ocrx_word' id='word_1_85' title='bbox 500 1303 715 1374; x_wconf 74' lang='lat' dir='ltr'><strong>(Matth.</strong></span> <span class='ocrx_word' id='word_1_86' title='bbox 746 1318 872 1368; x_wconf 79' lang='lat' dir='ltr'><strong>xxv,</strong></span> <span class='ocrx_word' id='word_1_87' title='bbox 912 1301 1027 1373; x_wconf 67' lang='grc'><strong>46).</strong></span> <span class='ocrx_word' id='word_1_88' title='bbox 1067 1301 1211 1375; x_wconf 76' lang='lat' dir='ltr'><strong>Ergo</strong></span> <span class='ocrx_word' id='word_1_89' title='bbox 1250 1301 1296 1358; x_wconf 95' lang='lat' dir='ltr'><strong>si</strong></span> <span class='ocrx_word' id='word_1_90' title='bbox 1345 1304 1520 1358; x_wconf 77' lang='lat' dir='ltr'><strong>nescit</strong></span> <span class='ocrx_word' id='word_1_91' title='bbox 1550 1302 1690 1360; x_wconf 89' lang='lat' dir='ltr'><strong>Deus</strong></span> <span class='ocrx_word' id='word_1_92' title='bbox 1737 1314 2074 1376; x_wconf 83' lang='lat' dir='ltr'><strong>peccatores,</strong></span> 
     </span>
    </p>
   </div>
   <div class='ocr_carea' id='block_1_14' title="bbox 498 1395 2071 1466">
    <p class='ocr_par' dir='ltr' id='par_1_14' title="bbox 498 1395 2071 1466">
     <span class='ocr_line' id='line_1_14' title="bbox 498 1395 2071 1466; baseline 0.001 -14"><span class='ocrx_word' id='word_1_93' title='bbox 498 1410 792 1466; x_wconf 84' lang='lat' dir='ltr'><strong>eorumque</strong></span> <span class='ocrx_word' id='word_1_94' title='bbox 835 1403 1075 1466; x_wconf 85' lang='lat' dir='ltr'><strong>peccata,</strong></span> <span class='ocrx_word' id='word_1_95' title='bbox 1122 1410 1222 1451; x_wconf 89' lang='lat' dir='ltr'><strong>nec</strong></span> <span class='ocrx_word' id='word_1_96' title='bbox 1261 1395 1603 1466; x_wconf 72' lang='lat' dir='ltr'><strong>iudicaturus</strong></span> <span class='ocrx_word' id='word_1_97' title='bbox 1637 1398 1938 1455; x_wconf 80' lang='lat' dir='ltr'><strong>credendus</strong></span> <span class='ocrx_word' id='word_1_98' title='bbox 1967 1402 2071 1455; x_wconf 81' lang='lat' dir='ltr'><strong>est.</strong></span> 
     </span>
    </p>
   </div>
   <div class='ocr_carea' id='block_1_15' title="bbox 499 1488 2075 1561">
    <p class='ocr_par' dir='ltr' id='par_1_15' title="bbox 499 1488 2075 1561">
     <span class='ocr_line' id='line_1_15' title="bbox 499 1488 2075 1561; baseline 0.003 -18"><span class='ocrx_word' id='word_1_99' title='bbox 499 1488 768 1558; x_wconf 85' lang='lat' dir='ltr'><strong>Quidquid</strong></span> <span class='ocrx_word' id='word_1_100' title='bbox 791 1488 935 1544; x_wconf 90' lang='lat' dir='ltr'><strong>enim</strong></span> <span class='ocrx_word' id='word_1_101' title='bbox 958 1496 1053 1543; x_wconf 90' lang='lat' dir='ltr'><strong>aut</strong></span> <span class='ocrx_word' id='word_1_102' title='bbox 1076 1500 1219 1544; x_wconf 90' lang='lat' dir='ltr'><strong>nunc</strong></span> <span class='ocrx_word' id='word_1_103' title='bbox 1248 1489 1648 1558; x_wconf 87' lang='lat' dir='ltr'><strong>particulariter</strong></span> <span class='ocrx_word' id='word_1_104' title='bbox 1675 1490 1731 1545; x_wconf 93' lang='lat' dir='ltr'><strong>in</strong></span> <span class='ocrx_word' id='word_1_105' title='bbox 1760 1500 2075 1561; x_wconf 83' lang='lat' dir='ltr'><strong>peccatores</strong></span> 
     </span>
    </p>
   </div>
   <div class='ocr_carea' id='block_1_16' title="bbox 498 1580 2072 1654">
    <p class='ocr_par' dir='ltr' id='par_1_16' title="bbox 498 1580 2072 1654">
     <span class='ocr_line' id='line_1_16' title="bbox 498 1580 2072 1654; baseline 0.002 -17"><span class='ocrx_word' id='word_1_106' title='bbox 498 1582 630 1654; x_wconf 89' lang='lat' dir='ltr'><strong>agit,</strong></span> <span class='ocrx_word' id='word_1_107' title='bbox 652 1590 755 1645; x_wconf 79' lang='lat' dir='ltr'><strong>aut</strong></span> <span class='ocrx_word' id='word_1_108' title='bbox 783 1580 849 1636; x_wconf 89' lang='lat' dir='ltr'><strong>ad</strong></span> <span class='ocrx_word' id='word_1_109' title='bbox 878 1589 1182 1638; x_wconf 81' lang='lat' dir='ltr'><strong>extremum</strong></span> <span class='ocrx_word' id='word_1_110' title='bbox 1211 1581 1535 1653; x_wconf 78' lang='lat' dir='ltr'><strong>generaliter</strong></span> <span class='ocrx_word' id='word_1_111' title='bbox 1563 1591 1784 1639; x_wconf 87' lang='lat' dir='ltr'><strong>acturus</strong></span> <span class='ocrx_word' id='word_1_112' title='bbox 1811 1585 2072 1653; x_wconf 86' lang='lat' dir='ltr'><strong>creditur,</strong></span> 
     </span>
    </p>
   </div>
   <div class='ocr_carea' id='block_1_17' title="bbox 494 1677 2074 1751">
    <p class='ocr_par' dir='ltr' id='par_1_17' title="bbox 494 1677 2074 1751">
     <span class='ocr_line' id='line_1_17' title="bbox 494 1677 2074 1751; baseline 0 -15"><span class='ocrx_word' id='word_1_113' title='bbox 494 1688 644 1736; x_wconf 70' lang='lat' dir='ltr'><strong>terte</strong></span> <span class='ocrx_word' id='word_1_114' title='bbox 672 1678 951 1750; x_wconf 81' lang='lat' dir='ltr'><strong>Scriptura</strong></span> <span class='ocrx_word' id='word_1_115' title='bbox 979 1692 1108 1734; x_wconf 91' lang='lat' dir='ltr'><strong>vero</strong></span> <span class='ocrx_word' id='word_1_116' title='bbox 1144 1677 1348 1749; x_wconf 77' lang='lat' dir='ltr'><strong>judicio</strong></span> <span class='ocrx_word' id='word_1_117' title='bbox 1387 1692 1571 1749; x_wconf 84' lang='lat' dir='ltr'><strong>agere,</strong></span> <span class='ocrx_word' id='word_1_118' title='bbox 1601 1687 1932 1751; x_wconf 86' lang='lat' dir='ltr'><strong>acturusque</strong></span> <span class='ocrx_word' id='word_1_119' title='bbox 1959 1681 2074 1736; x_wconf 87' lang='lat' dir='ltr'><strong>sine</strong></span> 
     </span>
    </p>
   </div>
   <div class='ocr_carea' id='block_1_18' title="bbox 2177 566 3779 640">
    <p class='ocr_par' dir='ltr' id='par_1_18' title="bbox 2177 566 3779 640">
     <span class='ocr_line' id='line_1_18' title="bbox 2177 566 3779 640; baseline -0.001 -16"><span class='ocrx_word' id='word_1_120' title='bbox 2177 576 2431 640; x_wconf 90' lang='lat' dir='ltr'><strong>tanquam</strong></span> <span class='ocrx_word' id='word_1_121' title='bbox 2465 566 2662 640; x_wconf 80' lang='lat' dir='ltr'><strong>pepqu</strong></span> <span class='ocrx_word' id='word_1_122' title='bbox 2699 569 2973 636; x_wconf 74' lang='lat' dir='ltr'><strong>mteroris,</strong></span> <span class='ocrx_word' id='word_1_123' title='bbox 3001 583 3309 640; x_wconf 85' lang='lat' dir='ltr'><strong>quanquam</strong></span> <span class='ocrx_word' id='word_1_124' title='bbox 3350 568 3591 639; x_wconf 87' lang='lat' dir='ltr'><strong>populus</strong></span> <span class='ocrx_word' id='word_1_125' title='bbox 3630 581 3779 622; x_wconf 67' lang='lat' dir='ltr'><strong>meo</strong></span> 
     </span>
    </p>
   </div>
   <div class='ocr_carea' id='block_1_19' title="bbox 2175 657 3771 730">
    <p class='ocr_par' dir='ltr' id='par_1_19' title="bbox 2175 657 3771 730">
     <span class='ocr_line' id='line_1_19' title="bbox 2175 657 3771 730; baseline -0.002 -15"><span class='ocrx_word' id='word_1_126' title='bbox 2175 660 2318 717; x_wconf 89' lang='lat' dir='ltr'><strong>roris</strong></span> <span class='ocrx_word' id='word_1_127' title='bbox 2341 660 2505 717; x_wconf 90' lang='lat' dir='ltr'><strong>etiam</strong></span> <span class='ocrx_word' id='word_1_128' title='bbox 2534 659 2780 717; x_wconf 83' lang='lat' dir='ltr'><strong>diabolus</strong></span> <span class='ocrx_word' id='word_1_129' title='bbox 2825 668 2881 716; x_wconf 89' lang='lat' dir='ltr'><strong>et</strong></span> <span class='ocrx_word' id='word_1_130' title='bbox 2925 658 3101 730; x_wconf 87' lang='lat' dir='ltr'><strong>angeli</strong></span> <span class='ocrx_word' id='word_1_131' title='bbox 3146 657 3282 728; x_wconf 82' lang='lat' dir='ltr'><strong>ejus,</strong></span> <span class='ocrx_word' id='word_1_132' title='bbox 3335 674 3443 714; x_wconf 92' lang='lat' dir='ltr'><strong>non</strong></span> <span class='ocrx_word' id='word_1_133' title='bbox 3496 659 3771 715; x_wconf 80' lang='lat' dir='ltr'><strong>inconve-</strong></span> 
     </span>
    </p>
   </div>
   <div class='ocr_carea' id='block_1_20' title="bbox 2176 747 3775 820">
    <p class='ocr_par' dir='ltr' id='par_1_20' title="bbox 2176 747 3775 820">
     <span class='ocr_line' id='line_1_20' title="bbox 2176 747 3775 820; baseline 0 -17"><span class='ocrx_word' id='word_1_134' title='bbox 2176 747 2391 804; x_wconf 84' lang='lat' dir='ltr'><strong>nienter</strong></span> <span class='ocrx_word' id='word_1_135' title='bbox 2426 748 2823 820; x_wconf 88' lang='lat' dir='ltr'><strong>intelliguntur,</strong></span> <span class='ocrx_word' id='word_1_136' title='bbox 2857 748 2972 805; x_wconf 91' lang='lat' dir='ltr'><strong>sive</strong></span> <span class='ocrx_word' id='word_1_137' title='bbox 3013 749 3139 819; x_wconf 87' lang='lat' dir='ltr'><strong>quia</strong></span> <span class='ocrx_word' id='word_1_138' title='bbox 3172 757 3433 804; x_wconf 62' lang='lat' dir='ltr'><strong>aeternam</strong></span> <span class='ocrx_word' id='word_1_139' title='bbox 3477 749 3775 803; x_wconf 74' lang='lat' dir='ltr'><strong>miseriam</strong></span> 
     </span>
    </p>
   </div>
   <div class='ocr_carea' id='block_1_21' title="bbox 2176 828 3771 911">
    <p class='ocr_par' dir='ltr' id='par_1_21' title="bbox 2176 828 3771 911">
     <span class='ocr_line' id='line_1_21' title="bbox 2176 828 3771 911; baseline 0.001 -15"><span class='ocrx_word' id='word_1_140' title='bbox 2176 839 2277 907; x_wconf 91' lang='lat' dir='ltr'><strong>eis,</strong></span> <span class='ocrx_word' id='word_1_141' title='bbox 2325 855 2461 910; x_wconf 89' lang='lat' dir='ltr'><strong>quos</strong></span> <span class='ocrx_word' id='word_1_142' title='bbox 2516 828 2791 911; x_wconf 86' lang='lat' dir='ltr'><strong>decipiunt</strong></span> <span class='ocrx_word' id='word_1_143' title='bbox 2835 840 3144 910; x_wconf 85' lang='lat' dir='ltr'><strong>acquirunt,</strong></span> <span class='ocrx_word' id='word_1_144' title='bbox 3198 840 3313 897; x_wconf 87' lang='lat' dir='ltr'><strong>sive</strong></span> <span class='ocrx_word' id='word_1_145' title='bbox 3361 839 3495 911; x_wconf 80' lang='lat' dir='ltr'><strong>quia</strong></span> <span class='ocrx_word' id='word_1_146' title='bbox 3546 847 3609 896; x_wconf 84' lang='lat' dir='ltr'><strong>et</strong></span> <span class='ocrx_word' id='word_1_147' title='bbox 3668 839 3771 910; x_wconf 73' lang='lat' dir='ltr'><strong>ipsi</strong></span> 
     </span>
    </p>
   </div>
   <div class='ocr_carea' id='block_1_22' title="bbox 2174 916 3115 1003">
    <p class='ocr_par' dir='ltr' id='par_1_22' title="bbox 2174 916 3115 1003">
     <span class='ocr_line' id='line_1_22' title="bbox 2174 916 3115 1003; baseline -0.001 -18"><span class='ocrx_word' id='word_1_148' title='bbox 2174 937 2394 985; x_wconf 68' lang='lat' dir='ltr'><strong>aeternae</strong></span> <span class='ocrx_word' id='word_1_149' title='bbox 2419 929 2651 985; x_wconf 75' lang='lat' dir='ltr'><strong>miserim</strong></span> <span class='ocrx_word' id='word_1_150' title='bbox 2672 916 2912 1002; x_wconf 80' lang='lat' dir='ltr'><strong>deputati</strong></span> <span class='ocrx_word' id='word_1_151' title='bbox 2942 927 3115 1003; x_wconf 90' lang='lat' dir='ltr'><strong>sunt.]</strong></span> 
     </span>
    </p>
   </div>
   <div class='ocr_carea' id='block_1_23' title="bbox 2247 1019 3770 1094">
    <p class='ocr_par' dir='ltr' id='par_1_23' title="bbox 2247 1019 3770 1094">
     <span class='ocr_line' id='line_1_23' title="bbox 2247 1019 3770 1094; baseline 0.002 -19"><span class='ocrx_word' id='word_1_152' title='bbox 2247 1021 2287 1091; x_wconf 76' lang='grc' dir='ltr'><strong>-ι-</strong></span> <span class='ocrx_word' id='word_1_153' title='bbox 2326 1019 2495 1090; x_wconf 85' lang='lat' dir='ltr'><strong>Hujus</strong></span> <span class='ocrx_word' id='word_1_154' title='bbox 2517 1022 2595 1077; x_wconf 90' lang='lat' dir='ltr'><strong>rei</strong></span> <span class='ocrx_word' id='word_1_155' title='bbox 2621 1020 2774 1079; x_wconf 89' lang='lat' dir='ltr'><strong>testis</strong></span> <span class='ocrx_word' id='word_1_156' title='bbox 2801 1031 2889 1079; x_wconf 91' lang='lat' dir='ltr'><strong>est</strong></span> <span class='ocrx_word' id='word_1_157' title='bbox 2913 1030 3133 1079; x_wconf 85' lang='lat' dir='ltr'><strong>sanctus</strong></span> <span class='ocrx_word' id='word_1_158' title='bbox 3160 1024 3388 1079; x_wconf 83' lang='lat' dir='ltr'><strong>antistes</strong></span> <span class='ocrx_word' id='word_1_159' title='bbox 3412 1022 3770 1094; x_wconf 79' lang='lat' dir='ltr'><strong>Fulgentius,</strong></span> 
     </span>
    </p>
   </div>
   <div class='ocr_carea' id='block_1_24' title="bbox 2177 1113 3775 1187">
    <p class='ocr_par' dir='ltr' id='par_1_24' title="bbox 2177 1113 3775 1187">
     <span class='ocr_line' id='line_1_24' title="bbox 2177 1113 3775 1187; baseline 0.002 -19"><span class='ocrx_word' id='word_1_160' title='bbox 2177 1113 2268 1185; x_wconf 88' lang='lat' dir='ltr'><strong>qui</strong></span> <span class='ocrx_word' id='word_1_161' title='bbox 2292 1129 2456 1186; x_wconf 88' lang='lat' dir='ltr'><strong>super</strong></span> <span class='ocrx_word' id='word_1_162' title='bbox 2481 1115 2587 1171; x_wconf 86' lang='lat' dir='ltr'><strong>hoc</strong></span> <span class='ocrx_word' id='word_1_163' title='bbox 2622 1130 2871 1174; x_wconf 85' lang='lat' dir='ltr'><strong>sermone</strong></span> <span class='ocrx_word' id='word_1_164' title='bbox 2911 1116 3223 1173; x_wconf 84' lang='lat' dir='ltr'><strong>sciscitandi</strong></span> <span class='ocrx_word' id='word_1_165' title='bbox 3273 1116 3518 1173; x_wconf 81' lang='lat' dir='ltr'><strong>Monimo</strong></span> <span class='ocrx_word' id='word_1_166' title='bbox 3569 1116 3775 1187; x_wconf 84' lang='lat' dir='ltr'><strong>plenis-</strong></span> 
     </span>
    </p>
   </div>
   <div class='ocr_carea' id='block_1_25' title="bbox 2176 1201 3774 1278">
    <p class='ocr_par' dir='ltr' id='par_1_25' title="bbox 2176 1201 3774 1278">
     <span class='ocr_line' id='line_1_25' title="bbox 2176 1201 3774 1278; baseline 0.003 -19"><span class='ocrx_word' id='word_1_167' title='bbox 2176 1201 2312 1259; x_wconf 89' lang='lat' dir='ltr'><strong>sime</strong></span> <span class='ocrx_word' id='word_1_168' title='bbox 2341 1202 2763 1277; x_wconf 85' lang='lat' dir='ltr'><strong>planissimeque</strong></span> <span class='ocrx_word' id='word_1_169' title='bbox 2788 1207 3121 1278; x_wconf 87' lang='lat' dir='ltr'><strong>respondens</strong></span> <span class='ocrx_word' id='word_1_170' title='bbox 3146 1207 3583 1269; x_wconf 79' lang='lat' dir='ltr'><strong>pulcherrimum</strong></span> <span class='ocrx_word' id='word_1_171' title='bbox 3618 1207 3774 1263; x_wconf 83' lang='lat' dir='ltr'><strong>volu-</strong></span> 
     </span>
    </p>
   </div>
   <div class='ocr_carea' id='block_1_26' title="bbox 2178 1293 3773 1369">
    <p class='ocr_par' dir='ltr' id='par_1_26' title="bbox 2178 1293 3773 1369">
     <span class='ocr_line' id='line_1_26' title="bbox 2178 1293 3773 1369; baseline 0.004 -22"><span class='ocrx_word' id='word_1_172' title='bbox 2178 1308 2300 1348; x_wconf 90' lang='lat' dir='ltr'><strong>men</strong></span> <span class='ocrx_word' id='word_1_173' title='bbox 2345 1293 2533 1362; x_wconf 87' lang='lat' dir='ltr'><strong>edidit,</strong></span> <span class='ocrx_word' id='word_1_174' title='bbox 2566 1295 2622 1351; x_wconf 86' lang='lat' dir='ltr'><strong>in</strong></span> <span class='ocrx_word' id='word_1_175' title='bbox 2651 1312 2761 1367; x_wconf 92' lang='lat' dir='ltr'><strong>quo</strong></span> <span class='ocrx_word' id='word_1_176' title='bbox 2801 1296 2936 1352; x_wconf 90' lang='lat' dir='ltr'><strong>nihil</strong></span> <span class='ocrx_word' id='word_1_177' title='bbox 2991 1305 3205 1352; x_wconf 90' lang='lat' dir='ltr'><strong>tuorum</strong></span> <span class='ocrx_word' id='word_1_178' title='bbox 3248 1297 3647 1369; x_wconf 80' lang='lat' dir='ltr'><strong>ﬁgmentorum</strong></span> <span class='ocrx_word' id='word_1_179' title='bbox 3688 1313 3773 1353; x_wconf 84' lang='lat' dir='ltr'><strong>se-</strong></span> 
     </span>
    </p>
   </div>
   <div class='ocr_carea' id='block_1_27' title="bbox 2177 1384 3769 1459">
    <p class='ocr_par' dir='ltr' id='par_1_27' title="bbox 2177 1384 3769 1459">
     <span class='ocr_line' id='line_1_27' title="bbox 2177 1384 3769 1459; baseline 0.002 -20"><span class='ocrx_word' id='word_1_180' title='bbox 2177 1392 2333 1440; x_wconf 90' lang='lat' dir='ltr'><strong>cutus</strong></span> <span class='ocrx_word' id='word_1_181' title='bbox 2357 1393 2462 1451; x_wconf 90' lang='lat' dir='ltr'><strong>est,</strong></span> <span class='ocrx_word' id='word_1_182' title='bbox 2504 1385 2601 1441; x_wconf 91' lang='lat' dir='ltr'><strong>sed</strong></span> <span class='ocrx_word' id='word_1_183' title='bbox 2626 1385 2785 1457; x_wconf 87' lang='lat' dir='ltr'><strong>plana</strong></span> <span class='ocrx_word' id='word_1_184' title='bbox 2806 1384 3115 1458; x_wconf 80' lang='lat' dir='ltr'><strong>eloquentia</strong></span> <span class='ocrx_word' id='word_1_185' title='bbox 3140 1387 3568 1459; x_wconf 69' lang='lat' dir='ltr'><strong>praedestinasse</strong></span> <span class='ocrx_word' id='word_1_186' title='bbox 3597 1387 3769 1442; x_wconf 74' lang='lat' dir='ltr'><strong>Deum</strong></span> 
     </span>
    </p>
   </div>
   <div class='ocr_carea' id='block_1_28' title="bbox 2177 1472 3773 1553">
    <p class='ocr_par' dir='ltr' id='par_1_28' title="bbox 2177 1472 3773 1553">
     <span class='ocr_line' id='line_1_28' title="bbox 2177 1472 3773 1553; baseline 0.004 -23"><span class='ocrx_word' id='word_1_187' title='bbox 2177 1472 2372 1547; x_wconf 89' lang='lat' dir='ltr'><strong>impios</strong></span> <span class='ocrx_word' id='word_1_188' title='bbox 2394 1478 2461 1533; x_wconf 91' lang='lat' dir='ltr'><strong>ad</strong></span> <span class='ocrx_word' id='word_1_189' title='bbox 2488 1478 2767 1535; x_wconf 88' lang='lat' dir='ltr'><strong>interitum</strong></span> <span class='ocrx_word' id='word_1_190' title='bbox 2792 1480 3020 1536; x_wconf 80' lang='lat' dir='ltr'><strong>veritate</strong></span> <span class='ocrx_word' id='word_1_191' title='bbox 3044 1480 3311 1537; x_wconf 82' lang='lat' dir='ltr'><strong>catholica</strong></span> <span class='ocrx_word' id='word_1_192' title='bbox 3340 1481 3535 1537; x_wconf 91' lang='lat' dir='ltr'><strong>docuit</strong></span> <span class='ocrx_word' id='word_1_193' title='bbox 3561 1491 3622 1536; x_wconf 86' lang='lat' dir='ltr'><strong>et</strong></span> <span class='ocrx_word' id='word_1_194' title='bbox 3644 1497 3773 1553; x_wconf 80' lang='lat' dir='ltr'><strong>pro-</strong></span> 
     </span>
    </p>
   </div>
   <div class='ocr_carea' id='block_1_29' title="bbox 2176 1568 3770 1642">
    <p class='ocr_par' dir='ltr' id='par_1_29' title="bbox 2176 1568 3770 1642">
     <span class='ocr_line' id='line_1_29' title="bbox 2176 1568 3770 1642; baseline 0.003 -19"><span class='ocrx_word' id='word_1_195' title='bbox 2176 1568 2345 1623; x_wconf 86' lang='lat' dir='ltr'><strong>bavit.</strong></span> <span class='ocrx_word' id='word_1_196' title='bbox 2367 1568 2475 1624; x_wconf 81' lang='lat' dir='ltr'><strong>Aut</strong></span> <span class='ocrx_word' id='word_1_197' title='bbox 2498 1569 2663 1641; x_wconf 85' lang='lat' dir='ltr'><strong>igitur</strong></span> <span class='ocrx_word' id='word_1_198' title='bbox 2687 1586 2815 1627; x_wconf 89' lang='lat' dir='ltr'><strong>vera</strong></span> <span class='ocrx_word' id='word_1_199' title='bbox 2840 1580 2967 1626; x_wconf 91' lang='lat' dir='ltr'><strong>sunt</strong></span> <span class='ocrx_word' id='word_1_200' title='bbox 2995 1586 3117 1642; x_wconf 71' lang='lat' dir='ltr'><strong>quae</strong></span> <span class='ocrx_word' id='word_1_201' title='bbox 3141 1572 3361 1640; x_wconf 88' lang='lat' dir='ltr'><strong>astruis,</strong></span> <span class='ocrx_word' id='word_1_202' title='bbox 3386 1581 3447 1627; x_wconf 88' lang='lat' dir='ltr'><strong>et</strong></span> <span class='ocrx_word' id='word_1_203' title='bbox 3470 1572 3617 1628; x_wconf 81' lang='lat' dir='ltr'><strong>falsa</strong></span> <span class='ocrx_word' id='word_1_204' title='bbox 3650 1588 3770 1642; x_wconf 65' lang='lat' dir='ltr'><strong>qua</strong></span> 
     </span>
    </p>
   </div>
   <div class='ocr_carea' id='block_1_30' title="bbox 2176 1658 3770 1738">
    <p class='ocr_par' dir='ltr' id='par_1_30' title="bbox 2176 1658 3770 1738">
     <span class='ocr_line' id='line_1_30' title="bbox 2176 1658 3770 1738; baseline 0.004 -19"><span class='ocrx_word' id='word_1_205' title='bbox 2176 1670 2358 1719; x_wconf 88' lang='lat' dir='ltr'><strong>tantus</strong></span> <span class='ocrx_word' id='word_1_206' title='bbox 2401 1658 2590 1720; x_wconf 88' lang='lat' dir='ltr'><strong>doctor</strong></span> <span class='ocrx_word' id='word_1_207' title='bbox 2636 1665 2864 1721; x_wconf 83' lang='lat' dir='ltr'><strong>ﬁdeliter</strong></span> <span class='ocrx_word' id='word_1_208' title='bbox 2912 1666 3157 1721; x_wconf 80' lang='lat' dir='ltr'><strong>exaravit</strong></span> <span class='ocrx_word' id='word_1_209' title='bbox 3192 1682 3208 1721; x_wconf 90' lang='lat'><strong>:</strong></span> <span class='ocrx_word' id='word_1_210' title='bbox 3242 1675 3337 1723; x_wconf 89' lang='lat' dir='ltr'><strong>aut</strong></span> <span class='ocrx_word' id='word_1_211' title='bbox 3381 1669 3515 1738; x_wconf 82' lang='lat' dir='ltr'><strong>quia</strong></span> <span class='ocrx_word' id='word_1_212' title='bbox 3548 1668 3659 1724; x_wconf 83' lang='lat' dir='ltr'><strong>hoc</strong></span> <span class='ocrx_word' id='word_1_213' title='bbox 3706 1668 3770 1724; x_wconf 83' lang='lat' dir='ltr'><strong>de</strong></span> 
     </span>
    </p>
   </div>
   <div class='ocr_carea' id='block_1_31' title="bbox 498 1755 2072 1842">
    <p class='ocr_par' dir='ltr' id='par_1_31' title="bbox 498 1767 2072 1842">
     <span class='ocr_line' id='line_1_31' title="bbox 498 1767 2072 1842; baseline 0.001 -16"><span class='ocrx_word' id='word_1_214' title='bbox 498 1770 663 1828; x_wconf 90' lang='lat' dir='ltr'><strong>dubio</strong></span> <span class='ocrx_word' id='word_1_215' title='bbox 689 1769 1034 1841; x_wconf 66' lang='lat' dir='ltr'><strong>praedicatur.</strong></span> <span class='ocrx_word' id='word_1_216' title='bbox 1059 1767 1231 1825; x_wconf 92' lang='lat' dir='ltr'><strong>Porro</strong></span> <span class='ocrx_word' id='word_1_217' title='bbox 1263 1784 1386 1825; x_wconf 89' lang='lat' dir='ltr'><strong>cum</strong></span> <span class='ocrx_word' id='word_1_218' title='bbox 1409 1769 1493 1824; x_wconf 91' lang='lat' dir='ltr'><strong>vel</strong></span> <span class='ocrx_word' id='word_1_219' title='bbox 1518 1769 1574 1825; x_wconf 90' lang='lat' dir='ltr'><strong>in</strong></span> <span class='ocrx_word' id='word_1_220' title='bbox 1601 1770 1797 1827; x_wconf 82' lang='lat' dir='ltr'><strong>divinis</strong></span> <span class='ocrx_word' id='word_1_221' title='bbox 1822 1771 2072 1842; x_wconf 80' lang='lat' dir='ltr'><strong>eloquiis,</strong></span> 
     </span>
    </p>
   </div>
   <div class='ocr_carea' id='block_1_32' title="bbox 2177 1755 3769 1842">
    <p class='ocr_par' dir='ltr' id='par_1_32' title="bbox 2179 1755 3769 1842">
     <span class='ocr_line' id='line_1_32' title="bbox 2179 1755 3769 1842; baseline 0.006 -34"><span class='ocrx_word' id='word_1_222' title='bbox 2179 1762 2330 1811; x_wconf 89' lang='lat' dir='ltr'><strong>tanto</strong></span> <span class='ocrx_word' id='word_1_223' title='bbox 2355 1755 2554 1826; x_wconf 91' lang='lat' dir='ltr'><strong>talique</strong></span> <span class='ocrx_word' id='word_1_224' title='bbox 2603 1757 2823 1814; x_wconf 89' lang='lat' dir='ltr'><strong>doctore</strong></span> <span class='ocrx_word' id='word_1_225' title='bbox 2848 1757 3004 1842; x_wconf 79' lang='lat' dir='ltr'><strong>nefas</strong></span> <span class='ocrx_word' id='word_1_226' title='bbox 3037 1766 3122 1814; x_wconf 89' lang='lat' dir='ltr'><strong>est</strong></span> <span class='ocrx_word' id='word_1_227' title='bbox 3168 1758 3418 1826; x_wconf 86' lang='lat' dir='ltr'><strong>credere,</strong></span> <span class='ocrx_word' id='word_1_228' title='bbox 3466 1760 3617 1816; x_wconf 78' lang='lat' dir='ltr'><strong>falsa</strong></span> <span class='ocrx_word' id='word_1_229' title='bbox 3646 1774 3769 1817; x_wconf 73' lang='lat' dir='ltr'><strong>sunt</strong></span> 
     </span>
    </p>
   </div>
   <div class='ocr_carea' id='block_1_33' title="bbox 498 1838 3769 1934">
    <p class='ocr_par' dir='ltr' id='par_1_33' title="bbox 498 1838 3769 1934">
     <span class='ocr_line' id='line_1_33' title="bbox 498 1838 3769 1934; baseline -0.001 -15"><span class='ocrx_word' id='word_1_230' title='bbox 498 1863 583 1919; x_wconf 81' lang='lat' dir='ltr'><strong>vel</strong></span> <span class='ocrx_word' id='word_1_231' title='bbox 612 1864 667 1919; x_wconf 89' lang='lat' dir='ltr'><strong>in</strong></span> <span class='ocrx_word' id='word_1_232' title='bbox 690 1838 917 1934; x_wconf 69' lang='lat' dir='ltr'><strong>patrum</strong></span> <span class='ocrx_word' id='word_1_233' title='bbox 970 1864 1166 1920; x_wconf 88' lang='lat' dir='ltr'><strong>litteris</strong></span> <span class='ocrx_word' id='word_1_234' title='bbox 1200 1864 1267 1919; x_wconf 89' lang='lat' dir='ltr'><strong>de</strong></span> <span class='ocrx_word' id='word_1_235' title='bbox 1307 1863 1419 1920; x_wconf 91' lang='lat' dir='ltr'><strong>Deo</strong></span> <span class='ocrx_word' id='word_1_236' title='bbox 1473 1863 1601 1920; x_wconf 90' lang='lat' dir='ltr'><strong>talia</strong></span> <span class='ocrx_word' id='word_1_237' title='bbox 1643 1838 1972 1931; x_wconf 74' lang='lat' dir='ltr'><strong>referuntur,</strong></span> <span class='ocrx_word' id='word_1_238' title='bbox 2004 1838 2074 1923; x_wconf 82' lang='lat' dir='ltr'><strong>ab</strong></span> <span class='ocrx_word' id='word_1_239' title='bbox 2104 1840 2153 1903; x_wconf 74' lang='grc' dir='ltr'><strong>Β</strong></span> <span class='ocrx_word' id='word_1_240' title='bbox 2177 1847 2497 1903; x_wconf 63' lang='grc' dir='ltr'><strong>θιηηίωοάίε</strong></span> <span class='ocrx_word' id='word_1_241' title='bbox 2530 1863 2650 1918; x_wconf 56' lang='lat' dir='ltr'><strong>qui“</strong></span> <span class='ocrx_word' id='word_1_242' title='bbox 2696 1838 3030 1905; x_wconf 52' lang='lat' dir='ltr'><strong>mendaciter</strong></span> <span class='ocrx_word' id='word_1_243' title='bbox 3080 1850 3485 1922; x_wconf 70' lang='grc' dir='ltr'><strong>ωηθετίρείειί.</strong></span> <span class='ocrx_word' id='word_1_244' title='bbox 3534 1861 3600 1907; x_wconf 70' lang='grc' dir='ltr'><strong>ει</strong></span> <span class='ocrx_word' id='word_1_245' title='bbox 3644 1868 3769 1908; x_wconf 66' lang='grc' dir='ltr'><strong>νεα</strong></span> 
     </span>
    </p>
   </div>
   <div class='ocr_carea' id='block_1_34' title="bbox 497 1956 2074 2029">
    <p class='ocr_par' dir='ltr' id='par_1_34' title="bbox 497 1956 2074 2029">
     <span class='ocr_line' id='line_1_34' title="bbox 497 1956 2074 2029; baseline -0.001 -16"><span class='ocrx_word' id='word_1_246' title='bbox 497 1956 782 2024; x_wconf 86' lang='lat' dir='ltr'><strong>omnibus,</strong></span> <span class='ocrx_word' id='word_1_247' title='bbox 820 1957 897 2012; x_wconf 88' lang='lat' dir='ltr'><strong>ita</strong></span> <span class='ocrx_word' id='word_1_248' title='bbox 943 1964 1004 2011; x_wconf 93' lang='lat' dir='ltr'><strong>ut</strong></span> <span class='ocrx_word' id='word_1_249' title='bbox 1053 1964 1248 2012; x_wconf 87' lang='lat' dir='ltr'><strong>sonant</strong></span> <span class='ocrx_word' id='word_1_250' title='bbox 1291 1956 1563 2012; x_wconf 88' lang='lat' dir='ltr'><strong>intellecta</strong></span> <span class='ocrx_word' id='word_1_251' title='bbox 1616 1964 1780 2027; x_wconf 87' lang='lat' dir='ltr'><strong>atque</strong></span> <span class='ocrx_word' id='word_1_252' title='bbox 1832 1956 2074 2029; x_wconf 74' lang='lat' dir='ltr'><strong>exposita</strong></span> 
     </span>
    </p>
   </div>
   <div class='ocr_carea' id='block_1_35' title="bbox 498 2044 2076 2117">
    <p class='ocr_par' dir='ltr' id='par_1_35' title="bbox 498 2044 2076 2117">
     <span class='ocr_line' id='line_1_35' title="bbox 498 2044 2076 2117; baseline -0.001 -15"><span class='ocrx_word' id='word_1_253' title='bbox 498 2044 804 2103; x_wconf 85' lang='lat' dir='ltr'><strong>invenimus</strong></span> <span class='ocrx_word' id='word_1_254' title='bbox 829 2062 844 2099; x_wconf 87' lang='lat'><strong>:</strong></span> <span class='ocrx_word' id='word_1_255' title='bbox 875 2044 998 2117; x_wconf 90' lang='lat' dir='ltr'><strong>quis</strong></span> <span class='ocrx_word' id='word_1_256' title='bbox 1020 2060 1151 2102; x_wconf 84' lang='lat' dir='ltr'><strong>vero</strong></span> <span class='ocrx_word' id='word_1_257' title='bbox 1174 2059 1281 2101; x_wconf 92' lang='lat' dir='ltr'><strong>non</strong></span> <span class='ocrx_word' id='word_1_258' title='bbox 1312 2047 1533 2101; x_wconf 90' lang='lat' dir='ltr'><strong>horreat</strong></span> <span class='ocrx_word' id='word_1_259' title='bbox 1559 2045 1698 2102; x_wconf 77' lang='lat' dir='ltr'><strong>hanc</strong></span> <span class='ocrx_word' id='word_1_260' title='bbox 1723 2053 1828 2101; x_wconf 69' lang='lat' dir='ltr'><strong>tum</strong></span> <span class='ocrx_word' id='word_1_261' title='bbox 1856 2061 2076 2116; x_wconf 47' lang='lat' dir='ltr'><strong>pervert</strong></span> 
     </span>
    </p>
   </div>
   <div class='ocr_carea' id='block_1_36' title="bbox 498 2134 2074 2200">
    <p class='ocr_par' dir='ltr' id='par_1_36' title="bbox 498 2134 2074 2200">
     <span class='ocr_line' id='line_1_36' title="bbox 498 2134 2074 2200; baseline -0.001 -7"><span class='ocrx_word' id='word_1_262' title='bbox 498 2136 677 2193; x_wconf 76' lang='lat' dir='ltr'><strong>sitatis</strong></span> <span class='ocrx_word' id='word_1_263' title='bbox 705 2135 1021 2200; x_wconf 87' lang='lat' dir='ltr'><strong>amentiam,</strong></span> <span class='ocrx_word' id='word_1_264' title='bbox 1042 2142 1102 2189; x_wconf 89' lang='lat' dir='ltr'><strong>ut</strong></span> <span class='ocrx_word' id='word_1_265' title='bbox 1141 2134 1473 2190; x_wconf 81' lang='lat' dir='ltr'><strong>orthodoxos</strong></span> <span class='ocrx_word' id='word_1_266' title='bbox 1502 2142 1824 2191; x_wconf 88' lang='lat' dir='ltr'><strong>tractatores</strong></span> <span class='ocrx_word' id='word_1_267' title='bbox 1858 2144 2074 2191; x_wconf 67' lang='lat' dir='ltr'><strong>sancta»</strong></span> 
     </span>
    </p>
   </div>
   <div class='ocr_carea' id='block_1_37' title="bbox 499 2223 2083 2296">
    <p class='ocr_par' dir='ltr' id='par_1_37' title="bbox 499 2223 2083 2296">
     <span class='ocr_line' id='line_1_37' title="bbox 499 2223 2083 2296; baseline 0.001 -15"><span class='ocrx_word' id='word_1_268' title='bbox 499 2240 623 2281; x_wconf 77' lang='lat' dir='ltr'><strong>mn</strong></span> <span class='ocrx_word' id='word_1_269' title='bbox 648 2223 985 2296; x_wconf 60' lang='lat' dir='ltr'><strong>paginarum,</strong></span> <span class='ocrx_word' id='word_1_270' title='bbox 1019 2223 1217 2294; x_wconf 75' lang='lat' dir='ltr'><strong>quibus</strong></span> <span class='ocrx_word' id='word_1_271' title='bbox 1252 2224 1474 2281; x_wconf 88' lang='lat' dir='ltr'><strong>omnino</strong></span> <span class='ocrx_word' id='word_1_272' title='bbox 1493 2224 1659 2280; x_wconf 88' lang='lat' dir='ltr'><strong>studii</strong></span> <span class='ocrx_word' id='word_1_273' title='bbox 1690 2224 1791 2280; x_wconf 69' lang='lat' dir='ltr'><strong>luit</strong></span> <span class='ocrx_word' id='word_1_274' title='bbox 1823 2224 2083 2283; x_wconf 64' lang='lat' dir='ltr'><strong>abstruse</strong></span> 
     </span>
    </p>
   </div>
   <div class='ocr_carea' id='block_1_38' title="bbox 497 2310 2073 2388">
    <p class='ocr_par' dir='ltr' id='par_1_38' title="bbox 497 2310 2073 2388">
     <span class='ocr_line' id='line_1_38' title="bbox 497 2310 2073 2388; baseline 0.001 -17"><span class='ocrx_word' id='word_1_275' title='bbox 497 2316 731 2388; x_wconf 88' lang='lat' dir='ltr'><strong>aperire,</strong></span> <span class='ocrx_word' id='word_1_276' title='bbox 755 2314 937 2372; x_wconf 79' lang='lat' dir='ltr'><strong>clausa</strong></span> <span class='ocrx_word' id='word_1_277' title='bbox 959 2329 1233 2381; x_wconf 77' lang='lat' dir='ltr'><strong>reserare,</strong></span> <span class='ocrx_word' id='word_1_278' title='bbox 1252 2314 1485 2386; x_wconf 72' lang='lat' dir='ltr'><strong>ﬁgurata</strong></span> <span class='ocrx_word' id='word_1_279' title='bbox 1508 2310 2073 2387; x_wconf 63' lang='lat' dir='ltr'><strong>explanamobseurs</strong></span> 
     </span>
    </p>
   </div>
   <div class='ocr_carea' id='block_1_39' title="bbox 497 2404 2074 2475">
    <p class='ocr_par' dir='ltr' id='par_1_39' title="bbox 497 2404 2074 2475">
     <span class='ocr_line' id='line_1_39' title="bbox 497 2404 2074 2475; baseline 0.001 -12"><span class='ocrx_word' id='word_1_280' title='bbox 497 2404 788 2471; x_wconf 89' lang='lat' dir='ltr'><strong>elucidare,</strong></span> <span class='ocrx_word' id='word_1_281' title='bbox 821 2406 968 2462; x_wconf 87' lang='lat' dir='ltr'><strong>dicat</strong></span> <span class='ocrx_word' id='word_1_282' title='bbox 1005 2406 1091 2462; x_wconf 85' lang='lat' dir='ltr'><strong>vel</strong></span> <span class='ocrx_word' id='word_1_283' title='bbox 1128 2421 1194 2461; x_wconf 90' lang='lat' dir='ltr'><strong>ea</strong></span> <span class='ocrx_word' id='word_1_284' title='bbox 1242 2420 1348 2461; x_wconf 89' lang='lat' dir='ltr'><strong>non</strong></span> <span class='ocrx_word' id='word_1_285' title='bbox 1394 2405 1739 2475; x_wconf 81' lang='lat' dir='ltr'><strong>intellexisse,</strong></span> <span class='ocrx_word' id='word_1_286' title='bbox 1770 2407 1856 2464; x_wconf 89' lang='lat' dir='ltr'><strong>vel</strong></span> <span class='ocrx_word' id='word_1_287' title='bbox 1892 2408 2074 2465; x_wconf 88' lang='lat' dir='ltr'><strong>invide</strong></span> 
     </span>
    </p>
   </div>
   <div class='ocr_carea' id='block_1_40' title="bbox 496 2480 2072 2569">
    <p class='ocr_par' dir='ltr' id='par_1_40' title="bbox 496 2480 2072 2569">
     <span class='ocr_line' id='line_1_40' title="bbox 496 2480 2072 2569; baseline 0.001 -16"><span class='ocrx_word' id='word_1_288' title='bbox 496 2496 860 2568; x_wconf 86' lang='lat' dir='ltr'><strong>suppressisse</strong></span> <span class='ocrx_word' id='word_1_289' title='bbox 906 2515 920 2550; x_wconf 89' lang='lat'><strong>:</strong></span> <span class='ocrx_word' id='word_1_290' title='bbox 965 2496 1143 2552; x_wconf 89' lang='lat' dir='ltr'><strong>nullus</strong></span> <span class='ocrx_word' id='word_1_291' title='bbox 1194 2492 1325 2553; x_wconf 81' lang='lat' dir='ltr'><strong>sane</strong></span> <span class='ocrx_word' id='word_1_292' title='bbox 1376 2480 1589 2552; x_wconf 82' lang='lat' dir='ltr'><strong>illorum</strong></span> <span class='ocrx_word' id='word_1_293' title='bbox 1642 2498 1932 2569; x_wconf 90' lang='lat' dir='ltr'><strong>reperitur,</strong></span> <span class='ocrx_word' id='word_1_294' title='bbox 1980 2500 2072 2569; x_wconf 90' lang='lat' dir='ltr'><strong>qui</strong></span> 
     </span>
    </p>
   </div>
   <div class='ocr_carea' id='block_1_41' title="bbox 492 2578 2074 2661">
    <p class='ocr_par' dir='ltr' id='par_1_41' title="bbox 492 2578 2074 2661">
     <span class='ocr_line' id='line_1_41' title="bbox 492 2578 2074 2661; baseline 0.003 -19"><span class='ocrx_word' id='word_1_295' title='bbox 492 2584 645 2659; x_wconf 83' lang='lat' dir='ltr'><strong>juxta</strong></span> <span class='ocrx_word' id='word_1_296' title='bbox 677 2596 820 2643; x_wconf 88' lang='lat' dir='ltr'><strong>tuam</strong></span> <span class='ocrx_word' id='word_1_297' title='bbox 854 2586 1177 2661; x_wconf 80' lang='lat' dir='ltr'><strong>pravitatem</strong></span> <span class='ocrx_word' id='word_1_298' title='bbox 1216 2604 1282 2643; x_wconf 90' lang='lat' dir='ltr'><strong>ea</strong></span> <span class='ocrx_word' id='word_1_299' title='bbox 1321 2578 1405 2643; x_wconf 89' lang='lat' dir='ltr'><strong>vel</strong></span> <span class='ocrx_word' id='word_1_300' title='bbox 1456 2584 1800 2661; x_wconf 83' lang='lat' dir='ltr'><strong>intellexerit,</strong></span> <span class='ocrx_word' id='word_1_301' title='bbox 1834 2584 1918 2646; x_wconf 90' lang='lat' dir='ltr'><strong>vel</strong></span> <span class='ocrx_word' id='word_1_302' title='bbox 1965 2599 2074 2646; x_wconf 86' lang='lat' dir='ltr'><strong>tra-</strong></span> 
     </span>
    </p>
   </div>
   <div class='ocr_carea' id='block_1_42' title="bbox 497 2668 2071 2751">
    <p class='ocr_par' dir='ltr' id='par_1_42' title="bbox 497 2668 2071 2751">
     <span class='ocr_line' id='line_1_42' title="bbox 497 2668 2071 2751; baseline 0.001 -16"><span class='ocrx_word' id='word_1_303' title='bbox 497 2680 746 2747; x_wconf 87' lang='lat' dir='ltr'><strong>ctaverit,</strong></span> <span class='ocrx_word' id='word_1_304' title='bbox 774 2670 861 2735; x_wconf 87' lang='lat' dir='ltr'><strong>vel</strong></span> <span class='ocrx_word' id='word_1_305' title='bbox 891 2668 1154 2735; x_wconf 83' lang='lat' dir='ltr'><strong>docuerit.</strong></span> <span class='ocrx_word' id='word_1_306' title='bbox 1187 2698 1199 2735; x_wconf 91' lang='lat'><strong>:</strong></span> <span class='ocrx_word' id='word_1_307' title='bbox 1232 2694 1340 2751; x_wconf 91' lang='lat' dir='ltr'><strong>quo</strong></span> <span class='ocrx_word' id='word_1_308' title='bbox 1385 2679 1584 2736; x_wconf 88' lang='lat' dir='ltr'><strong>etenim</strong></span> <span class='ocrx_word' id='word_1_309' title='bbox 1626 2689 1787 2751; x_wconf 89' lang='lat' dir='ltr'><strong>pacto</strong></span> <span class='ocrx_word' id='word_1_310' title='bbox 1819 2674 2071 2738; x_wconf 84' lang='lat' dir='ltr'><strong>credendi</strong></span> 
     </span>
    </p>
   </div>
   <div class='ocr_carea' id='block_1_43' title="bbox 497 2768 2073 2843">
    <p class='ocr_par' dir='ltr' id='par_1_43' title="bbox 497 2768 2073 2843">
     <span class='ocr_line' id='line_1_43' title="bbox 497 2768 2073 2843; baseline -0.001 -14"><span class='ocrx_word' id='word_1_311' title='bbox 497 2783 624 2829; x_wconf 87' lang='lat' dir='ltr'><strong>sunt</strong></span> <span class='ocrx_word' id='word_1_312' title='bbox 668 2788 700 2827; x_wconf 89' lang='lat' dir='ltr'><strong>a</strong></span> <span class='ocrx_word' id='word_1_313' title='bbox 747 2772 1020 2829; x_wconf 86' lang='lat' dir='ltr'><strong>contrario</strong></span> <span class='ocrx_word' id='word_1_314' title='bbox 1062 2773 1187 2829; x_wconf 91' lang='lat' dir='ltr'><strong>talia</strong></span> <span class='ocrx_word' id='word_1_315' title='bbox 1241 2770 1593 2837; x_wconf 79' lang='lat' dir='ltr'><strong>intellexisse,</strong></span> <span class='ocrx_word' id='word_1_316' title='bbox 1622 2772 1715 2842; x_wconf 90' lang='lat' dir='ltr'><strong>qui</strong></span> <span class='ocrx_word' id='word_1_317' title='bbox 1770 2768 2073 2843; x_wconf 77' lang='lat' dir='ltr'><strong>ubicunque</strong></span> 
     </span>
    </p>
   </div>
   <div class='ocr_carea' id='block_1_44' title="bbox 496 2858 2074 2919">
    <p class='ocr_par' dir='ltr' id='par_1_44' title="bbox 496 2858 2074 2919">
     <span class='ocr_line' id='line_1_44' title="bbox 496 2858 2074 2919; baseline 0 0"><span class='ocrx_word' id='word_1_318' title='bbox 496 2863 860 2919; x_wconf 88' lang='lat' dir='ltr'><strong>necessarium</strong></span> <span class='ocrx_word' id='word_1_319' title='bbox 913 2858 1016 2918; x_wconf 80' lang='lat' dir='ltr'><strong>fuit</strong></span> <span class='ocrx_word' id='word_1_320' title='bbox 1061 2862 1128 2919; x_wconf 93' lang='lat' dir='ltr'><strong>de</strong></span> <span class='ocrx_word' id='word_1_321' title='bbox 1176 2860 1379 2919; x_wconf 85' lang='lat' dir='ltr'><strong>eisdem</strong></span> <span class='ocrx_word' id='word_1_322' title='bbox 1430 2858 1719 2918; x_wconf 88' lang='lat' dir='ltr'><strong>contrariis</strong></span> <span class='ocrx_word' id='word_1_323' title='bbox 1771 2861 2074 2919; x_wconf 80' lang='lat' dir='ltr'><strong>nullatenus</strong></span> 
     </span>
    </p>
   </div>
   <div class='ocr_carea' id='block_1_45' title="bbox 498 2948 2072 3025">
    <p class='ocr_par' dir='ltr' id='par_1_45' title="bbox 498 2948 2072 3025">
     <span class='ocr_line' id='line_1_45' title="bbox 498 2948 2072 3025; baseline 0.001 -19"><span class='ocrx_word' id='word_1_324' title='bbox 498 2952 783 3010; x_wconf 76' lang='lat' dir='ltr'><strong>tacuei&#39;unt</strong></span> <span class='ocrx_word' id='word_1_325' title='bbox 801 2960 893 3008; x_wconf 89' lang='lat' dir='ltr'><strong>aut</strong></span> <span class='ocrx_word' id='word_1_326' title='bbox 917 2953 1188 3025; x_wconf 91' lang='lat' dir='ltr'><strong>quomodo</strong></span> <span class='ocrx_word' id='word_1_327' title='bbox 1214 2952 1265 3008; x_wconf 89' lang='lat' dir='ltr'><strong>in</strong></span> <span class='ocrx_word' id='word_1_328' title='bbox 1287 2952 1400 3008; x_wconf 90' lang='lat' dir='ltr'><strong>suis</strong></span> <span class='ocrx_word' id='word_1_329' title='bbox 1421 2952 1616 3009; x_wconf 88' lang='lat' dir='ltr'><strong>litteris</strong></span> <span class='ocrx_word' id='word_1_330' title='bbox 1636 2961 1797 3024; x_wconf 89' lang='lat' dir='ltr'><strong>atque</strong></span> <span class='ocrx_word' id='word_1_331' title='bbox 1818 2948 2072 3023; x_wconf 81' lang='lat' dir='ltr'><strong>explana-</strong></span> 
     </span>
    </p>
   </div>
   <div class='ocr_carea' id='block_1_46' title="bbox 500 3026 2072 3117">
    <p class='ocr_par' dir='ltr' id='par_1_46' title="bbox 500 3026 2072 3117">
     <span class='ocr_line' id='line_1_46' title="bbox 500 3026 2072 3117; baseline 0 -18"><span class='ocrx_word' id='word_1_332' title='bbox 500 3043 735 3102; x_wconf 87' lang='lat' dir='ltr'><strong>tionibus</strong></span> <span class='ocrx_word' id='word_1_333' title='bbox 768 3038 1010 3117; x_wconf 53' lang='lat' dir='ltr'><strong>ﬁguratae</strong></span> <span class='ocrx_word' id='word_1_334' title='bbox 1046 3026 1332 3101; x_wconf 81' lang='lat' dir='ltr'><strong>locutionis</strong></span> <span class='ocrx_word' id='word_1_335' title='bbox 1357 3042 1516 3101; x_wconf 84' lang='lat' dir='ltr'><strong>modo</strong></span> <span class='ocrx_word' id='word_1_336' title='bbox 1545 3036 1846 3112; x_wconf 78' lang='lat' dir='ltr'><strong>uterentur,</strong></span> <span class='ocrx_word' id='word_1_337' title='bbox 1876 3045 1968 3117; x_wconf 89' lang='lat' dir='ltr'><strong>qui</strong></span> <span class='ocrx_word' id='word_1_338' title='bbox 2006 3036 2072 3099; x_wconf 88' lang='lat' dir='ltr'><strong>ad</strong></span> 
     </span>
    </p>
   </div>
   <div class='ocr_carea' id='block_1_47' title="bbox 500 3132 2069 3211">
    <p class='ocr_par' dir='ltr' id='par_1_47' title="bbox 500 3132 2069 3211">
     <span class='ocr_line' id='line_1_47' title="bbox 500 3132 2069 3211; baseline -0.001 -17"><span class='ocrx_word' id='word_1_339' title='bbox 500 3139 604 3195; x_wconf 91' lang='lat' dir='ltr'><strong>hoc</strong></span> <span class='ocrx_word' id='word_1_340' title='bbox 633 3138 807 3209; x_wconf 87' lang='lat' dir='ltr'><strong>ipsum</strong></span> <span class='ocrx_word' id='word_1_341' title='bbox 834 3132 1050 3195; x_wconf 86' lang='lat' dir='ltr'><strong>easdem</strong></span> <span class='ocrx_word' id='word_1_342' title='bbox 1076 3134 1440 3210; x_wconf 78' lang='lat' dir='ltr'><strong>expositiOnes</strong></span> <span class='ocrx_word' id='word_1_343' title='bbox 1464 3134 1834 3211; x_wconf 85' lang='lat' dir='ltr'><strong>susceperant,</strong></span> <span class='ocrx_word' id='word_1_344' title='bbox 1868 3136 1929 3193; x_wconf 86' lang='lat' dir='ltr'><strong>ul</strong></span> <span class='ocrx_word' id='word_1_345' title='bbox 1956 3154 2069 3194; x_wconf 90' lang='lat' dir='ltr'><strong>om-</strong></span> 
     </span>
    </p>
   </div>
   <div class='ocr_carea' id='block_1_48' title="bbox 2174 1937 3768 2013">
    <p class='ocr_par' dir='ltr' id='par_1_48' title="bbox 2174 1937 3768 2013">
     <span class='ocr_line' id='line_1_48' title="bbox 2174 1937 3768 2013; baseline 0.004 -20"><span class='ocrx_word' id='word_1_346' title='bbox 2174 1946 2300 1993; x_wconf 88' lang='lat' dir='ltr'><strong>sunt</strong></span> <span class='ocrx_word' id='word_1_347' title='bbox 2325 1937 2696 2008; x_wconf 90' lang='lat' dir='ltr'><strong>proculdubio</strong></span> <span class='ocrx_word' id='word_1_348' title='bbox 2727 1955 2848 2011; x_wconf 76' lang='lat' dir='ltr'><strong>qua:</strong></span> <span class='ocrx_word' id='word_1_349' title='bbox 2876 1949 3058 2013; x_wconf 76' lang='lat' dir='ltr'><strong>tantus</strong></span> <span class='ocrx_word' id='word_1_350' title='bbox 3096 1941 3288 1998; x_wconf 88' lang='lat' dir='ltr'><strong>doctor</strong></span> <span class='ocrx_word' id='word_1_351' title='bbox 3316 1941 3565 1999; x_wconf 79' lang='lat' dir='ltr'><strong>fideliter</strong></span> <span class='ocrx_word' id='word_1_352' title='bbox 3587 1959 3657 2000; x_wconf 81' lang='lat' dir='ltr'><strong>ac</strong></span> <span class='ocrx_word' id='word_1_353' title='bbox 3678 1959 3768 1999; x_wconf 78' lang='lat' dir='ltr'><strong>ve-</strong></span> 
     </span>
    </p>
   </div>
   <div class='ocr_carea' id='block_1_49' title="bbox 2175 2029 3769 2089">
    <p class='ocr_par' dir='ltr' id='par_1_49' title="bbox 2175 2029 3769 2089">
     <span class='ocr_line' id='line_1_49' title="bbox 2175 2029 3769 2089; baseline 0.003 -5"><span class='ocrx_word' id='word_1_354' title='bbox 2175 2029 2374 2085; x_wconf 85' lang='lat' dir='ltr'><strong>raciter</strong></span> <span class='ocrx_word' id='word_1_355' title='bbox 2395 2029 2685 2086; x_wconf 88' lang='lat' dir='ltr'><strong>iutimavit.</strong></span> <span class='ocrx_word' id='word_1_356' title='bbox 2716 2030 2874 2087; x_wconf 88' lang='lat' dir='ltr'><strong>Certe</strong></span> <span class='ocrx_word' id='word_1_357' title='bbox 2900 2032 2946 2088; x_wconf 93' lang='lat' dir='ltr'><strong>si</strong></span> <span class='ocrx_word' id='word_1_358' title='bbox 2967 2032 3111 2087; x_wconf 88' lang='lat' dir='ltr'><strong>nulla</strong></span> <span class='ocrx_word' id='word_1_359' title='bbox 3133 2033 3291 2089; x_wconf 88' lang='lat' dir='ltr'><strong>nobis</strong></span> <span class='ocrx_word' id='word_1_360' title='bbox 3313 2033 3421 2088; x_wconf 88' lang='lat' dir='ltr'><strong>alia</strong></span> <span class='ocrx_word' id='word_1_361' title='bbox 3451 2043 3555 2089; x_wconf 80' lang='lat' dir='ltr'><strong>aut</strong></span> <span class='ocrx_word' id='word_1_362' title='bbox 3580 2044 3769 2089; x_wconf 82' lang='lat' dir='ltr'><strong>aucto-</strong></span> 
     </span>
    </p>
   </div>
   <div class='ocr_carea' id='block_1_50' title="bbox 2173 2123 3768 2196">
    <p class='ocr_par' dir='ltr' id='par_1_50' title="bbox 2173 2123 3768 2196">
     <span class='ocr_line' id='line_1_50' title="bbox 2173 2123 3768 2196; baseline 0.004 -20"><span class='ocrx_word' id='word_1_363' title='bbox 2173 2123 2309 2177; x_wconf 87' lang='lat' dir='ltr'><strong>ritas</strong></span> <span class='ocrx_word' id='word_1_364' title='bbox 2332 2131 2427 2177; x_wconf 91' lang='lat' dir='ltr'><strong>aut</strong></span> <span class='ocrx_word' id='word_1_365' title='bbox 2448 2123 2585 2179; x_wconf 87' lang='lat' dir='ltr'><strong>ratio</strong></span> <span class='ocrx_word' id='word_1_366' title='bbox 2609 2123 2995 2195; x_wconf 78' lang='lat' dir='ltr'><strong>suppeditaret,</strong></span> <span class='ocrx_word' id='word_1_367' title='bbox 3020 2126 3167 2181; x_wconf 88' lang='lat' dir='ltr'><strong>solus</strong></span> <span class='ocrx_word' id='word_1_368' title='bbox 3190 2126 3279 2181; x_wconf 90' lang='lat' dir='ltr'><strong>ille</strong></span> <span class='ocrx_word' id='word_1_369' title='bbox 3300 2127 3463 2183; x_wconf 90' lang='lat' dir='ltr'><strong>nobis</strong></span> <span class='ocrx_word' id='word_1_370' title='bbox 3512 2127 3575 2181; x_wconf 90' lang='lat' dir='ltr'><strong>in</strong></span> <span class='ocrx_word' id='word_1_371' title='bbox 3609 2126 3768 2196; x_wconf 80' lang='lat' dir='ltr'><strong>hujus</strong></span> 
     </span>
    </p>
   </div>
   <div class='ocr_carea' id='block_1_51' title="bbox 2173 2214 3764 2287">
    <p class='ocr_par' dir='ltr' id='par_1_51' title="bbox 2173 2214 3764 2287">
     <span class='ocr_line' id='line_1_51' title="bbox 2173 2214 3764 2287; baseline 0 -16"><span class='ocrx_word' id='word_1_372' title='bbox 2173 2215 2439 2271; x_wconf 78' lang='lat' dir='ltr'><strong>sermonis</strong></span> <span class='ocrx_word' id='word_1_373' title='bbox 2451 2214 2724 2287; x_wconf 84' lang='lat' dir='ltr'><strong>iutelligeu</strong></span> <span class='ocrx_word' id='word_1_374' title='bbox 2731 2215 2804 2271; x_wconf 87' lang='lat' dir='ltr'><strong>tia</strong></span> <span class='ocrx_word' id='word_1_375' title='bbox 2815 2214 3060 2271; x_wconf 81' lang='lat' dir='ltr'><strong>sullicere</strong></span> <span class='ocrx_word' id='word_1_376' title='bbox 3079 2224 3313 2287; x_wconf 87' lang='lat' dir='ltr'><strong>poterat,</strong></span> <span class='ocrx_word' id='word_1_377' title='bbox 3337 2216 3496 2287; x_wconf 70' lang='lat' dir='ltr'><strong>cuius</strong></span> <span class='ocrx_word' id='word_1_378' title='bbox 3508 2215 3764 2272; x_wconf 79' lang='lat' dir='ltr'><strong>doctrina</strong></span> 
     </span>
    </p>
   </div>
   <div class='ocr_carea' id='block_1_52' title="bbox 2174 2306 3771 2376">
    <p class='ocr_par' dir='ltr' id='par_1_52' title="bbox 2174 2306 3771 2376">
     <span class='ocr_line' id='line_1_52' title="bbox 2174 2306 3771 2376; baseline 0.003 -16"><span class='ocrx_word' id='word_1_379' title='bbox 2174 2315 2337 2376; x_wconf 78' lang='lat' dir='ltr'><strong>atque</strong></span> <span class='ocrx_word' id='word_1_380' title='bbox 2355 2307 2583 2363; x_wconf 84' lang='lat' dir='ltr'><strong>scientia</strong></span> <span class='ocrx_word' id='word_1_381' title='bbox 2619 2316 2769 2364; x_wconf 85' lang='lat' dir='ltr'><strong>tanto</strong></span> <span class='ocrx_word' id='word_1_382' title='bbox 2792 2308 2849 2363; x_wconf 88' lang='lat' dir='ltr'><strong>in</strong></span> <span class='ocrx_word' id='word_1_383' title='bbox 2875 2306 3145 2364; x_wconf 73' lang='lat' dir='ltr'><strong>catholica</strong></span> <span class='ocrx_word' id='word_1_384' title='bbox 3181 2308 3429 2364; x_wconf 76' lang='lat' dir='ltr'><strong>Ecclesia</strong></span> <span class='ocrx_word' id='word_1_385' title='bbox 3460 2308 3681 2364; x_wconf 70' lang='lat' dir='ltr'><strong>IIOIOI&#39;G</strong></span> <span class='ocrx_word' id='word_1_386' title='bbox 3711 2317 3771 2364; x_wconf 86' lang='lat' dir='ltr'><strong>et</strong></span> 
     </span>
    </p>
   </div>
   <div class='ocr_carea' id='block_1_53' title="bbox 2173 2398 3767 2472">
    <p class='ocr_par' dir='ltr' id='par_1_53' title="bbox 2173 2398 3767 2472">
     <span class='ocr_line' id='line_1_53' title="bbox 2173 2398 3767 2472; baseline 0.003 -20"><span class='ocrx_word' id='word_1_387' title='bbox 2173 2412 2356 2454; x_wconf 89' lang='lat' dir='ltr'><strong>amore</strong></span> <span class='ocrx_word' id='word_1_388' title='bbox 2383 2398 2676 2465; x_wconf 90' lang='lat' dir='ltr'><strong>convaluit,</strong></span> <span class='ocrx_word' id='word_1_389' title='bbox 2704 2407 2765 2454; x_wconf 92' lang='lat' dir='ltr'><strong>ut</strong></span> <span class='ocrx_word' id='word_1_390' title='bbox 2800 2400 2867 2455; x_wconf 87' lang='lat' dir='ltr'><strong>de</strong></span> <span class='ocrx_word' id='word_1_391' title='bbox 2884 2398 3029 2455; x_wconf 82' lang='lat' dir='ltr'><strong>illius</strong></span> <span class='ocrx_word' id='word_1_392' title='bbox 3067 2398 3289 2469; x_wconf 79' lang='lat' dir='ltr'><strong>scriptis</strong></span> <span class='ocrx_word' id='word_1_393' title='bbox 3309 2399 3495 2455; x_wconf 73' lang='lat' dir='ltr'><strong>nullus</strong></span> <span class='ocrx_word' id='word_1_394' title='bbox 3520 2415 3767 2472; x_wconf 48' lang='lat' dir='ltr'><strong>suum</strong></span> 
     </span>
    </p>
   </div>
   <div class='ocr_carea' id='block_1_54' title="bbox 2172 2489 3767 2566">
    <p class='ocr_par' dir='ltr' id='par_1_54' title="bbox 2172 2489 3767 2566">
     <span class='ocr_line' id='line_1_54' title="bbox 2172 2489 3767 2566; baseline 0.004 -21"><span class='ocrx_word' id='word_1_395' title='bbox 2172 2489 2519 2559; x_wconf 85' lang='lat' dir='ltr'><strong>dubitaverit,</strong></span> <span class='ocrx_word' id='word_1_396' title='bbox 2548 2492 2725 2549; x_wconf 91' lang='lat' dir='ltr'><strong>nullus</strong></span> <span class='ocrx_word' id='word_1_397' title='bbox 2746 2493 3105 2566; x_wconf 78' lang='lat' dir='ltr'><strong>derogaverit,</strong></span> <span class='ocrx_word' id='word_1_398' title='bbox 3138 2493 3335 2565; x_wconf 85' lang='lat' dir='ltr'><strong>quippe</strong></span> <span class='ocrx_word' id='word_1_399' title='bbox 3358 2494 3455 2565; x_wconf 88' lang='lat' dir='ltr'><strong>qui</strong></span> <span class='ocrx_word' id='word_1_400' title='bbox 3479 2502 3541 2550; x_wconf 84' lang='lat' dir='ltr'><strong>et</strong></span> <span class='ocrx_word' id='word_1_401' title='bbox 3575 2494 3767 2551; x_wconf 75' lang='lat' dir='ltr'><strong>libera-</strong></span> 
     </span>
    </p>
   </div>
   <div class='ocr_carea' id='block_1_55' title="bbox 2172 2583 3767 2658">
    <p class='ocr_par' dir='ltr' id='par_1_55' title="bbox 2172 2583 3767 2658">
     <span class='ocr_line' id='line_1_55' title="bbox 2172 2583 3767 2658; baseline 0.003 -19"><span class='ocrx_word' id='word_1_402' title='bbox 2172 2583 2304 2639; x_wconf 90' lang='lat' dir='ltr'><strong>lium</strong></span> <span class='ocrx_word' id='word_1_403' title='bbox 2363 2585 2773 2657; x_wconf 87' lang='lat' dir='ltr'><strong>disciplinarum</strong></span> <span class='ocrx_word' id='word_1_404' title='bbox 2826 2586 3226 2644; x_wconf 81' lang='lat' dir='ltr'><strong>eruditionibus</strong></span> <span class='ocrx_word' id='word_1_405' title='bbox 3290 2587 3661 2658; x_wconf 81' lang='lat' dir='ltr'><strong>spleudidus,</strong></span> <span class='ocrx_word' id='word_1_406' title='bbox 3712 2598 3767 2643; x_wconf 85' lang='lat' dir='ltr'><strong>et</strong></span> 
     </span>
    </p>
   </div>
   <div class='ocr_carea' id='block_1_56' title="bbox 2175 2674 3763 2755">
    <p class='ocr_par' dir='ltr' id='par_1_56' title="bbox 2175 2674 3763 2755">
     <span class='ocr_line' id='line_1_56' title="bbox 2175 2674 3763 2755; baseline 0.008 -26"><span class='ocrx_word' id='word_1_407' title='bbox 2175 2674 2574 2745; x_wconf 87' lang='lat' dir='ltr'><strong>Scripturarum</strong></span> <span class='ocrx_word' id='word_1_408' title='bbox 2621 2687 2932 2735; x_wconf 86' lang='lat' dir='ltr'><strong>sanctarum</strong></span> <span class='ocrx_word' id='word_1_409' title='bbox 2975 2682 3219 2737; x_wconf 86' lang='lat' dir='ltr'><strong>doctrina</strong></span> <span class='ocrx_word' id='word_1_410' title='bbox 3265 2682 3661 2755; x_wconf 74' lang='lat' dir='ltr'><strong>przel’ulgldns,</strong></span> <span class='ocrx_word' id='word_1_411' title='bbox 3708 2696 3763 2741; x_wconf 83' lang='lat' dir='ltr'><strong>et</strong></span> 
     </span>
    </p>
   </div>
   <div class='ocr_carea' id='block_1_57' title="bbox 2174 2769 3760 2846">
    <p class='ocr_par' dir='ltr' id='par_1_57' title="bbox 2174 2769 3760 2846">
     <span class='ocr_line' id='line_1_57' title="bbox 2174 2769 3760 2846; baseline 0.006 -23"><span class='ocrx_word' id='word_1_412' title='bbox 2174 2784 2282 2825; x_wconf 92' lang='lat' dir='ltr'><strong>non</strong></span> <span class='ocrx_word' id='word_1_413' title='bbox 2316 2769 2493 2825; x_wconf 91' lang='lat' dir='ltr'><strong>minus</strong></span> <span class='ocrx_word' id='word_1_414' title='bbox 2520 2769 2693 2826; x_wconf 54' lang='lat' dir='ltr'><strong>Graeci</strong></span> <span class='ocrx_word' id='word_1_415' title='bbox 2739 2787 2900 2843; x_wconf 89' lang='lat' dir='ltr'><strong>quam</strong></span> <span class='ocrx_word' id='word_1_416' title='bbox 2936 2772 3111 2829; x_wconf 85' lang='lat' dir='ltr'><strong>Latini</strong></span> <span class='ocrx_word' id='word_1_417' title='bbox 3147 2774 3349 2846; x_wconf 88' lang='lat' dir='ltr'><strong>eloquii</strong></span> <span class='ocrx_word' id='word_1_418' title='bbox 3384 2776 3760 2846; x_wconf 78' lang='lat' dir='ltr'><strong>peritissimus</strong></span> 
     </span>
    </p>
   </div>
   <div class='ocr_carea' id='block_1_58' title="bbox 2175 2860 3760 2936">
    <p class='ocr_par' dir='ltr' id='par_1_58' title="bbox 2175 2860 3760 2936">
     <span class='ocr_line' id='line_1_58' title="bbox 2175 2860 3760 2936; baseline 0.004 -21"><span class='ocrx_word' id='word_1_419' title='bbox 2175 2860 2465 2917; x_wconf 87' lang='lat' dir='ltr'><strong>invenitur.</strong></span> <span class='ocrx_word' id='word_1_420' title='bbox 2494 2861 2671 2920; x_wconf 89' lang='lat' dir='ltr'><strong>Testis</strong></span> <span class='ocrx_word' id='word_1_421' title='bbox 2706 2873 2794 2919; x_wconf 87' lang='lat' dir='ltr'><strong>est</strong></span> <span class='ocrx_word' id='word_1_422' title='bbox 2812 2864 2975 2920; x_wconf 88' lang='lat' dir='ltr'><strong>etiam</strong></span> <span class='ocrx_word' id='word_1_423' title='bbox 3004 2874 3224 2923; x_wconf 87' lang='lat' dir='ltr'><strong>sanctus</strong></span> <span class='ocrx_word' id='word_1_424' title='bbox 3263 2864 3524 2936; x_wconf 84' lang='lat' dir='ltr'><strong>Prosper,</strong></span> <span class='ocrx_word' id='word_1_425' title='bbox 3580 2868 3669 2921; x_wconf 78' lang='lat' dir='ltr'><strong>vir</strong></span> <span class='ocrx_word' id='word_1_426' title='bbox 3708 2868 3760 2921; x_wconf 81' lang='lat' dir='ltr'><strong>in</strong></span> 
     </span>
    </p>
   </div>
   <div class='ocr_carea' id='block_1_59' title="bbox 2173 2952 3763 3014">
    <p class='ocr_par' dir='ltr' id='par_1_59' title="bbox 2173 2952 3763 3014">
     <span class='ocr_line' id='line_1_59' title="bbox 2173 2952 3763 3014; baseline 0.003 -5"><span class='ocrx_word' id='word_1_427' title='bbox 2173 2954 2318 3009; x_wconf 92' lang='lat' dir='ltr'><strong>omni</strong></span> <span class='ocrx_word' id='word_1_428' title='bbox 2353 2952 2657 3010; x_wconf 89' lang='lat' dir='ltr'><strong>litterarum</strong></span> <span class='ocrx_word' id='word_1_429' title='bbox 2683 2956 2983 3012; x_wconf 88' lang='lat' dir='ltr'><strong>eruditione</strong></span> <span class='ocrx_word' id='word_1_430' title='bbox 3003 2957 3350 3014; x_wconf 86' lang='lat' dir='ltr'><strong>doctissimus</strong></span> <span class='ocrx_word' id='word_1_431' title='bbox 3388 2973 3457 3013; x_wconf 83' lang='lat' dir='ltr'><strong>ac</strong></span> <span class='ocrx_word' id='word_1_432' title='bbox 3478 2957 3763 3014; x_wconf 58' lang='lat' dir='ltr'><strong>faetidis-</strong></span> 
     </span>
    </p>
   </div>
   <div class='ocr_carea' id='block_1_60' title="bbox 2175 3049 3761 3125">
    <p class='ocr_par' dir='ltr' id='par_1_60' title="bbox 2175 3049 3761 3125">
     <span class='ocr_line' id='line_1_60' title="bbox 2175 3049 3761 3125; baseline 0.003 -19"><span class='ocrx_word' id='word_1_433' title='bbox 2175 3050 2366 3116; x_wconf 88' lang='lat' dir='ltr'><strong>simus,</strong></span> <span class='ocrx_word' id='word_1_434' title='bbox 2396 3049 2488 3120; x_wconf 87' lang='lat' dir='ltr'><strong>qui</strong></span> <span class='ocrx_word' id='word_1_435' title='bbox 2517 3049 2796 3106; x_wconf 85' lang='lat' dir='ltr'><strong>Gallorum</strong></span> <span class='ocrx_word' id='word_1_436' title='bbox 2835 3050 3171 3122; x_wconf 84' lang='lat' dir='ltr'><strong>aliorumque</strong></span> <span class='ocrx_word' id='word_1_437' title='bbox 3202 3051 3405 3122; x_wconf 84' lang='lat' dir='ltr'><strong>Pelagii</strong></span> <span class='ocrx_word' id='word_1_438' title='bbox 3438 3054 3761 3125; x_wconf 51' lang='lat' dir='ltr'><strong>causam</strong></span> 
     </span>
    </p>
   </div>
   <div class='ocr_carea' id='block_1_61' title="bbox 2177 3140 3761 3215">
    <p class='ocr_par' dir='ltr' id='par_1_61' title="bbox 2177 3140 3761 3215">
     <span class='ocr_line' id='line_1_61' title="bbox 2177 3140 3761 3215; baseline 0.003 -20"><span class='ocrx_word' id='word_1_439' title='bbox 2177 3141 2523 3211; x_wconf 88' lang='lat' dir='ltr'><strong>impudentiis</strong></span> <span class='ocrx_word' id='word_1_440' title='bbox 2558 3152 2615 3197; x_wconf 91' lang='lat' dir='ltr'><strong>et</strong></span> <span class='ocrx_word' id='word_1_441' title='bbox 2643 3140 2797 3197; x_wconf 88' lang='lat' dir='ltr'><strong>libris</strong></span> <span class='ocrx_word' id='word_1_442' title='bbox 2820 3141 3048 3199; x_wconf 82' lang='lat' dir='ltr'><strong>ﬁdeliter</strong></span> <span class='ocrx_word' id='word_1_443' title='bbox 3071 3143 3256 3210; x_wconf 86' lang='lat' dir='ltr'><strong>editis,</strong></span> <span class='ocrx_word' id='word_1_444' title='bbox 3278 3153 3332 3198; x_wconf 85' lang='lat' dir='ltr'><strong>et</strong></span> <span class='ocrx_word' id='word_1_445' title='bbox 3354 3144 3593 3200; x_wconf 72' lang='lat' dir='ltr'><strong>doruani</strong></span> <span class='ocrx_word' id='word_1_446' title='bbox 3628 3161 3761 3215; x_wconf 78' lang='lat' dir='ltr'><strong>pou-</strong></span> 
     </span>
    </p>
   </div>
   <div class='ocr_carea' id='block_1_62' title="bbox 499 3212 3763 3309">
    <p class='ocr_par' dir='ltr' id='par_1_62' title="bbox 499 3212 3763 3309">
     <span class='ocr_line' id='line_1_62' title="bbox 499 3212 3763 3309; baseline 0.002 -23"><span class='ocrx_word' id='word_1_447' title='bbox 499 3246 597 3287; x_wconf 92' lang='lat' dir='ltr'><strong>nes</strong></span> <span class='ocrx_word' id='word_1_448' title='bbox 625 3230 880 3303; x_wconf 75' lang='lat' dir='ltr'><strong>ﬁguratas</strong></span> <span class='ocrx_word' id='word_1_449' title='bbox 911 3222 1214 3289; x_wconf 79' lang='lat' dir='ltr'><strong>locutiones</strong></span> <span class='ocrx_word' id='word_1_450' title='bbox 1249 3230 1452 3304; x_wconf 89' lang='lat' dir='ltr'><strong>apertis</strong></span> <span class='ocrx_word' id='word_1_451' title='bbox 1497 3218 1824 3289; x_wconf 85' lang='lat' dir='ltr'><strong>dictionibus</strong></span> <span class='ocrx_word' id='word_1_452' title='bbox 1859 3233 2078 3305; x_wconf 75' lang='lat' dir='ltr'><strong>expedi-</strong></span> <span class='ocrx_word' id='word_1_453' title='bbox 2102 3212 2148 3275; x_wconf 79' lang='lat' dir='ltr'><strong>C</strong></span> <span class='ocrx_word' id='word_1_454' title='bbox 2180 3232 2338 3288; x_wconf 87' lang='lat' dir='ltr'><strong>tilicis</strong></span> <span class='ocrx_word' id='word_1_455' title='bbox 2364 3232 2542 3289; x_wconf 90' lang='lat' dir='ltr'><strong>edicto</strong></span> <span class='ocrx_word' id='word_1_456' title='bbox 2588 3248 2687 3289; x_wconf 90' lang='lat' dir='ltr'><strong>sua</strong></span> <span class='ocrx_word' id='word_1_457' title='bbox 2733 3234 2989 3289; x_wconf 85' lang='lat' dir='ltr'><strong>instantia</strong></span> <span class='ocrx_word' id='word_1_458' title='bbox 3023 3233 3335 3305; x_wconf 84' lang='lat' dir='ltr'><strong>impetrato,</strong></span> <span class='ocrx_word' id='word_1_459' title='bbox 3384 3212 3763 3309; x_wconf 77' lang='lat' dir='ltr'><strong>propugnator</strong></span> 
     </span>
    </p>
   </div>
   <div class='ocr_carea' id='block_1_63' title="bbox 500 3335 639 3383">
    <p class='ocr_par' dir='ltr' id='par_1_63' title="bbox 500 3335 639 3383">
     <span class='ocr_line' id='line_1_63' title="bbox 500 3335 639 3383; baseline 0 -2"><span class='ocrx_word' id='word_1_460' title='bbox 500 3335 639 3383; x_wconf 88' lang='lat' dir='ltr'><strong>rent.</strong></span> 
     </span>
    </p>
   </div>
   <div class='ocr_carea' id='block_1_64' title="bbox 568 3404 2071 3490">
    <p class='ocr_par' dir='ltr' id='par_1_64' title="bbox 568 3404 2071 3490">
     <span class='ocr_line' id='line_1_64' title="bbox 568 3404 2071 3490; baseline -0.001 -15"><span class='ocrx_word' id='word_1_461' title='bbox 568 3416 614 3475; x_wconf 90' lang='grc' dir='ltr'><strong>Ο</strong></span> <span class='ocrx_word' id='word_1_462' title='bbox 639 3406 939 3474; x_wconf 77' lang='lat' dir='ltr'><strong>monstrum</strong></span> <span class='ocrx_word' id='word_1_463' title='bbox 964 3406 1316 3486; x_wconf 85' lang='lat' dir='ltr'><strong>horrendhm,</strong></span> <span class='ocrx_word' id='word_1_464' title='bbox 1331 3433 1365 3474; x_wconf 95' lang='lat' dir='ltr'><strong>o</strong></span> <span class='ocrx_word' id='word_1_465' title='bbox 1385 3417 1624 3490; x_wconf 89' lang='lat' dir='ltr'><strong>linguam</strong></span> <span class='ocrx_word' id='word_1_466' title='bbox 1645 3404 2071 3490; x_wconf 68' lang='lat' dir='ltr'><strong>praecidendum!</strong></span> 
     </span>
    </p>
   </div>
   <div class='ocr_carea' id='block_1_65' title="bbox 498 3502 2077 3584">
    <p class='ocr_par' dir='ltr' id='par_1_65' title="bbox 498 3502 2077 3584">
     <span class='ocr_line' id='line_1_65' title="bbox 498 3502 2077 3584; baseline 0.001 -17"><span class='ocrx_word' id='word_1_467' title='bbox 498 3528 618 3584; x_wconf 74' lang='lat' dir='ltr'><strong>qua:</strong></span> <span class='ocrx_word' id='word_1_468' title='bbox 644 3508 730 3568; x_wconf 88' lang='lat' dir='ltr'><strong>vel</strong></span> <span class='ocrx_word' id='word_1_469' title='bbox 757 3506 1144 3583; x_wconf 88' lang='lat' dir='ltr'><strong>ignorantiam,</strong></span> <span class='ocrx_word' id='word_1_470' title='bbox 1173 3512 1258 3570; x_wconf 87' lang='lat' dir='ltr'><strong>vel</strong></span> <span class='ocrx_word' id='word_1_471' title='bbox 1284 3512 1537 3570; x_wconf 90' lang='lat' dir='ltr'><strong>invidiam</strong></span> <span class='ocrx_word' id='word_1_472' title='bbox 1569 3513 1732 3569; x_wconf 88' lang='lat' dir='ltr'><strong>tantis</strong></span> <span class='ocrx_word' id='word_1_473' title='bbox 1766 3502 2077 3569; x_wconf 89' lang='lat' dir='ltr'><strong>doctoribus</strong></span> 
     </span>
    </p>
   </div>
   <div class='ocr_carea' id='block_1_66' title="bbox 498 3600 2077 3675">
    <p class='ocr_par' dir='ltr' id='par_1_66' title="bbox 498 3600 2077 3675">
     <span class='ocr_line' id='line_1_66' title="bbox 498 3600 2077 3675; baseline 0.001 -19"><span class='ocrx_word' id='word_1_474' title='bbox 498 3602 793 3675; x_wconf 89' lang='lat' dir='ltr'><strong>importare</strong></span> <span class='ocrx_word' id='word_1_475' title='bbox 817 3618 922 3659; x_wconf 90' lang='lat' dir='ltr'><strong>non</strong></span> <span class='ocrx_word' id='word_1_476' title='bbox 953 3600 1163 3669; x_wconf 80' lang='lat' dir='ltr'><strong>metuit,</strong></span> <span class='ocrx_word' id='word_1_477' title='bbox 1193 3611 1252 3658; x_wconf 92' lang='lat' dir='ltr'><strong>ut</strong></span> <span class='ocrx_word' id='word_1_478' title='bbox 1281 3600 1373 3673; x_wconf 90' lang='lat' dir='ltr'><strong>qui</strong></span> <span class='ocrx_word' id='word_1_479' title='bbox 1400 3602 1628 3659; x_wconf 83' lang='lat' dir='ltr'><strong>obscura</strong></span> <span class='ocrx_word' id='word_1_480' title='bbox 1661 3602 1902 3659; x_wconf 88' lang='lat' dir='ltr'><strong>revelare</strong></span> <span class='ocrx_word' id='word_1_481' title='bbox 1951 3602 2077 3658; x_wconf 87' lang='lat' dir='ltr'><strong>sub-</strong></span> 
     </span>
    </p>
   </div>
   <div class='ocr_carea' id='block_1_67' title="bbox 500 3682 2072 3766">
    <p class='ocr_par' dir='ltr' id='par_1_67' title="bbox 500 3682 2072 3766">
     <span class='ocr_line' id='line_1_67' title="bbox 500 3682 2072 3766; baseline -0.001 -15"><span class='ocrx_word' id='word_1_482' title='bbox 500 3692 697 3763; x_wconf 89' lang='lat' dir='ltr'><strong>ierant,</strong></span> <span class='ocrx_word' id='word_1_483' title='bbox 725 3682 1127 3753; x_wconf 83' lang='lat' dir='ltr'><strong>obscurioribus</strong></span> <span class='ocrx_word' id='word_1_484' title='bbox 1150 3696 1309 3752; x_wconf 87' lang='lat' dir='ltr'><strong>dictis</strong></span> <span class='ocrx_word' id='word_1_485' title='bbox 1337 3712 1401 3751; x_wconf 88' lang='lat' dir='ltr'><strong>ea</strong></span> <span class='ocrx_word' id='word_1_486' title='bbox 1431 3694 1735 3766; x_wconf 88' lang='lat' dir='ltr'><strong>implicasse</strong></span> <span class='ocrx_word' id='word_1_487' title='bbox 1765 3696 2072 3761; x_wconf 85' lang='lat' dir='ltr'><strong>credantur,</strong></span> 
     </span>
    </p>
   </div>
   <div class='ocr_carea' id='block_1_68' title="bbox 497 3780 2075 3860">
    <p class='ocr_par' dir='ltr' id='par_1_68' title="bbox 497 3780 2075 3860">
     <span class='ocr_line' id='line_1_68' title="bbox 497 3780 2075 3860; baseline 0.001 -19"><span class='ocrx_word' id='word_1_488' title='bbox 497 3780 870 3857; x_wconf 63' lang='lat' dir='ltr'><strong>praecipueque</strong></span> <span class='ocrx_word' id='word_1_489' title='bbox 923 3784 978 3841; x_wconf 89' lang='lat' dir='ltr'><strong>in</strong></span> <span class='ocrx_word' id='word_1_490' title='bbox 1027 3787 1367 3860; x_wconf 84' lang='lat' dir='ltr'><strong>sermonibus</strong></span> <span class='ocrx_word' id='word_1_491' title='bbox 1425 3782 1494 3843; x_wconf 89' lang='lat' dir='ltr'><strong>ad</strong></span> <span class='ocrx_word' id='word_1_492' title='bbox 1544 3786 1804 3859; x_wconf 88' lang='lat' dir='ltr'><strong>populos,</strong></span> <span class='ocrx_word' id='word_1_493' title='bbox 1859 3787 2075 3844; x_wconf 85' lang='lat' dir='ltr'><strong>Idcidis-</strong></span> 
     </span>
    </p>
   </div>
   <div class='ocr_carea' id='block_1_69' title="bbox 498 3866 2073 3951">
    <p class='ocr_par' dir='ltr' id='par_1_69' title="bbox 498 3866 2073 3951">
     <span class='ocr_line' id='line_1_69' title="bbox 498 3866 2073 3951; baseline 0.003 -21"><span class='ocrx_word' id='word_1_494' title='bbox 498 3874 633 3930; x_wconf 90' lang='lat' dir='ltr'><strong>sime</strong></span> <span class='ocrx_word' id='word_1_495' title='bbox 674 3866 758 3931; x_wconf 76' lang='lat' dir='ltr'><strong>vel</strong></span> <span class='ocrx_word' id='word_1_496' title='bbox 797 3870 1013 3933; x_wconf 77' lang='lat' dir='ltr'><strong>dictatis</strong></span> <span class='ocrx_word' id='word_1_497' title='bbox 1045 3877 1128 3932; x_wconf 89' lang='lat' dir='ltr'><strong>vel</strong></span> <span class='ocrx_word' id='word_1_498' title='bbox 1167 3876 1479 3945; x_wconf 88' lang='lat' dir='ltr'><strong>enuntiatis,</strong></span> <span class='ocrx_word' id='word_1_499' title='bbox 1512 3893 1649 3949; x_wconf 92' lang='lat' dir='ltr'><strong>quos</strong></span> <span class='ocrx_word' id='word_1_500' title='bbox 1675 3879 1876 3950; x_wconf 86' lang='lat' dir='ltr'><strong>apertis</strong></span> <span class='ocrx_word' id='word_1_501' title='bbox 1909 3895 2073 3951; x_wconf 90' lang='lat' dir='ltr'><strong>opor-</strong></span> 
     </span>
    </p>
   </div>
   <div class='ocr_carea' id='block_1_70' title="bbox 500 3952 2074 4044">
    <p class='ocr_par' dir='ltr' id='par_1_70' title="bbox 500 3952 2074 4044">
     <span class='ocr_line' id='line_1_70' title="bbox 500 3952 2074 4044; baseline 0.003 -22"><span class='ocrx_word' id='word_1_502' title='bbox 500 3952 647 4023; x_wconf 81' lang='lat' dir='ltr'><strong>tebat</strong></span> <span class='ocrx_word' id='word_1_503' title='bbox 702 3966 1245 4027; x_wconf 76' lang='lat' dir='ltr'><strong>sermocinationibus</strong></span> <span class='ocrx_word' id='word_1_504' title='bbox 1288 3954 1602 4037; x_wconf 61' lang='lat' dir='ltr'><strong>informari,</strong></span> <span class='ocrx_word' id='word_1_505' title='bbox 1658 3986 1766 4027; x_wconf 89' lang='lat' dir='ltr'><strong>non</strong></span> <span class='ocrx_word' id='word_1_506' title='bbox 1806 3972 2074 4044; x_wconf 77' lang='lat' dir='ltr'><strong>.liguratis</strong></span> 
     </span>
    </p>
   </div>
   <div class='ocr_carea' id='block_1_71' title="bbox 498 4052 2074 4130">
    <p class='ocr_par' dir='ltr' id='par_1_71' title="bbox 498 4052 2074 4130">
     <span class='ocr_line' id='line_1_71' title="bbox 498 4052 2074 4130; baseline 0.004 -19"><span class='ocrx_word' id='word_1_507' title='bbox 498 4054 856 4115; x_wconf 81' lang='lat' dir='ltr'><strong>locutionibus</strong></span> <span class='ocrx_word' id='word_1_508' title='bbox 895 4060 1142 4130; x_wconf 87' lang='lat' dir='ltr'><strong>impediri</strong></span> <span class='ocrx_word' id='word_1_509' title='bbox 1172 4080 1185 4116; x_wconf 91' lang='lat'><strong>:</strong></span> <span class='ocrx_word' id='word_1_510' title='bbox 1219 4060 1286 4117; x_wconf 89' lang='lat' dir='ltr'><strong>de</strong></span> <span class='ocrx_word' id='word_1_511' title='bbox 1326 4077 1432 4130; x_wconf 90' lang='lat' dir='ltr'><strong>qua</strong></span> <span class='ocrx_word' id='word_1_512' title='bbox 1468 4077 1527 4118; x_wconf 91' lang='lat' dir='ltr'><strong>re</strong></span> <span class='ocrx_word' id='word_1_513' title='bbox 1562 4052 1729 4119; x_wconf 88' lang='lat' dir='ltr'><strong>testes</strong></span> <span class='ocrx_word' id='word_1_514' title='bbox 1765 4062 1919 4119; x_wconf 89' lang='lat' dir='ltr'><strong>nobis</strong></span> <span class='ocrx_word' id='word_1_515' title='bbox 1948 4064 2074 4118; x_wconf 88' lang='lat' dir='ltr'><strong>sunt</strong></span> 
     </span>
    </p>
   </div>
   <div class='ocr_carea' id='block_1_72' title="bbox 498 4144 2073 4223">
    <p class='ocr_par' dir='ltr' id='par_1_72' title="bbox 498 4144 2073 4223">
     <span class='ocr_line' id='line_1_72' title="bbox 498 4144 2073 4223; baseline 0.004 -22"><span class='ocrx_word' id='word_1_516' title='bbox 498 4144 621 4202; x_wconf 85' lang='lat' dir='ltr'><strong>libri</strong></span> <span class='ocrx_word' id='word_1_517' title='bbox 665 4146 961 4205; x_wconf 83' lang='lat' dir='ltr'><strong>beatissimi</strong></span> <span class='ocrx_word' id='word_1_518' title='bbox 998 4146 1174 4206; x_wconf 83' lang='lat' dir='ltr'><strong>Patris</strong></span> <span class='ocrx_word' id='word_1_519' title='bbox 1202 4150 1511 4223; x_wconf 84' lang='lat' dir='ltr'><strong>Augustini,</strong></span> <span class='ocrx_word' id='word_1_520' title='bbox 1541 4167 1675 4222; x_wconf 91' lang='lat' dir='ltr'><strong>quos</strong></span> <span class='ocrx_word' id='word_1_521' title='bbox 1708 4151 1776 4207; x_wconf 91' lang='lat' dir='ltr'><strong>de</strong></span> <span class='ocrx_word' id='word_1_522' title='bbox 1819 4151 2073 4209; x_wconf 88' lang='lat' dir='ltr'><strong>Doctrina</strong></span> 
     </span>
    </p>
   </div>
   <div class='ocr_carea' id='block_1_73' title="bbox 376 4234 2075 4315">
    <p class='ocr_par' dir='ltr' id='par_1_73' title="bbox 376 4234 2075 4315">
     <span class='ocr_line' id='line_1_73' title="bbox 376 4234 2075 4315; baseline 0.005 -22"><span class='ocrx_word' id='word_1_523' title='bbox 376 4260 396 4277; x_wconf 79' lang='grc' dir='ltr'><strong><em>ο</em></strong></span> <span class='ocrx_word' id='word_1_524' title='bbox 499 4236 805 4294; x_wconf 77' lang='lat' dir='ltr'><strong>Christiana</strong></span> <span class='ocrx_word' id='word_1_525' title='bbox 852 4234 1041 4311; x_wconf 91' lang='lat' dir='ltr'><strong>plenus</strong></span> <span class='ocrx_word' id='word_1_526' title='bbox 1088 4256 1227 4297; x_wconf 67' lang='lat' dir='ltr'><strong>vera)</strong></span> <span class='ocrx_word' id='word_1_527' title='bbox 1251 4236 1533 4298; x_wconf 83' lang='lat' dir='ltr'><strong>charitatis</strong></span> <span class='ocrx_word' id='word_1_528' title='bbox 1561 4243 1752 4310; x_wconf 90' lang='lat' dir='ltr'><strong>edidit,</strong></span> <span class='ocrx_word' id='word_1_529' title='bbox 1783 4243 1837 4298; x_wconf 93' lang='lat' dir='ltr'><strong>in</strong></span> <span class='ocrx_word' id='word_1_530' title='bbox 1878 4244 2075 4315; x_wconf 90' lang='lat' dir='ltr'><strong>quibus</strong></span> 
     </span>
    </p>
   </div>
   <div class='ocr_carea' id='block_1_74' title="bbox 498 4326 2077 4408">
    <p class='ocr_par' dir='ltr' id='par_1_74' title="bbox 498 4326 2077 4408">
     <span class='ocr_line' id='line_1_74' title="bbox 498 4326 2077 4408; baseline 0.006 -22"><span class='ocrx_word' id='word_1_531' title='bbox 498 4326 692 4401; x_wconf 83' lang='lat' dir='ltr'><strong>cuique</strong></span> <span class='ocrx_word' id='word_1_532' title='bbox 720 4332 1055 4402; x_wconf 62' lang='lat' dir='ltr'><strong>praedicatori</strong></span> <span class='ocrx_word' id='word_1_533' title='bbox 1077 4334 1149 4388; x_wconf 89' lang='lat' dir='ltr'><strong>ita</strong></span> <span class='ocrx_word' id='word_1_534' title='bbox 1172 4334 1497 4405; x_wconf 88' lang='lat' dir='ltr'><strong>loquendum</strong></span> <span class='ocrx_word' id='word_1_535' title='bbox 1522 4335 1809 4407; x_wconf 88' lang='lat' dir='ltr'><strong>persuasit,</strong></span> <span class='ocrx_word' id='word_1_536' title='bbox 1841 4346 1899 4392; x_wconf 93' lang='lat' dir='ltr'><strong>ut</strong></span> <span class='ocrx_word' id='word_1_537' title='bbox 1926 4346 2077 4408; x_wconf 77' lang='lat' dir='ltr'><strong>post-</strong></span> 
     </span>
    </p>
   </div>
   <div class='ocr_carea' id='block_1_75' title="bbox 498 4418 2075 4503">
    <p class='ocr_par' dir='ltr' id='par_1_75' title="bbox 498 4418 2075 4503">
     <span class='ocr_line' id='line_1_75' title="bbox 498 4418 2075 4503; baseline 0.009 -28"><span class='ocrx_word' id='word_1_538' title='bbox 498 4418 687 4491; x_wconf 80' lang='lat' dir='ltr'><strong>positis</strong></span> <span class='ocrx_word' id='word_1_539' title='bbox 756 4423 919 4479; x_wconf 89' lang='lat' dir='ltr'><strong>totius</strong></span> <span class='ocrx_word' id='word_1_540' title='bbox 980 4422 1381 4495; x_wconf 88' lang='lat' dir='ltr'><strong>plausibilitatis</strong></span> <span class='ocrx_word' id='word_1_541' title='bbox 1427 4427 1792 4499; x_wconf 88' lang='lat' dir='ltr'><strong>appetentiis,</strong></span> <span class='ocrx_word' id='word_1_542' title='bbox 1843 4430 2075 4503; x_wconf 82' lang='lat' dir='ltr'><strong>fucoque</strong></span> 
     </span>
    </p>
   </div>
   <div class='ocr_carea' id='block_1_76' title="bbox 498 4502 2071 4586">
    <p class='ocr_par' dir='ltr' id='par_1_76' title="bbox 498 4502 2071 4586">
     <span class='ocr_line' id='line_1_76' title="bbox 498 4502 2071 4586; baseline 0.006 -19"><span class='ocrx_word' id='word_1_543' title='bbox 498 4502 803 4567; x_wconf 84' lang='lat' dir='ltr'><strong>cothurnati</strong></span> <span class='ocrx_word' id='word_1_544' title='bbox 826 4510 1090 4570; x_wconf 87' lang='lat' dir='ltr'><strong>sermonis</strong></span> <span class='ocrx_word' id='word_1_545' title='bbox 1111 4515 1384 4586; x_wconf 91' lang='lat' dir='ltr'><strong>propulso,</strong></span> <span class='ocrx_word' id='word_1_546' title='bbox 1428 4517 1503 4573; x_wconf 88' lang='lat' dir='ltr'><strong>ita</strong></span> <span class='ocrx_word' id='word_1_547' title='bbox 1554 4514 1885 4576; x_wconf 87' lang='lat' dir='ltr'><strong>audientium</strong></span> <span class='ocrx_word' id='word_1_548' title='bbox 1921 4502 2071 4577; x_wconf 84' lang='lat' dir='ltr'><strong>auri-</strong></span> 
     </span>
    </p>
   </div>
   <div class='ocr_carea' id='block_1_77' title="bbox 498 4600 2070 4683">
    <p class='ocr_par' dir='ltr' id='par_1_77' title="bbox 498 4600 2070 4683">
     <span class='ocr_line' id='line_1_77' title="bbox 498 4600 2070 4683; baseline 0.01 -30"><span class='ocrx_word' id='word_1_549' title='bbox 498 4601 600 4683; x_wconf 82' lang='lat' dir='ltr'><strong>bus</strong></span> <span class='ocrx_word' id='word_1_550' title='bbox 628 4600 918 4669; x_wconf 87' lang='lat' dir='ltr'><strong>inserviat,</strong></span> <span class='ocrx_word' id='word_1_551' title='bbox 951 4613 1010 4658; x_wconf 91' lang='lat' dir='ltr'><strong>ut</strong></span> <span class='ocrx_word' id='word_1_552' title='bbox 1052 4605 1324 4662; x_wconf 89' lang='lat' dir='ltr'><strong>mentibus</strong></span> <span class='ocrx_word' id='word_1_553' title='bbox 1363 4622 1553 4663; x_wconf 91' lang='lat' dir='ltr'><strong>eorum</strong></span> <span class='ocrx_word' id='word_1_554' title='bbox 1588 4624 1686 4680; x_wconf 89' lang='lat' dir='ltr'><strong>per</strong></span> <span class='ocrx_word' id='word_1_555' title='bbox 1731 4611 1911 4666; x_wconf 90' lang='lat' dir='ltr'><strong>omnia</strong></span> <span class='ocrx_word' id='word_1_556' title='bbox 1939 4627 2070 4683; x_wconf 82' lang='lat' dir='ltr'><strong>pro-</strong></span> 
     </span>
    </p>
   </div>
   <div class='ocr_carea' id='block_1_78' title="bbox 497 4682 2071 4774">
    <p class='ocr_par' dir='ltr' id='par_1_78' title="bbox 497 4682 2071 4774">
     <span class='ocr_line' id='line_1_78' title="bbox 497 4682 2071 4774; baseline 0.009 -25"><span class='ocrx_word' id='word_1_557' title='bbox 497 4682 653 4751; x_wconf 84' lang='lat' dir='ltr'><strong>desse</strong></span> <span class='ocrx_word' id='word_1_558' title='bbox 678 4690 1001 4765; x_wconf 88' lang='lat' dir='ltr'><strong>contendat;</strong></span> <span class='ocrx_word' id='word_1_559' title='bbox 1034 4714 1211 4770; x_wconf 90' lang='lat' dir='ltr'><strong>neque</strong></span> <span class='ocrx_word' id='word_1_560' title='bbox 1232 4699 1285 4755; x_wconf 92' lang='lat' dir='ltr'><strong>in</strong></span> <span class='ocrx_word' id='word_1_561' title='bbox 1308 4703 1718 4773; x_wconf 87' lang='lat' dir='ltr'><strong>quatuordecim</strong></span> <span class='ocrx_word' id='word_1_562' title='bbox 1743 4703 1897 4760; x_wconf 90' lang='lat' dir='ltr'><strong>libris</strong></span> <span class='ocrx_word' id='word_1_563' title='bbox 1919 4682 2071 4774; x_wconf 67' lang='lat' dir='ltr'><strong>Qua-</strong></span> 
     </span>
    </p>
   </div>
   <div class='ocr_carea' id='block_1_79' title="bbox 498 4780 2068 4872">
    <p class='ocr_par' dir='ltr' id='par_1_79' title="bbox 498 4780 2068 4872">
     <span class='ocr_line' id='line_1_79' title="bbox 498 4780 2068 4872; baseline 0.009 -31"><span class='ocrx_word' id='word_1_564' title='bbox 498 4780 730 4842; x_wconf 89' lang='lat' dir='ltr'><strong>stiouum</strong></span> <span class='ocrx_word' id='word_1_565' title='bbox 746 4797 907 4860; x_wconf 90' lang='lat' dir='ltr'><strong>atque</strong></span> <span class='ocrx_word' id='word_1_566' title='bbox 920 4780 1249 4848; x_wconf 90' lang='lat' dir='ltr'><strong>locutionum</strong></span> <span class='ocrx_word' id='word_1_567' title='bbox 1264 4794 1514 4866; x_wconf 90' lang='lat' dir='ltr'><strong>(quorum</strong></span> <span class='ocrx_word' id='word_1_568' title='bbox 1531 4812 1673 4868; x_wconf 77' lang='lat' dir='ltr'><strong>saepe</strong></span> <span class='ocrx_word' id='word_1_569' title='bbox 1698 4798 2068 4872; x_wconf 89' lang='lat' dir='ltr'><strong>meminimus)</strong></span> 
     </span>
    </p>
   </div>
   <div class='ocr_carea' id='block_1_80' title="bbox 497 4876 2069 4963">
    <p class='ocr_par' dir='ltr' id='par_1_80' title="bbox 497 4876 2069 4963">
     <span class='ocr_line' id='line_1_80' title="bbox 497 4876 2069 4963; baseline 0.009 -31"><span class='ocrx_word' id='word_1_570' title='bbox 497 4876 660 4963; x_wconf 86' lang='lat' dir='ltr'><strong>ullam</strong></span> <span class='ocrx_word' id='word_1_571' title='bbox 686 4876 844 4950; x_wconf 87' lang='lat' dir='ltr'><strong>hujus</strong></span> <span class='ocrx_word' id='word_1_572' title='bbox 864 4890 969 4937; x_wconf 84' lang='lat' dir='ltr'><strong>tuae</strong></span> <span class='ocrx_word' id='word_1_573' title='bbox 992 4880 1277 4954; x_wconf 87' lang='lat' dir='ltr'><strong>pravitatis</strong></span> <span class='ocrx_word' id='word_1_574' title='bbox 1306 4886 1580 4943; x_wconf 90' lang='lat' dir='ltr'><strong>invenitur</strong></span> <span class='ocrx_word' id='word_1_575' title='bbox 1604 4887 1798 4945; x_wconf 83' lang='lat' dir='ltr'><strong>fecisse</strong></span> <span class='ocrx_word' id='word_1_576' title='bbox 1836 4884 2069 4947; x_wconf 90' lang='lat' dir='ltr'><strong>mentio-</strong></span> 
     </span>
    </p>
   </div>
   <div class='ocr_carea' id='block_1_81' title="bbox 498 4966 2068 5061">
    <p class='ocr_par' dir='ltr' id='par_1_81' title="bbox 498 4966 2068 5061">
     <span class='ocr_line' id='line_1_81' title="bbox 498 4966 2068 5061; baseline 0.009 -36"><span class='ocrx_word' id='word_1_577' title='bbox 498 4986 645 5061; x_wconf 81' lang='lat' dir='ltr'><strong>nem,</strong></span> <span class='ocrx_word' id='word_1_578' title='bbox 690 4970 934 5045; x_wconf 87' lang='lat' dir='ltr'><strong>quinimo</strong></span> <span class='ocrx_word' id='word_1_579' title='bbox 986 4966 1371 5061; x_wconf 69' lang='lat' dir='ltr'><strong>praedestinare</strong></span> <span class='ocrx_word' id='word_1_580' title='bbox 1407 4990 1462 5035; x_wconf 90' lang='lat' dir='ltr'><strong>et</strong></span> <span class='ocrx_word' id='word_1_581' title='bbox 1512 4981 1790 5052; x_wconf 89' lang='lat' dir='ltr'><strong>deputare,</strong></span> <span class='ocrx_word' id='word_1_582' title='bbox 1835 4982 1975 5039; x_wconf 90' lang='lat' dir='ltr'><strong>sicut</strong></span> <span class='ocrx_word' id='word_1_583' title='bbox 2013 4984 2068 5039; x_wconf 92' lang='lat' dir='ltr'><strong>in</strong></span> 
     </span>
    </p>
   </div>
   <div class='ocr_carea' id='block_1_82' title="bbox 497 5056 2069 5145">
    <p class='ocr_par' dir='ltr' id='par_1_82' title="bbox 497 5056 2069 5145">
     <span class='ocr_line' id='line_1_82' title="bbox 497 5056 2069 5145; baseline 0.008 -24"><span class='ocrx_word' id='word_1_584' title='bbox 497 5056 748 5125; x_wconf 81' lang='lat' dir='ltr'><strong>omnibus</strong></span> <span class='ocrx_word' id='word_1_585' title='bbox 789 5085 927 5141; x_wconf 91' lang='lat' dir='ltr'><strong>pene</strong></span> <span class='ocrx_word' id='word_1_586' title='bbox 976 5056 1127 5130; x_wconf 85' lang='lat' dir='ltr'><strong>libris</strong></span> <span class='ocrx_word' id='word_1_587' title='bbox 1176 5074 1288 5133; x_wconf 90' lang='lat' dir='ltr'><strong>suis</strong></span> <span class='ocrx_word' id='word_1_588' title='bbox 1330 5084 1494 5145; x_wconf 89' lang='lat' dir='ltr'><strong>atque</strong></span> <span class='ocrx_word' id='word_1_589' title='bbox 1515 5076 1879 5143; x_wconf 86' lang='lat' dir='ltr'><strong>sermonibus,</strong></span> <span class='ocrx_word' id='word_1_590' title='bbox 1901 5077 1957 5133; x_wconf 88' lang='lat' dir='ltr'><strong>in</strong></span> <span class='ocrx_word' id='word_1_591' title='bbox 1984 5077 2069 5134; x_wconf 88' lang='lat' dir='ltr'><strong>bis</strong></span> 
     </span>
    </p>
   </div>
   <div class='ocr_carea' id='block_1_83' title="bbox 497 5146 2069 5234">
    <p class='ocr_par' dir='ltr' id='par_1_83' title="bbox 497 5146 2069 5234">
     <span class='ocr_line' id='line_1_83' title="bbox 497 5146 2069 5234; baseline 0.008 -25"><span class='ocrx_word' id='word_1_592' title='bbox 497 5146 710 5225; x_wconf 81' lang='lat' dir='ltr'><strong>quoque</strong></span> <span class='ocrx_word' id='word_1_593' title='bbox 734 5159 978 5229; x_wconf 85' lang='lat' dir='ltr'><strong>posuisse</strong></span> <span class='ocrx_word' id='word_1_594' title='bbox 1003 5163 1286 5234; x_wconf 90' lang='lat' dir='ltr'><strong>reperitur.</strong></span> <span class='ocrx_word' id='word_1_595' title='bbox 1309 5148 1444 5218; x_wconf 75' lang='lat' dir='ltr'><strong>Nam</strong></span> <span class='ocrx_word' id='word_1_596' title='bbox 1470 5164 1524 5219; x_wconf 93' lang='lat' dir='ltr'><strong>in</strong></span> <span class='ocrx_word' id='word_1_597' title='bbox 1547 5163 1686 5221; x_wconf 87' lang='lat' dir='ltr'><strong>libro</strong></span> <span class='ocrx_word' id='word_1_598' title='bbox 1700 5166 2069 5234; x_wconf 65' lang='lat' dir='ltr'><strong>Qumstionum</strong></span> 
     </span>
    </p>
   </div>
   <div class='ocr_carea' id='block_1_84' title="bbox 499 5236 2091 5326">
    <p class='ocr_par' dir='ltr' id='par_1_84' title="bbox 499 5236 2091 5326">
     <span class='ocr_line' id='line_1_84' title="bbox 499 5236 2091 5326; baseline 0.01 -28"><span class='ocrx_word' id='word_1_599' title='bbox 499 5244 726 5317; x_wconf 75' lang='lat' dir='ltr'><strong>septimo</strong></span> <span class='ocrx_word' id='word_1_600' title='bbox 755 5264 877 5303; x_wconf 91' lang='lat' dir='ltr'><strong>cum</strong></span> <span class='ocrx_word' id='word_1_601' title='bbox 903 5236 1407 5326; x_wconf 66' lang='lat' dir='ltr'><strong>exponeretjephte</strong></span> <span class='ocrx_word' id='word_1_602' title='bbox 1426 5252 1729 5323; x_wconf 86' lang='lat' dir='ltr'><strong>historiam,</strong></span> <span class='ocrx_word' id='word_1_603' title='bbox 1756 5256 1830 5312; x_wconf 88' lang='lat' dir='ltr'><strong>ita</strong></span> <span class='ocrx_word' id='word_1_604' title='bbox 1861 5250 2091 5313; x_wconf 50' lang='lat' dir='ltr'><strong>utrum?</strong></span> 
     </span>
    </p>
   </div>
   <div class='ocr_carea' id='block_1_85' title="bbox 498 5328 2068 5427">
    <p class='ocr_par' dir='ltr' id='par_1_85' title="bbox 498 5328 2068 5427">
     <span class='ocr_line' id='line_1_85' title="bbox 498 5328 2068 5427; baseline 0.011 -39"><span class='ocrx_word' id='word_1_605' title='bbox 498 5328 623 5427; x_wconf 63' lang='lat' dir='ltr'><strong>«lue,</strong></span> <span class='ocrx_word' id='word_1_606' title='bbox 665 5338 723 5395; x_wconf 86' lang='lat' dir='ltr'><strong>et</strong></span> <span class='ocrx_word' id='word_1_607' title='bbox 748 5338 1132 5427; x_wconf 62' lang='lat' dir='ltr'><strong>praedestinare</strong></span> <span class='ocrx_word' id='word_1_608' title='bbox 1156 5346 1365 5402; x_wconf 90' lang='lat' dir='ltr'><strong>scilicet</strong></span> <span class='ocrx_word' id='word_1_609' title='bbox 1397 5354 1453 5403; x_wconf 91' lang='lat' dir='ltr'><strong>et</strong></span> <span class='ocrx_word' id='word_1_610' title='bbox 1500 5342 1780 5427; x_wconf 80' lang='lat' dir='ltr'><strong>deputare,</strong></span> <span class='ocrx_word' id='word_1_611' title='bbox 1820 5350 1921 5406; x_wconf 89' lang='lat' dir='ltr'><strong>sub</strong></span> <span class='ocrx_word' id='word_1_612' title='bbox 1960 5364 2068 5427; x_wconf 82' lang='lat' dir='ltr'><strong>uno</strong></span> 
     </span>
    </p>
   </div>
   <div class='ocr_carea' id='block_1_86' title="bbox 498 5422 2069 5513">
    <p class='ocr_par' dir='ltr' id='par_1_86' title="bbox 498 5422 2069 5513">
     <span class='ocr_line' id='line_1_86' title="bbox 498 5422 2069 5513; baseline 0.01 -30"><span class='ocrx_word' id='word_1_613' title='bbox 498 5422 795 5502; x_wconf 79' lang='lat' dir='ltr'><strong>eodemque</strong></span> <span class='ocrx_word' id='word_1_614' title='bbox 823 5428 1092 5490; x_wconf 90' lang='lat' dir='ltr'><strong>intellectu</strong></span> <span class='ocrx_word' id='word_1_615' title='bbox 1116 5439 1315 5506; x_wconf 90' lang='lat' dir='ltr'><strong>posuit,</strong></span> <span class='ocrx_word' id='word_1_616' title='bbox 1340 5448 1398 5493; x_wconf 92' lang='lat' dir='ltr'><strong>ut</strong></span> <span class='ocrx_word' id='word_1_617' title='bbox 1430 5438 1645 5496; x_wconf 79' lang='lat' dir='ltr'><strong>dillerre</strong></span> <span class='ocrx_word' id='word_1_618' title='bbox 1684 5422 1819 5497; x_wconf 84' lang='lat' dir='ltr'><strong>nihil</strong></span> <span class='ocrx_word' id='word_1_619' title='bbox 1851 5422 2069 5513; x_wconf 80' lang='lat' dir='ltr'><strong>penitus</strong></span> 
     </span>
    </p>
   </div>
   <div class='ocr_carea' id='block_1_87' title="bbox 498 5520 2067 5611">
    <p class='ocr_par' dir='ltr' id='par_1_87' title="bbox 498 5520 2067 5611">
     <span class='ocr_line' id='line_1_87' title="bbox 498 5520 2067 5611; baseline 0.009 -35"><span class='ocrx_word' id='word_1_620' title='bbox 498 5521 750 5611; x_wconf 67' lang='lat' dir='ltr'><strong>edoceret</strong></span> <span class='ocrx_word' id='word_1_621' title='bbox 790 5520 1033 5599; x_wconf 73' lang='lat' dir='ltr'><strong>(August.</strong></span> <span class='ocrx_word' id='word_1_622' title='bbox 1077 5526 1131 5583; x_wconf 83' lang='lat' dir='ltr'><strong>in</strong></span> <span class='ocrx_word' id='word_1_623' title='bbox 1184 5530 1489 5611; x_wconf 70' lang='lat' dir='ltr'><strong>Eptateuch.</strong></span> <span class='ocrx_word' id='word_1_624' title='bbox 1528 5532 1621 5589; x_wconf 88' lang='lat' dir='ltr'><strong>lib.</strong></span> <span class='ocrx_word' id='word_1_625' title='bbox 1654 5549 1750 5600; x_wconf 89' lang='lat' dir='ltr'><strong>vtt,</strong></span> <span class='ocrx_word' id='word_1_626' title='bbox 1798 5550 1917 5605; x_wconf 88' lang='lat' dir='ltr'><strong>cap.</strong></span> <span class='ocrx_word' id='word_1_627' title='bbox 1952 5535 2067 5608; x_wconf 77' lang='grc'><strong>49).</strong></span> 
     </span>
    </p>
   </div>
   <div class='ocr_carea' id='block_1_88' title="bbox 501 5604 2065 5697">
    <p class='ocr_par' dir='ltr' id='par_1_88' title="bbox 501 5604 2065 5697">
     <span class='ocr_line' id='line_1_88' title="bbox 501 5604 2065 5697; baseline 0.01 -33"><span class='ocrx_word' id='word_1_628' title='bbox 501 5604 773 5683; x_wconf 79' lang='lat' dir='ltr'><strong>[Profecto</strong></span> <span class='ocrx_word' id='word_1_629' title='bbox 797 5624 996 5684; x_wconf 89' lang='lat' dir='ltr'><strong>autem,</strong></span> <span class='ocrx_word' id='word_1_630' title='bbox 1030 5610 1300 5691; x_wconf 87' lang='lat' dir='ltr'><strong>inquiens,</strong></span> <span class='ocrx_word' id='word_1_631' title='bbox 1332 5604 1405 5677; x_wconf 88' lang='lat' dir='ltr'><strong>illi</strong></span> <span class='ocrx_word' id='word_1_632' title='bbox 1436 5622 1811 5697; x_wconf 81' lang='lat' dir='ltr'><strong>signiﬁcantur</strong></span> <span class='ocrx_word' id='word_1_633' title='bbox 1837 5604 2065 5693; x_wconf 82' lang='lat' dir='ltr'><strong>inimici,</strong></span> 
     </span>
    </p>
   </div>
   <div class='ocr_carea' id='block_1_89' title="bbox 499 5700 2067 5788">
    <p class='ocr_par' dir='ltr' id='par_1_89' title="bbox 499 5700 2067 5788">
     <span class='ocr_line' id='line_1_89' title="bbox 499 5700 2067 5788; baseline 0.01 -30"><span class='ocrx_word' id='word_1_634' title='bbox 499 5702 590 5773; x_wconf 84' lang='lat' dir='ltr'><strong>qui</strong></span> <span class='ocrx_word' id='word_1_635' title='bbox 623 5724 688 5761; x_wconf 83' lang='lat' dir='ltr'><strong>ex</strong></span> <span class='ocrx_word' id='word_1_636' title='bbox 718 5702 829 5778; x_wconf 86' lang='lat' dir='ltr'><strong>ipsa</strong></span> <span class='ocrx_word' id='word_1_637' title='bbox 861 5721 1021 5781; x_wconf 88' lang='lat' dir='ltr'><strong>gente</strong></span> <span class='ocrx_word' id='word_1_638' title='bbox 1050 5706 1454 5785; x_wconf 85' lang='lat' dir='ltr'><strong>perseverantes</strong></span> <span class='ocrx_word' id='word_1_639' title='bbox 1491 5715 1545 5773; x_wconf 91' lang='lat' dir='ltr'><strong>in</strong></span> <span class='ocrx_word' id='word_1_640' title='bbox 1566 5700 1906 5774; x_wconf 71' lang='lat' dir='ltr'><strong>inﬁdelitate</strong></span> <span class='ocrx_word' id='word_1_641' title='bbox 1931 5732 2067 5788; x_wconf 69' lang='lat' dir='ltr'><strong>prae-</strong></span> 
     </span>
    </p>
   </div>
   <div class='ocr_carea' id='block_1_90' title="bbox 502 5788 2065 5880">
    <p class='ocr_par' dir='ltr' id='par_1_90' title="bbox 502 5788 2065 5880">
     <span class='ocr_line' id='line_1_90' title="bbox 502 5788 2065 5880; baseline 0.01 -29"><span class='ocrx_word' id='word_1_642' title='bbox 502 5796 628 5851; x_wconf 82' lang='lat' dir='ltr'><strong>dicti</strong></span> <span class='ocrx_word' id='word_1_643' title='bbox 656 5788 797 5866; x_wconf 77' lang='lat' dir='ltr'><strong>sunt,</strong></span> <span class='ocrx_word' id='word_1_644' title='bbox 830 5798 921 5856; x_wconf 79' lang='lat' dir='ltr'><strong>aut</strong></span> <span class='ocrx_word' id='word_1_645' title='bbox 938 5804 1159 5861; x_wconf 83' lang='lat' dir='ltr'><strong>omnino</strong></span> <span class='ocrx_word' id='word_1_646' title='bbox 1185 5823 1370 5862; x_wconf 89' lang='lat' dir='ltr'><strong>omnes</strong></span> <span class='ocrx_word' id='word_1_647' title='bbox 1398 5810 1653 5879; x_wconf 71' lang='lat' dir='ltr'><strong>gehennae</strong></span> <span class='ocrx_word' id='word_1_648' title='bbox 1675 5809 2065 5880; x_wconf 76' lang='lat' dir='ltr'><strong>praedestinati,</strong></span> 
     </span>
    </p>
   </div>
   <div class='ocr_carea' id='block_1_91' title="bbox 1824 5956 1864 5974">
    <p class='ocr_par' dir='ltr' id='par_1_91' title="bbox 1824 5956 1864 5974">
     <span class='ocr_line' id='line_1_91' title="bbox 1824 5956 1864 5974; baseline 0 -5"><span class='ocrx_word' id='word_1_649' title='bbox 1824 5956 1864 5974; x_wconf 60' lang='lat'><strong>_-</strong></span> 
     </span>
    </p>
   </div>
   <div class='ocr_carea' id='block_1_92' title="bbox 2098 4570 2152 4631">
    <p class='ocr_par' dir='ltr' id='par_1_92' title="bbox 2098 4570 2152 4631">
     <span class='ocr_line' id='line_1_92' title="bbox 2098 4570 2152 4631; baseline 0 0"><span class='ocrx_word' id='word_1_650' title='bbox 2098 4570 2152 4631; x_wconf 91' lang='lat' dir='ltr'><strong>D</strong></span> 
     </span>
    </p>
   </div>
   <div class='ocr_carea' id='block_1_93' title="bbox 2176 3324 3759 3399">
    <p class='ocr_par' dir='ltr' id='par_1_93' title="bbox 2176 3324 3759 3399">
     <span class='ocr_line' id='line_1_93' title="bbox 2176 3324 3759 3399; baseline 0.001 -19"><span class='ocrx_word' id='word_1_651' title='bbox 2176 3324 2502 3382; x_wconf 82' lang='lat' dir='ltr'><strong>fortissimus</strong></span> <span class='ocrx_word' id='word_1_652' title='bbox 2527 3340 2592 3381; x_wconf 88' lang='lat' dir='ltr'><strong>ac</strong></span> <span class='ocrx_word' id='word_1_653' title='bbox 2615 3325 2958 3382; x_wconf 78' lang='lat' dir='ltr'><strong>ﬁdelissmus</strong></span> <span class='ocrx_word' id='word_1_654' title='bbox 2978 3326 3236 3383; x_wconf 87' lang='lat' dir='ltr'><strong>obviavit.</strong></span> <span class='ocrx_word' id='word_1_655' title='bbox 3288 3325 3530 3384; x_wconf 82' lang='lat' dir='ltr'><strong>Proinde</strong></span> <span class='ocrx_word' id='word_1_656' title='bbox 3578 3327 3759 3399; x_wconf 82' lang='lat' dir='ltr'><strong>impu-</strong></span> 
     </span>
    </p>
   </div>
   <div class='ocr_carea' id='block_1_94' title="bbox 2176 3416 3759 3489">
    <p class='ocr_par' dir='ltr' id='par_1_94' title="bbox 2176 3416 3759 3489">
     <span class='ocr_line' id='line_1_94' title="bbox 2176 3416 3759 3489; baseline 0.002 -16"><span class='ocrx_word' id='word_1_657' title='bbox 2176 3417 2392 3473; x_wconf 87' lang='lat' dir='ltr'><strong>dentior</strong></span> <span class='ocrx_word' id='word_1_658' title='bbox 2415 3417 2629 3473; x_wconf 62' lang='lat' dir='ltr'><strong>caeteris</strong></span> <span class='ocrx_word' id='word_1_659' title='bbox 2656 3417 2762 3473; x_wconf 88' lang='lat' dir='ltr'><strong>tuis</strong></span> <span class='ocrx_word' id='word_1_660' title='bbox 2783 3416 3047 3473; x_wconf 89' lang='lat' dir='ltr'><strong>similibus</strong></span> <span class='ocrx_word' id='word_1_661' title='bbox 3074 3418 3473 3488; x_wconf 78' lang='lat' dir='ltr'><strong>comprobaris,</strong></span> <span class='ocrx_word' id='word_1_662' title='bbox 3508 3419 3609 3489; x_wconf 78' lang='lat' dir='ltr'><strong>qui</strong></span> <span class='ocrx_word' id='word_1_663' title='bbox 3640 3435 3759 3476; x_wconf 70' lang='lat' dir='ltr'><strong>cum</strong></span> 
     </span>
    </p>
   </div>
   <div class='ocr_carea' id='block_1_95' title="bbox 2174 3492 3761 3580">
    <p class='ocr_par' dir='ltr' id='par_1_95' title="bbox 2174 3492 3761 3580">
     <span class='ocr_line' id='line_1_95' title="bbox 2174 3492 3761 3580; baseline 0.003 -16"><span class='ocrx_word' id='word_1_664' title='bbox 2174 3522 2363 3564; x_wconf 89' lang='lat' dir='ltr'><strong>eorum</strong></span> <span class='ocrx_word' id='word_1_665' title='bbox 2399 3492 2726 3563; x_wconf 83' lang='lat' dir='ltr'><strong>venerabilia</strong></span> <span class='ocrx_word' id='word_1_666' title='bbox 2769 3508 2966 3578; x_wconf 89' lang='lat' dir='ltr'><strong>scripta</strong></span> <span class='ocrx_word' id='word_1_667' title='bbox 3012 3508 3231 3580; x_wconf 87' lang='lat' dir='ltr'><strong>legeris,</strong></span> <span class='ocrx_word' id='word_1_668' title='bbox 3275 3510 3561 3580; x_wconf 73' lang='lat' dir='ltr'><strong>quippiam</strong></span> <span class='ocrx_word' id='word_1_669' title='bbox 3604 3526 3761 3569; x_wconf 75' lang='lat' dir='ltr'><strong>secus</strong></span> 
     </span>
    </p>
   </div>
   <div class='ocr_carea' id='block_1_96' title="bbox 2176 3599 3759 3677">
    <p class='ocr_par' dir='ltr' id='par_1_96' title="bbox 2176 3599 3759 3677">
     <span class='ocr_line' id='line_1_96' title="bbox 2176 3599 3759 3677; baseline 0.002 -24"><span class='ocrx_word' id='word_1_670' title='bbox 2176 3614 2340 3677; x_wconf 80' lang='lat' dir='ltr'><strong>ausus</strong></span> <span class='ocrx_word' id='word_1_671' title='bbox 2364 3613 2423 3654; x_wconf 90' lang='lat' dir='ltr'><strong>es</strong></span> <span class='ocrx_word' id='word_1_672' title='bbox 2445 3601 2751 3657; x_wconf 87' lang='lat' dir='ltr'><strong>mussitare.</strong></span> <span class='ocrx_word' id='word_1_673' title='bbox 2770 3599 2903 3654; x_wconf 85' lang='lat' dir='ltr'><strong>Nam</strong></span> <span class='ocrx_word' id='word_1_674' title='bbox 2920 3600 3021 3656; x_wconf 90' lang='lat' dir='ltr'><strong>etsi</strong></span> <span class='ocrx_word' id='word_1_675' title='bbox 3034 3615 3299 3671; x_wconf 86' lang='lat' dir='ltr'><strong>nusquam</strong></span> <span class='ocrx_word' id='word_1_676' title='bbox 3326 3614 3522 3656; x_wconf 85' lang='lat' dir='ltr'><strong>eorum</strong></span> <span class='ocrx_word' id='word_1_677' title='bbox 3552 3604 3759 3673; x_wconf 82' lang='lat' dir='ltr'><strong>scripta</strong></span> 
     </span>
    </p>
   </div>
   <div class='ocr_carea' id='block_1_97' title="bbox 2174 3682 3761 3762">
    <p class='ocr_par' dir='ltr' id='par_1_97' title="bbox 2174 3682 3761 3762">
     <span class='ocr_line' id='line_1_97' title="bbox 2174 3682 3761 3762; baseline 0.005 -20"><span class='ocrx_word' id='word_1_678' title='bbox 2174 3682 2415 3760; x_wconf 85' lang='lat' dir='ltr'><strong>legisses,</strong></span> <span class='ocrx_word' id='word_1_679' title='bbox 2448 3690 2579 3746; x_wconf 85' lang='lat' dir='ltr'><strong>satis</strong></span> <span class='ocrx_word' id='word_1_680' title='bbox 2598 3706 2660 3746; x_wconf 83' lang='lat' dir='ltr'><strong>ea</strong></span> <span class='ocrx_word' id='word_1_681' title='bbox 2691 3699 2743 3747; x_wconf 87' lang='lat' dir='ltr'><strong>te</strong></span> <span class='ocrx_word' id='word_1_682' title='bbox 2777 3699 3025 3762; x_wconf 89' lang='lat' dir='ltr'><strong>poterant</strong></span> <span class='ocrx_word' id='word_1_683' title='bbox 3071 3692 3140 3746; x_wconf 91' lang='lat' dir='ltr'><strong>de</strong></span> <span class='ocrx_word' id='word_1_684' title='bbox 3170 3691 3256 3747; x_wconf 87' lang='lat' dir='ltr'><strong>his</strong></span> <span class='ocrx_word' id='word_1_685' title='bbox 3290 3692 3553 3749; x_wconf 86' lang='lat' dir='ltr'><strong>omnibus</strong></span> <span class='ocrx_word' id='word_1_686' title='bbox 3592 3694 3761 3749; x_wconf 70' lang='lat' dir='ltr'><strong>intor-</strong></span> 
     </span>
    </p>
   </div>
   <div class='ocr_carea' id='block_1_98' title="bbox 2173 3783 3761 3854">
    <p class='ocr_par' dir='ltr' id='par_1_98' title="bbox 2173 3783 3761 3854">
     <span class='ocr_line' id='line_1_98' title="bbox 2173 3783 3761 3854; baseline 0.004 -18"><span class='ocrx_word' id='word_1_687' title='bbox 2173 3797 2347 3849; x_wconf 79' lang='lat' dir='ltr'><strong>tuare,</strong></span> <span class='ocrx_word' id='word_1_688' title='bbox 2379 3797 2497 3854; x_wconf 76' lang='lat' dir='ltr'><strong>qua:</strong></span> <span class='ocrx_word' id='word_1_689' title='bbox 2526 3793 2643 3839; x_wconf 83' lang='lat' dir='ltr'><strong>ante</strong></span> <span class='ocrx_word' id='word_1_690' title='bbox 2666 3784 2927 3839; x_wconf 81' lang='lat' dir='ltr'><strong>biennium</strong></span> <span class='ocrx_word' id='word_1_691' title='bbox 2950 3800 3018 3839; x_wconf 76' lang='lat' dir='ltr'><strong>ex</strong></span> <span class='ocrx_word' id='word_1_692' title='bbox 3037 3783 3253 3840; x_wconf 88' lang='lat' dir='ltr'><strong>illorum</strong></span> <span class='ocrx_word' id='word_1_693' title='bbox 3284 3784 3463 3853; x_wconf 88' lang='lat' dir='ltr'><strong>libris,</strong></span> <span class='ocrx_word' id='word_1_694' title='bbox 3492 3786 3761 3844; x_wconf 64' lang='lat' dir='ltr'><strong>deﬂorat:</strong></span> 
     </span>
    </p>
   </div>
   <div class='ocr_carea' id='block_1_99' title="bbox 2173 3874 3757 3948">
    <p class='ocr_par' dir='ltr' id='par_1_99' title="bbox 2173 3874 3757 3948">
     <span class='ocr_line' id='line_1_99' title="bbox 2173 3874 3757 3948; baseline 0.003 -19"><span class='ocrx_word' id='word_1_695' title='bbox 2173 3874 2496 3945; x_wconf 87' lang='lat' dir='ltr'><strong>quibusdam</strong></span> <span class='ocrx_word' id='word_1_696' title='bbox 2525 3875 2778 3946; x_wconf 75' lang='lat' dir='ltr'><strong>fratribus</strong></span> <span class='ocrx_word' id='word_1_697' title='bbox 2808 3893 3057 3933; x_wconf 76' lang='lat' dir='ltr'><strong>consensu</strong></span> <span class='ocrx_word' id='word_1_698' title='bbox 3083 3878 3270 3948; x_wconf 61' lang='lat' dir='ltr'><strong>synodi</strong></span> <span class='ocrx_word' id='word_1_699' title='bbox 3303 3889 3511 3935; x_wconf 69' lang='lat' dir='ltr'><strong>mittere</strong></span> <span class='ocrx_word' id='word_1_700' title='bbox 3555 3883 3757 3948; x_wconf 70' lang='lat' dir='ltr'><strong>curui,</strong></span> 
     </span>
    </p>
   </div>
   <div class='ocr_carea' id='block_1_100' title="bbox 2172 3967 3757 4041">
    <p class='ocr_par' dir='ltr' id='par_1_100' title="bbox 2172 3967 3757 4041">
     <span class='ocr_line' id='line_1_100' title="bbox 2172 3967 3757 4041; baseline 0.004 -20"><span class='ocrx_word' id='word_1_701' title='bbox 2172 3982 2294 4038; x_wconf 68' lang='lat' dir='ltr'><strong>qua:</strong></span> <span class='ocrx_word' id='word_1_702' title='bbox 2326 3967 2392 4022; x_wconf 85' lang='lat' dir='ltr'><strong>ad</strong></span> <span class='ocrx_word' id='word_1_703' title='bbox 2429 3974 2481 4022; x_wconf 87' lang='lat' dir='ltr'><strong>te</strong></span> <span class='ocrx_word' id='word_1_704' title='bbox 2532 3968 2844 4038; x_wconf 88' lang='lat' dir='ltr'><strong>pervenisse</strong></span> <span class='ocrx_word' id='word_1_705' title='bbox 2875 3968 2919 4024; x_wconf 90' lang='lat' dir='ltr'><strong>si</strong></span> <span class='ocrx_word' id='word_1_706' title='bbox 2951 3983 3113 4024; x_wconf 88' lang='lat' dir='ltr'><strong>nosse</strong></span> <span class='ocrx_word' id='word_1_707' title='bbox 3152 3968 3311 4025; x_wconf 87' lang='lat' dir='ltr'><strong>aliter</strong></span> <span class='ocrx_word' id='word_1_708' title='bbox 3360 3970 3757 4041; x_wconf 83' lang='lat' dir='ltr'><strong>nequivissem,</strong></span> 
     </span>
    </p>
   </div>
   <div class='ocr_carea' id='block_1_101' title="bbox 2174 4057 3755 4130">
    <p class='ocr_par' dir='ltr' id='par_1_101' title="bbox 2174 4057 3755 4130">
     <span class='ocr_line' id='line_1_101' title="bbox 2174 4057 3755 4130; baseline 0.004 -18"><span class='ocrx_word' id='word_1_709' title='bbox 2174 4057 2593 4114; x_wconf 76' lang='lat' dir='ltr'><strong>inl‘austissimus</strong></span> <span class='ocrx_word' id='word_1_710' title='bbox 2625 4058 2763 4113; x_wconf 90' lang='lat' dir='ltr'><strong>liber</strong></span> <span class='ocrx_word' id='word_1_711' title='bbox 2793 4068 2935 4125; x_wconf 88' lang='lat' dir='ltr'><strong>tuus,</strong></span> <span class='ocrx_word' id='word_1_712' title='bbox 2963 4059 3049 4115; x_wconf 92' lang='lat' dir='ltr'><strong>cui</strong></span> <span class='ocrx_word' id='word_1_713' title='bbox 3078 4058 3338 4130; x_wconf 86' lang='lat' dir='ltr'><strong>largiente</strong></span> <span class='ocrx_word' id='word_1_714' title='bbox 3368 4061 3607 4118; x_wconf 87' lang='lat' dir='ltr'><strong>Domino</strong></span> <span class='ocrx_word' id='word_1_715' title='bbox 3640 4080 3755 4119; x_wconf 83' lang='lat' dir='ltr'><strong>res-</strong></span> 
     </span>
    </p>
   </div>
   <div class='ocr_carea' id='block_1_102' title="bbox 2172 4149 3761 4225">
    <p class='ocr_par' dir='ltr' id='par_1_102' title="bbox 2172 4149 3761 4225">
     <span class='ocr_line' id='line_1_102' title="bbox 2172 4149 3761 4225; baseline 0.003 -20"><span class='ocrx_word' id='word_1_716' title='bbox 2172 4149 2491 4220; x_wconf 90' lang='lat' dir='ltr'><strong>pondemus,</strong></span> <span class='ocrx_word' id='word_1_717' title='bbox 2518 4149 2869 4221; x_wconf 89' lang='lat' dir='ltr'><strong>probabiliter</strong></span> <span class='ocrx_word' id='word_1_718' title='bbox 2898 4166 2997 4206; x_wconf 91' lang='lat' dir='ltr'><strong>nos</strong></span> <span class='ocrx_word' id='word_1_719' title='bbox 3024 4151 3292 4207; x_wconf 86' lang='lat' dir='ltr'><strong>instruere</strong></span> <span class='ocrx_word' id='word_1_720' title='bbox 3308 4154 3533 4222; x_wconf 88' lang='lat' dir='ltr'><strong>poterit.</strong></span> <span class='ocrx_word' id='word_1_721' title='bbox 3558 4153 3622 4209; x_wconf 85' lang='lat' dir='ltr'><strong>In</strong></span> <span class='ocrx_word' id='word_1_722' title='bbox 3654 4171 3761 4225; x_wconf 77' lang='lat' dir='ltr'><strong>quo</strong></span> 
     </span>
    </p>
   </div>
   <div class='ocr_carea' id='block_1_103' title="bbox 2173 4239 3761 4317">
    <p class='ocr_par' dir='ltr' id='par_1_103' title="bbox 2173 4239 3761 4317">
     <span class='ocr_line' id='line_1_103' title="bbox 2173 4239 3761 4317; baseline 0.002 -20"><span class='ocrx_word' id='word_1_723' title='bbox 2173 4240 2486 4297; x_wconf 88' lang='lat' dir='ltr'><strong>earumdem</strong></span> <span class='ocrx_word' id='word_1_724' title='bbox 2511 4239 2917 4296; x_wconf 88' lang='lat' dir='ltr'><strong>dellorationum</strong></span> <span class='ocrx_word' id='word_1_725' title='bbox 2944 4241 3202 4312; x_wconf 83' lang='lat' dir='ltr'><strong>pleraque</strong></span> <span class='ocrx_word' id='word_1_726' title='bbox 3233 4242 3555 4314; x_wconf 85' lang='lat' dir='ltr'><strong>interposita</strong></span> <span class='ocrx_word' id='word_1_727' title='bbox 3598 4256 3761 4317; x_wconf 80' lang='lat' dir='ltr'><strong>atque</strong></span> 
     </span>
    </p>
   </div>
   <div class='ocr_carea' id='block_1_104' title="bbox 2176 4333 3759 4409">
    <p class='ocr_par' dir='ltr' id='par_1_104' title="bbox 2176 4333 3759 4409">
     <span class='ocr_line' id='line_1_104' title="bbox 2176 4333 3759 4409; baseline 0.002 -18"><span class='ocrx_word' id='word_1_728' title='bbox 2176 4337 2245 4392; x_wconf 90' lang='lat' dir='ltr'><strong>ad</strong></span> <span class='ocrx_word' id='word_1_729' title='bbox 2270 4343 2391 4392; x_wconf 85' lang='lat' dir='ltr'><strong>tuas</strong></span> <span class='ocrx_word' id='word_1_730' title='bbox 2416 4335 2709 4407; x_wconf 89' lang='lat' dir='ltr'><strong>pravitates</strong></span> <span class='ocrx_word' id='word_1_731' title='bbox 2733 4333 2945 4391; x_wconf 81' lang='lat' dir='ltr'><strong>detorta</strong></span> <span class='ocrx_word' id='word_1_732' title='bbox 2980 4335 3349 4407; x_wconf 84' lang='lat' dir='ltr'><strong>violenterque</strong></span> <span class='ocrx_word' id='word_1_733' title='bbox 3372 4334 3577 4393; x_wconf 72' lang='lat' dir='ltr'><strong>inﬂexa</strong></span> <span class='ocrx_word' id='word_1_734' title='bbox 3608 4355 3759 4409; x_wconf 74' lang='lat' dir='ltr'><strong>rep:-</strong></span> 
     </span>
    </p>
   </div>
   <div class='ocr_carea' id='block_1_105' title="bbox 2175 4443 2362 4485">
    <p class='ocr_par' dir='ltr' id='par_1_105' title="bbox 2175 4443 2362 4485">
     <span class='ocr_line' id='line_1_105' title="bbox 2175 4443 2362 4485; baseline -0.016 -1"><span class='ocrx_word' id='word_1_735' title='bbox 2175 4443 2362 4485; x_wconf 74' lang='lat' dir='ltr'><strong>rimus.</strong></span> 
     </span>
    </p>
   </div>
   <div class='ocr_carea' id='block_1_106' title="bbox 2245 4518 3763 4591">
    <p class='ocr_par' dir='ltr' id='par_1_106' title="bbox 2245 4518 3763 4591">
     <span class='ocr_line' id='line_1_106' title="bbox 2245 4518 3763 4591; baseline 0.001 -16"><span class='ocrx_word' id='word_1_736' title='bbox 2245 4520 2421 4588; x_wconf 84' lang='lat' dir='ltr'><strong>Absit,</strong></span> <span class='ocrx_word' id='word_1_737' title='bbox 2455 4521 2614 4588; x_wconf 90' lang='lat' dir='ltr'><strong>absit,</strong></span> <span class='ocrx_word' id='word_1_738' title='bbox 2649 4521 2892 4591; x_wconf 84' lang='lat' dir='ltr'><strong>inquam,</strong></span> <span class='ocrx_word' id='word_1_739' title='bbox 2925 4535 2954 4574; x_wconf 90' lang='lat' dir='ltr'><strong>a</strong></span> <span class='ocrx_word' id='word_1_740' title='bbox 2986 4518 3238 4575; x_wconf 86' lang='lat' dir='ltr'><strong>cordibus</strong></span> <span class='ocrx_word' id='word_1_741' title='bbox 3270 4520 3669 4576; x_wconf 81' lang='lat' dir='ltr'><strong>catholicorum</strong></span> <span class='ocrx_word' id='word_1_742' title='bbox 3700 4534 3763 4577; x_wconf 82' lang='lat' dir='ltr'><strong>ut</strong></span> 
     </span>
    </p>
   </div>
   <div class='ocr_carea' id='block_1_107' title="bbox 2176 4609 3759 4684">
    <p class='ocr_par' dir='ltr' id='par_1_107' title="bbox 2176 4609 3759 4684">
     <span class='ocr_line' id='line_1_107' title="bbox 2176 4609 3759 4684; baseline 0.002 -17"><span class='ocrx_word' id='word_1_743' title='bbox 2176 4613 2477 4684; x_wconf 85' lang='lat' dir='ltr'><strong>ignorantia</strong></span> <span class='ocrx_word' id='word_1_744' title='bbox 2524 4613 2633 4668; x_wconf 88' lang='lat' dir='ltr'><strong>Deo</strong></span> <span class='ocrx_word' id='word_1_745' title='bbox 2678 4612 2946 4668; x_wconf 82' lang='lat' dir='ltr'><strong>ullatenus</strong></span> <span class='ocrx_word' id='word_1_746' title='bbox 2985 4610 3291 4681; x_wconf 89' lang='lat' dir='ltr'><strong>deputetur.</strong></span> <span class='ocrx_word' id='word_1_747' title='bbox 3346 4609 3547 4667; x_wconf 83' lang='lat' dir='ltr'><strong>Tribus</strong></span> <span class='ocrx_word' id='word_1_748' title='bbox 3572 4623 3759 4670; x_wconf 78' lang='lat' dir='ltr'><strong>tamen</strong></span> 
     </span>
    </p>
   </div>
   <div class='ocr_carea' id='block_1_108' title="bbox 2175 4704 3755 4776">
    <p class='ocr_par' dir='ltr' id='par_1_108' title="bbox 2175 4704 3755 4776">
     <span class='ocr_line' id='line_1_108' title="bbox 2175 4704 3755 4776; baseline 0.001 -13"><span class='ocrx_word' id='word_1_749' title='bbox 2175 4707 2348 4763; x_wconf 89' lang='lat' dir='ltr'><strong>modis</strong></span> <span class='ocrx_word' id='word_1_750' title='bbox 2373 4706 2428 4762; x_wconf 89' lang='lat' dir='ltr'><strong>in</strong></span> <span class='ocrx_word' id='word_1_751' title='bbox 2461 4705 2658 4762; x_wconf 92' lang='lat' dir='ltr'><strong>divinis</strong></span> <span class='ocrx_word' id='word_1_752' title='bbox 2677 4704 2923 4776; x_wconf 89' lang='lat' dir='ltr'><strong>eloquiis,</strong></span> <span class='ocrx_word' id='word_1_753' title='bbox 2950 4713 3209 4775; x_wconf 90' lang='lat' dir='ltr'><strong>quantum</strong></span> <span class='ocrx_word' id='word_1_754' title='bbox 3244 4719 3366 4760; x_wconf 89' lang='lat' dir='ltr'><strong>mea</strong></span> <span class='ocrx_word' id='word_1_755' title='bbox 3399 4704 3508 4761; x_wconf 84' lang='lat' dir='ltr'><strong>lert</strong></span> <span class='ocrx_word' id='word_1_756' title='bbox 3546 4722 3755 4764; x_wconf 73' lang='lat' dir='ltr'><strong>memo-</strong></span> 
     </span>
    </p>
   </div>
   <div class='ocr_carea' id='block_1_109' title="bbox 2173 4794 3757 4868">
    <p class='ocr_par' dir='ltr' id='par_1_109' title="bbox 2173 4794 3757 4868">
     <span class='ocr_line' id='line_1_109' title="bbox 2173 4794 3757 4868; baseline 0.001 -13"><span class='ocrx_word' id='word_1_757' title='bbox 2173 4799 2281 4867; x_wconf 89' lang='lat' dir='ltr'><strong>ria,</strong></span> <span class='ocrx_word' id='word_1_758' title='bbox 2328 4798 2471 4855; x_wconf 88' lang='lat' dir='ltr'><strong>Deus</strong></span> <span class='ocrx_word' id='word_1_759' title='bbox 2493 4798 2702 4854; x_wconf 89' lang='lat' dir='ltr'><strong>nescire</strong></span> <span class='ocrx_word' id='word_1_760' title='bbox 2730 4798 2964 4868; x_wconf 85' lang='lat' dir='ltr'><strong>tropicos</strong></span> <span class='ocrx_word' id='word_1_761' title='bbox 2990 4796 3206 4853; x_wconf 85' lang='lat' dir='ltr'><strong>dicitur.</strong></span> <span class='ocrx_word' id='word_1_762' title='bbox 3251 4794 3473 4853; x_wconf 84' lang='lat' dir='ltr'><strong>Scilicet</strong></span> <span class='ocrx_word' id='word_1_763' title='bbox 3514 4807 3611 4853; x_wconf 79' lang='lat' dir='ltr'><strong>aut</strong></span> <span class='ocrx_word' id='word_1_764' title='bbox 3648 4815 3757 4856; x_wconf 80' lang='lat' dir='ltr'><strong>non</strong></span> 
     </span>
    </p>
   </div>
   <div class='ocr_carea' id='block_1_110' title="bbox 2175 4890 3750 4966">
    <p class='ocr_par' dir='ltr' id='par_1_110' title="bbox 2175 4890 3750 4966">
     <span class='ocr_line' id='line_1_110' title="bbox 2175 4890 3750 4966; baseline -0.002 -15"><span class='ocrx_word' id='word_1_765' title='bbox 2175 4891 2522 4966; x_wconf 74' lang='lat' dir='ltr'><strong>experiendo,</strong></span> <span class='ocrx_word' id='word_1_766' title='bbox 2553 4901 2647 4947; x_wconf 89' lang='lat' dir='ltr'><strong>aut</strong></span> <span class='ocrx_word' id='word_1_767' title='bbox 2677 4891 3034 4963; x_wconf 87' lang='lat' dir='ltr'><strong>reprobando,</strong></span> <span class='ocrx_word' id='word_1_768' title='bbox 3072 4899 3167 4945; x_wconf 91' lang='lat' dir='ltr'><strong>aut</strong></span> <span class='ocrx_word' id='word_1_769' title='bbox 3214 4893 3427 4947; x_wconf 86' lang='lat' dir='ltr'><strong>nescire</strong></span> <span class='ocrx_word' id='word_1_770' title='bbox 3478 4890 3750 4949; x_wconf 79' lang='lat' dir='ltr'><strong>faciendo.</strong></span> 
     </span>
    </p>
   </div>
   <div class='ocr_carea' id='block_1_111' title="bbox 2175 4979 3755 5055">
    <p class='ocr_par' dir='ltr' id='par_1_111' title="bbox 2175 4979 3755 5055">
     <span class='ocr_line' id='line_1_111' title="bbox 2175 4979 3755 5055; baseline -0.004 -13"><span class='ocrx_word' id='word_1_771' title='bbox 2175 4986 2315 5042; x_wconf 92' lang='lat' dir='ltr'><strong>Dicit</strong></span> <span class='ocrx_word' id='word_1_772' title='bbox 2340 4985 2535 5055; x_wconf 90' lang='lat' dir='ltr'><strong>quippe</strong></span> <span class='ocrx_word' id='word_1_773' title='bbox 2564 4985 2677 5053; x_wconf 90' lang='lat' dir='ltr'><strong>ipse</strong></span> <span class='ocrx_word' id='word_1_774' title='bbox 2717 4983 2976 5040; x_wconf 84' lang='lat' dir='ltr'><strong>Dominus</strong></span> <span class='ocrx_word' id='word_1_775' title='bbox 3020 4997 3117 5052; x_wconf 84' lang='lat' dir='ltr'><strong>per</strong></span> <span class='ocrx_word' id='word_1_776' title='bbox 3165 4979 3497 5052; x_wconf 86' lang='lat' dir='ltr'><strong>Prophetam</strong></span> <span class='ocrx_word' id='word_1_777' title='bbox 3552 5001 3567 5036; x_wconf 87' lang='lat'><strong>:</strong></span> <span class='ocrx_word' id='word_1_778' title='bbox 3620 4982 3755 5049; x_wconf 70' lang='lat' dir='ltr'><strong>Qu</strong></span> 
     </span>
    </p>
   </div>
   <div class='ocr_carea' id='block_1_112' title="bbox 2172 5071 3751 5149">
    <p class='ocr_par' dir='ltr' id='par_1_112' title="bbox 2172 5071 3751 5149">
     <span class='ocr_line' id='line_1_112' title="bbox 2172 5071 3751 5149; baseline -0.003 -17"><span class='ocrx_word' id='word_1_779' title='bbox 2172 5076 2500 5149; x_wconf 71' lang='lat' dir='ltr'><strong>ignorabam,</strong></span> <span class='ocrx_word' id='word_1_780' title='bbox 2525 5074 2913 5147; x_wconf 76' lang='lat' dir='ltr'><strong>interrogabant</strong></span> <span class='ocrx_word' id='word_1_781' title='bbox 2944 5089 3024 5128; x_wconf 80' lang='lat' dir='ltr'><strong>me</strong></span> <span class='ocrx_word' id='word_1_782' title='bbox 3063 5071 3235 5144; x_wconf 87' lang='lat' dir='ltr'><strong>(Psal.</strong></span> <span class='ocrx_word' id='word_1_783' title='bbox 3268 5089 3459 5137; x_wconf 70' lang='lat' dir='ltr'><strong>xxx&quot;,</strong></span> <span class='ocrx_word' id='word_1_784' title='bbox 3488 5074 3751 5147; x_wconf 62' lang='lat' dir='ltr'><strong>il),quia</strong></span> 
     </span>
    </p>
   </div>
   <div class='ocr_carea' id='block_1_113' title="bbox 2172 5166 3753 5239">
    <p class='ocr_par' dir='ltr' id='par_1_113' title="bbox 2172 5166 3753 5239">
     <span class='ocr_line' id='line_1_113' title="bbox 2172 5166 3753 5239; baseline -0.003 -14"><span class='ocrx_word' id='word_1_785' title='bbox 2172 5169 2420 5226; x_wconf 88' lang='lat' dir='ltr'><strong>videlicet</strong></span> <span class='ocrx_word' id='word_1_786' title='bbox 2438 5176 2718 5239; x_wconf 86' lang='lat' dir='ltr'><strong>peccatum</strong></span> <span class='ocrx_word' id='word_1_787' title='bbox 2742 5167 2810 5239; x_wconf 77' lang='lat' dir='ltr'><strong>ab</strong></span> <span class='ocrx_word' id='word_1_788' title='bbox 2842 5181 2908 5222; x_wconf 93' lang='lat' dir='ltr'><strong>eo</strong></span> <span class='ocrx_word' id='word_1_789' title='bbox 2940 5166 3249 5234; x_wconf 78' lang='lat' dir='ltr'><strong>exigebant,</strong></span> <span class='ocrx_word' id='word_1_790' title='bbox 3288 5171 3439 5235; x_wconf 74' lang='lat' dir='ltr'><strong>quod</strong></span> <span class='ocrx_word' id='word_1_791' title='bbox 3472 5178 3753 5236; x_wconf 62' lang='lat' dir='ltr'><strong>nunquam</strong></span> 
     </span>
    </p>
   </div>
   <div class='ocr_carea' id='block_1_114' title="bbox 2172 5257 3750 5335">
    <p class='ocr_par' dir='ltr' id='par_1_114' title="bbox 2172 5257 3750 5335">
     <span class='ocr_line' id='line_1_114' title="bbox 2172 5257 3750 5335; baseline -0.003 -18"><span class='ocrx_word' id='word_1_792' title='bbox 2172 5268 2517 5335; x_wconf 77' lang='lat' dir='ltr'><strong>cognoverat,</strong></span> <span class='ocrx_word' id='word_1_793' title='bbox 2558 5260 2611 5315; x_wconf 91' lang='lat' dir='ltr'><strong>id</strong></span> <span class='ocrx_word' id='word_1_794' title='bbox 2653 5267 2737 5315; x_wconf 90' lang='lat' dir='ltr'><strong>est</strong></span> <span class='ocrx_word' id='word_1_795' title='bbox 2772 5273 3047 5329; x_wconf 85' lang='lat' dir='ltr'><strong>nunquam</strong></span> <span class='ocrx_word' id='word_1_796' title='bbox 3091 5266 3347 5328; x_wconf 78' lang='lat' dir='ltr'><strong>expertus</strong></span> <span class='ocrx_word' id='word_1_797' title='bbox 3371 5257 3573 5321; x_wconf 78' lang='lat' dir='ltr'><strong>fuerat,</strong></span> <span class='ocrx_word' id='word_1_798' title='bbox 3618 5275 3750 5313; x_wconf 82' lang='lat' dir='ltr'><strong>nun-</strong></span> 
     </span>
    </p>
   </div>
   <div class='ocr_carea' id='block_1_115' title="bbox 2171 5343 3751 5424">
    <p class='ocr_par' dir='ltr' id='par_1_115' title="bbox 2171 5343 3751 5424">
     <span class='ocr_line' id='line_1_115' title="bbox 2171 5343 3751 5424; baseline -0.003 -16"><span class='ocrx_word' id='word_1_799' title='bbox 2171 5368 2332 5424; x_wconf 82' lang='lat' dir='ltr'><strong>quam</strong></span> <span class='ocrx_word' id='word_1_800' title='bbox 2362 5352 2585 5417; x_wconf 85' lang='lat' dir='ltr'><strong>l&#39;ecerat,</strong></span> <span class='ocrx_word' id='word_1_801' title='bbox 2607 5351 2819 5407; x_wconf 89' lang='lat' dir='ltr'><strong>dicente</strong></span> <span class='ocrx_word' id='word_1_802' title='bbox 2844 5350 3004 5405; x_wconf 82' lang='lat' dir='ltr'><strong>beato</strong></span> <span class='ocrx_word' id='word_1_803' title='bbox 3016 5343 3181 5405; x_wconf 72' lang='lat' dir='ltr'><strong>Petro</strong></span> <span class='ocrx_word' id='word_1_804' title='bbox 3202 5348 3451 5420; x_wconf 75' lang='lat' dir='ltr'><strong>apostolo</strong></span> <span class='ocrx_word' id='word_1_805' title='bbox 3473 5348 3613 5416; x_wconf 70' lang='lat' dir='ltr'><strong>:Qm‘</strong></span> <span class='ocrx_word' id='word_1_806' title='bbox 3632 5366 3751 5418; x_wconf 68' lang='lat' dir='ltr'><strong>pan-</strong></span> 
     </span>
    </p>
   </div>
   <div class='ocr_carea' id='block_1_116' title="bbox 2176 5438 3751 5513">
    <p class='ocr_par' dir='ltr' id='par_1_116' title="bbox 2176 5438 3751 5513">
     <span class='ocr_line' id='line_1_116' title="bbox 2176 5438 3751 5513; baseline -0.002 -14"><span class='ocrx_word' id='word_1_807' title='bbox 2176 5453 2348 5501; x_wconf 84' lang='lat' dir='ltr'><strong>catum</strong></span> <span class='ocrx_word' id='word_1_808' title='bbox 2379 5459 2483 5498; x_wconf 77' lang='lat' dir='ltr'><strong>non</strong></span> <span class='ocrx_word' id='word_1_809' title='bbox 2509 5442 2655 5513; x_wconf 78' lang='lat' dir='ltr'><strong>fecit,</strong></span> <span class='ocrx_word' id='word_1_810' title='bbox 2704 5459 2794 5499; x_wconf 82' lang='lat' dir='ltr'><strong>nec</strong></span> <span class='ocrx_word' id='word_1_811' title='bbox 2838 5443 3074 5498; x_wconf 75' lang='lat' dir='ltr'><strong>inuentus</strong></span> <span class='ocrx_word' id='word_1_812' title='bbox 3101 5452 3177 5498; x_wconf 84' lang='lat' dir='ltr'><strong>est</strong></span> <span class='ocrx_word' id='word_1_813' title='bbox 3200 5440 3352 5496; x_wconf 71' lang='lat' dir='ltr'><strong>dolus</strong></span> <span class='ocrx_word' id='word_1_814' title='bbox 3398 5442 3455 5495; x_wconf 81' lang='lat' dir='ltr'><strong>in</strong></span> <span class='ocrx_word' id='word_1_815' title='bbox 3503 5454 3593 5496; x_wconf 70' lang='lat' dir='ltr'><strong>ore</strong></span> <span class='ocrx_word' id='word_1_816' title='bbox 3630 5438 3751 5512; x_wconf 65' lang='lat' dir='ltr'><strong>ejus</strong></span> 
     </span>
    </p>
   </div>
   <div class='ocr_carea' id='block_1_117' title="bbox 2172 5533 3747 5605">
    <p class='ocr_par' dir='ltr' id='par_1_117' title="bbox 2172 5533 3747 5605">
     <span class='ocr_line' id='line_1_117' title="bbox 2172 5533 3747 5605; baseline -0.003 -12"><span class='ocrx_word' id='word_1_817' title='bbox 2172 5536 2228 5605; x_wconf 81' lang='grc' dir='ltr'><strong>(Ι</strong></span> <span class='ocrx_word' id='word_1_818' title='bbox 2254 5535 2403 5591; x_wconf 80' lang='lat' dir='ltr'><strong>Petr.</strong></span> <span class='ocrx_word' id='word_1_819' title='bbox 2435 5552 2475 5603; x_wconf 83' lang='lat' dir='ltr'><strong>r,</strong></span> <span class='ocrx_word' id='word_1_820' title='bbox 2502 5535 2615 5604; x_wconf 74' lang='grc'><strong>22).</strong></span> <span class='ocrx_word' id='word_1_821' title='bbox 2646 5534 2717 5591; x_wconf 87' lang='lat' dir='ltr'><strong>Et</strong></span> <span class='ocrx_word' id='word_1_822' title='bbox 2742 5536 2901 5592; x_wconf 87' lang='lat' dir='ltr'><strong>beato</strong></span> <span class='ocrx_word' id='word_1_823' title='bbox 2943 5533 3111 5589; x_wconf 86' lang='lat' dir='ltr'><strong>Paulo</strong></span> <span class='ocrx_word' id='word_1_824' title='bbox 3153 5533 3398 5605; x_wconf 84' lang='lat' dir='ltr'><strong>apostolo</strong></span> <span class='ocrx_word' id='word_1_825' title='bbox 3434 5552 3449 5589; x_wconf 90' lang='lat'><strong>:</strong></span> <span class='ocrx_word' id='word_1_826' title='bbox 3490 5536 3583 5605; x_wconf 74' lang='lat' dir='ltr'><strong>qui</strong></span> <span class='ocrx_word' id='word_1_827' title='bbox 3630 5551 3747 5589; x_wconf 75' lang='lat' dir='ltr'><strong>ms</strong></span> 
     </span>
    </p>
   </div>
   <div class='ocr_carea' id='block_1_118' title="bbox 2176 5623 3745 5699">
    <p class='ocr_par' dir='ltr' id='par_1_118' title="bbox 2176 5623 3745 5699">
     <span class='ocr_line' id='line_1_118' title="bbox 2176 5623 3745 5699; baseline -0.001 -17"><span class='ocrx_word' id='word_1_828' title='bbox 2176 5644 2280 5683; x_wconf 84' lang='lat' dir='ltr'><strong>non</strong></span> <span class='ocrx_word' id='word_1_829' title='bbox 2299 5627 2614 5699; x_wconf 77' lang='lat' dir='ltr'><strong>cognovisset</strong></span> <span class='ocrx_word' id='word_1_830' title='bbox 2649 5635 2917 5697; x_wconf 76' lang='lat' dir='ltr'><strong>peccatum</strong></span> <span class='ocrx_word' id='word_1_831' title='bbox 2940 5623 3024 5689; x_wconf 81' lang='lat' dir='ltr'><strong>(ll</strong></span> <span class='ocrx_word' id='word_1_832' title='bbox 3053 5623 3179 5685; x_wconf 82' lang='lat' dir='ltr'><strong>Ger.</strong></span> <span class='ocrx_word' id='word_1_833' title='bbox 3208 5639 3261 5688; x_wconf 82' lang='grc' dir='ltr'><strong>ν,</strong></span> <span class='ocrx_word' id='word_1_834' title='bbox 3284 5623 3402 5694; x_wconf 67' lang='grc' dir='ltr'><strong>Ἥ),</strong></span> <span class='ocrx_word' id='word_1_835' title='bbox 3430 5624 3485 5679; x_wconf 84' lang='lat' dir='ltr'><strong>id</strong></span> <span class='ocrx_word' id='word_1_836' title='bbox 3522 5634 3606 5680; x_wconf 83' lang='lat' dir='ltr'><strong>est</strong></span> <span class='ocrx_word' id='word_1_837' title='bbox 3643 5640 3745 5680; x_wconf 81' lang='lat' dir='ltr'><strong>non</strong></span> 
     </span>
    </p>
   </div>
   <div class='ocr_carea' id='block_1_119' title="bbox 2176 5714 3744 5790">
    <p class='ocr_par' dir='ltr' id='par_1_119' title="bbox 2176 5714 3744 5790">
     <span class='ocr_line' id='line_1_119' title="bbox 2176 5714 3744 5790; baseline 0 -18"><span class='ocrx_word' id='word_1_838' title='bbox 2176 5720 2365 5775; x_wconf 79' lang='lat' dir='ltr'><strong>fuisset</strong></span> <span class='ocrx_word' id='word_1_839' title='bbox 2389 5728 2644 5790; x_wconf 76' lang='lat' dir='ltr'><strong>expertus</strong></span> <span class='ocrx_word' id='word_1_840' title='bbox 2680 5734 2853 5781; x_wconf 74' lang='lat' dir='ltr'><strong>neque</strong></span> <span class='ocrx_word' id='word_1_841' title='bbox 2879 5716 3253 5775; x_wconf 87' lang='lat' dir='ltr'><strong>commisisset.</strong></span> <span class='ocrx_word' id='word_1_842' title='bbox 3291 5714 3451 5775; x_wconf 75' lang='lat' dir='ltr'><strong>Novit</strong></span> <span class='ocrx_word' id='word_1_843' title='bbox 3478 5726 3611 5788; x_wconf 75' lang='lat' dir='ltr'><strong>ergo</strong></span> <span class='ocrx_word' id='word_1_844' title='bbox 3631 5732 3744 5785; x_wconf 76' lang='lat' dir='ltr'><strong>pec-</strong></span> 
     </span>
    </p>
   </div>
   <div class='ocr_carea' id='block_1_120' title="bbox 2176 5807 3738 5880">
    <p class='ocr_par' dir='ltr' id='par_1_120' title="bbox 2176 5807 3738 5880">
     <span class='ocr_line' id='line_1_120' title="bbox 2176 5807 3738 5880; baseline -0.006 -12"><span class='ocrx_word' id='word_1_845' title='bbox 2176 5819 2353 5868; x_wconf 91' lang='lat' dir='ltr'><strong>catum</strong></span> <span class='ocrx_word' id='word_1_846' title='bbox 2397 5824 2495 5880; x_wconf 88' lang='lat' dir='ltr'><strong>per</strong></span> <span class='ocrx_word' id='word_1_847' title='bbox 2543 5826 2661 5866; x_wconf 89' lang='lat' dir='ltr'><strong>eam</strong></span> <span class='ocrx_word' id='word_1_848' title='bbox 2703 5809 2987 5865; x_wconf 86' lang='lat' dir='ltr'><strong>scientiam</strong></span> <span class='ocrx_word' id='word_1_849' title='bbox 3033 5823 3193 5878; x_wconf 88' lang='lat' dir='ltr'><strong>quam</strong></span> <span class='ocrx_word' id='word_1_850' title='bbox 3244 5807 3378 5863; x_wconf 89' lang='lat' dir='ltr'><strong>nihil</strong></span> <span class='ocrx_word' id='word_1_851' title='bbox 3417 5808 3581 5871; x_wconf 86' lang='lat' dir='ltr'><strong>latet;</strong></span> <span class='ocrx_word' id='word_1_852' title='bbox 3636 5824 3738 5862; x_wconf 84' lang='lat' dir='ltr'><strong>non</strong></span> 
     </span>
    </p>
   </div>
  </div>
