4010 6352
241 429 378 486 1157

1099 429 1186 484 DE
1221 421 1886 484 PBEDESTINATIONE
1921 421 2200 480 CONTRA
2241 422 2290 478 .l.
2335 421 2637 480 SCOTUM.

3345 427 3488 484 H58

241 539 392 596 novit
421 543 598 591 autem
635 551 730 606 per
771 535 1184 606 experientiam,
1229 555 1334 608 qua
1385 551 1658 606 nunquam
1699 551 1822 590 cor-
1845 541 1898 604 Α
1927 535 2088 590 scivit
2115 535 2256 590 male
2283 537 2572 602 victurum,
2599 544 2654 591 et
2681 537 2736 592 in
2769 537 2926 594 malis
2955 537 3210 608 operibus
3249 541 3490 598 obstina-

243 629 417 700 rumpi
447 627 636 699 potuit.
667 626 866 682 lterum
905 625 1046 682 idem
1073 627 1308 698 loquitur
1335 629 1388 682 in
1415 626 1702 698 Evangelio
1729 625 1810 680 di-

241 731 454 778 cturum
483 735 542 774 se
575 711 894 788 quibusdam
920 719 973 774 in
997 717 1202 788 judicio
1227 739 1240 772 :
1267 719 1458 772 Nescio
1483 735 1570 772 vos
1597 715 1812 788 (Matth.

242 829 372 878 xxv,
423 813 510 884 12)
565 811 706 866 unde
747 809 896 876 sitis;
949 809 1002 864 id
1047 819 1132 866 est
1163 825 1268 866 non
1309 809 1546 882 approbo
1596 809 1649 862 in
1699 815 1816 862 arte

243 904 540 976 disciplinae
561 919 714 970 mete,
736 919 894 974 quam
917 905 1098 974 pravis
1127 919 1342 976 semper
1365 903 1619 974 operibus
1645 901 1818 970 impu-

241 997 470 1068 gnastis.
506 997 736 1050 Rursum
761 995 874 1064 ipse
891 995 958 1050 ad
987 995 1278 1064 discipulos
1301 995 1376 1048 ait
1401 1011 1412 1048 :
1437 993 1514 1046 De
1535 993 1618 1046 die
1645 1001 1818 1044 autem

243 1089 340 1142 illa
373 1097 420 1142 et
451 1089 578 1142 hora
621 1103 770 1142 nemo
810 1087 928 1152 scit,
974 1103 1136 1158 neque
1179 1085 1348 1156 ameli
1375 1085 1430 1140 in
1467 1083 1612 1148 caelo,
1658 1097 1818 1152 neque

244 1177 438 1242 Filius,
469 1179 570 1234 nisi
610 1175 772 1232 Pater
817 1177 958 1236 solus
999 1177 1212 1249 (Matth.
1257 1193 1408 1242 xxxv,
1437 1177 1548 1248 56).
1578 1175 1818 1244 Qualiter

243 1271 390 1324 enim
435 1269 647 1324 nescire
669 1267 836 1324 Filius
865 1277 1078 1338 poterat
1103 1269 1268 1334 diem,
1301 1281 1460 1338 quem
1491 1267 1604 1336 ipse
1629 1263 1818 1348 ineil‘u-

243 1361 394 1430 gihili
419 1359 656 1430 potentia
685 1361 848 1414 etiam
877 1367 1000 1414 ante
1027 1367 1402 1428 temporaneos
1433 1358 1546 1412 dies
1567 1357 1818 1412 statuisse

247 1469 354 1508 non
381 1452 690 1508 dubitatur?
717 1451 898 1520 itaque
925 1451 1134 1508 nescire
1154 1451 1296 1506 diem
1339 1449 1714 1520 intelligendus
1739 1453 1820 1502 est

245 1559 346 1614 pro
372 1559 438 1600 eo
465 1543 606 1614 quod
633 1552 716 1600 est
753 1544 962 1600 nescire
987 1543 1169 1600 facere
1205 1543 1498 1612 apostolos,
1539 1541 1682 1612 quod
1711 1555 1820 1594 non

247 1637 453 1692 utiliter
503 1637 720 1692 scirent.
775 1635 924 1692 Unde
969 1645 1024 1691 et
1063 1637 1144 1692 eis
1183 1633 1522 1708 postmodum
1563 1633 1816 1702 loquitur.

251 1731 376 1786 Non
395 1740 471 1786 est
495 1740 718 1786 vestrum
749 1747 898 1786 nosse
919 1739 1152 1798 tempora
1175 1729 1252 1784 vel
1283 1741 1540 1784 momenta
1569 1745 1686 1800 qua:
1715 1729 1822 1782 Pa-

247 1833 328 1878 ter
365 1823 536 1892 posuit
577 1823 631 1876 in
673 1839 770 1876 sua
819 1831 1070 1892 potestate
1107 1820 1248 1891 (Act.
1269 1837 1306 1884 ι,
1337 1821 1413 1890 7).
1462 1819 1556 1874 [iis
1599 1817 1820 1889 tropicis

1919 627 2124 682 tissime
2145 637 2614 697 perseveraturum
2639 647 2652 682 :
2681 629 2906 698 proinde
2933 629 3088 700 culpa
3115 639 3198 686 est
3231 631 3368 702 ejus,
3391 637 3482 705 qui

1917 719 2042 774 talis
2073 718 2284 774 futurus
2301 721 2582 790 prmscitus
2607 729 2711 784 est,
2753 737 2861 778 non
2893 721 3008 788 Dei,
3037 723 3128 794 qui
3163 723 3322 780 talem
3353 741 3490 794 prte-

1917 808 2114 872 sciens,
2160 810 2356 864 merito
2401 811 2802 880 praadestinavit
2847 811 2912 866 ad
2947 827 3186 882 poenam.
3233 811 3484 884 Nunquid

1919 913 2026 954 non
2071 899 2260 956 eadem
2297 899 2658 956 calumniandi
2701 901 2918 956 licentia
2963 911 3118 972 potes
3149 903 3382 973 garrire,
3433 915 3492 960 ut

1919 1005 2172 1046 asseras:
2201 991 2258 1046 Si
2287 991 2652 1060 praedestinati
2695 991 2764 1046 ad
2791 991 2958 1046 vitam
2985 1007 3094 1048 non
3127 1001 3276 1060 sunt,
3305 1009 3490 1050 neces-

1921 1081 2066 1137 sario
2123 1081 2396 1151 peribunt,
2442 1097 2740 1152 poenasque
2789 1091 3064 1152 patientur
3115 1085 3494 1140 inevitabiles?

1921 1171 2074 1240 Quod
2101 1173 2146 1228 si
2169 1173 2242 1228 ita
2277 1181 2382 1238 est,
2423 1175 2692 1244 quomodo
2719 1173 2866 1246 juste
2887 1171 3220 1242 iudicabitur
3239 1175 3488 1238 mundus,

1921 1279 2080 1332 quem
2107 1263 2404 1318 necessitas
2441 1261 2930 1334 praedestinationis
2957 1265 3098 1334 cogit
3137 1263 3336 1342 perire,
3362 1281 3494 1334 quo-

1922 1353 2068 1408 niam
2095 1351 2510 1422 przedestinatus
2539 1353 2608 1408 ad
2651 1353 2816 1408 vitam
2845 1369 2952 1408 non
2983 1355 3098 1408 est?
3132 1354 3414 1430 Similiter,
3447 1355 3492 1410 si

1922 1444 2142 1516 quidam
2169 1445 2590 1500 misericorditer
2618 1443 2774 1500 electi
2803 1453 2950 1511 sunt,
2978 1447 3160 1500 caeteri
3203 1461 3330 1500 vero
3349 1447 3494 1514 juste

1923 1541 2190 1606 derelicti,
2233 1541 2540 1596 necessario
2571 1540 2844 1610 peribunt,
2885 1553 3180 1610 poenasque
3221 1541 3494 1610 patientur

1923 1631 2302 1688 inevitabiles:
2332 1632 2474 1702 quod
2499 1631 2544 1686 si
2583 1632 2656 1686 ita
2703 1639 2786 1688 est
2825 1631 3096 1702 quomodo
3119 1629 3266 1700 juste
3285 1617 3490 1702 judica-

1923 1725 2070 1780 bitur
2107 1725 2360 1790 mundus,
2389 1739 2548 1796 quem
2591 1735 2886 1780 necessitas
2907 1723 3210 1790 electionis,
3231 1721 3314 1778 vel
3337 1723 3494 1778 dere-

1925 1813 2160 1870 lictionis
2187 1815 2330 1884 cogit
2353 1813 2554 1884 perire,
2589 1815 2842 1884 quoniam
2865 1829 2974 1870 non
3005 1813 3190 1880 electi,
3223 1813 3318 1870 sed
3345 1811 3498 1868 dere-

247 1915 606 1970 locutionibus
635 1929 756 1970 cum
785 1914 928 1970 Dens
965 1913 1174 1970 nescire
1195 1913 1278 1968 vel
1305 1913 1552 1984 ignorare
1585 1912 1714 1982 quid
1747 1911 1820 1966 le-
1847 1899 1896 1958 Β
1923 1907 2036 1964 licti
2059 1909 2219 1964 sunt?

251 2017 434 2078 gatur,
463 2007 756 2062 secundum
799 2005 1182 2076 proprietatem
1208 2019 1334 2058 vero
1371 2003 1692 2074 maiestatis,
1731 2017 1818 2068 es-

249 2099 436 2156 sentia:
465 2107 624 2168 atque
639 2099 882 2154 scientia:
907 2113 1018 2154 sua:
1039 2097 1170 2152 nihil
1195 2112 1416 2168 prorsus
1437 2087 1626 2166 potuit,
1647 2103 1824 2164 potest

249 2201 346 2246 aut
383 2190 584 2260 poterit
625 2191 892 2262 ignorare.
949 2189 1098 2246 Hanc
1129 2189 1222 2244 Dei
1271 2189 1550 2244 scientiam
1595 2188 1822 2242 intuitus

250 2281 424 2336 fuerat
445 2281 730 2350 propheta,
751 2281 844 2350 qui
867 2281 932 2336 ad
961 2281 1129 2336 Deum
1161 2279 1438 2334 humiliter
1467 2277 1818 2347 loquebatur:

253 2371 442 2426 Mundi
478 2381 598 2426 sunt
639 2371 776 2426 oculi
807 2372 902 2436 tui,
953 2389 1014 2424 ne
1043 2371 1242 2426 videant
1285 2369 1482 2424 malum
1520 2369 1750 2440 (Hahae.
1781 2385 1820 2436 I,

251 2463 366 2532 15),
395 2463 448 2518 id
473 2472 574 2528 est,
613 2479 680 2518 ne
713 2463 1010 2532 approbent
1035 2461 1118 2517 vel
1141 2461 1506 2532 experiantur.
1531 2459 1664 2514 Item
1685 2459 1824 2514 alius

249 2553 508 2623 propheta
539 2571 550 2606 :
573 2553 708 2606 Ecce
727 2554 864 2607 enim
887 2551 1026 2606 oculi
1049 2552 1258 2606 Domini
1285 2567 1444 2622 super
1469 2567 1680 2622 regnum
1708 2567 1826 2620 pec-

248 2661 408 2710 cans,
451 2655 504 2698 ut
541 2645 807 2714 disperdat
844 2643 978 2698 illud
1017 2643 1196 2714 (Amos
1227 2659 1314 2710 1x,
1345 2641 1422 2714 8).
1457 2643 1524 2698 Et
1563 2659 1818 2698 rursum:

251 2733 320 2786 In
350 2735 488 2788 omni
535 2735 646 2788 loco
689 2733 826 2786 oculi
859 2733 1070 2788 Domini
1107 2723 1521 2802 contemplemur
1567 2732 1726 2788 bonos
1771 2741 1822 2788 et

247 2823 418 2880 malos
449 2823 626 2894 (Prov.
664 2840 750 2890 xv,
783 2825 858 2896 5).
905 2823 968 2878 Et
1007 2839 1220 2878 rursum
1246 2841 1260 2876 :
1291 2821 1476 2876 Vultus
1517 2832 1690 2876 autem
1724 2821 1826 2876 Do-

249 2915 382 2968 mini
415 2931 569 2984 super
589 2913 832 2983 facientes
863 2913 1026 2980 mala,
1053 2923 1112 2986 ut
1145 2913 1328 2984 perdat
1369 2913 1433 2966 de
1462 2923 1604 2967 terra
1629 2929 1824 2968 memo-

251 3005 390 3058 riam
419 3020 596 3058 eorum
625 2999 794 3076 (Psal.
820 3021 1012 3070 xxxut,
1041 3005 1150 3076 l7).
1181 3004 1298 3058 Non
1333 2993 1450 3060 haec
1477 3019 1508 3058 a
1551 3006 1824 3060 contrario

251 3095 596 3166 intelligenda
621 3111 808 3150 omnes
827 3094 1078 3150 catholici
1109 3103 1448 3162 tractatores,
1473 3095 1568 3150 sed
1597 3096 1823 3150 veritate

250 3187 518 3240 dictorum
547 3185 866 3256 simplicium
921 3186 1202 3242 sentienda
1255 3185 1592 3256 tenendaque
1636 3201 1824 3242 sanxe-

1989 2007 2114 2064 Hmc
2133 2005 2496 2064 calumniandi
2545 2005 2710 2060 libido
2731 2013 2840 2061 tam
2875 2005 2982 2060 late
3003 2013 3172 2076 patet,
3203 2013 3264 2060 ut
3301 2005 3356 2060 in
3381 2019 3498 2059 om-

1919 2095 2078 2152 nibus
2099 2111 2436 2166 quaecunque
2481 2109 2645 2166 super
2689 2095 3060 2150 misericordia
3089 2095 3184 2150 Dei
3211 2103 3374 2164 atque
3403 2093 3494 2162 ju-

1921 2189 2066 2244 stitia
2111 2187 2342 2242 ﬁdeliter
2375 2187 2758 2256 praedicantur,
2807 2187 3024 2256 oblique
3069 2187 3238 2258 possit
3275 2183 3496 2256 aliingi:

1921 2287 2246 2350 quapropter
2275 2277 2646 2348 proturbanda
2683 2287 2766 2334 est
2807 2279 3022 2348 penitus
3049 2275 3374 2332 damnabilis
3413 2293 3500 2332 as-

1921 2369 2088 2424 sertio
2115 2369 2422 2438 pravitatis,
2450 2377 2506 2424 et
2533 2369 2806 2424 fatendum
2827 2367 2974 2437 juste
3005 2369 3264 2424 mundum
3293 2369 3436 2424 hunc
3469 2383 3502 2424 a

1923 2461 2150 2516 Domino
2173 2459 2548 2531 jndicandum.
2573 2459 2758 2530 Neque
2779 2463 2924 2516 enim
2955 2461 3074 2516 ideo
3113 2469 3358 2530 peccant,
3389 2461 3504 2532 qui-

1922 2565 2136 2620 cunque
2183 2557 2432 2622 peccant,
2481 2552 2606 2620 quia
2629 2551 3036 2622 judicahuntur,
3087 2553 3178 2608 sed
3225 2553 3350 2622 quia
3381 2569 3503 2624 pee-

1923 2649 2084 2707 cant,
2145 2641 2330 2710 utique
2379 2641 2580 2696 idcirco
2635 2641 3018 2696 inevitabiliter
3055 2643 3441 2712 judieahuntur
3481 2663 3494 2698 :

1925 2749 2030 2789 non
2065 2749 2196 2806 ergo
2221 2734 2518 2788 necessitas
2555 2733 2744 2802 judieii
2773 2743 3058 2804 peccantes
3095 2735 3242 2806 cogit
3297 2736 3494 2804 perire,

1923 2824 2018 2878 sed
2039 2823 2334 2880 necessitas
2361 2823 2640 2893 peccandi,
2671 2839 2834 2894 quam
2863 2825 2964 2880 sibi
2987 2824 3216 2880 volendo
3243 2825 3500 2882 insolubi-

1923 2915 2050 2971 liter
2083 2917 2484 2982 consciverunt,
2519 2917 2794 2987 compellit
2823 2918 3204 2976 inevitabiliter
3253 2921 3496 2976 interire.

1925 3007 2078 3064 Sicut
2107 3009 2286 3080 itaque
2331 3009 2630 3066 necessitas
2657 3009 2848 3080 judicii
2897 3011 3100 3066 nullum
3131 3012 3310 3082 perire
3337 3013 3500 3084 cogit,

1925 3099 2000 3154 ita
2043 3103 2340 3156 necessitas
2381 3101 2874 3170 praedestinationis
2923 3101 3050 3156 nulli
3081 3103 3188 3158 vim
3243 3103 3504 3174 pereundi

1929 3191 2172 3262 imponit.
2227 3192 2424 3248 Verum
2463 3192 2510 3248 si
2549 3193 2832 3264 diligenter
2878 3195 3130 3250 attendas
3163 3195 3366 3260 omnia,
3415 3203 3508 3248 aut

251 3283 400 3330 runt.
435 3273 536 3330 Abi
575 3275 760 3348 igitur,
803 3283 858 3332 et
885 3283 1002 3332 esto
1047 3277 1424 3332 haereticorum
1456 3277 1700 3332 omnium
1749 3285 1822 3332 te-
1853 3259 1898 3323 (ἶ
1931 3259 2068 3353 pene
2091 3285 2292 3350 omnia,
2335 3299 2454 3354 qua:
2483 3259 2812 3356 suntjudicii
2851 3287 2968 3352 Dei,
3015 3287 3204 3342 eadem
3227 3287 3505 3356 praedesti-

253 3369 530 3434 terrimus,
578 3369 668 3438 qui
709 3377 896 3424 contra
931 3370 1306 3424 universorum
1359 3371 1668 3440 opinionem
1714 3371 1824 3426 Deo

251 3464 611 3534 ignorantiam
670 3463 924 3534 allingere
973 3463 1436 3534 impudentissime
1487 3465 1826 3536 praesumpsi-

251 3557 346 3612 sti.
375 3555 494 3610 .lam
519 3569 646 3610 vero
669 3557 811 3625 quod
837 3555 990 3610 addis
1011 3555 1078 3610 de
1095 3555 1270 3626 impiis
1291 3555 1358 3611 ad
1383 3555 1662 3612 interitum
1683 3571 1822 3626 pra:-

249 3645 554 3702 destinatis.

802 3732 1028 3772 JOANNES
1063 3733 1192 3774 SCOT
1201 3733 1279 3772 US.

331 3833 478 3904 (Cap.
511 3835 598 3900 Η,
643 3849 792 3888 nunt.
825 3833 878 3900 5,
910 3843 1040 3890 sect.
1075 3833 1148 3906 ΔΙ.)
1185 3843 1228 3889 Θ
1267 3833 1328 3890 Si
1373 3835 1510 3888 enim
1556 3835 1828 3904 pra'desti-

249 3927 366 3980 ptati
419 3935 560 3992 sunt,
609 3927 898 3980 necessario
945 3923 1204 3994 peribunt,
1245 3939 1520 3994 prauusque
1563 3925 1828 3993 patientur

249 4017 614 4082 inevitabiles;
643 4017 780 4086 quod
825 4015 870 4070 si
895 4017 968 4068 ita
998 4027 1092 4080 est,
1122 4013 1381 4086 quomodo
1407 4015 1550 4084 juste
1565 4012 1830 4084 jndicabi-

249 4117 346 4162 tur
381 4110 628 4174 mundus,
667 4125 818 4178 queat
865 4109 1136 4162 necessitas
1181 4105 1650 4176 prwdestinationis
1691 4105 1826 4174 cogit

249 4183 368 4270 peri
375 4215 426 4252 re
439 4201 464 4252 7

891 4285 1208 4326 CORRECTIO.

329 4385 366 4456 1-
403 4383 554 4440 Licet
593 4399 754 4454 super
781 4383 882 4438 hoc
927 4383 1060 4438 satis
1083 4381 1401 4450 abundeque
1429 4387 1608 4434 aetum
1641 4377 1826 4445 fuerit,

251 4489 364 4530 non
387 4475 531 4544 piget
559 4475 822 4530 veraciter
855 4473 1052 4528 iterare
1075 4473 1218 4540 quod
1253 4481 1304 4526 te
1337 4487 1440 4527 non
1469 4471 1660 4540 puduit
1685 4487 1830 4526 mcu-

251 4565 462 4622 daciter
485 4565 774 4620 inculcare.
809 4563 1216 4619 Praedestinalio
1255 4563 1371 4628 Dei,
1415 4563 1554 4616 sicut
1595 4570 1650 4616 et
1693 4576 1828 4630 prae-

249 4658 504 4726 scientia,
537 4657 736 4712 nullam
761 4658 866 4712 vim
895 4655 1088 4710 futuris
1114 4653 1328 4724 ingerit,
1359 4653 1562 4708 nullam
1597 4651 1828 4708 necessi-

253 4751 384 4806 tatis
421 4751 730 4806 violentiam
774 4751 1048 4820 importat.
1083 4745 1339 4814 Quamvis
1389 4743 1530 4798 enim
1570 4741 1826 4813 quidquid

251 4848 400 4902 Deus
441 4847 712 4916 prtescivit
755 4855 810 4920 et
855 4843 1274 4918 praedestinavit,
1327 4843 1420 4907 ita,
1465 4857 1564 4896 nec
1609 4841 1828 4896 omnino

251 4941 434 5006 aliter,
477 4955 698 4996 necesse
731 4939 802 4994 sit
839 4939 956 4992 ﬁeri
979 4953 992 4992 :
1019 4953 1124 4994 non
1175 4947 1354 4992 tamen
1393 4935 1511 4990 ideo
1537 4935 1662 5006 quia
1691 4949 1831 5004 prae-

251 5033 394 5088 scita
435 5011 922 5102 vel-praedestinata
965 5039 1112 5094 sunt,
1155 5031 1322 5092 ﬁunt;
1359 5029 1450 5084 sed
1479 5028 1606 5098 quia
1647 5027 1826 5082 futura

251 5122 686 5179 indubitabiliter
743 5121 1078 5184 seiebantur,
1131 5120 1382 5190 praescita
1439 5134 1504 5172 ac
1549 5117 1842 5190 praedesti—g

251 5227 384 5268 nata
429 5213 804 5284 potentissime
855 5211 1248 5282 intelliguntur.
1293 5209 1408 5264 Non
1435 5223 1566 5278 ergo
1617 5209 1734 5262 ideo
1769 5207 1832 5262 tit

253 5301 460 5370 aliquid
487 5301 616 5372 quia
651 5303 793 5356 Dens
819 5301 1110 5372 prmscivit,
1143 5299 1235 5354 sed
1279 5300 1402 5356 ideo
1431 5299 1520 5356 ille
1559 5301 1830 5368 praescivit

251 5410 384 5466 quia
405 5393 646 5450 futurum
691 5395 870 5450 scivit.
901 5393 981 5448 Ac
1005 5409 1102 5462 per
1127 5393 1230 5447 hoc
1267 5409 1374 5448 non
1399 5403 1482 5448 est
1522 5393 1678 5464 culpa
1701 5409 1832 5464 prae-

255 5485 481 5542 scientis
507 5493 564 5540 et
591 5483 1022 5556 praedestinantis
1065 5483 1184 5548 Dei,
1214 5483 1258 5538 si
1305 5485 1498 5554 aliquis
1537 5483 1694 5554 perit,
1735 5485 1830 5540 sed

255 5585 520 5650 creatura:
535 5577 838 5642 rationalis,
860 5593 979 5646 qum
1001 5575 1102 5630 sibi
1129 5575 1382 5630 meritum
1407 5577 1665 5646 pereundi
1691 5575 1832 5632 male

259 5669 508 5736 vivendo,
557 5666 779 5738 ejusque
835 5667 1088 5722 bonitatis
1141 5665 1480 5734 largitatihus
1539 5669 1832 5734 abutendo,

259 5759 608 5830 comparavit.
637 5759 1044 5814 Pranlestinavit
1069 5757 1232 5828 igitur
1259 5757 1398 5812 Deus
1423 5769 1736 5828 peccantem
1767 5761 1834 5814 ad

257 5851 580 5920 supplicium
617 5859 892 5914 aeternum,
935 5850 1226 5906 secundum
1260 5849 1310 5904 id
1355 5851 1498 5918 quod
1551 5865 1672 5906 cum
1703 5869 1835 5922 prd:-

1931 3377 2166 3432 nationis
2205 3379 2464 3434 invenies.
2526 3377 2726 3434 Statuit
2765 3381 2906 3436 Deus
2937 3379 3180 3436 futurum
3223 3379 3506 3448 judicium,

1929 3469 1982 3522 in
2011 3485 2120 3540 quo
2151 3471 2334 3524 reddat
2357 3471 2636 3542 unicuique
2663 3471 2948 3526 secundum
2978 3488 3134 3541 opera
3163 3489 3260 3526 sua
3287 3471 3502 3542 (Matth.

1928 3575 2038 3626 xvr,
2066 3560 2182 3632 27),
2209 3561 2396 3618 electis
2420 3563 2658 3632 prtemia,
2681 3563 2862 3634 impiis
2873 3563 3132 3634 supplicia
3155 3565 3506 3633 sempiterna,

1928 3659 1984 3706 et
2011 3651 2112 3706 hoc
2148 3661 2232 3708 est
2274 3661 2442 3706 totum
2485 3655 2626 3722 quod
2678 3655 2743 3708 de
2767 3655 3236 3722 praedestinatione
3275 3653 3506 3710 ﬁdeliter

1929 3757 1994 3796 ac
2021 3741 2310 3796 salubriter
2337 3741 2710 3810 confirmatur,
2767 3753 2826 3798 ut
2843 3745 3008 3814 judex
3039 3745 3280 3800 omnium
3319 3743 3510 3800 electis

1929 3845 2025 3902 per
2041 3831 2464 3886 misericordiam
2481 3831 2892 3898 beatitudinem,
2913 3833 3113 3888 relictis
3126 3849 3222 3903 per
3241 3833 3506 3906 justitiam

1929 3939 2118 3994 pinnas
2153 3933 2528 3994 tormentaque
2557 3925 2837 3980 retribuat.
2867 3925 3122 3998 Legimus
3145 3927 3268 3996 quia
3289 3943 3378 3998 qui
3403 3943 3506 3982 non

1929 4015 2092 4068 credit
2117 4015 2226 4085 jam
2259 4015 2622 4084 judicatusest
2654 4015 2834 4086 (Joan.
2873 4033 2954 4084 tu,
3005 4018 3116 4090 18),
3139 4018 3193 4074 id
3233 4027 3318 4074 est
3357 4019 3510 4075 dam-

1931 4115 2108 4161 natus.
2159 4107 2428 4177 Exsurgat
2465 4123 2610 4162 nunc
2649 4109 2980 4179 sycophanta
3027 4111 3404 4180 impudoratus
3451 4120 3508 4167 et

1930 4209 2188 4254 causetur
2223 4218 2236 4254 :
2273 4199 2329 4254 Si
2363 4203 2456 4272 qui
2501 4217 2608 4258 non
2635 4205 2808 4258 credit
2829 4203 2942 4273 jam
2983 4205 3256 4274 judicatus
3281 4217 3382 4274 est,
3425 4221 3514 4264 ne-

1927 4293 2168 4348 cessario
2212 4293 2444 4364 peribit,
2491 4309 2788 4366 poenasque
2835 4297 3070 4366 patietur
3133 4299 3508 4356 inevitabiles:

1933 4385 2074 4453 quod
2106 4385 2150 4464 si
2173 4384 2246 4438 ita
2281 4392 2384 4450 est,
2429 4375 2698 4454 quomodo
2729 4387 2874 4458 juste
2898 4385 3234 4458 judicabitur
3259 4390 3508 4454 mundus,

1933 4487 2092 4544 quem
2147 4473 2444 4532 necessitas
2482 4473 2851 4544 judica'tionis,
2907 4479 2960 4533 id
2999 4481 3082 4534 est
3131 4479 3511 4547 damnationis,

1935 4565 2082 4638 cogit
2109 4567 2324 4636 perire?
2361 4565 2504 4622 Dicit
2533 4569 2696 4623 etiam
2719 4571 3046 4642 evangelista
3072 4569 3304 4628 Joannes
3325 4575 3390 4629 de
3416 4571 3512 4628 Ju—

1934 4657 2064 4714 daeis
2079 4675 2184 4713 non
2207 4657 2550 4713 credentibus
2567 4657 2790 4712 Domino
2817 4676 2830 4712 :
2857 4657 3142 4730 Propterea
3156 4679 3256 4716 non
3276 4673 3512 4732 poterant

1933 4753 2160 4818 credere,
2183 4751 2306 4824 quia
2331 4753 2461 4806 dixit
2476 4751 2649 4806 Isaias
2671 4749 2918 4822 propheta
2943 4771 2954 4805 :
2987 4753 3208 4808 Excwca
3234 4771 3322 4808 cor
3333 4755 3513 4825 populi

1931 4845 2106 4916 hujus,
2155 4855 2200 4898 et
2243 4859 2398 4898 aures
2439 4845 2552 4914 ejus
2587 4861 2832 4914 aggraua,
2871 4855 2926 4898 ut
2955 4841 3058 4900 non
3083 4845 3286 4902 videant
3325 4849 3508 4916 oculis,

1931 4951 1978 4994 et
2026 4940 2180 4994 corde
2234 4955 2338 4994 non
2365 4939 2678 5010 intelligant,
2729 4951 2778 4996 et
2821 4951 3206 5008 convertantur,
3239 4953 3288 4998 et
3335 4961 3512 5000 sanem

1933 5043 2018 5084 eos
2061 5029 2242 5100 (Joan.
2275 5045 2374 5094 xu,
2407 5029 2518 5102 59).
2563 5029 2622 5084 Si
2655 5041 2942 5101 propterea
2976 5045 3082 5086 non
3113 5039 3362 5101 poterant
3390 5049 3510 5090 cre-

1939 5123 2086 5186 dere,
2131 5121 2256 5190 quia
2285 5121 2388 5177 hoc
2417 5123 2664 5192 prtedixit
2683 5123 2874 5188 Isaias,
2929 5125 3238 5180 necessario
3261 5141 3366 5182 non
3397 5143 3514 5182 ere-

1939 5211 2210 5278 diderunt,
2255 5227 2552 5282 poenasque
2577 5214 2848 5282 patientur
2879 5213 3256 5282 inevitabiles;
3287 5217 3438 5286 quod
3467 5217 3512 5274 si

1941 5301 2014 5354 ita
2041 5309 2146 5366 est,
2203 5303 2472 5372 quomodo
2509 5303 2654 5372 juste
2689 5301 3024 5372 judicabitur
3063 5305 3311 5373 mundus,
3351 5321 3510 5376 quem

1943 5391 2234 5446 necessitas
2269 5391 2576 5462 prophetia:
2617 5393 2796 5463 coegit
2841 5407 2946 5448 non
2993 5395 3258 5448 credere?
3293 5395 3362 5450 Et
3403 5396 3516 5465 ipse

1943 5479 2218 5552 Dominus,
2251 5478 2531 5552 Propterea
2553 5497 2638 5536 vos
2661 5498 2762 5536 non
2785 5483 3002 5550 auditis,
3033 5485 3156 5554 quia
3187 5501 3250 5540 ea:
3277 5485 3386 5540 Deo
3413 5505 3518 5542 non

1941 5573 2062 5626 estis
2091 5571 2270 5644 (Joan.
2297 5587 2412 5636 vin,
2445 5573 2576 5642 i7);
2619 5581 2675 5628 et
2695 5573 2890 5630 iterum
2919 5593 2931 5629 :
2971 5573 3254 5646 Propterea
3291 5593 3378 5646 uos
3413 5595 3520 5634 non

1941 5661 2172 5728 creditis,
2197 5679 2322 5732 quia
2348 5679 2448 5742 non
2473 5665 2594 5718 estis
2643 5681 2706 5720 ea;
2731 5665 2906 5720 ovibus
2925 5665 3051 5720 meis
3081 5663 3272 5736 (Joan-
3295 5685 3348 5734 κ,
3383 5668 3472 5742 26)
3499 5687 3514 5734 -,

1941 5768 1996 5806 et
2023 5767 2234 5806 rursum
2285 5771 2296 5804 :
2339 5733 2504 5808 Nemo
2549 5765 2710 5826 potest
2743 5757 2914 5812 venire
2951 5757 3020 5828 ad
3043 5773 3158 5824 me,
3193 5759 3294 5812 nisi
3335 5757 3514 5822 Pater,

1939 5843 2028 5912 qui
2059 5843 2196 5896 misit
2221 5859 2322 5914 me,
2367 5847 2578 5900 traxerit
2610 5862 2722 5900 eum
2749 5863 2766 5912 ;
2803 5855 2858 5902 et
2893 5865 2904 5900 :
2947 5845 3114 5904 Nemo
3143 5857 3304 5918 potest
3349 5851 3516 5906 venite

2169 5969 2182 5986 '-
2223 5971 2272 5998 Ἀ
