4010 6352
610 327 747 382 1159

1610 323 1664 378 S.
1714 318 2081 379 PRUDENTII
2120 321 2505 380 TRECENSIS
2543 322 2850 380 EPISCOPI

3663 331 3757 386 1160

604 443 673 497 ad
693 439 1093 496 menisidatum
1109 438 1266 509 fuerit
1287 438 1333 493 ei
1354 434 2048 508 aPatremeo(Joan.v1,M
2072 434 2186 506 66).
2215 441 2267 501 Α
2292 449 2412 491 sese
2452 435 2505 489 in
2542 435 2974 506 praecedentibus
3017 433 3254 504 ejusdem
3303 435 3531 504 Epistolas
3570 437 3760 498 duntaxat

602 535 672 589 Et
712 532 894 588 omnia
932 545 1264 600 quaecunque
1301 529 1364 584 de
1400 527 1494 582 Dei
1539 525 1767 582 occultis
1813 524 2032 594 judiciis
2057 538 2178 594 pro-

604 623 830 696 phetica
868 631 931 679 et
950 621 1256 694 apostolicae
1297 619 1502 690 paginae
1525 624 1914 688 protestantur,
1973 615 2176 672 eisdem

603 712 888 770 calumniis
923 710 1291 782 subjacebunt.
1326 707 1513 762 Omnis
1541 705 1703 777 igitur
1729 706 1798 760 ab
1822 704 1907 760 his
1944 703 2180 760 necessi-

605 815 688 862 tas
721 805 960 862 coactiva
987 801 1336 875 propellatur,
1357 799 1754 868 etjudiciorum
1781 798 1877 854 Dei
1907 797 2183 853 humiliter

603 896 939 968 profunditas
979 901 1279 964 stupeatur,
1338 892 1658 962 dicaturque
1705 906 1828 947 cum
1855 889 2176 970 _Apostolo:

608 987 652 1042 0
678 986 899 1041 altitudo
919 985 1224 1040 divitiarum
1241 983 1474 1039 scientiae
1492 999 1556 1038 ac
1568 983 1839 1053 sapientiae
1851 980 1984 1036 Dei!
2006 979 2178 1053 (Rom.

605 1095 683 1146 xl,
711 1078 826 1147 55.)

670 1170 824 1228 Nunc
853 1171 924 1228 ad
951 1170 1181 1228 videnda
1208 1171 1441 1243 reliqua,
1470 1170 1686 1227 favente
1713 1171 1970 1238 Domino,
2000 1179 2182 1226 trans-

600 1280 805 1322 eamus.
845 1264 1088 1335 Denique
1124 1264 1312 1320 volens
1354 1266 1588 1335 probare
1612 1265 1755 1335 quod
1785 1273 1986 1320 sanctae
2034 1262 2182 1320 Scri-

600 1367 772 1429 ptura:
810 1356 1109 1414 auctoritas
1135 1356 1457 1412 inconcussa
1491 1356 1891 1426 praescientiam
1929 1355 2090 1410 simul
2133 1363 2188 1410 et

599 1448 1147 1522 praedestinationem,
1176 1453 1272 1502 aut
1302 1447 1471 1504 solam
1494 1445 1736 1502 absolute
1754 1443 2187 1516 praedestinatio-

599 1557 741 1606 nem,
803 1539 1020 1596 nonnisi
1049 1539 1104 1593 in
1133 1539 1221 1594 his
1270 1553 1405 1608 quos
1443 1537 1589 1594 Deus
1635 1536 1799 1608 elegit
1830 1535 1896 1591 ad
1931 1545 2186 1590 aeternam

597 1633 986 1690 beatitudinem
1009 1631 1390 1702 possidendam
1411 1630 1723 1686 inveniatur
1749 1627 2018 1700 posuisse,
2033 1625 2188 1696 ponis

599 1725 891 1798 apostolica
917 1723 1226 1781 testimonia
1242 1723 1310 1778 ad
1331 1722 1606 1778 Romanos
1632 1739 1645 1776 :
1673 1719 1900 1785 Scimus,
1945 1717 2189 1788 inquien-

2283 528 2351 583 ad
2387 527 2658 583 Romanos
2697 527 2939 598 partibus
2971 527 3105 583 satis
3129 527 3302 599 egisse
3341 528 3634 585 meminerat.
3664 531 3760 610 Nihil

2283 635 2412 692 ergo
2437 627 2584 675 tuam
2625 621 2891 676 insaniam
2937 621 3103 676 verba
3148 619 3431 690 apostolica
3474 620 3649 689 juvant.
3681 625 3758 680 Non

2284 715 2428 770 enim
2458 722 2552 770 aut
2573 715 2948 770 tantummodo
2976 714 3176 771 electos
3201 713 3599 784 pnedestinatos,
3622 727 3692 770 aut
3708 734 3761 772 re-

2285 808 2483 876 probos
2525 823 2632 863 non
2678 808 3090 878 praedestinalos
3124 807 3301 872 dixit;
3353 808 3484 876 quod
3523 816 3666 863 tamen
3702 811 3761 866 ubi

2287 899 2624 954 commodum
2639 899 2811 965 duxit,
2837 909 3127 970 utrumque
3153 898 3456 953 alternatim
3474 901 3762 957 commendare

2287 1001 2394 1041 non
2439 987 2648 1043 distulit
2681 1007 2692 1042 :
2727 989 2803 1044 ait
2844 989 2988 1044 enim
3037 988 3090 1043 in
3130 989 3315 1043 eadem
3353 988 3568 1057 Epistula
3605 1005 3698 1045 cum
3722 993 3762 1047 de

2287 1078 2550 1136 electione
2594 1083 2834 1152 gentium
2867 1091 2921 1136 et
2948 1081 3326 1152 reprobatione
3364 1079 3630 1136 Iudaeorum
3651 1085 3764 1138 subti-

2289 1166 2414 1224 liter
2442 1170 2815 1240 veraciterque
2847 1177 3107 1226 tractaret
3138 1189 3152 1223 :
3192 1169 3291 1225 Sin
3321 1180 3481 1224 autem
3515 1169 3631 1225 Deus
3648 1172 3763 1227 solm

2291 1262 2555 1317 ostendere
2593 1263 2728 1316 iram
2759 1272 2807 1317 et
2830 1271 3008 1317 notam
3047 1262 3220 1332 facere
3259 1263 3524 1333 potentiam
3543 1279 3679 1326 suam,
3708 1281 3765 1317 n-

2289 1353 2470 1406 stinuit
2509 1353 2564 1407 in
2588 1353 2754 1408 multa
2772 1353 3026 1424 patientia
3056 1369 3181 1407 uasa
3220 1355 3336 1408 ire.
3385 1353 3638 1407 secundum
3674 1352 3761 1408 Am-

2290 1447 2530 1503 brosium
2556 1456 2870 1518 prtvparala,
2899 1447 3198 1502 secundum
3223 1444 3564 1516 Augustinum
3580 1455 3625 1500 et
3638 1460 3764 1501 omnes

2290 1537 2576 1594 Africanos
2611 1538 2860 1609 perfecta,
2932 1539 3230 1594 secundum
3283 1547 3566 1593 nostrorum
3594 1538 3762 1592 oodicu

2291 1631 2736 1686 consuetudinem
2763 1641 2888 1701 apta
2907 1631 2984 1684 uel
3012 1640 3194 1695 aptata
3216 1629 3274 1683 in
3293 1629 3560 1682 interitum.
3584 1626 3638 1681 Ut
3659 1637 3765 1681 asteri-

2293 1722 2433 1776 deret
2469 1721 2678 1776 diuitias
2713 1719 2893 1790 gloria:
2931 1736 3043 1774 sum
3081 1719 3136 1774 in
3172 1735 3299 1772 vasa
3331 1719 3657 1772 misericordia
3691 1735 3763 1787 qua

600 1821 693 1886 tia,
731 1821 980 1892 quoniam
999 1817 1332 1889 diligentibus
1361 1816 1529 1871 Deum
1551 1816 1730 1870 omnia
1761 1821 2107 1885 cooperantur
2133 1811 2186 1865 in
2217 1814 2264 1876 B
2293 1812 2607 1882 prwparavit
2649 1813 2702 1865 in
2725 1811 2968 1882 gloriam,
3011 1827 3139 1883 quos
3159 1820 3208 1866 et
3229 1811 3424 1865 vocavit
3451 1827 3532 1864 nos
3557 1806 3790 1863 nonsolsa'

598 1910 828 1965 bonum:
855 1909 960 1974 his,
1004 1909 1096 1979 qui
1135 1906 1420 1963 secundum
1464 1905 1788 1977 propositum
1833 1903 2000 1958 vocati
2025 1910 2180 1966 sunt;

595 2001 844 2073 quoniam
870 2015 998 2071 quos
1029 2008 1150 2053 ante
1173 1997 1430 2068 praesciuit
1470 2007 1518 2050 et
1552 1993 1939 2066 prwdestinavit
1978 1991 2184 2062 confor-

597 2108 704 2147 mes
729 2091 844 2160 ﬁeri
865 2090 1108 2160 imaginis
1139 2086 1270 2143 Filii
1289 2087 1394 2151 sui,
1425 2095 1480 2139 ut
1510 2086 1577 2139 sit
1599 2087 1708 2156 ipse
1729 2084 2102 2154 primogenitus
2126 2083 2182 2135 in

597 2181 775 2236 multis
818 2181 1070 2250 fratribus
1103 2195 1267 2250 :quos
1303 2187 1477 2232 autem
1523 2176 1935 2248 praedestinavit,
1971 2174 2088 2229 illos
2136 2182 2184 2229 et

595 2270 897 2335 vocavit;et
922 2285 1049 2339 quos
1071 2268 1292 2332 vocavit,
1316 2268 1456 2338 ipsos
1485 2276 1532 2321 et
1560 2264 1900 2336 {usti/ienuit;
1936 2281 2064 2334 quos
2087 2280 2185 2318 au-

595 2369 697 2414 tem
729 2359 1066 2430 justiﬁcavit,
1095 2358 1235 2429 ipsos
1280 2366 1329 2411 et
1370 2356 1676 2428 gloriﬁcavit
1707 2354 1885 2427 (Rom.
1933 2369 2050 2420 vm,
2081 2353 2182 2410 28-

595 2449 709 2520 50).
739 2449 871 2504 Item
895 2448 963 2504 ad
990 2447 1258 2518 Ephesios
1283 2464 1297 2500 :
1333 2445 1644 2500 Benedictus
1666 2445 1923 2499 Dominus
1946 2453 1994 2499 et
2020 2441 2184 2498 Pater

594 2539 806 2596 Domini
845 2539 1009 2592 nostri
1037 2536 1167 2592 Jesu
1194 2536 1414 2602 Christi,
1451 2537 1541 2608 qui
1570 2537 1825 2591 benedixit
1848 2552 1942 2591 nos
1963 2537 2018 2590 in
2041 2535 2182 2590 omni

596 2629 948 2686 benedictione
985 2626 1217 2700 spiritali
1257 2629 1312 2682 in
1347 2625 1637 2682 caelestibus
1666 2628 1721 2681 in
1764 2626 1973 2681 Christo
2007 2626 2182 2681 :sicut

593 2723 741 2794 elegit
767 2739 862 2778 nos
883 2723 940 2777 in
959 2721 1072 2792 ipso
1095 2731 1217 2776 ante
1230 2721 1647 2775 constitutionem
1667 2719 1871 2786 mundi,
1889 2728 1943 2773 ut
1957 2735 2182 2774 essemus

592 2817 781 2880 sancti,
809 2825 860 2870 et
898 2815 1012 2869 sine
1037 2811 1246 2868 macula
1278 2813 1334 2866 in
1357 2821 1633 2883 conspectu
1655 2813 1769 2881 ejus
1797 2812 1854 2865 in
1882 2811 2135 2865 charitate
2161 2827 2180 2874 ;

592 2908 974 2979 prwdestinans
1023 2923 1117 2962 nos
1155 2907 1211 2960 in
1251 2905 1584 2976 adoptionem
1629 2903 1859 2973 ﬁliorum
1883 2919 1974 2974 per
1999 2901 2182 2957 Jesum

593 3001 858 3056 Christum
882 3001 938 3055 in
955 3001 1126 3071 ipsum
1146 2999 1432 3053 secundum
1453 2996 1702 3068 placitum
1725 2995 2004 3051 uoluntatis
2040 3012 2150 3051 sua:
2165 3035 2180 3061 ,

593 3092 661 3146 ad
683 3091 892 3146 laudem
903 3091 1085 3162 gloria:
1105 3091 1290 3162 gratia:
1309 3106 1420 3144 suae
1439 3106 1458 3155 ,°
1493 3089 1546 3142 in
1565 3105 1669 3159 qua
1688 3088 2002 3158 gratiﬁcavit
2023 3103 2116 3144 nos
2129 3090 2183 3142 in

2285 1921 2349 1959 ex
2367 1903 2598 1972 Iudaeis,
2645 1905 2735 1960 sed
2759 1906 2915 1960 etiam
2934 1922 2998 1960 ex
3025 1905 3268 1976 gentibus
3294 1903 3458 1974 (Rom.
3479 1920 3548 1970 ιι,
3567 1903 3763 1973 Eilis!

2285 2006 2481 2052 cat-tera
2509 2011 2628 2067 quae
2663 2005 2986 2066 sequuntur.
3019 1995 3078 2051 Si
3105 1995 3402 2051 secundum
3425 2009 3484 2050 ea
3503 1993 3662 2063 quain
3679 2007 3764 2063 pra-

2286 2083 2602 2141 cedentibus
2655 2083 2982 2140 confirmare
3026 2083 3250 2139 molitus
3287 2097 3366 2149 es,
3419 2081 3538 2138 nihil
3583 2091 3648 2137 est
3671 2080 3762 2136 aliud

2286 2175 2383 2232 Dei
2411 2175 2820 2246 praedestinatio
2872 2190 3036 2245 quam
3077 2174 3405 2245 praeparatio
3438 2189 3628 2243 operum
3657 2172 3762 2235 illius,

2285 2284 2457 2340 quare
2481 2267 2770 2324 manifeste
2817 2267 3134 2339 Apostolus,
3187 2269 3424 2323 uasairte
3464 2264 3763 2338 praparatard

2283 2359 2515 2432 perfecta
2561 2359 2638 2414 vel
2687 2373 2809 2430 apta
2833 2361 2941 2414 sive
2986 2369 3168 2430 aptata
3195 2361 3254 2415 in
3287 2360 3536 2415 interitum
3560 2359 3761 2414 clamitat:

2285 2467 2410 2507 nam
2449 2452 2516 2508 de
2550 2453 2812 2508 varietate
2846 2453 3207 2524 interpretum
3252 2469 3360 2508 non
3397 2463 3474 2509 est
3500 2467 3645 2508 meum
3665 2451 3761 2520 judi-

2284 2556 2410 2597 care
2439 2559 2452 2596 :
2479 2550 2740 2612 quantum
2782 2551 2962 2598 tamen
2992 2544 3060 2598 ad
3101 2559 3286 2600 meam
3322 2545 3506 2600 attinet
3542 2543 3763 2614 simplicita-

2285 2641 2414 2700 tem,
2467 2643 2662 2689 cuncta
2711 2642 2769 2690 et
2797 2635 2999 2705 recipio
3023 2643 3080 2690 et
3101 2637 3366 2708 approbo.
3405 2634 3480 2701 Si,
3505 2635 3693 2704 inquam,
3709 2647 3762 2686 se-

2284 2725 2516 2780 cundum
2552 2725 2892 2782 Ambrosium
2925 2743 3048 2782 vasa
3068 2729 3164 2783 ira:
3184 2738 3475 2799 praeparata
3494 2737 3597 2782 sunt
3625 2727 3764 2780 iniuc-

2286 2819 2465 2881 ritum,
2519 2827 2574 2873 et
2599 2816 2751 2886 juxta
2784 2816 3125 2874 deﬁnitiones
3154 2827 3279 2874 tuas
3315 2818 3657 2889 praadestinare
3676 2812 3760 2868 nihil

2285 2917 2367 2963 est
2400 2907 2545 2963 aliud
2589 2923 2753 2979 quam
2781 2922 3087 2978 praeparare
3123 2928 3136 2962 :
3169 2909 3341 2980 liquet
3363 2908 3581 2981 profecto
3614 2907 3766 2976 Δροεωο

2285 3000 2392 3054 lum
2418 3017 2539 3054 vasa
2561 3000 2962 3070 iraeprteparata
2981 3000 3037 3054 in
3050 3000 3345 3068 interitum,
3367 3013 3659 3071 nequaquam
3675 2994 3768 3049 aliud

2287 3093 2522 3150 sensisse
2567 3107 2730 3162 quam
2763 3092 3162 3162 praedestinata,
3206 3093 3462 3163 quoniam
3506 3091 3649 3145 omnis
3673 3087 3766 3155 ejus-

595 3182 782 3236 dilecto
829 3179 974 3236 Filio
999 3198 1093 3236 suo
1115 3198 1133 3246 ;
1160 3181 1213 3234 in
1239 3197 1342 3250 quo
1387 3180 1636 3234 habemus
1659 3179 2058 3249 redemptionem
2096 3197 2188 3250 per
2214 3183 2258 3245 C
2291 3184 2410 3239 dem
2434 3181 2739 3252 apostolicae
2765 3182 3145 3252 disputationis
3167 3181 3562 3238 circumstantia
3584 3177 3766 3233 hocilem

593 3274 902 3345 sanguinem
922 3274 1058 3344 ejus,
1087 3273 1442 3328 remissionem
1455 3282 1788 3343 peccatorum
1798 3272 2084 3326 secundum
2097 3272 2182 3325 di-

595 3367 746 3420 vitias
776 3365 960 3436 gratia:
991 3365 1125 3434 ejus,
1151 3381 1271 3435 qua:
1294 3364 1732 3435 superabundavit
1762 3364 1818 3418 in
1849 3379 1941 3417 nos
1965 3364 2022 3418 in
2042 3365 2186 3418 omni

607 3457 902 3527 sapientia,
953 3456 1314 3526 etprudentia,
1366 3455 1641 3510 ostendens
1685 3455 1833 3509 nobis
1881 3471 2184 3509 sacramen-

606 3560 716 3605 tum
739 3551 1021 3606 voluntatis
1067 3566 1179 3604 sua:
1203 3549 1490 3604 secundum
1531 3551 1722 3603 bonum
1754 3547 2006 3618 placitum
2045 3548 2180 3618 ejus,

596 3643 735 3716 quod
777 3645 1043 3716 proposuit
1077 3644 1132 3697 in
1162 3660 1222 3698 eo
1251 3660 1268 3708 ;
1307 3642 1375 3696 ad
1420 3642 1810 3713 dispositionem
1843 3641 2183 3711 plenitudinis

595 3745 907 3805 temporum,
939 3743 997 3788 ut
1037 3742 1461 3788 restaurarentur
1497 3731 1672 3786 omnia
1706 3732 1761 3785 in
1793 3729 2023 3794 Christo,
2067 3745 2184 3800 quae

597 3836 717 3880 sunt
745 3829 801 3880 in
826 3825 988 3890 oculis,
1026 3835 1073 3879 et
1096 3841 1213 3896 qua:
1249 3839 1406 3893 super
1434 3832 1648 3877 terram.
1700 3821 1767 3875 In
1787 3821 1898 3891 ipso
1921 3821 1978 3874 in
2002 3837 2104 3891 quo
2135 3830 2183 3874 et

597 3927 733 3970 sorte
773 3916 938 3971 uocati
959 3932 1138 3971 sumus
1163 3914 1520 3987 prcedestinati
1547 3913 1835 3982 secundum
1859 3913 2183 3982 propositum

598 4005 696 4061 Dei
724 4023 739 4073 ;
771 4007 836 4061 ab
871 4023 930 4061 eo
959 4007 1050 4076 qui
1077 4007 1254 4061 omnia
1301 4014 1549 4076 operatur
1585 4005 1872 4059 secundum
1904 4003 2183 4057 consilium

595 4095 877 4151 voluntatis
915 4113 1028 4152 sua:
1066 4095 1281 4169 (Ephes.
1329 4112 1370 4160 ι,
1398 4095 1579 4166 5-11).
1635 4095 1843 4163 Quibus
1886 4094 2184 4165 praemissis

600 4187 848 4258 adiungis
875 4187 1082 4243 dicens.

1155 4313 1380 4355 IOANNES
1414 4312 1633 4355 SCOTUS.

673 4411 824 4484 (Cap.
866 4411 950 4476 11,
983 4427 1130 4467 num.
1162 4412 1218 4476 4,
1241 4425 1352 4467 sec.
1381 4412 1434 4465 5.
1461 4412 1481 4481 )
1519 4412 1558 4480 -ι-
1593 4410 1788 4466 Contra
1818 4411 2046 4465 veritatis
2074 4419 2181 4466 tant

601 4501 680 4554 cla
690 4516 800 4554 ram
823 4499 997 4554 tubam
1010 4500 1124 4572 quis
1145 4500 1296 4554 homo
1309 4500 1498 4554 sobria:
1519 4498 1876 4571 vigilantiaque
1898 4501 2179 4570 ﬁdeivoces
2207 4541 2258 4601 Β

601 4590 842 4644 admittat
868 4589 1144 4654 humanas,
1192 4591 1307 4660 quis
1330 4607 1442 4643 mea
1469 4606 1572 4644 non
1598 4591 1800 4656 audiat,
1830 4591 2176 4661 prwdestina-

599 4680 792 4734 tionem
818 4679 1116 4734 omnimodo
1154 4695 1264 4734 esse
1298 4669 1620 4749 sanctorum,
1670 4680 1814 4736 nullo
1855 4683 2010 4736 modo
2031 4699 2182 4753 posse

599 4769 717 4837 ﬁeri
765 4769 1099 4840 reproborum
1121 4769 1146 4822 ?

1237 4896 1556 4939 CORRECTIO.

673 5006 714 5078 -ξ-
759 5005 806 5063 0
830 5021 992 5077 quam
1025 5006 1124 5064 tibi
1158 5007 1462 5064 necessaria
1493 5006 1672 5084 fuerat
1714 5008 1999 5074 sobrietas,
2043 5010 2181 5082 vigi-

602 5099 878 5170 lantiaque
913 5115 1054 5158 verte
1079 5099 1226 5167 ﬁdei,
1257 5110 1318 5156 ut
1343 5101 1554 5156 videres
1579 5101 1708 5171 quid
1736 5103 1864 5156 tuba
1889 5103 2182 5172 apostolica

603 5193 846 5248 diceret:
875 5199 933 5248 et
961 5206 1303 5262 nequaquam
1325 5192 1666 5263 excogitares
1696 5193 1839 5262 quod
1864 5201 2029 5248 tantae
2054 5209 2183 5250 con-

605 5291 794 5339 centus
829 5283 968 5337 tubae
996 5283 1216 5337 minimc
1259 5283 1547 5339 sonuisset.
1597 5285 1886 5354 Apostolus
1914 5287 2179 5356 siquidem

605 5377 658 5432 in
693 5379 776 5434 his
811 5393 932 5448 quae
952 5377 1280 5448 proposuisti
1311 5379 1573 5449 exemplis
1611 5388 1780 5434 totam
1827 5380 2182 5438 intentionem

604 5483 757 5523 suam
788 5469 858 5524 ad
884 5468 1179 5524 electorum
1212 5468 1307 5524 Dei
1341 5471 1894 5540 przedestinationem,
1940 5483 1997 5529 et
2022 5475 2185 5547 glori-

609 5565 912 5621 licationein
950 5567 1427 5621 commendandam
1458 5568 1781 5638 praedicator
1797 5569 2047 5624 veritatis
2101 5570 2184 5626 di-

609 5665 823 5710 rexerat
853 5674 864 5711 :
893 5657 1200 5728 nullamque
1229 5659 1604 5729 reproborum,
1643 5661 1728 5716 vel
1754 5663 2182 5734 pmdestinatio-

610 5757 755 5809 nem,
790 5746 874 5801 vel
907 5747 1307 5805 damnationem
1339 5748 1600 5806 adnotare
1619 5752 1876 5818 subierat,
1905 5753 2046 5823 quod
2071 5755 2183 5825 jam

2285 3275 2545 3340 continet,
2580 3274 2714 3330 adeo
2748 3282 2808 3329 ut
2831 3273 3011 3331 nullus
3040 3275 3240 3331 sobria:
3262 3275 3465 3330 mentis
3484 3273 3618 3328 aliter
3652 3270 3766 3322 locum

2285 3367 2530 3424 eumdem
2554 3366 2861 3437 apostolica:
2881 3367 3286 3436 praedicationis
3313 3366 3606 3423 intellexisse
3626 3371 3693 3416 aut
3711 3360 3767 3413 de

2284 3461 2461 3516 cuisse
2488 3458 2757 3515 ullatenus
2796 3459 3121 3529 reperiatur.

2354 3552 2422 3606 Et
2447 3551 2575 3607 licet
2599 3551 2734 3606 mihi
2772 3559 3042 3606 tantorum
3083 3550 3421 3622 pontificum,
3465 3545 3686 3604 Ambrosii
3718 3541 3767 3593 vi-

2282 3642 2484 3698 delicet
2511 3649 2568 3697 et
2588 3641 2897 3712 Augustini,
2926 3642 2978 3696 in
3006 3642 3313 3698 assertione
3340 3639 3494 3711 hujus
3521 3637 3586 3694 rei
3611 3632 3768 3691 sufﬁciat

2285 3733 2602 3798 auctoritas,
2650 3747 2722 3788 ne
2751 3733 2838 3788 cui
2867 3741 3047 3788 tamen
3076 3730 3534 3804 interpretationis
3570 3725 3764 3796 displiceat

2283 3823 2552 3888 varietas,
2601 3822 2744 3879 idem
2787 3822 3075 3894 Apostolus
3119 3823 3370 3880 scribens
3413 3822 3476 3878 ad
3527 3815 3766 3876 Corinthios.

2283 3916 2396 3970 ait:
2432 3913 2570 3968 Puto
2599 3931 2692 3970 nos
2723 3913 2866 3970 Deus
2907 3914 3056 3986 elegit
3099 3916 3407 3971 novissimos
3454 3910 3671 3986 apostolos
3693 3917 3766 3959 tau-

2280 4026 2439 4080 quam
2460 4009 2614 4064 morti
2639 4008 2925 4064 destinatos
2953 4007 3005 4081 (I
3027 4007 3148 4063 Cor.
3174 4026 3250 4077 IV,
3283 4011 3372 4082 9);
3401 4007 3530 4080 quod
3550 4020 3608 4061 ne
3623 4000 3766 4058 amicis.

2283 4106 2420 4162 sima
2457 4105 2550 4161 tibi
2589 4104 2945 4175 perversitate
2977 4104 3328 4175 detorquens,
3377 4101 3495 4158 audi
3533 4097 3712 4170 qualiter
3727 4090 3760 4142 ὃς

2282 4196 2599 4253 Ambrosius
2647 4204 2902 4265 exponat.
2943 4194 3262 4252 Ambrosius
3303 4196 3392 4268 (in
3434 4193 3464 4248 Ι
3501 4188 3690 4248 Corinth.
3719 4198 3762 4237 ιτ.

2283 4289 2361 4360 Ῑ⁷⁸)
2396 4306 2409 4343 ί
2435 4286 2573 4361 [Hoc
2603 4287 2726 4344 ideo
2749 4303 2993 4359 persona!
3023 4304 3130 4343 sua:
3154 4289 3394 4360 deputat,
3417 4285 3531 4356 quia
3551 4291 3712 4349 semper
3734 4274 3764 4325 in

2283 4380 2608 4436 necessitate
2631 4379 2754 4446 fuit,
2775 4381 3180 4450 persecutiones
3197 4389 3255 4435 et
3284 4391 3553 4451 pressuras
3573 4372 3680 4429 ultra
3701 4380 3764 4421 cs-

2285 4483 2429 4530 teros
2447 4488 2663 4544 passus,
2690 4473 2831 4528 sicut
2849 4473 3063 4544 passuri
3088 4483 3217 4529 sunt
3244 4473 3454 4528 Henoch
3489 4477 3538 4524 et
3562 4466 3686 4526 Elias,
3709 4456 3764 4527 qui

2287 4566 2474 4622 ultimo
2503 4574 2743 4637 tempore
2789 4565 2954 4622 futuri
2977 4575 3103 4621 sunt
3128 4566 3355 4636 apostoli
3379 4582 3392 4620 :
3423 4561 3550 4618 mitti
3574 4555 3686 4613 enim
3707 4550 3766 4604 lu-

2285 4661 2412 4716 bent
2437 4668 2561 4715 ante
2604 4659 2877 4715 Christum
2923 4659 2991 4713 ad
3019 4659 3424 4729 praeparandum
3445 4653 3661 4726 pupulum
3690 4643 3764 4703 Dei.

2285 4760 2342 4808 ct
2368 4751 2687 4806 muniendas
2709 4765 2898 4806 omnes
2924 4750 3194 4806 Ecclesias
3221 4750 3289 4805 ad
3318 4744 3636 4805 resistendum
3667 4732 3767 4790 Anii-

2288 4844 2514 4910 christo,
2545 4857 2681 4913 quos
2728 4825 2784 4898 et
2801 4843 3210 4914 persecutiones
3262 4841 3373 4912 pati
3413 4848 3464 4894 et
3488 4830 3636 4893 occidi
3659 4823 3765 4881 lectio

2289 4935 2643 5007 Apocalypsis
2684 4944 2928 4991 testatur.
2967 4934 3169 4992 Horum
3219 4949 3347 5006 ergo
3377 4937 3664 5001 tempus.suo
3679 4927 3765 4972 "3“"

2286 5027 2406 5097 pori
2434 5027 2766 5096 comparavit
2810 5027 3098 5097 Apostolus
3133 5028 3336 5093 dicens,
3378 5023 3518 5088 quasi
3554 5014 3677 5072 morti
3709 5008 3767 5097 de:

2284 5093 2505 5174 stinatos
2614 5118 2680 5172 ad
2707 5117 2809 5172 hoc
2838 5093 2980 5172 enim
3008 5119 3219 5173 venturi
3243 5125 3369 5172 sunt
3394 5125 3451 5169 ut
3487 5093 3764 5195 occidantur.)

2285 5210 2326 5280 -ι-
2376 5209 2441 5262 Et
2473 5209 2524 5263 in
2562 5209 2699 5264 libro
2742 5209 3123 5265 Ecclesiastico
3171 5209 3365 5279 legitur
3407 5225 3419 5260 :
3462 5204 3587 5260 Deus
3622 5197 3765 5266 parant

2285 5299 2435 5354 illum
2449 5301 2516 5353 ad
2533 5300 2886 5369 rhomphwam
2897 5299 3089 5370 (Eccli.
3106 5315 3256 5365 xxvn,
3269 5298 3382 5368 27).
3401 5296 3462 5352 Et
3473 5296 3572 5363 ipse
3581 5281 3767 5343 Domilllls

2288 5393 2354 5448 ad
2381 5392 2483 5448 Job
2529 5408 2652 5447 cum
2676 5393 2724 5447 ei
2753 5391 3176 5449 malitiosissima
3225 5399 3454 5449 etextra
3494 5385 3636 5440 Deum
3677 5371 3766 5430 ίιπί·

2289 5485 2532 5542 ctissima
2573 5500 2721 5539 arma
2747 5493 2908 5554 atque
2939 5497 3254 5556 argumenta
3295 5479 3482 5539 diaboli
3532 5471 3764 5556 exponeret-

2291 5577 2422 5643 Qua:
2443 5575 2756 5646 prazparavi,
2782 5551 2973 5646 inquit,
3005 5551 3080 5631 ‘in
3127 5577 3262 5632 diem
3290 5589 3469 5647 pugna:
3487 5578 3531 5625 et
3553 5563 3648 5620 belli
3684 5551 3765 5622 (1“

2289 5683 2516 5731 XXXVIII,
2539 5666 2655 5736 25),
2682 5666 2876 5735 quibus
2898 5667 3232 5724 documentis
3261 5663 3526 5721 manifeste
3547 5647 3766 5743 destruilut

2289 5767 2499 5813 tuorum
2524 5757 2786 5813 astructio
2811 5758 3230 5824 mendaciorum,
3253 5758 3440 5828 quibus
3459 5741 3761 5822 praescicntiaul
