4010 6352
171 360 306 418 “Gl

1023 365 1110 420 DE
1148 364 1820 425 PRrEDESTlNATlONE
1860 368 2134 425 CONTRA
2170 371 2218 426 J.
2261 370 2554 428 SCOTUM.

3294 349 3434 435 uss

165 484 230 531 et
253 475 796 544 przedestinationem,
846 477 929 532 vel
957 480 1404 549 praeparationem
1438 479 1534 534 Dei
1558 481 1610 535 in
1643 481 1750 535 ele-
1780 491 1828 546 Α
1857 491 1999 536 teros
2024 484 2265 552 adeoque
2296 492 2512 539 sanctos
2549 483 2756 551 Patres,
2785 488 3124 560 maximeque
3159 491 3265 547 isto
3298 510 3431 549 con-

169 565 276 618 etis
297 572 503 619 tantum
538 567 604 620 ad
634 567 822 632 vitam,
869 584 975 622 non
1020 569 1184 623 etiam
1217 569 1270 624 in
1296 569 1537 640 reprobis
1580 570 1660 622 vel
1686 570 1754 624 ad

165 672 393 729 pmnas,
425 659 746 712 conﬁrmare
784 660 1131 728 pertinaciter
1162 661 1414 716 studuisti
1458 681 1469 714 :
1511 663 1756 732 quamvis

165 750 238 803 de
275 748 358 803 bis
393 749 642 806 onmibus
677 751 809 806 satis
838 751 890 806 in
930 753 1316 822 superioribus,
1372 762 1628 822 quantum
1658 769 1755 823 pro

166 842 574 911 opportunitate
595 843 767 898 visum
794 851 899 908 est,
931 845 1218 914 egerimus.
1249 845 1359 899 Aut
1387 845 1548 916 igitur
1568 859 1752 913 repre-

165 934 345 990 liende
370 935 717 992 Ambrosium
743 948 798 994 et
824 939 1209 1008 Augustinum,
1238 955 1437 1010 eosque
1460 941 1750 1006 mendacii,

169 1026 284 1080 imo
335 1027 607 1084 haereseos
639 1044 844 1100 argue;
883 1040 975 1085 aut
1005 1031 1130 1102 quia
1180 1032 1230 1085 id
1265 1031 1379 1086 ﬁeri
1419 1031 1564 1087 nullo
1595 1032 1755 1087 modo

165 1126 384 1187 potest,
455 1119 742 1176 humiliare
799 1130 1067 1176 tantorum
1114 1121 1334 1176 Patrum
1387 1121 1754 1178 saluberrimis

163 1212 364 1278 sensis,
429 1222 484 1269 et
528 1213 718 1279 fatere,
774 1214 917 1284 quod
944 1229 1130 1268 verum
1179 1214 1751 1284 est,.pr:escientiam,

163 1301 697 1370 prmdestinationem
752 1313 808 1358 et
849 1305 1298 1373 praeparationem
1335 1304 1428 1359 Dei
1479 1304 1749 1371 bifariam,

163 1389 223 1445 id
250 1402 343 1446 est'
363 1400 417 1446 et
447 1392 514 1445 ad
542 1393 764 1458 electos,
805 1403 860 1448 et
881 1396 947 1448 ad
986 1396 1244 1464 reprobos
1271 1391 1562 1464 pertinere.

123 1557 126 1564 Ι
239 1481 337 1537 His
372 1483 682 1552 apostolicis
712 1485 996 1539 sententiis
1037 1485 1180 1539 nulla
1210 1485 1559 1550 obscuritate,
1583 1500 1753 1554 quan-

161 1580 283 1627 tum
326 1574 391 1627 ad
419 1575 812 1644 praescientiam
845 1585 900 1630 et
937 1577 1463 1647 prtedcstinationem
1505 1578 1600 1632 Dei
1635 1577 1754 1631 atti-

161 1675 281 1729 net,
313 1665 591 1731 involutis,
645 1667 954 1722 nullatenus
1003 1667 1071 1721 ad
1111 1682 1302 1738 eorum
1341 1682 1460 1736 qua:
1507 1675 1752 1722 astruere

159 1764 393 1810 conatus
424 1770 483 1809 es
512 1756 926 1825 pertinentibus,
972 1757 1197 1826 ideoque
1227 1756 1452 1812 veritate
1487 1757 1750 1828 privatus,

1859 573 2146 627 trariorum
2171 589 2367 642 genere
2408 575 2462 628 in
2487 576 2804 631 tractatibus
2837 578 2948 632 suis
2985 580 3434 652 sermonibusque

1857 663 1924 716 ad
1977 663 2231 733 populum
2277 663 2599 731 enuntiatis,
2647 680 2774 720 usos
2803 665 2968 721 fuisse
3003 667 3115 737 jam
3162 668 3432 726 diximus:

1853 753 2122 821 praecipue
2149 761 2329 806 tamen
2359 768 2388 806 a
2414 753 2672 807 vocabulo
2701 755 3187 825 praedestinationis
3217 757 3433 827 divinae,

1855 844 1908 898 id
1932 860 2100 915 genus
2128 845 2414 899 locutionis
2440 845 2624 914 procul
2651 848 2840 902 abesse
2863 857 3081 904 sanctus
3116 849 3432 920 Fulgentius

1851 937 2074 1006 proprio
2120 937 2172 990 in
2221 937 2324 991 hoc
2363 937 2535 1006 ipsum
2590 939 2734 993 edito
2771 940 3064 1006 volumine,
3106 950 3161 996 et
3198 942 3435 1014 Prosper

1854 1023 2055 1094 aliique
2085 1025 2415 1095 complures,
2439 1026 2588 1079 omni
2620 1027 2847 1098 ambage
2888 1039 3116 1094 semota,
3149 1034 3433 1102 perspicue

1853 1111 2654 1186 edocent:praedeStinationes
2703 1121 2866 1174 etiam
2908 1121 3189 1190 pluraliter
3229 1124 3431 1192 eti‘erri,

1852 1207 1994 1260 beati
2024 1206 2270 1278 Gregorii
2299 1221 2450 1277 papa:
2475 1215 2638 1277 atque
2671 1209 2857 1265 lsidori
2883 1212 3118 1284 episcopi
3150 1217 3434 1272 sententiis

1854 1297 2228 1352 indicavimus.
2273 1296 2470 1352 Verum
2519 1300 2663 1369 quod
2719 1301 2785 1354 ad
2840 1317 2956 1355 rem
2997 1305 3207 1368 attinet,
3251 1319 3434 1374 quaero

1853 1396 2036 1442 utrum
2055 1386 2260 1455 judicia
2291 1389 2387 1443 Dei
2419 1389 2504 1444 vel
2539 1391 2645 1444 duo
2689 1391 2972 1460 quotlibet,
3005 1393 3089 1448 vel
3126 1411 3292 1450 unum
3327 1397 3438 1452 sin-

1853 1478 2116 1548 gulariter
2153 1480 2414 1535 censeas?
2441 1479 2576 1535 Nam
2623 1483 2752 1536 mihi
2791 1484 3194 1552 praedestinatio
3214 1495 3268 1542 et
3289 1485 3435 1555 judi-

1854 1567 1996 1622 cium
2033 1567 2130 1623 Dei
2181 1569 2235 1623 in
2267 1577 2473 1623 tantum
2527 1571 2816 1626 convenire
2865 1574 3135 1640 videntur,
3167 1584 3226 1630 ut
3261 1592 3428 1632 unum

1855 1660 1972 1714 sine
1999 1660 2172 1716 altero
2203 1676 2324 1716 esse
2353 1677 2460 1717 non
2493 1663 2684 1732 possit.
2721 1662 2876 1718 Sicut
2906 1666 3053 1720 enim
3081 1668 3434 1738 praedestina-

1856 1749 1950 1815 tio,
1980 1750 2052 1804 ita
2089 1759 2144 1806 et
2165 1750 2428 1830 judicium
2473 1753 2567 1808 Dei
2595 1756 2857 1823 quosdam
2899 1755 3046 1811 ducit
3084 1759 3152 1813 ad
3189 1773 3432 1830 regnum,

160 1843 369 1897 transis
413 1844 490 1899 ad
535 1859 597 1899 ea
647 1845 956 1900 testimonia
995 1862 1116 1916 qua:
1161 1862 1228 1900 ex
1277 1847 1420 1901 beati
1465 1827 1748 1917 Augustini
1779 1840 1825 1898 Β
1855 1841 2115 1909 quosdam
2149 1842 2370 1897 damnat
2405 1827 2459 1897 in
2484 1843 2813 1899 Tartarum:
2843 1846 2962 1902 illos
2999 1864 3098 1918 per
3133 1827 3438 1905 misericor-

161 1935 387 2005 scriptis
426 1935 840 1992 Gotteschalcus
888 1937 1238 2007 decerpserit,
1288 1946 1448 2007 atque
1485 1938 1551 1991 ad
1594 1953 1750 1992 suum

158 2040 430 2092 errorem,
459 2036 517 2080 ut
546 2026 646 2092 ais,
679 2026 986 2082 deterserit.
1016 2027 1145 2094 Qua:
1173 2028 1299 2081 dum
1341 2043 1446 2082 non
1481 2027 1750 2083 intellecta

159 2119 366 2176 asseris
412 2120 706 2175 secundum
750 2119 1089 2190 Apostolum,
1137 2120 1255 2173 aliis
1297 2120 1508 2173 odorem
1549 2122 1666 2175 vita?
1696 2121 1751 2174 in

157 2210 343 2275 vitam,
385 2211 506 2264 aliis
529 2210 739 2264 odorem
783 2211 965 2264 mortis
989 2211 1043 2264 in
1078 2219 1295 2264 mortem
1342 2208 1484 2265 facta
1511 2210 1594 2282 (11
1625 2209 1748 2266 Cor.

159 2303 374 2376 11,16),
422 2304 631 2357 utinam
673 2313 730 2360 et
773 2303 886 2374 ipse
930 2319 1060 2357 sano
1092 2304 1266 2372 capite
1308 2303 1373 2357 ad
1405 2319 1470 2358 ea
1501 2319 1753 2374 perscru-

157 2395 330 2449 tanda
374 2394 691 2464 simpliciter
716 2395 1029 2459 accederes,
1057 2410 1124 2450 ne
1151 2402 1327 2450 tantas
1367 2394 1434 2449 de
1472 2396 1552 2450 eis
1582 2397 1751 2451 vomi-

159 2493 314 2539 tuum
340 2501 572 2540 nauseas
599 2495 894 2541 eructares.
929 2485 1100 2539 Tanta
1129 2486 1326 2555 quippe
1366 2486 1636 2541 dictorum
1660 2502 1750 2541 eo-

161 2567 416 2629 rumdem
459 2576 563 2644 piis
585 2575 858 2631 mentibus
898 2577 1230 2646 perspicacia
1257 2576 1455 2642 elucet,
1485 2585 1543 2630 ut
1574 2578 1626 2631 in
1661 2592 1750 2633 eo-

158 2681 287 2721 rum
325 2665 686 2735 intelligentiis
710 2665 813 2720 ﬁde
828 2675 990 2737 atque
1021 2668 1345 2721 auctoritate
1369 2668 1546 2738 dignis
1570 2667 1750 2723 nullus

158 2757 380 2829 piorum
420 2759 594 2814 valeat
623 2758 894 2814 haesitare.
943 2757 1061 2812 Tibi
1088 2759 1269 2828 itaque
1295 2759 1400 2814 nisi
1423 2761 1583 2815 citius
1618 2761 1750 2816 resi-

157 2849 367 2920 pueris,
392 2847 532 2904 facta
560 2857 686 2905 sunt
710 2849 844 2904 odor
867 2850 1057 2905 mortis
1086 2849 1140 2903 in
1171 2857 1421 2916 mortem,
1453 2866 1613 2920 quem
1640 2867 1747 2906 non

159 2949 228 2994 ut
261 2940 328 2994 ab
359 2955 424 2995 eo
465 2941 624 3004 dicta,
676 2942 770 2997 sed
809 2949 870 2996 ut
905 2958 935 2996 a
985 2951 1074 2997 tua
1127 2943 1396 3012 pravitate
1424 2943 1746 3014 interpolata

156 3039 312 3097 sunt,
343 3031 687 3102 interpretari
721 3030 985 3090 fallaciter
1013 3049 1118 3088 non
1150 3034 1386 3089 erubuit.
1419 3033 1526 3089 lste
1550 3035 1746 3105 quippe

161 3137 289 3177 mos
313 3123 523 3178 cunctis
552 3123 825 3179 haereticis
850 3122 1014 3178 fuisse
1037 3124 1388 3195 dignoscitur,
1417 3132 1477 3178 ut
1496 3141 1744 3194 quincun-

1856 1931 2020 1995 diam,
2065 1931 2198 1987 istos
2244 1947 2340 2002 per
2371 1933 2659 2002 justitiam.
2691 1933 2928 1991 Judicari
2967 1946 3146 1993 autem
3175 1948 3229 1993 et
3264 1942 3434 1996 bonos

1853 2031 1908 2077 et
1947 2023 2122 2079 malos
2149 2039 2270 2078 eum
2303 2041 2494 2080 omnes
2535 2025 2826 2096 Scriptura:
2855 2036 3140 2095 testentur,
3190 2030 3436 2087 subicere

1853 2117 2104 2185 praesenti
2145 2117 2346 2172 actioni
2390 2134 2555 2172 unum
2606 2134 2673 2174 ex
2699 2119 2994 2191 Evangelio
3027 2122 3244 2176 Domini
3278 2124 3432 2177 testi-

1853 2207 2094 2262 monium
2138 2207 2429 2275 credimus,
2472 2225 2579 2279 quo
2623 2211 2700 2265 ait
2730 2227 2742 2263 :
2767 2209 2898 2264 Cum
2937 2214 3130 2266 venerit
3172 2213 3315 2282 filius
3350 2216 3438 2267 ho-

1853 2299 2008 2352 minis
2033 2299 2088 2352 in
2132 2300 2407 2370 majestate
2429 2318 2550 2367 sua,
2574 2311 2623 2356 et
2653 2319 2831 2356 omnes
2855 2303 3026 2374 angeli
3057 2321 3176 2357 cum
3204 2323 3283 2374 eo,
3314 2317 3437 2359 tunc

1852 2390 2045 2444 sedebit
2089 2409 2246 2461 super
2289 2393 2462 2447 sedem
2519 2395 2810 2464 majestatis
2857 2410 2967 2448 sua:
3002 2412 3020 2448 .'
3051 2405 3099 2448 et
3154 2412 3436 2466 congrega-

1852 2481 2047 2536 bantur
2101 2494 2220 2537 ante
2271 2501 2390 2538 eum
2443 2500 2618 2538 omnes
2679 2496 2894 2554 gentes,
2945 2496 2990 2540 et
3042 2487 3302 2556 separabit
3345 2503 3432 2541 eos

1852 2573 1916 2626 ab
1961 2574 2216 2638 invicem,
2279 2575 2415 2628 sicut
2464 2585 2644 2644 pastor
2691 2585 2925 2645 segregat
2973 2592 3085 2630 oves
3126 2578 3190 2629 ab
3243 2577 3429 2630 laedis.

1852 2665 1920 2719 Et
1947 2676 2138 2720 statuet
2175 2667 2384 2737 quidem
2424 2683 2539 2722 oves
2574 2685 2607 2721 a
2640 2668 2838 2722 dextris
2867 2669 3005 2735 suis,
3043 2669 3221 2722 hmdos
3259 2678 3436 2721 autem

1850 2771 1883 2806 a
1913 2755 2159 2808 sinistris.
2207 2754 2349 2809 Tunc
2398 2755 2530 2810 dicet
2588 2773 2680 2811 rex
2726 2757 2804 2810 his
2859 2759 2948 2828 qui
3003 2774 3036 2810 a
3083 2757 3277 2811 dextris
3319 2757 3434 2825 eius

1849 2854 2001 2899 erunt
2026 2864 2039 2895 :
2075 2843 2272 2910 Venite,
2297 2845 2547 2899 benedicti
2575 2845 2753 2900 Patris
2773 2848 2898 2911 mei,
2920 2847 3174 2916 possidete
3194 2855 3438 2916 paratum

1849 2936 1989 2990 vobis
2020 2952 2235 3006 regnum
2263 2955 2296 2990 a
2323 2937 2688 2990 constitutione
2722 2939 2904 2992 mundi
2930 2951 2948 2990 :
2980 2937 3194 2992 Esurivi
3225 2938 3362 2990 enim
3386 2946 3435 2990 et

1849 3031 2064 3086 dedistis
2086 3031 2214 3086 mihi
2240 3032 2580 3098 manducare,
2607 3033 2742 3087 sitivi
2772 3043 2822 3088 et
2847 3035 3064 3089 dedistis
3089 3034 3218 3088 mihi
3241 3033 3434 3098 bibere,

1850 3123 2033 3193 hospes
2054 3139 2198 3177 eram
2224 3132 2271 3178 et
2296 3122 2573 3193 collegistis
2592 3140 2705 3190 me;
2725 3125 2918 3190 nudus,
2943 3135 2990 3180 et
3012 3127 3286 3196 operuistis
3315 3141 3435 3190 me;

160 3231 275 3286 que
300 3217 616 3286 prophetica
654 3225 710 3272 et
737 3217 1029 3286 apostolica
1057 3217 1387 3288 Petrumque
1415 3217 1741 3272 orthodoxo.
1776 3191 1821 3255 Ο
1853 3213 2116 3281 inﬁrmus,
2141 3224 2186 3267 et
2213 3215 2460 3267 visitastis
2484 3230 2604 3280 me;
2637 3216 2690 3267 in
2720 3231 2926 3270 carcere
2949 3232 3117 3282 eram,
3145 3226 3191 3270 et
3221 3217 3434 3270 venistis

165 3324 293 3362 rum
323 3309 462 3362 dicta
487 3308 599 3362 suis
622 3307 890 3380 ﬁgmentis
915 3309 1206 3374 contraria,
1245 3315 1340 3362 aut
1369 3309 1435 3363 de
1464 3308 1576 3363 suis
1604 3309 1752 3363 codi-

160 3397 325 3453 cibus
351 3397 658 3462 eraderent,
710 3405 803 3452 aut
834 3398 1053 3453 eosdem
1098 3397 1264 3452 libros
1311 3389 1748 3464 exauctorarent,

162 3495 265 3542 aut
293 3496 442 3542 certe
489 3487 761 3558 perversis
804 3487 1343 3557 interpretationibus
1374 3489 1748 3557 depravarent,

162 3581 392 3652 suisque
429 3581 704 3636 erroribus
745 3581 1129 3637 confirmandis
1172 3596 1492 3652 quocunque
1521 3582 1754 3638 colludio

163 3674 507 3744 agglutinare
546 3675 1004 3746 satagerent:cui
1055 3683 1107 3729 te
1162 3674 1290 3729 vitio
1339 3675 1479 3730 ultra
1528 3684 1756 3730 caeteros

164 3766 484 3831 inservisse,
516 3765 715 3832 nullus,
745 3766 835 3835 qui
869 3775 960 3821 tua
989 3766 1138 3838 legit,
1168 3766 1402 3837 ignorat.
1431 3767 1631 3822 Positis
1662 3768 1754 3838 igi-

161 3868 262 3912 tur
293 3858 612 3913 testimoniis
655 3858 940 3912 memorati
986 3858 1182 3924 Patris,
1213 3858 1411 3927 quibus
1452 3859 1647 3928 impios
1687 3859 1757 3913 ad

163 3946 450 4002 interitum
490 3947 901 4018 praedestinatos
951 3947 1035 4001 vel
1069 3955 1399 4017 praeparatos
1425 3948 1758 4002 creberrime

164 4039 395 4103 dixerit,
427 4039 553 4108 quia
600 4053 802 4106 negare
838 4037 1146 4093 nullatenus
1185 4048 1423 4108 poteras,
1457 4039 1760 4108 depravare

167 4132 480 4197 contendis,
513 4139 574 4186 ut
621 4147 746 4188 eum
775 4130 1025 4201 ﬁgurate,
1078 4128 1131 4183 id
1178 4137 1261 4184 est
1297 4147 1326 4183 a
1377 4130 1652 4184 contrario
1694 4146 1759 4185 ea

165 4224 377 4296 dixisse
416 4223 718 4284 mentiaris,
757 4221 899 4292 quod
948 4236 1050 4275 nec
1087 4219 1192 4283 ille,
1222 4235 1324 4276 nec
1360 4221 1626 4290 quispiam
1671 4221 1761 4276 do-

165 4324 386 4370 ctorum
431 4315 694 4370 duntaxat
736 4312 1129 4369 catholicorum
1159 4311 1353 4368 fecisse
1396 4314 1756 4369 convincitur.

172 4404 328 4461 Dicis
351 4404 554 4475 itaque.

724 4532 951 4572 JOANNES
980 4532 1199 4574 SCOTUS.

246 4626 406 4700 (Cap.
436 4626 520 4692 li,
553 4643 702 4682 num.
733 4627 789 4692 5,
821 4637 956 4683 sect.
997 4627 1074 4700 ti.)
1107 4638 1148 4684 Θ
1182 4628 1312 4694 Quis
1351 4629 1487 4683 enim
1512 4630 1761 4699 ignoran-

169 4725 311 4777 tium
351 4720 532 4775 modos
576 4720 897 4775 locutionum
925 4721 1111 4792 quibus
1147 4722 1316 4774 sancti
1354 4719 1546 4775 Patres
1567 4723 1644 4774 uti
1671 4737 1759 4775 so-

171 4816 310 4880 lent,
349 4831 451 4868 non
477 4813 631 4883 facile
658 4814 820 4884 possit
851 4814 1028 4868 seduci
1059 4813 1323 4868 audiendo
1365 4813 1760 4883 prwdestinatos

172 4916 378 4961 reterno
421 4906 527 4974 igni
569 4898 892 4974 purpuratos
933 4904 1002 4956 ad
1043 4904 1176 4958 iram
1208 4903 1321 4968 Dei,
1364 4888 1762 4974 praedestinatos

174 4997 341 5051 morti
368 4997 713 5066 sempiternas,
739 4994 1132 5065 prwdestinatos
1154 4994 1220 5046 ad
1244 4993 1534 5059 interitum,
1572 4992 1640 5046 ad
1662 5008 1767 5062 pa:-

175 5105 329 5154 nam,
380 5098 665 5158 cwteraque
718 5088 773 5140 id
803 5104 987 5159 genus,
1037 5096 1091 5141 ut
1136 5087 1247 5140 sine
1293 5085 1402 5139 ulla
1442 5087 1768 5140 Ita’sitatione

177 5178 555 5254 concedataut
585 5179 719 5232 duas
749 5178 1252 5248 prtcdestinationes,
1280 5194 1441 5231 unant
1460 5177 1615 5247 plane
1644 5167 1769 5230 sian-

175 5282 412 5334 ctorum,
449 5262 669 5330 alteram
696 5270 974 5336 impiorum
1001 5270 1202 5324 sibimet
1243 5285 1336 5339 per
1364 5269 1539 5322 omnia
1565 5273 1771 5322 contra-

178 5363 320 5424 rias,
346 5370 434 5414 aut
459 5377 618 5414 unam
643 5361 979 5430 eamdemque
1005 5360 1235 5414 divinam
1258 5360 1770 5430 prwdestinationem

178 5463 499 5523 sanctosque
545 5453 830 5522 impiosque
877 5450 1139 5520 amplecti,
1184 5467 1404 5521 eamque
1448 5449 1604 5504 simul
1657 5465 1776 5504 con-

180 5545 496 5609 trariorum,
521 5544 658 5614 quod
687 5543 821 5596 ratio
857 5543 1098 5611 denegat,
1126 5558 1234 5596 esse
1258 5558 1521 5611 capacem.

835 5670 1153 5711 CORRECTIO.

266 5767 307 5841 -ι-
347 5766 617 5839 Figuratis
645 5765 1007 5822 locutionibus
1035 5780 1135 5820 nec
1158 5757 1646 5836 Augustinum‘ucc
1677 5786 1778 5823 ca:-

684 5862 953 5922 PATHOL.
1001 5857 1044 5914 (3
1057 5857 1188 5920 XV.

1855 3306 1924 3360 ad
1945 3323 2044 3360 me.
2073 3306 2217 3362 Tunc
2247 3308 2627 3377 respondebunt
2653 3317 2701 3362 et
2723 3308 2861 3378 justi
2884 3309 3114 3362 dicentes
3145 3324 3164 3362 :
3193 3307 3438 3372 Domine,

1854 3397 2064 3466 quando
2085 3407 2133 3451 te
2160 3397 2380 3452 vidimus
2419 3399 2755 3464 esurientem,
2779 3408 2828 3453 et
2866 3399 3103 3470 pavimus
3119 3400 3142 3452 ?
3161 3400 3438 3462 sitientem,

1855 3498 1902 3542 et
1929 3489 2166 3544 dedimus
2195 3491 2285 3544 tibi
2314 3501 2491 3561 potant
2510 3492 2535 3544 ?
2563 3492 2773 3560 quando
2806 3502 2979 3546 autem
3016 3489 3068 3546 te
3092 3491 3316 3545 vidimus
3346 3492 3443 3543 Ito-

1857 3583 2060 3651 spitem,
2088 3592 2135 3635 et
2168 3582 2469 3652 collegimus
2501 3584 2590 3637 te?
2611 3593 2702 3637 aut
2745 3583 2966 3648 nudum,
2991 3592 3039 3636 et
3081 3583 3443 3651 cooperuimus

1858 3673 1946 3726 te?
1973 3683 2063 3726 aut
2092 3674 2303 3743 quando
2345 3683 2393 3728 te
2421 3675 2648 3728 vidimus
2685 3674 2980 3742 inﬁrmum,
3015 3685 3104 3726 aut
3130 3675 3185 3726 in
3213 3688 3439 3737 carcere,

1859 3775 1905 3818 et
1927 3766 2158 3819 venimus
2184 3766 2252 3818 ad
2279 3767 2369 3818 te?
2399 3765 2467 3818 Et
2490 3765 2803 3833 respondens
2827 3764 2938 3818 Rea:
2958 3765 3090 3818 dicet
3115 3763 3217 3818 illis
3236 3777 3254 3814 :
3277 3763 3444 3816 Amen

1860 3855 1977 3909 dico
2000 3856 2162 3921 vobis,
2194 3856 2430 3926 quandiu
2459 3855 2654 3924 fecistis
2694 3855 2785 3908 uni
2807 3856 2872 3908 de
2909 3855 2989 3908 Itis
3031 3855 3283 3924 fratribus
3307 3854 3436 3908 meis

1861 3945 2113 4009 minimis,
2141 3945 2268 3997 mihi
2291 3944 2520 4013 fecistis;
2564 3953 2685 3998 tunc
2736 3945 2870 3999 dicet
2912 3954 2960 3998 et
2991 3946 3072 3999 his
3111 3947 3200 4016 qui
3259 3963 3290 3998 α
3321 3944 3444 3998 sini-

1861 4035 1984 4088 stris
2004 4035 2117 4104 ejus
2155 4044 2306 4089 erant
2342 4034 2642 4089 :Discedite
2671 4052 2704 4088 a
2731 4051 2833 4101 me,
2866 4035 3157 4101 maledicti,
3192 4035 3248 4089 in
3273 4035 3443 4105 ignem

1864 4132 2147 4190 azternum,
2178 4124 2269 4194 qui
2312 4119 2530 4193 paratus
2576 4134 2650 4178 est
2696 4124 2904 4178 diabolo
2955 4135 3001 4180 et
3033 4125 3230 4196 angelis
3275 4126 3389 4195 ejus
3423 4140 3442 4178 :

1863 4213 2077 4268 Esurivi
2108 4215 2268 4281 enim,
2293 4225 2341 4269 et
2369 4231 2472 4268 non
2493 4214 2709 4269 dedistis
2734 4217 2860 4269 mihi
2890 4217 3252 4282 manducare;
3283 4216 3446 4281 sitivi,

1863 4315 1912 4359 et
1940 4321 2044 4359 non
2061 4306 2277 4361 dedistis
2303 4307 2431 4361 mihi
2465 4317 2673 4378 potum;
2698 4308 2880 4378 hospes
2904 4325 3067 4373 eram,
3091 4318 3139 4362 et
3162 4325 3266 4361 non
3293 4307 3449 4362 colle-

1865 4398 2014 4466 gistis
2043 4413 2146 4463 me,
2179 4398 2372 4464 nudus,
2398 4408 2444 4452 et
2475 4415 2579 4453 non
2599 4399 2874 4469 operuistis
2903 4415 2983 4452 me
2999 4416 3018 4465 ;
3053 4399 3294 4469 inﬁrmus
3314 4408 3362 4454 et
3393 4399 3450 4452 in

1871 4505 2078 4544 carcere
2096 4506 2262 4556 eram,
2286 4502 2332 4544 et
2357 4507 2460 4545 non
2493 4493 2742 4546 visitastis
2767 4508 2886 4558 me;
2919 4501 3042 4545 tunc
3068 4491 3449 4562 respondebunt

1782 4568 1839 4628 Ῐ)
1865 4589 1910 4633 et
1934 4580 2034 4649 ipsi
2065 4581 2292 4635 dicentes
2316 4596 2334 4634 :
2361 4581 2604 4656 Domine,
2633 4583 2841 4654 quando
2863 4593 2912 4637 te
2945 4584 3167 4637 vidimus
3211 4581 3453 4636 esuriem-

1865 4681 1990 4733 tem,
2041 4682 2134 4725 aut
2183 4673 2462 4739 sitientem,
2503 4684 2593 4726 aut
2645 4675 2919 4744 hospitem,
2964 4685 3054 4727 aut
3108 4674 3326 4736 nudum,
3358 4680 3450 4724 aut

1866 4762 2138 4830 inﬁrmum
2167 4762 2246 4816 vel
2286 4764 2340 4816 in
2369 4779 2596 4829 carcere,
2639 4773 2685 4817 et
2730 4781 2834 4818 non
2870 4763 3276 4817 ministravimus
3312 4761 3453 4814 tibi?

1869 4863 1993 4906 tunc
2020 4852 2345 4923 respondebit
2366 4851 2505 4920 illis,
2535 4855 2711 4908 dicens
2735 4871 2752 4908 :
2780 4855 2943 4909 Amen
2964 4854 3082 4907 dico
3104 4853 3264 4918 vobis,
3287 4867 3454 4922 quan-

1868 4942 1962 4996 diu
1992 4960 2094 4997 non
2119 4943 2316 5013 fecistis
2337 4945 2428 4997 uni
2453 4944 2517 4998 de
2542 4946 2831 5000 minoribus
2853 4947 2956 5011 his,
2977 4960 3068 4998 nec
3087 4944 3216 4997 mihi
3230 4943 3449 5012 fecistis.

1869 5032 1939 5087 Et
1989 5033 2136 5088 ibunt
2181 5035 2235 5087 hi
2278 5035 2332 5088 in
2375 5035 2687 5104 supplicium
2717 5047 2989 5099 wternum,
3026 5033 3164 5104 justi
3189 5043 3362 5088 autem
3395 5034 3454 5087 in

1868 5124 2030 5177 vitam
2061 5131 2309 5178 wternam
2347 5123 2563 5194 (Matth.
2600 5139 2725 5188 xxv,
2751 5123 2836 5186 51,
2876 5121 2987 5193 46).

1943 5215 2081 5271 Ecce
2123 5216 2238 5286 ipse
2283 5217 2544 5272 Dominus
2578 5215 2694 5270 Rex
2736 5229 2922 5286 regum
2945 5255 2960 5280 ,
2994 5215 3457 5286 omnipotentissi—

1873 5322 1996 5362 mus
2025 5315 2079 5361 et
2124 5307 2506 5377 sempiternus,
2559 5307 2650 5375 qui
2699 5314 2828 5360 ante
2873 5305 3068 5360 saacula
3094 5305 3240 5362 diem
3260 5303 3456 5375 iudicii

1875 5399 2115 5453 futurum
2149 5400 2452 5464 constituit,
2497 5399 2611 5466 ipse
2656 5397 2711 5451 in
2740 5396 2847 5452 line
2879 5405 3182 5467 temporum
3219 5399 3457 5468 seipsum

1877 5492 2171 5548 identidem
2198 5493 2524 5563 agitaturum
2547 5489 2817 5560 praedixit,
2839 5499 2894 5544 et
2918 5491 3123 5560 absque
3142 5489 3456 5559 cujusquam

1879 5585 2064 5654 ﬁgura:
2094 5583 2380 5638 locutionis
2410 5580 2535 5636 fuco
2563 5580 2727 5648 juslis
2768 5589 3018 5651 paratum
3061 5597 3308 5650 regnum,
3342 5581 3461 5635 dia-

1880 5677 2003 5733 bolo
2031 5686 2084 5731 et
2115 5676 2319 5745 angelis
2354 5672 2469 5741 ejus
2495 5683 2742 5743 paratum
2780 5675 2955 5746 ignem
2988 5682 3251 5730 aeternum
3296 5682 3458 5728 testa-

1885 5777 1973 5822 tus
2018 5775 2120 5831 est,
2157 5765 2300 5840 nullo
2329 5763 2744 5842 praedicatorum
2785 5763 3020 5819 ﬁdelium
3072 5764 3319 5828 docente,
3353 5763 3460 5818 iniu

2989 5861 3064 5920 37

3927 6 3931 142 ξ
