4010 6352
653 325 792 384 H63
1657 320 1712 374 S.
1751 315 2122 374 PRUDENTII
2168 310 2548 368 TliECENSlS
2584 308 2891 366 EPISCOPI
3691 327 3780 386 "ej

653 436 922 493 sentiente
947 475 962 500 ,
1012 434 1156 504 quod
1211 432 1356 490 solus
1398 431 1638 487 omnium
1689 429 1966 486 hominum
2024 428 2228 497 ﬁngere
2259 428 2306 488 Α
2336 422 2458 495 [al.,
2489 421 2639 493 quid]
2667 421 2750 476 lex
2782 421 2981 476 habeat
3009 437 3115 478 non
3138 427 3372 494 requirit.
3400 427 3560 500 Neque
3579 439 3688 493 enim
3708 441 3782 513 lege

653 527 960 584 nullatenus
1014 525 1291 590 metuisti,
1343 523 1594 578 videlicet
1643 523 1719 576 uti
1775 522 1930 576 bonis
1980 529 2230 591 paratum
2334 532 2558 572 necesse
2586 527 2667 571 est
2698 516 2914 586 perimi,
2945 517 3034 586 qui
3067 516 3180 586 lege
3211 535 3463 591 nunquam
3491 529 3631 594 potuit
3655 538 3781 592 teneri,

656 635 880 692 regnum
919 634 1026 673 non
1056 617 1305 689 ﬁgurate,
1337 615 1516 685 impiis
1559 629 1686 668 vero
1735 623 1987 684 paratum
2034 611 2235 682 suppli-
2337 608 2417 663 Ita
2442 622 2571 679 ergo
2600 609 2652 662 in
2688 616 2936 664 extremo
2967 609 3172 679 judicio
3196 619 3250 666 et
3286 611 3457 683 legalis
3480 617 3603 672 illum
3628 622 3782 684 invectio

656 717 799 772 cium
833 715 1082 786 figurate,
1111 715 1163 768 id
1184 721 1269 768 est
1301 726 1406 766 non
1433 718 1681 779 paratum
1707 708 2042 779 intelligatur
2070 727 2082 761 :
2106 721 2234 764 con-
2336 702 2594 774 percutit,
2625 702 2715 772 qui
2757 702 2824 757 ab
2851 717 2918 760 eo
2952 704 3095 773 quod
3122 704 3440 774 professione
3467 713 3624 779 tenuit,
3645 721 3785 776 actione

656 817 740 863 tra
769 820 982 876 omnem
1014 806 1228 876 penitus
1263 803 1500 858 divinam
1544 810 1600 856 et
1619 801 1912 856 humanam
1943 798 2235 854 auctorita-
2336 799 2650 863 declinavit,
2692 808 2748 854 et
2774 800 2875 854 iste
2910 799 3029 855 sine
3053 800 3240 869 judicii
3275 803 3548 862 invectione
3572 814 3784 882 perimitur,

657 910 786 965 tem,
813 914 933 970 quae
963 898 1206 966 utrisque
1251 903 1499 966 paratum
1548 910 1578 948 a
1623 893 1730 947 Deo
1761 892 1843 947 vel
1876 907 2119 962 regnum,
2151 888 2234 944 vel
2337 894 2429 961 qui
2461 891 2577 963 lege
2609 890 2730 946 ﬁdei
2761 907 2867 946 non
2899 900 3134 947 tenetur.
3171 892 3249 948 Ex
3275 895 3538 953 electorum
3560 916 3662 958 vero
3690 919 3786 975 parte

653 979 974 1064 supplicium
1008 987 1614 1057 inclamant;judicium
1647 993 1828 1040 autem
1853 985 1938 1039 vel
1961 982 2232 1047 bifariam,
2337 983 2425 1037 alii
2451 981 2768 1051 judicantur
2803 993 2858 1038 et
2890 993 3150 1055 regnant,
3181 987 3268 1057 qui
3309 989 3424 1044 vita
3446 995 3645 1048 maculas
3671 997 3784 1068 hor].

654 1086 739 1140 vel
763 1083 1149 1155 quadrifariam
1180 1081 1489 1153 agitandum
1521 1081 1680 1136 beato
1700 1077 1962 1150 Gregorio
1993 1079 2048 1132 in
2083 1077 2237 1132 libris
2339 1077 2445 1131 mis
2479 1085 2718 1147 tergunt,
2741 1078 2854 1147 qui,
2889 1078 3028 1132 mala
3059 1080 3408 1149 praecedentia
3436 1081 3572 1139 factis
3599 1094 3783 1157 sequenti-

655 1172 946 1228 Moralibus
993 1181 1296 1241 expoueute
1343 1171 1780 1240 discamuscqui
1830 1171 1882 1224 in
1927 1169 2064 1224 libro
2109 1182 2235 1222 xxv:
2339 1161 2450 1221 bus‘
2481 1167 2827 1234 redimentes,
2872 1169 3132 1239 quidquid
3163 1169 3401 1226 illicitum
3437 1173 3671 1244 aliquando
3701 1178 3785 1235 fece-

655 1269 793 1337 (cap.
824 1267 915 1336 20)
952 1267 1027 1321 ita
1058 1266 1346 1336 eloquitur.
2341 1265 2471 1313 runt
2493 1257 2561 1312 ab
2586 1257 2758 1313 oculis
2785 1258 2986 1328 judicis
3016 1259 3466 1331 eleemosynarum
3489 1267 3786 1334 superducliont

727 1359 858 1431 [Sed
904 1375 1008 1414 non
1047 1358 1216 1413 salvat
1264 1357 1480 1428 impios,
1524 1367 1570 1412 et
1613 1358 1876 1427 judicium
1922 1357 2237 1428 pauperibus
2342 1349 2675 1416 cooperiunt.
2721 1347 2928 1414 Quibus
2948 1348 3113 1418 judex
3142 1350 3362 1406 veniens
3389 1351 3436 1405 in
3465 1352 3654 1412 f'dextera
3675 1361 3786 1412 consi-

656 1454 840 1509 tribuit
871 1451 995 1524 (Job
1028 1468 1213 1517 xxxvi,
1244 1451 1334 1522 6),
1375 1452 1427 1506 id
1455 1461 1538 1506 est
1575 1451 1747 1506 elatos
1775 1451 2026 1515 destruit,
2061 1451 2240 1506 humi-

655 1545 734 1600 les
763 1558 894 1599 vero
913 1558 1007 1613 per
1027 1543 1292 1615 judicium
1329 1542 1530 1597 liberos
1553 1541 1758 1595 reddit:
1793 1540 1874 1595 vel
1924 1549 2071 1595 certe
2095 1541 2239 1610 judi-

653 1637 796 1692 cium
823 1635 1149 1706 pauperibus
1181 1634 1394 1699 tribuit,
1420 1634 1544 1703 quia
1579 1633 1632 1688 hi
1664 1633 1758 1703 qui
1797 1647 1944 1687 nunc
1984 1632 2240 1701 nequiter

655 1729 1054 1800 opprimuntur,
1079 1727 1180 1796 Ipsi
1214 1734 1341 1781 tunc
1365 1741 1528 1796 super
1555 1739 1910 1796 oppressores
1947 1738 2074 1778 suos
2096 1721 2238 1791 judi-

2341 1437 2611 1492 stentibus
2642 1438 2774 1493 dicit
2811 1459 2824 1491 :
2852 1435 3083 1503 Esurivi,
3107 1449 3156 1494 et
3182 1440 3391 1495 dedistis
3411 1444 3522 1512 mihi
3545 1447 3784 1512 manducare,

2341 1531 2500 1595 sitiui,
2529 1539 2578 1584 et
2611 1531 2826 1585 dedistis
2852 1532 2980 1585 mihi
3020 1531 3189 1586 bibere
3225 1547 3243 1586 :
3271 1532 3443 1602 hospes
3466 1551 3606 1600 erant,
3631 1546 3666 1589 ct
3689 1538 3785 1590 rolle-

2343 1625 2491 1696 gistis
2519 1641 2633 1689 me;
2659 1626 2852 1692 nudus,
2881 1634 2928 1678 et
2943 1626 3220 1694 operuistis
3250 1641 3328 1680 me
3343 1642 3362 1690 ;
3383 1627 3611 1695 inﬁrmus,
3630 1637 3664 1680 et
3679 1631 3788 1682 cuita-

2346 1719 2441 1774 stis
2481 1735 2581 1773 me.
2625 1717 2692 1773 In
2730 1735 2938 1773 carcere
2972 1734 3136 1783 eram,
3172 1728 3220 1772 et
3253 1719 3449 1773 venistis
3477 1721 3535 1773 ad
3561 1737 3646 1784 me;
3670 1722 3787 1790 quibus

656 1787 748 1879 ces
795 1825 1036 1880 veniunt.
1089 1825 1215 1880 Duae
1261 1826 1460 1896 quippe
1510 1823 1635 1879 sunt
1678 1831 1886 1894 partes,
1938 1823 2234 1877 electorum
2266 1787 2318 1848 Β
2343 1809 2625 1879 Primnum
2653 1809 2875 1863 ἀίοοηδε
2918 1806 3385 1872 Venae-beneﬁcii
3416 1807 3789 1878 Patrismeimossi

657 1914 864 1969 scilicet
892 1924 1054 1985 atque
1081 1917 1456 1984 reproborum,
1491 1915 1582 1968 sed
1621 1913 1731 1968 bini
1758 1913 1879 1985 [al.,
1910 1912 2061 1984 boni]
2089 1913 2236 1968 ordi-

662 2020 759 2059 nes
787 2005 988 2060 eisdem
1035 2005 1259 2075 singulis
1285 2005 1532 2076 partibus
1560 2004 1926 2066 continentur,
1964 2001 2055 2056 alii
2085 2017 2239 2056 nam-

656 2108 761 2163 que
798 2093 1113 2164 judicantur
1154 2105 1210 2150 et
1257 2104 1512 2165 pereunt;
1569 2095 1661 2148 alii
1709 2108 1814 2148 non
1843 2091 2156 2162 judicantur
2183 2100 2240 2147 et

653 2194 912 2256 pereunt;
946 2184 1036 2242 alii
1071 2187 1384 2257 judicantur
1428 2195 1484 2242 et
1529 2194 1786 2258 regnant;
1821 2185 1910 2240 alii
1951 2200 2059 2241 non
2096 2183 2241 2254 judi-

655 2287 867 2344 cantur,
895 2289 950 2334 et
996 2288 1242 2350 regnant.
1288 2277 1609 2335 Judicantur
1652 2287 1707 2334 et
1757 2285 2003 2349 pereunt,
2043 2276 2242 2346 quibus

654 2371 936 2428 Dominica
995 2373 1343 2429 inclinatione
1386 2372 1520 2446 [al.,
1564 2385 1698 2428 voce
1760 2373 1815 2427 in
1867 2371 2238 2445 damnatione]

656 2463 854 2518 dicitur
892 2481 906 2516 :
942 2463 1175 2530 Esurivi,
1229 2475 1406 2519 etnon
1449 2465 1663 2519 dedistis
1707 2464 1833 2517 mihi
1882 2463 2234 2527 manducare;

656 2555 814 2620 sitiui,
852 2565 898 2609 et
946 2573 1050 2610 non
1095 2555 1311 2610 dedistis
1355 2555 1484 2610 mihi
1511 2565 1690 2625 potum
1721 2571 1739 2609 :
1774 2555 1957 2622 hospes
1985 2569 2152 2616 eram,
2193 2562 2240 2606 et

658 2661 762 2701 non
789 2646 1068 2718 collegisti:
1095 2664 1174 2701 me
1190 2664 1208 2711 ;
1239 2647 1430 2712 nudus,
1457 2655 1504 2701 et
1528 2663 1630 2701 non
1659 2646 1934 2717 operuistis
1967 2659 2080 2706 me;
2108 2659 2247 2712 (eger

657 2747 705 2792 et
727 2739 781 2791 in
801 2755 1029 2805 carcere,
1051 2747 1101 2793 et
1125 2756 1228 2794 non
1243 2740 1494 2794 visitastis
1513 2754 1624 2803 me;
1647 2737 1842 2807 quibus
1859 2736 2238 2806 praemittitur:

658 2826 920 2884 Discedite
939 2847 974 2883 a
999 2846 1100 2894 me,
1131 2829 1415 2895 maledicti,
1447 2830 1503 2882 in
1533 2829 1702 2898 ignem
1725 2837 1977 2881 a’ternum
2000 2825 2088 2896 qui
2109 2839 2246 2893 prte-

656 2929 875 2990 paratus
923 2931 997 2975 est
1045 2919 1254 2974 diabolo
1301 2929 1350 2973 et
1413 2918 1611 2988 angelis
1667 2917 1782 2987 ejus
1840 2915 2056 2987 (.ilatth.
2111 2927 2242 2977 xxv,

659 3007 748 3072 42,
777 3009 889 3079 M).
910 3009 1015 3064 Alii
1045 3024 1173 3065 vero
1205 3009 1258 3064 in
1289 3016 1533 3063 extremo
1557 3007 1764 3078 judicio
1799 3021 1902 3061 non
1929 3006 2246 3076 judicantur

659 3110 716 3155 et
750 3111 978 3170 pereunt
1002 3120 1014 3154 :
1038 3101 1106 3158 de
1133 3101 1330 3171 quibus
1355 3115 1452 3170 per
1485 3099 1812 3168 Prophetam
1857 3098 2118 3154 Dominus
2143 3097 2242 3162 ait,

665 3196 785 3269 [al.,
840 3197 1103 3266 Propheta
1137 3195 1236 3267 ait]
1278 3212 1384 3250 non
1431 3202 1708 3264 resurgunt
1768 3191 1889 3264 [al.,
1937 3191 2244 3263 resurgent]

663 3287 810 3354 impii
840 3288 893 3340 in
933 3287 1139 3356 judicio
1171 3283 1341 3355 (Psal.
1379 3300 1418 3349 ι,
1443 3284 1532 3356 4);
1581 3295 1638 3338 et
1678 3284 1744 3338 de
1768 3283 1964 3352 quibus
1991 3281 2250 3338 Dominus

664 3376 832 3432 dicit:
856 3375 959 3442 Qui
989 3386 1162 3430 autem
1189 3392 1290 3430 non
1319 3375 1501 3438 credit,
1517 3375 1638 3444 jam
1653 3374 1929 3443 judicatus
1959 3383 2032 3427 est
2061 3372 2118 3444 (1
2124 3389 2245 3427 oan.

665 3483 745 3533 ιιι,
781 3468 903 3538 18);
937 3476 992 3522 et
1019 3468 1082 3522 de
1102 3467 1298 3537 quibus
1322 3467 1521 3522 Paulus
1559 3467 1636 3521 ait
1666 3483 1679 3519 :
1718 3464 1821 3531 Qui
1861 3466 1972 3520 sine
1999 3464 2106 3535 lege
2133 3481 2250 3534 pec-

663 3569 910 3615 cauerunt
948 3561 1060 3613 sine
1086 3559 1195 3629 lege
1214 3558 1454 3628 peribunt
1477 3556 1659 3628 (Rom.
1693 3571 1757 3620 ιι,
1792 3554 1905 3626 12).
1939 3555 2252 3624 Resurgunt

661 3666 792 3707 vero
817 3651 978 3705 etiam
1010 3664 1200 3722 omnes
1227 3648 1494 3714 inﬁdeles,
1542 3648 1636 3704 sed
1689 3648 1756 3702 ad
1805 3653 2090 3708 tormenta,
2141 3660 2249 3700 non

2345 1910 2462 1964 dele
2507 1917 2754 1978 paratum
2800 1906 2939 1961 vobis
2983 1922 3199 1977 regnum
3251 1923 3282 1960 a
3331 1908 3644 1961 constitutione
3679 1909 3787 1961 minii

2346 1999 2562 2072 (Matth.
2590 2014 2716 2065 xxv,
2757 1998 2850 2064 54,
2881 1997 2993 2069 55).
3023 1997 3128 2052 Alii
3167 2005 3344 2052 autem
3381 2014 3477 2052 non
3506 1997 3736 2066 judicantur
3758 2007 3788 2050 et

2345 2101 2596 2161 regnant,
2621 2091 2714 2162 qui
2747 2090 2911 2145 etiam
2935 2099 3204 2160 pnecepta
3237 2089 3366 2162 legis
3392 2089 3667 2160 perfectione
3686 2091 3786 2144 virtu-

2347 2194 2461 2238 tum
2492 2184 2904 2247 transcendunt;
2933 2182 3060 2252 quia
3091 2196 3426 2252 nequaquam
3458 2183 3546 2238 hoc
3565 2183 3691 2237 solum
3706 2182 3788 2251 quo-l

2347 2277 2557 2332 cunctis
2599 2276 2778 2331 divina
2807 2274 2891 2329 lex
2921 2273 3196 2344 praecipit,
3229 2273 3440 2345 implere
3480 2273 3668 2328 contenti
3701 2283 3784 2330 sunt.

2347 2372 2442 2428 sed
2484 2369 2858 2440 praestantiore
2917 2367 3186 2423 desiderio
3223 2366 3340 2438 plus
3377 2367 3598 2422 exhibere
3629 2374 3787 2435 appetunt

2347 2477 2510 2533 quam
2531 2461 2816 2530 praeceptis
2850 2458 3195 2529 generalibus
3233 2459 3415 2513 audire
3446 2453 3786 2529 potuerunt;qni-

2349 2560 2448 2614 bus
2480 2557 2660 2612 divina
2687 2571 2819 2611 voce
2841 2554 2960 2627 [al.,
2991 2549 3296 2626 Dominica]
3321 2553 3537 2607 dicitur:
3570 2549 3646 2604 Vos
3671 2551 3788 2618 quire-

2349 2648 2574 2720 liquistis
2603 2649 2778 2702 omnia
2812 2657 3000 2712 vestra,
3037 2655 3087 2700 et
3113 2646 3279 2702 secuti
3305 2645 3419 2700 estis
3447 2661 3535 2710 me,
3563 2660 3651 2697 cum
3677 2639 3787 2695 sederit

2352 2738 2526 2793 Filius
2549 2737 2772 2793 hominis
2805 2738 2860 2792 in
2882 2737 3001 2792 sede
3034 2736 3327 2806 majestatis
3350 2753 3470 2800 suas,
3499 2735 3723 2788 sedebitiset
3741 2749 3789 2784 res

2348 2848 2504 2900 super
2545 2829 2817 2884 duodecim
2848 2829 3082 2894 thronos,
3127 2828 3425 2899 judicantes
3447 2827 3666 2881 duodecim
3693 2824 3789 2876 tribus

2349 2923 2522 2977 Israel
2552 2922 2763 2993 (Matth.
2791 2938 2900 2983 xIx,
2946 2921 3072 2993 S8);
3115 2930 3173 2976 et
3214 2923 3280 2977 de
3305 2921 3488 2992 quibus
3514 2919 3707 2988 propheta
3721 2917 3787 2966 ait:

2350 3014 2608 3069 Dominus
2653 3014 2720 3067 ad
2755 3013 3018 3084 judicium
3064 3013 3231 3084 veniet
3273 3027 3388 3065 cum
3417 3009 3656 3064 senioribus
3688 3003 3790 3074 populi

2353 3106 2437 3160 sui
2466 3103 2598 3176 (Isa.
2632 3120 2718 3170 ιιι,
2751 3102 2860 3174 li).
2891 3103 2958 3158 Et
2986 3103 3050 3157 de
3077 3102 3276 3172 quibus
3301 3101 3532 3157 Salomon
3551 3113 3644 3153 cum
3663 3096 3790 3149 desire

2353 3203 2455 3249 ctee
2484 3193 2739 3248 Ecclesia:
2767 3207 2963 3262 sponso
2992 3190 3114 3263 [al.,
3145 3190 3367 3263 sponsa]
3388 3191 3660 3260 loqueretur,
3685 3180 3789 3236 intulil

2354 3285 2539 3340 dicens
2571 3308 2583 3337 ;
2616 3283 2821 3338 Nobilis
2839 3285 2891 3337 in
2912 3283 3074 3354 portis
3101 3283 3181 3337 vir
3205 3283 3340 3353 ejus,
3368 3281 3554 3354 quando
3573 3276 3709 3333 sederit
3726 3288 3788 3325 cm

2352 3375 2680 3432 senatoribus
2725 3386 2878 3430 terra:
2919 3373 3098 3445 (Prov.
3159 3391 3319 3440 xxxi,
3373 3374 3479 3443 25).
3529 3371 3581 3425 ili
3613 3371 3735 3436 itaque
3762 3364 3788 3414 il

2353 3478 2598 3525 extremo
2620 3467 2824 3537 judicio
2839 3484 2944 3522 non
2961 3467 3296 3537 judicantur,
3324 3475 3374 3524 et
3397 3473 3607 3538 regnant,
3620 3462 3708 3532 quia
3721 3471 3787 3511 cum

2353 3570 2576 3617 auctore
2629 3576 2728 3615 suo
2777 3560 2940 3615 etiam
2990 3558 3204 3630 judices
3256 3560 3483 3616 veniunt.
3534 3555 3788 3622 Relinquemts

2353 3654 2551 3725 quippe
2597 3653 2815 3717 omnia,
2883 3652 3004 3724 plus
3051 3663 3305 3724 prompta
3359 3652 3608 3708 devotione
3646 3640 3786 3702 exsecuti

663 3743 732 3798 ad
753 3741 1016 3811 judicium
1042 3759 1057 3807 ;
1097 3756 1204 3796 non
1231 3741 1374 3796 enim
1405 3755 1596 3795 eorum
1649 3748 1778 3794 tunc
1806 3751 1969 3793 causa
1995 3737 2252 3792 discutie-
2353 3753 2498 3809 sunt,
2516 3759 2679 3814 quam
2701 3743 2880 3814 juberi
2905 3742 3027 3815 [al.,
3046 3742 3282 3816 jubere],
3311 3742 3597 3814 generaliter
3612 3735 3787 3790 audiet-util

663 3842 774 3901 tur,
811 3835 938 3905 quia
984 3833 1052 3889 ad
1079 3844 1426 3905 conspectum
1478 3832 1708 3888 districti
1743 3831 1944 3902 judicis
1968 3829 2082 3900 jam
2125 3845 2248 3886 cum
2352 3835 2573 3906 speciali
2596 3836 2793 3906 quippe
2816 3833 3059 3903 iussione
3083 3835 3274 3905 paucis
3296 3831 3787 3906 perfectioribus,etmn

662 3927 1009 3983 damnatione
1048 3940 1160 3980 sua:
1209 3923 1543 3980 inﬁdelitatis
1571 3923 1908 3978 descendunt
1942 3919 2064 3994 [al.,
2095 3935 2254 3976 acce-
2354 3926 2678 3998 generaliter
2703 3923 2953 3980 omnibus
2974 3924 3174 3979 dicitur
3197 3926 3320 3990 hoc,
3346 3923 3477 3993 quod
3498 3918 3728 3974 adolescens
3744 3908 3786 3961 iﬁ-

662 4017 815 4091 dunt]
850 4037 862 4072 :
899 4016 1292 4088 professionem
1316 4031 1459 4070 verae
1494 4013 1619 4070 fidei
1652 4015 1972 4094 retinentes,
2004 4014 2100 4068 sed
2126 4027 2250 4084 pro-
2353 4033 2446 4072 ves
2471 4017 2708 4071 audivit:
2742 4013 2903 4080 Vade,
2925 4016 3081 4072 vende
3095 4017 3235 4086 quod
3259 4011 3554 4087 [al.,omnia
3573 4000 3788 4094 quahabet,

663 4106 915 4164 fessionis
954 4121 1119 4178 Opera
1149 4121 1257 4160 non
1286 4105 1568 4168 habentes,
1598 4091 1996 4176 redarguuntur
2032 4112 2092 4158 ut
2121 4118 2249 4173 per-
2353 4117 2400 4163 et
2420 4109 2490 4163 da
2511 4107 2844 4179 pauperibus,
2874 4119 2920 4161 et
2943 4107 3152 4161 habebis
3183 4107 3474 4161 thesaurum
3499 4105 3544 4156 in
3562 4091 3786 4160 catamiti

661 4209 817 4266 eant;
865 4201 958 4270 qui
1015 4215 1141 4254 vero
1195 4213 1296 4253 nec
1342 4196 1466 4252 fidei
1537 4205 1878 4251 sacramenta
1929 4203 2246 4262 tenuerunt,

663 4291 1088 4359 increpationem
1110 4289 1311 4359 judicis
1345 4288 1400 4342 in
1433 4296 1678 4342 extrema
1715 4286 2114 4342 examinatione
2142 4301 2249 4341 non

664 4382 910 4446 audiunt,
935 4383 1059 4450 quia
1102 4379 1432 4451 praejudicati
1462 4379 1797 4434 infidelitatis
1837 4395 1945 4434 suae
1991 4377 2246 4443 tenebris,

663 4471 783 4542 ejus
811 4487 971 4542 quem
1005 4473 1362 4541 despexeram
1394 4470 1698 4526 invectione
1720 4470 1968 4541 redargui
1993 4487 2102 4528 non
2136 4487 2248 4527 me-

664 4564 898 4636 rentur].
964 4563 1043 4618 llli
1107 4563 1300 4619 saltem
1363 4563 1524 4617 verba
1584 4561 1784 4631 judicis
1843 4565 2082 4632 audient,
2123 4567 2248 4637 quia

662 4660 778 4730 ejus
833 4660 956 4715 ﬁdei
990 4659 1102 4715 sola
1134 4658 1253 4732 [al.,
1308 4657 1521 4731 saltem]
1572 4659 1737 4714 verba
1778 4666 2100 4725 tenuerunt;
2158 4659 2246 4713 isti

662 4755 714 4808 in
747 4753 1094 4808 damnatione
1148 4767 1243 4806 sua
1283 4751 1470 4805 aeterni
1523 4750 1719 4821 judicis
1762 4766 1865 4807 nec
1907 4751 2075 4806 verba
2126 4765 2249 4821 per-

661 4845 906 4914 cipiunt,
976 4845 1100 4913 quia
1163 4842 1280 4913 ejus
1345 4843 1704 4898 reverentiam
1762 4859 1863 4899 nec
1921 4845 2248 4899 verbotenus

661 4949 880 4989 servare
915 4933 1200 4991 voluerunt
1232 4931 1352 5005 [al.,
1384 4931 1734 5004 maluerunt].
1755 4933 1834 4988 llli
1863 4933 2108 5006 legaliter
2123 4949 2247 5004 per-

660 5034 810 5091 eunt,
847 5026 973 5094 quia
997 5024 1097 5080 sub
1142 5024 1258 5097 lege
1285 5025 1446 5095 positi
1473 5033 1866 5097 peccaverunt;
1899 5026 2019 5080 istis
2047 5026 2099 5080 in
2121 5040 2248 5095 per-

661 5117 864 5173 diiione
887 5132 986 5172 sua
1013 5117 1077 5172 de
1103 5116 1220 5186 lege
1264 5116 1398 5171 nihil
1435 5115 1652 5183 dicitur,
1676 5117 1802 5187 quia
1826 5117 1961 5172 nihil
1987 5118 2123 5190 legis
2153 5119 2249 5172 ha-

659 5210 792 5265 bere
813 5207 997 5263 conati
1026 5216 1172 5263 sunt.
1196 5207 1456 5278 Princeps
1477 5221 1713 5278 namque
1734 5215 2006 5264 terrenam
2035 5223 2247 5279 rempu-

658 5301 854 5356 blicam
881 5311 1076 5372 regens
1101 5299 1260 5354 aliter
1284 5300 1433 5370 punit
1469 5300 1642 5356 civem
1679 5300 1905 5356 interius
1931 5299 2248 5372 delinquen-

661 5403 792 5459 tem,
842 5400 1007 5465 atque
1046 5391 1202 5448 aliter
1237 5394 1448 5449 hostem
1486 5393 1726 5448 exterius
1757 5391 2142 5460 rebellantem;
2192 5394 2248 5449 in

661 5481 754 5538 illo
772 5483 898 5554 jura
925 5496 1022 5538 sua
1051 5483 1317 5550 consulit,
1354 5499 1587 5555 eumque
1613 5485 1713 5540 sub
1745 5484 1925 5541 verbis
1957 5485 2133 5557 dignae
2168 5487 2250 5540 in-

661 5573 928 5628 vectionis
948 5574 1178 5638 addicit;
1207 5583 1397 5629 contra
1420 5577 1630 5631 hostem
1657 5591 1786 5632 vero
1816 5576 2016 5632 bellum
2043 5587 2242 5646 movet,

666 5665 1022 5719 instrumenta
1050 5667 1366 5734 perditionis
1397 5678 1635 5734 exercet,
1675 5669 1942 5740 dignaque
1971 5669 2090 5739 ejus
2131 5687 2247 5724 ma-

2352 4207 2633 4270 et‘sequere
2649 4213 2730 4252 me
2754 4196 2969 4269 (Matth.
3002 4213 3116 4264 xix,
3144 4196 3259 4268 2i).
3295 4194 3350 4250 Si
3384 4194 3512 4250 enim
3536 4187 3616 4246 sub
3636 4187 3788 4251 hocpft‘

2353 4301 2509 4360 cepto
2563 4297 2789 4345 cunctos
2837 4288 3008 4358 jussio
3057 4291 3324 4361 generalis
3366 4288 3655 4356 astringeret.
3692 4272 3786 4335 will!

2355 4381 2477 4455 [αίη
2505 4381 2684 4455 cIlipa]
2709 4381 2951 4452 profecto
2975 4392 3119 4437 esset
3147 4381 3347 4452 aliquid
3373 4396 3464 4436 nos
3489 4379 3545 4432 de
3571 4376 3649 4430 hoc
3670 4361 3785 4423 mundo

2351 4475 2647 4545 possidere.
2674 4473 2781 4529 Sed
2801 4473 2944 4529 aliud
2965 4484 3050 4530 est
3074 4477 3217 4544 quod
3241 4473 3644 4546 penScripturam
3661 4466 3784 4515 sacrm

2353 4567 2679 4640 generaliter
2709 4568 2959 4623 omnibus
2999 4568 3344 4639 praecipitur,
3383 4565 3512 4620 aliud
3536 4557 3648 4632 quod
3665 4548 3786 4624 specii-

2353 4660 2476 4714 liter
2501 4659 2916 4731 perfectioribus
2946 4659 3260 4730 imperatur.
3296 4658 3359 4714 lli
3386 4671 3505 4728 ergo
3524 4661 3639 4730 recte
3659 4644 3784 4708 sub?

2353 4749 2523 4806 nerali
2554 4749 2758 4819 judicio
2785 4765 2890 4804 non
2920 4756 3190 4816 tenentur,
3231 4759 3285 4805 et
3319 4749 3438 4821 quia
3465 4749 3675 4818 praecele
3695 4741 3786 4803 1⁸³⁸·

2355 4843 2490 4898 ralia
2519 4842 2755 4898 vivendo’
2778 4841 3026 4896 vicerunt
3063 4856 3077 4895 :
3121 4842 3261 4898 sicut
3296 4842 3433 4897 enim
3470 4853 3559 4892 non
3588 4828 3786 4901 judicantur

2353 4943 2409 4990 et
2455 4942 2707 5005 pereunt,
2747 4933 2840 5005 qui
2875 4934 3136 4989 suadente
3185 4932 3402 5004 perfidia
3441 4929 3542 4998 lege
3575 4917 3786 4978 teneri“

2356 5035 2642 5083 temnunt:
2671 5027 2748 5082 ita
2787 5041 2893 5082 non
2933 5024 3249 5094 judicantur
3283 5035 3337 5081 et
3376 5027 3596 5095 regnant.
3629 5010 3692 5082 (11³ἱ

2357 5123 2515 5176 dente
2556 5121 2758 5192 pietate
2795 5089 2958 5176 etiam
2991 5120 3129 5176 ultra
3165 5089 3569 5190 generaliav[al-,
3597 5089 3782 5192 8⁸⁸³⁸³⁵ίῖ
3861 5125 3863 5192 i

2357 5181 2574 5268 divinae.
2605 5212 2736 5284 legis
2784 5221 3055 5284 praecepta
3106 5181 3404 5282 proficiunt.
3458 5181 3574 5263 ilinc
3609 5208 3671 5254 est
3703 5181 3783 5284 quid

2355 5301 2554 5357 Paulus
2573 5277 2736 5358 etiam
2763 5277 3018 5374 specialia
3059 5277 3322 5376 praecepta
3360 5295 3696 5358 transcenderis,

2355 5411 2522 5466 opere
2548 5369 2821 5461 exhibuit,
2853 5411 3018 5466 quam
3059 5369 3390 5452 institutione
3407 5369 3782 5466 promissioniil‘i'

2354 5486 2751 5560 permissionis]
2780 5489 3008 5560 accepit.
3030 5489 3164 5545 Cum
3182 5493 3324 5548 enim
3349 5488 3607 5557 accepisset
3624 5483 3668 5530 ut
3681 5469 3784 5524 Βηπ-

2354 5580 2549 5651 gelium
2577 5581 2875 5652 praedicans
2901 5583 2965 5636 de
3005 5581 3292 5655 Evangelia
3321 5583 3525 5641 viveret,
3558 5581 3600 5627 el
3631 5564 3781 5655 5W

3857 5303 3861 5583 l

2353 5673 2483 5727 lium
2506 5674 2846 5729 audientibus
2863 5675 3107 5742 contulit,
3130 5653 3183 5731 et
3204 5686 3376 5731 tamen
3397 5661 3628 5736 Evangelii
3644 5653 3780 5742 sunt?
3857 5671 3859 5674 ‘

669 5755 775 5808 itiaa
818 5763 1085 5811 tormenta
1131 5759 1412 5824 retribuit;
1460 5762 1525 5815 de
1577 5763 1717 5818 malo
1765 5779 1895 5818 vero
1948 5763 2065 5833 ejus
2116 5782 2234 5836 quae
2351 5765 2452 5820 bus
2496 5766 2789 5821 sustentari
2829 5768 3116 5823 recusavit.
3145 5767 3249 5824 Cur
3273 5781 3395 5838 ergo
3425 5765 3512 5818 iste
3537 5739 3779 5826 judicctur“
