4010 6352
212 373 352 429 H65
1071 368 1158 424 ne
1195 335 1795 421 PRAE‘DESTINATIUI

1903 361 2178 418 CONTRA
2217 361 2267 420 ι.
2311 361 2615 422 SCOTUM.
3343 365 3479 426 1166

207 490 418 553 regnet,
445 481 535 553 qui
567 482 745 536 minus
771 481 913 551 quod
942 488 1183 535 servaret
1210 480 1437 548 accepit,
1470 477 1563 532 sed
1597 477 1789 546 majus,
1825 481 1869 537 Α
1899 476 2124 540 meritis,
2157 477 2465 546 impendere
2488 477 2948 545 misericordiam;
2973 478 3080 536 illis
3101 489 3323 554 propter
3337 488 3480 542 mala

202 581 346 650 quod
375 580 598 642 viveret,
629 577 854 631 invenit.
883 576 1104 629 Dicatur
1123 574 1284 644 igitur
1314 579 1459 626 recte
1487 569 1792 624 :Judicium
1898 570 2257 639 pnecedentia
2287 571 2588 640 justissime
2615 573 2913 640 rependere
2937 572 3219 630 ultionem.
3250 577 3325 634 De
3359 581 3482 650 qui-

199 671 520 743 pauperibus
554 669 733 722 tribuit
772 667 820 738 (I
859 667 1036 721 Thess.
1068 661 1230 736 ιιξᾩ),
1274 665 1399 735 quia
1437 669 1639 732 quanto
1667 660 1794 714 huic
1894 662 1996 717 bus
2020 663 2310 732 Apostolus
2343 663 2684 734 proclamat:
2720 663 2985 730 Quoniam
3014 668 3166 738 cujus
3190 670 3296 724 vult
3321 673 3480 727 inise-

198 766 608 834 mundomagna
623 761 979 815 bumilitatate
995 759 1228 829 despecti
1243 766 1550 824 sunt,tanto
1566 763 1690 808 tunc
1705 768 1793 807 ac—
1895 763 2074 820 retur;
2105 765 2153 809 et
2179 771 2329 827 quem
2364 755 2492 820 vult,
2533 756 2748 810 indurat
2798 756 2975 824 (Rom.
3005 775 3082 824 1x,
3120 760 3230 830 l8).
3271 760 3484 833 Nempe.

199 856 374 927 ceptis
401 854 620 910 sedibus
650 851 854 922 majore
885 851 1121 906 culmine
1146 850 1786 921 potestatisexcrescunt.
1891 847 2168 903 miseretur
2203 848 2350 904 nullo
2377 849 2588 915 debito,
2617 849 2830 904 indurat
2861 851 3006 906 nulla
3042 852 3325 923 iniquitate
3351 869 3472 921 sua,

270 949 310 1020 -ι-
351 946 620 1016 Quidquid
663 945 728 1000 de
772 945 876 1000 hoc
923 943 1017 998 Dei
1061 942 1444 1012 omnipotentis
1492 937 1788 996 inevitabili
1889 941 2138 1010 quoniam
2181 956 2285 994 non
2325 950 2402 994 est
2441 940 2695 1011 iniquitas
2731 942 2872 1011 apud
2911 940 3076 996 Deum
3115 943 3304 1015 (lbid.,
3357 945 3470 1018 M),

197 1039 596 1108 tremendoque
611 1036 816 1106 judicio
837 1036 921 1092 vel
953 1037 1090 1107 ipse,
1125 1036 1206 1090 vel
1243 1034 1626 1106 praedicatores
1648 1033 1786 1104 ejus,
1890 1030 2103 1086 dicente
2142 1032 2330 1087 eodem
2360 1031 2617 1101 Apostolo
2651 1049 2664 1086 :
2701 1031 2956 1104 Nunquid
2991 1033 3224 1104 iniquus,
3265 1036 3353 1107 qui
3386 1037 3474 1092 in-

193 1131 416 1207 pietatis
463 1130 667 1183 intimae
717 1128 912 1183 litteris
959 1127 1390 1190 mandaverunt,
1441 1125 1494 1179 id
1545 1133 1600 1179 et
1652 1121 1786 1178 nihil
1887 1121 1988 1191 fert
2019 1123 2196 1188 iram;
2235 1123 2321 1178 cui
2352 1123 2629 1180 humiliter
2666 1125 3040 1195 veraciterque
3074 1127 3468 1196 corresponde-

192 1220 340 1276 aliud
364 1220 430 1275 de
457 1219 624 1290 ipsius
650 1217 1122 1288 praedestinatione
1151 1216 1416 1271 sentimus
1449 1233 1462 1268 :
1492 1214 1566 1269 ita
1602 1222 1662 1268 ut
1686 1228 1785 1269 nec
1886 1229 2028 1278 mus,
2059 1214 2215 1280 absit,
2255 1215 2477 1270 omnino
2505 1215 2638 1268 absit
2672 1224 2731 1270 ut
2759 1230 2880 1272 esse
2917 1215 3186 1272 ullatenus
3210 1217 3468 1288 iniquitas

189 1312 724 1384 praedestinationem
778 1311 980 1380 absque
1032 1310 1256 1381 judicio,
1313 1325 1489 1380 neque
1520 1307 1782 1378 judicium
1882 1303 2222 1376 valeatapud
2253 1305 2440 1361 Deum.
2472 1305 2576 1372 Qui
2598 1306 2752 1375 infert
2776 1308 2934 1373 iram,
2967 1307 3024 1362 id
3043 1317 3127 1363 est
3149 1308 3231 1363 vel
3251 1309 3467 1365 indurat

189 1409 310 1463 sine
360 1405 830 1477 przrdestinatione
889 1403 1194 1470 fateamur;
1235 1404 1490 1473 quoniam
1533 1402 1674 1472 quod
1725 1417 1782 1456 se
1882 1410 2005 1452 eum
2039 1397 2130 1467 qui
2171 1406 2434 1460 meretur,
2469 1398 2549 1452 vel
2601 1399 2840 1453 vindicat
2869 1408 3032 1469 atque
3082 1399 3363 1455 ulciscitur
3405 1399 3462 1456 in

186 1497 557 1568 iudicaturum
622 1497 934 1566 praescivit,
1005 1497 1107 1550 hoc
1176 1495 1361 1564 utique
1420 1493 1778 1562 nequidquam
1880 1503 2002 1542 eum
2033 1489 2122 1559 qui
2150 1489 2335 1559 procul
2360 1491 2521 1545 dubio
2548 1499 2910 1560 promeretur.

185 1588 338 1644 aliud
365 1589 630 1643 facturum
672 1585 1092 1657 praedestinavit.
1134 1583 1200 1639 Et
1241 1585 1355 1639 haec
1389 1591 1514 1638 sunt
1541 1601 1552 1636 :
1583 1581 1778 1653 Magna
1948 1581 2216 1638 Auferens
2253 1599 2382 1656 ergo
2416 1585 2944 1654 przedestinationem
2976 1585 3261 1650 malorum,
3307 1585 3464 1643 aufer

183 1697 346 1752 Opera
372 1680 877 1751 Domini,exquisita
900 1679 954 1731 in
978 1694 1152 1731 omnes
1167 1677 1453 1731 voluntates
1474 1673 1775 1745 ejus(Psal.
1870 1669 2133 1740 judicium
2154 1691 2168 1740 ;
2193 1690 2300 1744 quo
2331 1675 2561 1741 sublato,
2592 1686 2986 1748 consequenter
3007 1677 3134 1734 tolle
3151 1677 3456 1749 justitiam;

183 1787 253 1828 cx
274 1814 288 1837 ,
321 1772 399 1842 2).
429 1771 793 1825 Misericordia
837 1769 1086 1824 videlicet
1111 1779 1158 1822 et
1193 1767 1400 1838 justitia
1438 1768 1634 1837 quibus
1662 1767 1775 1821 red-
1877 1765 2056 1821 ablata
2073 1767 2309 1837 justicia,
2340 1784 2476 1840 nega
2507 1771 2683 1840 ipsum
2720 1771 2884 1826 etiam
2913 1772 3103 1839 Deum,
3131 1774 3222 1845 qui
3247 1782 3332 1830 est
3351 1790 3460 1830 nor

182 1865 263 1919 dit
299 1865 578 1932 unicuique
606 1863 890 1918 secundant
941 1878 1096 1932 opera
1134 1877 1230 1914 sua
1263 1859 1479 1930 (Matth.
1505 1874 1616 1924 xvi,
1647 1857 1770 1928 27);
1803 1845 1850 1904 Β
1882 1861 2312 1928 accidentaliter,
2329 1864 2422 1918 sed
2440 1865 2823 1932 essentialiter,
2854 1868 3188 1939 perindeque
3209 1870 3460 1927 immuta-

182 1957 305 2016 haec
342 1973 400 2012 se
431 1956 694 2010 facturum
724 1953 1148 2025 prmdestinavit,
1179 1953 1430 2023 quoniam
1468 1953 1582 2005 hinc
1610 1965 1668 2005 se
1687 1950 1774 2018 ju-
1876 1954 2059 2011 biliter
2083 1958 2415 2027 sempiterna
2438 1958 2670 2028 justitia.
2690 1959 2971 2027 Quomodo
2994 1976 3123 2033 ergo
3146 1962 3322 2017 reddet
3343 1964 3462 2017 uni-

181 2052 491 2109 dicaturum
527 2049 1026 2119 retributurumque
1056 2046 1329 2118 prmscivit
1365 2053 1530 2116 atque
1572 2043 1770 2114 μνωτί-
1877 2047 2063 2116 cuique
2099 2047 2384 2101 secundum
2420 2065 2576 2118 opera
2605 2066 2700 2102 sua
2723 2051 2748 2103 .9
2774 2050 2856 2104 An
2884 2051 3174 2122 unicuique
3191 2051 3458 2110 bonorum

181 2144 267 2201 dit
296 2163 309 2199 :
345 2145 446 2199 hoc
481 2151 562 2197 est
587 2141 713 2196 illud
743 2141 837 2196 Dei
863 2141 1123 2212 judicium
1156 2154 1326 2210 capax
1353 2137 1770 2201 contrariorum,
1875 2146 1930 2193 et
1965 2139 2094 2193 nulli
2153 2141 2460 2195 malorum?
2486 2141 2682 2196 Peccet
2719 2157 2847 2212 ergo
2888 2143 3117 2214 quisque
3165 2154 3460 2214 quantum»

181 2235 328 2306 quod
364 2234 455 2288 tibi
487 2232 756 2304 displicet,
788 2232 950 2300 quod,
982 2231 1081 2284 etsi
1116 2237 1205 2285 tua
1232 2229 1372 2283 ratio
1399 2229 1648 2300 denegat,
1675 2241 1771 2283 ve-
1875 2227 2029 2294 libet,
2057 2230 2334 2299 quoniam,
2365 2230 2798 2302 sublatojudicio
2829 2233 3181 2303 detractaque
3216 2233 3460 2302 justitia.

181 2326 322 2382 ritas
350 2323 569 2395 probat;
595 2321 857 2394 judicium
888 2321 1071 2390 utique
1094 2317 1356 2374 malorum
1385 2326 1439 2374 et
1467 2319 1770 2373 bonorum:
1875 2320 2097 2392 impune
2145 2324 2424 2393 peccabit;
2468 2333 2522 2378 et
2548 2325 2633 2380 dic
2666 2340 2788 2380 cum
2815 2323 2921 2381 illis
2958 2327 3048 2396 qui
3084 2337 3372 2397 posuerunt
3404 2329 3464 2384 in

181 2417 288 2486 etsi
334 2431 534 2488 negare
586 2414 752 2480 voles,
786 2413 1069 2468 destruere
1106 2426 1382 2482 nunquam
1420 2409 1588 2474 vales,
1620 2409 1764 2478 cujus

1878 2415 2000 2469 creto
2024 2432 2080 2469 os
2109 2432 2260 2469 suum
2286 2457 2300 2481 ,
2339 2426 2386 2470 et
2417 2415 2814 2487 lingua'eorum
2847 2419 3086 2473 transivit
3126 2419 3181 2473 in
3207 2427 3388 2484 terra;
3411 2428 3461 2474 et

181 2517 336 2566 tanta
365 2517 448 2563 est
479 2507 748 2562 evidentia
775 2547 789 2571 ,
822 2513 880 2559 ut
906 2505 973 2559 de
1011 2519 1074 2559 eo
1119 2503 1250 2558 nulli
1297 2503 1459 2558 liceat
1503 2502 1766 2557 dubitare.
1874 2504 2119 2559 dixerunt
2151 2519 2168 2557 :
2197 2507 2457 2576 quomodo
2479 2509 2578 2560 scit
2610 2507 2774 2574 Deus,
2800 2518 2848 2562 et
2876 2510 2924 2563 si
2951 2519 3026 2564 est
3056 2509 3274 2565 scientia
3294 2510 3350 2565 in
3371 2527 3463 2565 ea:-

179 2599 342 2657 Hanc
367 2600 762 2656 contrariorum
809 2597 1164 2668 capacitatem
1197 2597 1243 2650 si
1273 2596 1508 2665 denegas
1550 2595 1602 2648 in
1633 2609 1767 2664 pr:e—
1876 2597 2014 2651 celso
2045 2596 2217 2668 (Psal.
2248 2614 2414 2663 Lxxn,
2443 2599 2594 2672 9—H)
2620 2617 2634 2664 ;
2680 2609 2842 2670 atque
2862 2601 3184 2672 iudicandos
3209 2611 3264 2657 et
3290 2604 3461 2658 bonos

180 2691 575 2756 destinatione,
609 2703 828 2745 necesse
861 2697 942 2744 est
975 2689 1028 2742 in
1051 2685 1295 2757 judicio;
1323 2685 1598 2756 quoniam,
1633 2688 1774 2740 sicut
1875 2698 1932 2744 et
1957 2689 2126 2745 malos
2153 2691 2419 2760 superiori
2445 2691 2656 2746 Domini
2688 2693 2953 2747 sententia
2983 2692 3313 2748 declaratum
3352 2701 3458 2760 est,

181 2780 438 2848 diximus,
470 2779 614 2854 quod
637 2779 1084 2849 sejudicaturum
1112 2778 1254 2832 Deus
1275 2777 1642 2847 praesciverat.
1669 2776 1771 2830 hoc
1874 2792 1928 2836 et
1951 2781 2234 2852 Apostolus
2265 2791 2496 2838 testatur
2533 2783 2718 2838 dicens
2748 2801 2760 2836 :
2789 2781 2994 2838 S'cimus
3039 2785 3176 2839 enim
3207 2785 3462 2856 quoniam

177 2888 243 2928 se
267 2872 535 2927 facturum
565 2888 664 2928 nec
689 2872 834 2927 aliud
861 2870 1366 2942 pratdestiuaverat.
1413 2867 1550 2922 Huic
1574 2868 1651 2922 rei
1676 2882 1772 2938 per
1874 2877 2129 2930 iudicium
2163 2876 2260 2930 Dei
2288 2886 2362 2930 εει
2391 2879 2678 2930 secundum
2703 2877 2971 2931 vei-imum
3006 2877 3061 2930 in
3096 2891 3182 2930 ea;
3213 2877 3303 2947 qui
3327 2874 3460 2931 talia

176 2967 366 3021 omnia
407 2966 642 3022 concinit
684 2965 926 3021 definitio
964 2977 1126 3034 super
1162 2962 1378 3018 nomine
1421 2961 1772 3032 prmdestina-
1875 2977 2058 3038 agunt.
2093 2965 2384 3022 Existimas
2407 2977 2578 3022 autem
2608 2968 2728 3034 hoc,
2755 2984 2785 3021 ο
2813 2968 2987 3033 homo,
3011 2968 3099 3039 qui
3120 2967 3456 3037 judicaseos,

177 3053 347 3110 tionis
376 3055 670 3110 beatissimi
694 3054 875 3109 Patris
895 3053 1201 3126 Augustini,
1223 3067 1384 3122 quam
1410 3051 1625 3106 conaris
1645 3065 1770 3119 per-
1872 3061 1962 3132 qui
1985 3060 2117 3113 (alia
2156 3069 2338 3132 agunt,
2367 3069 2416 3114 ει
2447 3059 2580 3128 facii
2618 3075 2698 3123 θα,
2723 3060 2846 3130 quia
2881 3067 2936 3112 tu
2960 3059 3177 3130 effugies
3193 3057 3461 3129 judicium

178 3157 397 3203 vertere
426 3147 758 3219 perindeque
795 3155 1060 3202 evertere.
1099 3143 1190 3199 Αἱι
1215 3143 1379 3208 enim.
1413 3149 1472 3196 υῑ
1497 3141 1672 3212 Ροηίε,
1715 3141 1766 3194 ill
1801 3205 1839 3221 ﬂ
1874 3149 2014 3204 Dei?
2045 3160 2134 3204 aut
2168 3150 2376 3205 divitias
2405 3150 2648 3205 bonitatis
2677 3150 2791 3221 ejus
2817 3159 2864 3205 et
2891 3150 3155 3220 patientia!
3192 3159 3242 3205 et
3268 3149 3456 3220 longa—

175 3240 323 3295 “bm
363 3205 444 3296 ad.
472 3205 796 3319 Ρτρερθῖυιη
839 3249 891 3295 el
925 3238 1187 3292 Hilarium
1216 3237 1280 3291 de
1326 3205 1513 3290 "Ed-
1559 3233 1766 3298 δαπίδιον
1797 3205 1842 3268 C
1875 3245 2134 3298 nimitatis
2163 3244 2490 3299 contemnis?
2518 3205 2740 3315 Ignords
2765 3205 3015 3314 quoniam
3037 3243 3328 3314 benignitas
3359 3205 3464 3296 Dei

175 3350 301 3406 cap.
346 3335 410 3388 ’10
448 3349 462 3388 :
512 3334 944 3407 [Praedestinatio
989 3343 1073 3387 est
1113 3347 1232 3402 qua:
1280 3329 1397 3384 sine
1426 3328 1764 3398 prmscientia
1872 3336 1942 3390 ad
1975 3337 2332 3406 paenitentiam
2351 3346 2398 3388 te
2423 3334 2682 3389 adducit?
2703 3335 2991 3389 secundum
3010 3334 3266 3388 duritiam
3285 3343 3464 3388 autem

173 3443 289 3482 non
312 3435 490 3497 potest
519 3442 640 3482 esse
667 3445 679 3480 :
713 3434 892 3496 potest
915 3433 1096 3479 autem
1126 3437 1246 3476 esse
1270 3422 1386 3476 sine
1410 3418 1768 3494 praedestina-
1871 3436 2017 3480 ruam
2051 3435 2097 3480 ει
2129 3427 2450 3496 ξηιρωηξιεηε
2481 3441 2571 3479 εον
2604 3426 2932 3480 rimam-im
2982 3425 3074 3479 risi
3106 3425 3242 3478 imm
3288 3425 3343 3478 in
3378 3425 3466 3480 diu

176 3518 328 3573 tione
361 3517 737 3588 prsescieutia;
787 3514 1256 3586 praedestinatione
1290 3511 1486 3582 quippe
1521 3509 1662 3565 Deus
1704 3524 1759 3563 ea

1870 3520 1966 3574 ira:
2010 3529 2055 3574 et
2100 3519 2428 3574 reuelationis
2459 3518 2594 3589 justi
2615 3519 2814 3590 judicii
2849 3517 2973 3583 Dei,
3007 3519 3095 3589 qui
3128 3516 3306 3571 reddet
3332 3517 3449 3571 uni-

173 3610 454 3681 praescivit
499 3626 618 3682 quae
665 3609 842 3664 fuerat
890 3607 1003 3678 ipse
1053 3607 1333 3669 facturus;
1377 3602 1515 3657 unde
1563 3603 1765 3657 dictum
1870 3611 2055 3681 cuique
2073 3609 2358 3664 secundum
2382 3625 2539 3679 opera
2557 3607 2788 3680 ejus,his
2807 3609 3014 3679 quidem
3034 3608 3145 3678 qui,
3170 3608 3456 3662 secundum

171 3710 262 3757 est
295 3719 308 3754 :
342 3701 462 3772 fecit
489 3718 605 3772 qua:
635 3699 816 3770 futura
846 3709 966 3754 sunt
1003 3697 1134 3770 (Isa.
1172 3713 1304 3760 XLV,
1341 3696 1400 3750 H
1433 3711 1534 3750 sec.
1577 3691 1761 3764 LXX}
1869 3703 2178 3773 patientiam
2211 3701 2331 3755 boni
2368 3702 2557 3771 aperis,
2591 3701 2814 3773 gloriam
2837 3711 2884 3755 et
2926 3701 3175 3754 honorem
3209 3711 3256 3754 et
3285 3700 3459 3753 incor-

171 3793 443 3850 Pt‘wscil‘e
473 3803 652 3849 autem
691 3801 868 3864 potest
913 3791 1037 3864 ἱαίο,
1087 3800 1276 3861 ροιθηε
1310 3787 1412 3862 εει]
1451 3789 1613 3844 ﬁliam
1646 3802 1766 3858 qua:
1869 3800 2161 3870 ruptionem
2183 3794 2535 3868 qurerentibus
2560 3794 2720 3848 vitam
2739 3781 2988 3847 (sternam
3008 3792 3122 3846 :his
3143 3799 3340 3857 autem,
3364 3790 3456 3862 qui

173 3887 299 3958 ipse
329 3904 433 3942 ηοη
463 3886 612 3952 fac“.
651 3887 790 3942 Sicut
813 3899 1144 3957 quaecunque
1163 3879 1431 3954 peccata-l
1867 3898 1989 3943 sunt
2023 3905 2089 3942 ea:
2123 3887 2450 3942 contentione
2469 3927 2483 3950 ,
2524 3894 2571 3939 et
2598 3885 2687 3956 qui
2727 3901 2830 3938 non
2858 3885 3194 3955 acquiescunt
3225 3884 3452 3951 veritati,

250 3981 291 4049 -ίο
333 3979 446 4035 lloc
488 3988 542 4034 et
578 3994 676 4034 nos
706 3979 954 4039 dicimus,
999 3977 1099 4032 hoc
1138 3977 1393 4039 fatemur,
1440 3990 1539 4029 nec
1567 3974 1634 4028 ab
1664 3974 1765 4030 ista
1869 3979 2086 4034 credunt
2115 3988 2291 4032 autem
2328 3976 2614 4048 iniquitati,
2639 3977 2720 4030 ira
2749 3983 2797 4030 et
2821 3975 3135 4046 indignatio,
3162 3975 3454 4040 tribulatio,

176 4073 492 4132 definitione
526 4071 798 4127 ullatenus
837 4071 1153 4125 aberramus
1189 4087 1201 4121 :
1245 4082 1405 4137 quam
1436 4065 1484 4120 si
1519 4065 1767 4122 veritatis
1867 4080 1915 4123 et
1955 4069 2198 4138 angustia
2229 4053 2513 4122 in‘omnem
2549 4067 2780 4121 animam
2807 4067 3033 4121 hominis
3055 4067 3317 4137 operantis
3339 4084 3456 4123 ma-

173 4168 384 4225 lumiue
414 4165 610 4220 fuisses
644 4163 889 4227 intuitus,
935 4176 1212 4230 nunquam
1253 4160 1327 4213 ita
1367 4159 1764 4230 praescientiam
1869 4161 1997 4228 lum,
2019 4161 2200 4217 Judtri
2221 4163 2446 4233 primum
2481 4170 2528 4216 et
2553 4157 2744 4215 Crwci.
2776 4157 2958 4214 Gloria
3004 4171 3179 4215 autem
3216 4170 3266 4216 et
3290 4161 3457 4217 honor

175 4268 237 4317 et
285 4257 814 4330 praedestinationem
864 4254 1245 4318 contunderes,
1285 4262 1342 4308 ut
1393 4269 1560 4308 unum
1604 4261 1766 4323 atque
1868 4253 3453 4329 etparcomnioperantibonnm,Judwoprimum,etGrteco:

177 4351 346 4415 idem,
405 4365 506 4404 nec
559 4347 700 4402 aliud
744 4348 964 4402 omnino
1011 4360 1129 4400 esse
1180 4344 1448 4400 firmares.
1489 4344 1768 4400 Praescivit
1870 4366 1974 4404 non
2003 4361 2076 4404 est
2109 4351 2247 4404 enim
2277 4365 2618 4420 personarum
2645 4347 2873 4418 acceptio
2905 4346 3046 4417 apud
3074 4345 3246 4402 Deum
3273 4345 3452 4420 (Rom.

173 4443 327 4500 enim
368 4441 509 4496 Deus
533 4441 732 4501 omnia,
774 4447 828 4493 et
871 4453 990 4508 quae
1023 4437 1196 4492 fuerat
1237 4437 1351 4508 ipse
1402 4435 1663 4502 facturus,
1707 4443 1766 4491 ut
1871 4441 2132 4515 11,2-ll).

174 4541 308 4590 sunt
329 4543 663 4604 quaecunque
690 4530 863 4596 bona,
893 4538 947 4584 et
970 4545 1090 4600 quae
1113 4545 1218 4586 non
1250 4527 1426 4583 fuerat
1453 4529 1567 4601 ipse
1591 4527 1766 4584 factu-
1797 4572 1850 4634 Β
1948 4533 2084 4602 Quia
2135 4535 2300 4607 igitur
2331 4533 2541 4605 justitia
2585 4531 2961 4603 judiciumque
2997 4531 3094 4587 Dei
3138 4532 3322 4603 negari
3356 4531 3458 4587 mi—

175 4641 298 4692 rus,
339 4633 396 4678 ut
428 4633 556 4678 sunt
597 4638 930 4694 quaecunque
958 4631 1212 4692 peccata;
1242 4621 1646 4693 praedestinavit
1667 4637 1764 4677 au-
1797 4621 1845 4634 ”
1875 4627 2021 4684 nime
2062 4636 2310 4700 possunt,
2343 4627 2588 4702 sequitur
2629 4636 2687 4681 ut
2719 4624 3125 4696 przedestinatio
3156 4630 3212 4678 et
3245 4639 3454 4694 μητερα..

179 4726 291 4772 lem
331 4730 556 4788 Prorsus
581 4714 716 4769 ηίιιίι
742 4713 886 4768 amid
917 4713 1022 4768 ηίεί
1052 4713 1195 4783 (ιιιοά
1224 4711 1401 4768 fueral
1441 4713 1554 4784 ipse
1589 4713 1762 4768 factu-
1872 4722 2014 4777 ratio
2039 4722 2182 4778 illius
2219 4721 2523 4776 nullatenus
2565 4719 2917 4791 denegentur,
2960 4718 3015 4774 in
3058 4717 3143 4773 his
3185 4715 3446 4771 duntaxat

176 4822 296 4872 rus,
334 4805 387 4860 id
436 4813 519 4860 est
563 4804 991 4860 misericordiam
1037 4812 1091 4858 et
1123 4802 1408 4874 judicium,
1456 4803 1571 4858 sive
1601 4801 1762 4872 justi-
1871 4817 2069 4888 quibus
2109 4816 2318 4888 iusiiiia
2365 4814 2508 4870 iuius
2551 4825 2713 4885 atque
2753 4812 3016 4885 judicium
3067 4809 3447 4882 praedicantur,

179 4897 334 4963 tiam,
368 4913 463 4952 seu
483 4896 792 4961 veritatem,
825 4895 968 4966 quod
992 4894 1325 4950 tantumdem
1356 4895 1514 4952 valet.
1551 4896 1624 4950 De
1651 4894 1762 4967 qui-

1872 4909 2130 4982 quoniam
2158 4924 2222 4963 ea
2260 4916 2532 4976 suntquae
2569 4906 2763 4962 beatus
2791 4905 3125 4975 Augustinus
3169 4900 3222 4954 in
3261 4898 3451 4955 delini-

176 4988 286 5044 bus
309 4988 516 5043 duobus
554 4988 794 5058 loquitur
829 4995 885 5041 et
912 4985 1224 5058 Propheta:
1264 4984 1439 5041 Semel
1460 4985 1666 5041 locutus
1688 4994 1765 5041 est
1875 5003 2020 5058 iione
2057 5001 2544 5073 pmdesiinaiionis
2569 5000 2706 5055 dixii
2743 5017 2754 5054 ε
2800 4997 2952 5071 [Qum
2985 4997 3123 5050 Deus
3165 5009 3224 5049 se
3270 4991 3449 5047 [πω-

174 5077 365 5136 Deus:
397 5080 500 5134 duo
530 5081 641 5135 ha’c
661 5079 856 5144 audivi,
883 5079 1006 5149 quia
1030 5087 1257 5149 potestas
1279 5077 1412 5142 Dei,
1439 5088 1485 5131 et
1510 5079 1630 5144 tibi,
1657 5077 1757 5131 Do-

1872 5107 1990 5147 rum
2009 5107 2129 5148 esse
2149 5090 2394 5163 praevidit
2420 5093 2532 5146 sive
2557 5086 2875 5162 praescivit.]
2910 5087 3039 5154 Quae
3056 5083 3302 5139 definitio
3322 5097 3455 5154 quo-

175 5176 338 5239 mine,
373 5173 730 5228 misericordia
765 5189 778 5226 :
818 5171 944 5242 quia
975 5181 1030 5224 tu
1068 5170 1249 5224 reddes
1299 5168 1577 5240 unicuique
1604 5170 1758 5240 juxta

1874 5183 2016 5239 niam
2058 5183 2164 5238 tuis
2197 5181 2604 5240 assertiunculis
2635 5180 2926 5251 plurimum
2959 5181 3254 5246 repugnat,
3292 5188 3457 5230 cona-

177 5281 340 5337 opera
385 5281 483 5319 sua
523 5260 696 5334 (Psal.
753 5277 876 5325 LXI,
921 5259 1018 5328 12,
1070 5259 1179 5330 l5).
1225 5256 1350 5314 Haec
1399 5268 1525 5312 sunt
1572 5275 1760 5331 magna

1870 5275 1942 5332 ris
1983 5289 2104 5330 eam
2133 5275 2423 5342 invertere,
2473 5284 2528 5329 et
2562 5269 2708 5344 quod
2746 5283 2920 5340 neque
2951 5264 3288 5338 Augustinus
3316 5261 3453 5319 dixit

175 5372 340 5427 opera
384 5355 618 5422 Domini,
670 5353 928 5425 exquisita
980 5353 1036 5406 in
1087 5368 1263 5406 omnes
1320 5351 1606 5406 voluntates
1649 5351 1765 5422 ejus
1862 5381 2040 5438 neque
2062 5363 2710 5438 sensiiaﬁingere,nicis
2736 5362 2908 5420 enim,
3004 5373 3014 5383 ·

178 5443 356 5518 (Psal.
384 5453 474 5512 cx’,
513 5445 589 5518 2).
625 5443 892 5500 Nimirum
936 5443 1049 5498 haec
1090 5451 1215 5498 sunt
1263 5459 1418 5514 opera
1471 5441 1686 5498 Domini
1712 5447 1769 5500 et

181 5536 335 5592 nulla
359 5537 488 5605 alia,
515 5551 636 5610 quae
663 5551 721 5592 se
745 5533 1013 5590 facturum
1045 5534 1468 5605 praedestinavit,
1514 5534 1765 5591 videlicet

175 5629 349 5699 gratis
377 5629 621 5685 misereri
667 5637 722 5683 et
748 5627 893 5700 juste
932 5628 1210 5681 damnare.
1254 5623 1457 5680 Horum
1493 5626 1770 5702 misereri,
1939 5631 2092 5708 (Cap.
2118 5633 2204 5700 Η,
2238 5645 2384 5687 num.
2409 5631 2464 5696 6,
2491 5638 2622 5698 sect,
2656 5627 2734 5705 7.)
2764 5641 2805 5689 θ
2832 5627 2926 5686 Est
2951 5630 3111 5702 igitur
3148 5626 3272 5683 talis
3297 5623 3452 5696 diﬁc-

176 5738 290 5778 non
315 5724 441 5794 quia
479 5730 824 5790 meruerunt;
858 5721 975 5776 illos
1001 5719 1278 5783 damnare,
1302 5718 1419 5773 sine
1446 5719 1608 5774 dubio
1635 5720 1760 5790 quia
1865 5727 2035 5782 rentia
2065 5727 2202 5779 inter
2230 5724 2741 5796 prwdestinationem
2791 5734 2837 5779 et
2882 5719 3264 5795 prtescientiam
3309 5709 3451 5790 quod

178 5824 497 5871 meruerunt
537 5814 701 5870 :istis
734 5817 924 5888 gratis,
951 5811 1001 5867 id
1027 5820 1110 5868 est
1138 5809 1294 5868 nullis
1332 5811 1762 5880 praecedentibus
1865 5817 2034 5872 omnis
2080 5815 2468 5886 pra’dcstinatio
2499 5815 2846 5884 prtescientia,
2901 5830 3004 5868 non
3053 5821 3230 5867 autem
3279 5803 3450 5864 omnis

2414 5510 2644 5554 JOANNES
2681 5510 2902 5554 SCOTUS.

3995 3759 3999 3864 ί
