4010 6352
661 331 798 389 H67

1651 325 1708 380 S.
1748 323 2118 380 PBUDENTII
2157 320 2535 378 TRECENSIS
2577 319 2881 377 EPISCOPI

3679 327 3774 388 “63

652 447 980 519 prtescientia
1021 445 1409 516 prtt’destittatio
1437 459 1455 496 :
1493 441 1816 512 pra’scienlia
1848 457 2067 510 namque
2110 441 2222 508 ipsa
2249 441 2299 500 Α
2325 438 2605 509 praescisse
2632 450 2812 493 autem
2841 414 3227 500 tantummodo,
3251 451 3349 490 non
3393 437 3535 492 etiam
3572 441 3775 509 ρηάεειί.

653 553 758 605 qua
784 536 924 591 Deus
953 536 1206 606 prwscivit
1229 551 1289 588 ea
1329 549 1444 604 qum
1465 531 1635 601 fuerat
1665 533 1771 602 ipse
1800 531 2056 600 facturus,
2091 547 2225 599 pra:-

654 627 934 682 destinatio
980 644 1094 681 vere
1128 623 1514 696 specialiterque
1554 623 1765 677 dicitur.
1812 622 1894 676 Ea
1940 640 2055 677 vero
2091 638 2226 692 prte-

653 719 892 783 scientia,
932 734 1034 790 qua
1060 733 1120 770 ea
1142 731 1256 786 quia
1281 731 1384 768 non
1413 713 1560 784 facit,
1593 713 1872 783 prwscivit,
1910 713 1963 765 id
2004 721 2078 766 est
2111 729 2228 782 pec-

659 818 778 863 cata
820 824 1095 878 eorumque
1132 823 1331 876 pinnas,
1373 807 1702 867 prazscientia
1753 805 1986 859 absolute
2028 805 2225 875 placuit

658 899 853 953 vocari.
877 897 962 952 Ita
983 908 1038 950 ut
1061 915 1120 951 ea
1142 896 1503 950 tantummodo
1525 895 1875 966 pra'scientia,
1897 911 2012 966 qua:
2034 894 2226 947 dicitur

657 991 1066 1063 prcedestinatio,
1097 992 1152 1044 in
1190 990 1322 1045 bono
1350 1005 1549 1059 semper
1569 987 1930 1057 intelligatur:
1969 985 2082 1040 sola
2110 1000 2246 1050 vero,

655 1082 980 1151 prwscientia
1001 1081 1112 1134 sine
1137 1079 1591 1150 prmdestinatione
1616 1078 1824 1132 omnino
1845 1075 2105 1130 malorum
2127 1084 2222 1141 est,

653 1189 771 1244 quae
794 1173 932 1228 Deus
959 1189 1059 1228 non
1091 1172 1241 1242 facit.

1294 1319 1607 1360 CORRECTIO.

725 1439 1016 1510 ngimus
1065 1439 1252 1510 utique
1286 1437 1397 1494 Deo
1447 1437 1669 1508 gratias,
1721 1436 1813 1507 qui
1865 1445 1917 1490 te
1956 1435 2227 1490 nolentem

659 1530 907 1586 fortassis
934 1529 1372 1600 nescientemque
1425 1529 1552 1584 fecit
1595 1528 1932 1600 aliquatenus
1959 1527 2100 1598 quod
2130 1542 2225 1580 ve-

657 1642 776 1682 rum
797 1634 882 1681 est
920 1623 1185 1681 conﬁteri.
1227 1624 1328 1691 Qui
1375 1624 1518 1678 enim
1550 1623 1809 1677 hactenus
1834 1621 2227 1692 praescieutian

658 1725 715 1772 et
761 1715 1281 1787 praedestinationem
1324 1730 1488 1768 unum
1538 1729 1656 1769 esse
1703 1703 2030 1775 astruxeras,
2083 1726 2227 1766 nunc

663 1806 900 1872 differre,
919 1807 1164 1877 quamvis
1182 1806 1423 1871 subdole,
1448 1805 1740 1861 conﬁteris.
1763 1805 1994 1860 Dicendo
2014 1804 2230 1876 quippe,

660 1903 833 1957 omnis
880 1900 1268 1971 prcedestinatio
1293 1900 1642 1970 prmscientia,
1697 1914 1800 1952 non
1843 1908 2017 1952 autem
2063 1898 2230 1952 omnis

654 1993 982 2068 prcescientia
1032 1993 1440 2063 prwdestinatio.
1469 1990 1709 2062 profecto
1738 2006 1802 2045 ea
1846 1989 2024 2059 aliquo
2072 1989 2231 2044 modo

657 2085 875 2143 diﬁ‘erre
927 2085 1286 2140 demonstras.
1334 2081 1576 2148 Verum,
1640 2081 1780 2150 quod
1837 2080 2231 2150 praescientiam

654 2177 1178 2250 prcedestinationem
1209 2189 1507 2243 nuncupas,
1561 2189 1592 2227 a
1638 2188 1767 2228 vero
1806 2172 2025 2227 devias:
2055 2186 2229 2240 neque

655 2272 800 2327 enim
832 2269 1169 2340 praescientia
1220 2275 1306 2323 est
1347 2265 1765 2337 praedestinatio,
1814 2277 1988 2332 neque
2023 2263 2232 2333 praede-

655 2362 874 2418 stinatio
903 2359 1260 2429 praescientia,
1307 2358 1552 2429 quamvis
1589 2355 1922 2426 praescientia
1966 2371 2064 2425 pro
2097 2369 2232 2424 prte-

655 2451 1015 2507 destinatione
1037 2450 1208 2506 soleat
1241 2448 1525 2518 aliquoties
1551 2447 1708 2517 poni;
1739 2445 1898 2501 veluti
1930 2460 2055 2499 cum
2100 2444 2234 2499 dixit

654 2545 946 2616 Apostolus
1011 2563 1024 2600 :
1090 2543 1387 2600 Secundum
1449 2541 1829 2612 prrvscientiam
1891 2540 1989 2594 Dei
2047 2539 2232 2593 electos

655 2635 707 2701 (Ι
741 2635 883 2690 Petr.
912 2652 951 2701 ι,
979 2636 1058 2707 2),
1102 2635 1286 2705 utique
1315 2632 1706 2704 praescieutiam
1752 2647 1851 2702 pro
1887 2630 2233 2702 praedestina-

655 2729 804 2784 tione
836 2729 1077 2798 posuisse
1119 2727 1438 2798 intelligitur
1469 2744 1482 2779 :
1511 2724 1914 2795 praedestinatio
1957 2738 2087 2776 vero
2132 2735 2233 2791 pro

655 2818 992 2891 przescientia
1024 2833 1288 2887 nusquam
1335 2816 1506 2886 posita
1557 2815 1844 2886 reperitur.
1895 2812 2126 2868 Proinde
2153 2811 2234 2866 di-

657 2910 888 2966 cendum
913 2909 1106 2975 fuerat,
1136 2909 1276 2964 sicut
1302 2907 1683 2962 memorandus
1712 2906 1874 2961 Pater
1901 2903 2232 2974 Augustinus

659 3000 796 3056 dixit
823 3000 908 3071 (de
937 2997 1192 3053 Prtedest.
1232 2997 1438 3064 Sanct.,
1480 3014 1598 3069 cap.
1632 2997 1744 3068 l0),
1788 2995 1913 3067 quia
1956 2993 2232 3064 prazdesti-

2325 544 2502 594 nasse,
2531 544 2649 598 qua:
2695 543 2802 583 non
2857 542 2923 581 ex
2962 527 3078 597 ipso
3113 534 3263 603 erant
3293 541 3490 580 causam
3537 533 3776 598 operationis

2324 617 2619 690 habitura.]
2658 618 2698 688 -ι-
2746 617 3058 688 Fulgentius
3105 617 3307 670 initium
3357 619 3696 682 responsionum
3724 638 3778 676 se-

2326 711 2484 766 cundi
2508 710 2627 765 libri
2655 711 2721 764 ad
2758 709 3049 764 Monimum
3081 709 3153 762 ita
3187 723 3406 763 exorsus
3439 719 3512 762 est
3539 727 3550 761 :
3578 709 3721 782 [Satis,
3742 725 3778 768 ut

2325 804 2576 869 arbitror,
2606 803 2836 858 Moninie
2865 803 3204 866 charissime,
3228 802 3550 872 qurestionem
3583 805 3634 857 de
3657 807 3777 859 diver-

2326 895 2484 951 sitate
2511 895 3018 968 praedestinatiouis,
3037 893 3302 964 iustorum
3331 894 3516 949 scilicet
3557 902 3601 949 et
3637 895 3781 966 iniquo-

2327 1003 2468 1052 rum,
2494 987 2597 1043 hoc
2623 994 2705 1042 est
2736 1000 2921 1041 eorum
2955 1000 3092 1056 quos
3129 985 3358 1056 gratuita
3403 986 3703 1041 misericordia
3723 987 3780 1042 Dei

2325 1077 2660 1147 praeveniens
2729 1075 3105 1147 justiﬁcandos
3161 1075 3454 1139 convertit,
3516 1075 3780 1145 gloriﬁcatur:

2325 1181 2633 1232 conversos,
2675 1175 2729 1220 et
2777 1182 2966 1222 eorum
3011 1181 3148 1237 quos
3182 1163 3324 1232 justa
3372 1164 3457 1220 Dei
3508 1166 3713 1221 severitas
3749 1169 3782 1222 in

2325 1257 2562 1325 peccatis
2607 1256 2931 1327 derelinquit
2987 1255 3239 1325 punitura
3295 1255 3569 1318 damnatos,
3616 1258 3784 1323 superior

2327 1363 2528 1414 sermo,
2565 1349 2618 1403 in
2663 1357 2922 1419 quantum
2970 1347 3230 1403 Dominus
3275 1347 3588 1418 pusillitatem
3619 1359 3781 1403 nostram

2328 1439 2575 1511 dignatus
2612 1450 2694 1496 est
2730 1439 3001 1510 adjuvare,
3029 1447 3410 1510 pertractatam
3435 1439 3637 1492 continet
3673 1447 3710 1490 et
3730 1454 3783 1491 so-

2330 1532 2496 1587 lutam
2523 1550 2536 1587 :
2569 1533 2640 1587 ita
2663 1541 2720 1586 ut
2749 1532 3009 1601 plerique,
3037 1530 3163 1585 licet
3192 1531 3244 1584 in
3270 1543 3332 1584 ea
3361 1529 3518 1584 solent
3557 1545 3642 1582 non
3662 1527 3784 1583 leviter

2327 1623 2651 1694 permoveri,
2712 1621 2868 1678 facile
2925 1622 3135 1692 possint
3183 1630 3238 1674 et
3289 1620 3564 1674 divinorum
3606 1619 3782 1672 librorum

2331 1717 2654 1772 testimoniis
2680 1716 2891 1780 instrui,
2915 1724 2968 1770 et
2991 1715 3047 1770 S.
3072 1713 3356 1784 Augustini
3378 1712 3536 1776 libris,
3555 1719 3600 1766 et
3616 1710 3782 1781 Prosperi

2261 1792 2684 1865 Beruditissimi
2736 1809 2835 1863 viri
2883 1807 3324 1878 rcSponsionibus
3373 1805 3634 1868 informari,
3658 1805 3784 1874 quibus

2334 1909 2628 1972 agnoscant
2681 1899 3209 1970 praedestinationem
3254 1897 3348 1952 Dei
3394 1896 3510 1951 nihil
3555 1895 3664 1949 aliud
3696 1910 3782 1956 esse,

2332 1993 2438 2048 nisi
2482 1993 2929 2064 prceparationem
2968 2006 3193 2061 operum
3248 1989 3383 2059 ejus,
3435 2005 3540 2057 qua:
3578 1989 3620 2041 in
3657 1996 3783 2041 atem:

2333 2102 2429 2143 sua
2484 2085 2854 2157 diSpositione,
2910 2094 3003 2140 aut
3060 2085 3474 2140 misericorditer
3523 2096 3572 2137 se
3607 2081 3784 2134 factnmm

2331 2179 2620 2252 praascivit,
2661 2187 2754 2231 aut
2769 2175 2933 2246 juste.
2968 2177 3034 2230 Et
3066 2177 3194 2246 quia
3227 2177 3278 2230 in
3306 2174 3524 2252 peccatis
3560 2188 3636 2227 nec
3653 2171 3786 2224 miscri-

2333 2250 2515 2326 cordia
2567 2269 2837 2324 invenitur
2887 2284 2984 2324 nec
3027 2265 3240 2336 justitia
3267 2282 3281 2321 :
3307 2250 3517 2336 ideoque
3552 2277 3712 2317 onmem
3728 2259 3785 2313 ini-

2332 2378 2559 2434 quorum
2592 2361 2786 2416 malam
2816 2361 3150 2418 voluntatem
3177 2376 3283 2430 qua
3329 2367 3536 2431 peccant
3567 2374 3592 2410 a
3612 2356 3786 2423 Deoprs-

2333 2456 2542 2519 scitam,
2569 2470 2674 2510 non
2702 2463 2881 2508 tamen
2927 2468 3048 2508 esse
3087 2468 3118 2506 a
3154 2453 3267 2507 Deo
3300 2449 3691 2521 prredestinatam,
3712 2457 3785 2495 cum

2333 2545 2502 2615 ipsam
2527 2543 2855 2599 voluntatem
2887 2542 3083 2596 malam
3106 2557 3218 2596 non
3256 2540 3410 2594 aliter
3437 2548 3592 2594 essent
3617 2534 3784 2593 habituri,

2334 2639 2435 2694 nisi
2489 2639 2544 2692 in
2586 2653 2652 2692 eo
2701 2639 2845 2708 quod
2887 2635 3118 2690 fuissent
3167 2650 3199 2692 a
3228 2633 3449 2690 Domino
3487 2629 3786 2685 recessurinec

2334 2731 2504 2787 Deum
2574 2731 2989 2802 prae-destinasse
3037 2727 3422 2784 discessionem
3465 2725 3656 2780 hominis
3688 2737 3708 2773 a
3739 2735 3785 2778 se.

2332 2841 2455 2882 cum
2480 2840 2643 2880 causa
2676 2823 2842 2893 ipsius
2882 2821 3235 2878 discessionis
3281 2821 3392 2876 sola
3437 2816 3679 2874 voluntaria
3699 2820 3786 2865 esset

2335 2916 2543 2970 aversio
2571 2914 2890 2985 peccatoris,
2923 2929 3042 2984 quae
3091 2914 3221 2982 quia
3262 2911 3426 2968 Deum
3455 2911 3608 2964 futura
3641 2922 3715 2960 non
3744 2905 3787 2954 la-

2334 3009 2434 3064 tuit
2487 3008 2541 3062 in
2598 3016 2798 3063 aeterna
2842 3006 3183 3077 prmscientia
3242 3005 3358 3076 ejus
3412 3010 3699 3076 praeparatam
3727 2995 3785 3051 sibi

657 3091 805 3146 natio
826 3091 944 3146 sine
970 3089 1305 3161 praescientia
1339 3104 1442 3143 non
1473 3096 1652 3159 potest
1677 3102 1815 3152 esse,
1844 3093 2020 3156 potest
2047 3093 2226 3139 autem
2262 3161 2300 3175 Α
2331 3116 2549 3175 ρωηωη
2579 3101 2740 3172 ius”,
2763 3099 3132 3156 retributionis
3153 3097 3406 3172 inveni”

655 3189 788 3238 esse'
810 3183 925 3238 sine
950 3181 1418 3251 przedestinatione
1444 3180 1804 3250 procscientia.
1841 3178 1980 3247 Quid
2015 3177 2231 3233 clarita-
2257 3161 2303 3224 C

658 3284 768 3330 tem
815 3274 1080 3328 dictorum
1141 3273 1466 3328 obnubilas?
1511 3272 1639 3340 quid
1688 3287 1858 3342 aquas
1915 3269 2234 3340 purissimas

655 3363 955 3420 fteculentis
1001 3363 1454 3432 disputationibus
1501 3363 1724 3418 turbas?
1770 3362 1879 3418 Cur
1903 3377 2002 3416 nos
2049 3378 2079 3415 a
2127 3361 2234 3416 vivi

655 3444 820 3512 fontis
869 3461 997 3525 potu
1030 3453 1319 3524 purissimo
1347 3454 1414 3508 ad
1461 3454 1711 3507 cisternas
1765 3469 1883 3523 qum
1911 3470 2014 3506 non
2062 3451 2233 3506 ualent

657 3563 822 3617 aquas
846 3546 1110 3600 continere
1145 3543 1278 3614 (Jer.
1332 3561 1392 3609 ιι,
1424 3542 1512 3614 15)
1555 3544 1830 3599 traducis?
1864 3543 2066 3612 Nempe
2111 3558 2235 3597 cum

2333 3265 2340 3278 ⁸
2404 3191 2669 3264 ’ξορυὶὺυε
2697 3190 3097 3246 deﬁnitionibus
3138 3200 3448 3245 sanctorum
3487 3186 3666 3241 Patrum
3686 3181 3789 3248 liquet

2335 3277 2479 3340 aliud
2527 3299 2648 3339 esse
2686 3283 3081 3354 praescientiam
3105 3323 3121 3349 ,
3167 3283 3314 3338 aliud
3361 3277 3786 3352 praedestinationeiu.

2337 3375 2442 3432 Sed
2464 3391 2585 3431 cum
2612 3375 2748 3430 dicis
2777 3393 2790 3428 :
2818 3373 2946 3430 Sola
2992 3390 3108 3428 vero
3149 3373 3473 3444 pra’scientt'a
3496 3371 3592 3424 sine
3612 3362 3788 3438 prodesti-

2336 3467 2545 3520 natione
2585 3466 2796 3520 omnino
2835 3463 3097 3518 malorum
3131 3474 3209 3518 est
3232 3505 3246 3528 ,
3295 3479 3410 3535 quia
3436 3461 3560 3517 Deus
3596 3455 3788 3524 nontam;

2334 3572 2523 3612 verum
2547 3565 2649 3621 est,
2680 3557 2723 3612 si
2755 3565 2932 3610 tamen
2967 3556 3234 3612 malorum
3281 3551 3488 3611 nomine
3525 3559 3787 3623 peccatum!

658 3637 860 3706 aliquid
901 3651 999 3707 pro
1049 3635 1218 3690 altero
1264 3635 1518 3708 ponitur,
1573 3635 1719 3690 aliud
1772 3650 1995 3690 necesse
2034 3643 2118 3690 est
2166 3635 2232 3689 sit

2335 3648 2501 3703 etiam
2526 3663 2713 3704 eorum
2757 3660 2948 3718 pinnas
2979 3647 3258 3718 intelligis,
3290 3663 3422 3718 quas
3452 3646 3548 3701 Deo
3573 3641 3788 3697 vindicem

654 3729 797 3800 quod
823 3729 1064 3799 ponitur,
1094 3728 1235 3782 aliud
1262 3743 1360 3799 pro
1379 3743 1487 3798 quo
1514 3728 1754 3797 ponitur.
1787 3727 1854 3782 Et
1879 3743 2002 3782 cum
2035 3727 2232 3781 dicitur

653 3820 1074 3892 praedestinatio,
1125 3835 1232 3874 non
1285 3824 1462 3892 potest
1515 3834 1634 3874 esse
1681 3820 1800 3873 sine
1852 3817 2232 3889 praescientia;

656 3912 995 3984 praescientia
1023 3920 1202 3966 autem
1244 3920 1423 3982 potest
1443 3926 1563 3966 esse
1591 3911 1708 3966 sine
1735 3910 2234 3981 praedestinatione,

2337 3741 2501 3796 tribui
2533 3740 2709 3795 nullus
2761 3739 3152 3796 catholicorum
3211 3748 3392 3810 negat.
3432 3738 3581 3793 Porro
3615 3732 3785 3787 malorum

2335 3832 2727 3902 przcscientiam
2757 3832 2964 3899 dicens,
2999 3833 3189 3902 utquid
3224 3833 3464 3903 superius
3487 3828 3787 3892 malorumprt-

2337 3921 2619 3978 scientiam
2664 3922 2928 3993 tantisper
2979 3923 3304 3993 negaveris,
3359 3930 3449 3976 aut
3495 3929 3642 3975 utrum
3673 3915 3710 3968 in
3740 3909 3786 3962 his

659 4004 940 4074 perspicue
971 4003 1276 4059 declaratur
1303 4005 1447 4059 aliud
1479 4019 1598 4059 esse
1639 4003 2036 4073 prrescientiam
2075 4011 2232 4074 atque

2337 4016 2498 4070 etiam
2523 4014 2704 4070 verbis
2733 4015 2837 4070 tuis
2857 4029 2888 4069 a
2915 4016 3193 4070 contrario
3223 4014 3503 4071 identidem
3527 3999 3788 4069 velisintelligi

656 4096 800 4151 aliud
840 4096 1386 4166 praedestinationem.
1434 4095 1558 4150 ldeo
1590 4095 1789 4166 quippe
1834 4094 2236 4166 prcedestinatio

657 4201 764 4242 non
809 4195 984 4256 potest
1028 4201 1147 4241 esse
1193 4187 1309 4241 sine
1334 4185 1694 4256 praescientia,
1730 4185 1859 4255 quia
1907 4184 2084 4240 nullus
2130 4185 2234 4240 nisi

655 4277 987 4348 praesciendo
1014 4276 1360 4346 praedestiuat
1387 4295 1400 4331 :
1434 4291 1590 4332 nemo
1612 4278 1754 4331 enim
1783 4276 2073 4331 nesciendo
2094 4292 2234 4346 prae»

658 4368 920 4433 destinat;
960 4368 1295 4438 przescientia
1321 4383 1452 4424 vero
1483 4368 1684 4423 idcirco
1730 4368 1844 4422 sine
1880 4367 2234 4438 praedestina-

657 4457 804 4512 tione
827 4465 1006 4528 potest
1033 4472 1172 4523 esse,
1199 4459 1452 4528 quoniam
1484 4458 1649 4512 multa
1672 4468 1896 4529 possunt
1925 4458 2051 4513 sciri
2073 4467 2235 4528 atque

659 4549 921 4620 priesciri,
953 4564 1072 4618 quae
1092 4549 1396 4606 nullatenus
1420 4551 1886 4620 praedestinentur.

732 4640 848 4697 Hoc
889 4639 1052 4696 habet
1103 4640 1341 4696 deﬁnitio
1391 4640 1687 4695 beatissimi
1736 4639 2043 4712 Augustini,
2091 4640 2230 4698 hanc

655 4742 954 4803 sequuntur
968 4746 1157 4786 omnes
1174 4731 1424 4786 catholici
1442 4731 1742 4785 divinorum
1765 4731 2101 4802 eloquiorum
2122 4741 2230 4787 tra-

655 4833 912 4888 ctatores,
927 4839 1154 4894 quorum
1169 4822 1401 4894 Prosper
1415 4824 1488 4878 ita
1504 4824 1760 4879 adversus
1785 4823 2122 4896 Pelagianos,
2137 4842 2231 4896 pa-

657 4921 836 4968 rentes
853 4922 995 4978 tuos,
1015 4929 1180 4982 agens
1201 4913 1437 4983 loquitur
1453 4915 1541 4986 (ad
1559 4915 1770 4985 capital.
1787 4913 1952 4984 Gall.,
1970 4933 2088 4988 cap.
2109 4918 2195 4990 15)
2214 4937 2227 4974 :

655 5002 782 5077 [Qui
811 5005 1202 5074 praescientiam
1238 5005 1332 5060 Dei
1364 5005 1417 5060 in
1455 5006 1600 5064 nullo
1647 5007 1714 5062 ab
1761 5008 1928 5079 ipsius
1954 5011 2232 5080 praedesti-

653 5095 872 5152 natione
893 5095 1174 5162 discernit,
1207 5097 1348 5166 quod
1392 5097 1731 5153 tribuendum
1759 5108 1842 5154 est
1887 5100 1997 5155 Deo
2023 5100 2092 5156 de
2136 5102 2232 5156 ho-

653 5185 760 5251 nis,
791 5185 894 5240 hoc
916 5185 967 5241 ei
1002 5186 1165 5241 etiam
1202 5186 1268 5242 de
1309 5187 1466 5243 malis
1513 5197 1740 5244 conatur
1768 5190 2040 5247 ascribere
2073 5209 2087 5246 ε
2134 5193 2228 5248 sed

654 5293 778 5332 cum
836 5280 976 5334 bona
1028 5280 1096 5336 ad
1132 5279 1442 5352 largitorem
1480 5291 1991 5354 cooperatoremque
2039 5299 2230 5343 eorum

654 5367 845 5435 Deum,
876 5370 1016 5426 mala
1049 5381 1228 5426 autem
1261 5373 1328 5427 ad
1353 5373 1714 5429 voluntariam
1761 5376 2041 5431 rationalis
2068 5393 2226 5433 crea-

654 5466 791 5516 ture
828 5462 1119 5532 nequitiam
1150 5462 1429 5520 referenda
1459 5465 1588 5532 sint,
1623 5465 1846 5521 dubium
1877 5482 1984 5522 non
2009 5471 2228 5526 estsine

655 5549 762 5604 ulla
791 5551 1072 5621 temporali
1115 5552 1416 5610 diﬁ‘erentia
1453 5556 1621 5612 Deum
1648 5565 1704 5612 et
1752 5556 2035 5627 praescisse
2069 5559 2228 5614 simul

655 5648 709 5694 et
732 5645 1146 5710 pmdestinasse
1193 5661 1315 5716 qua:
1365 5647 1482 5718 ipso
1513 5657 1670 5705 erant
1706 5659 1927 5705 auctore
1957 5647 2226 5717 facienda,

657 5731 736 5785 vel
764 5748 882 5808 quas
908 5736 1066 5792 malis
1095 5739 1302 5794 meritis
1325 5739 1474 5808 justo
1496 5750 1650 5798 erant
1673 5741 1877 5812 judicio
1909 5744 2222 5811 tribuenda;

2337 4121 2445 4160 non
2495 4105 2688 4161 elucet.
2730 4105 2882 4173 Quod
2921 4106 2968 4161 si
3007 4105 3336 4170 admittitur,
3369 4119 3572 4176 prorsus
3602 4095 3788 4154 nihilesse

2337 4197 2695 4251 convincitur.
2727 4197 2925 4252 Verum
2947 4213 3014 4252 ne
3043 4198 3109 4253 de
3139 4198 3523 4253 contrariorum
3541 4193 3677 4248 adhuc
3690 4197 3788 4254 capa-

2337 4290 2504 4345 citate
2542 4289 2810 4359 queraris,
2853 4288 3130 4345 fatendum
3162 4298 3248 4344 est
3287 4289 3390 4343 ﬁde
3425 4289 3688 4341 inconcussa
3704 4271 3788 4343 ιιι)οά

2337 4397 2513 4451 neque
2539 4381 2958 4451 praedestinatio,
2984 4398 3158 4451 neque
3183 4381 3443 4452 judicium
3473 4378 3552 4434 θεῖ
3590 4368 3787 4430 secundum

2339 4472 2624 4540 quemdam
2677 4472 2896 4526 modum
2940 4474 3343 4529 contrariorum
3382 4469 3579 4542 capacia
3613 4470 3717 4519 recte
3745 4455 3790 4542 dif

2337 4569 2554 4625 cantur,
2579 4576 2700 4615 cum
2733 4560 2786 4615 in
2820 4561 2899 4617 eis
2925 4561 3060 4616 nihil
3103 4562 3174 4616 sit
3203 4562 3423 4618 omnino
3449 4541 3728 4614 contrarium.
3743 4541 3788 4596 Ad

2336 4650 2865 4720 praedestinationem
2916 4666 3150 4721 namque
3207 4666 3273 4706 ac
3313 4649 3558 4720 judicium
3595 4641 3668 4696 Dei
3712 4629 3790 4688 nihil

2338 4747 2535 4810 prater
2556 4739 2981 4794 misericordiam
3009 4749 3064 4795 et
3082 4741 3370 4811 justitiam,
3396 4738 3474 4792 vel
3495 4733 3788 4805 quibuscum!ue

2337 4830 2459 4885 aliis
2487 4829 2765 4885 vocabulis
2797 4841 3174 4902 nuncupentur
3197 4872 3212 4897 ,
3242 4832 3506 4901 pertinere
3538 4832 3698 4882 certum
3717 4823 3786 4869 ei“

2337 4937 2458 4992 qua:
2485 4923 2794 4977 nullatenus
2841 4922 2943 4978 sibi
2973 4923 3078 4978 dici
3120 4923 3298 4977 valent
3328 4920 3597 4982 contraria,
3619 4907 3786 4983 queui“

2334 5020 2391 5067 et
2449 5011 2821 5067 misericordia
2881 5021 2936 5067 et
2978 5011 3187 5080 justitia
3235 5013 3434 5083 absque
3472 4998 3788 5066 contradich

2333 5106 2475 5162 bona
2523 5115 2668 5171 sunt,
2717 5104 2808 5160 illo
2847 5105 3099 5161 nimirum
3138 5117 3375 5170 auctore,
3407 5104 3492 5174 qui
3527 5108 3690 5155 summe
3713 5097 3788 5180 itif

2333 5195 2769 5264 sempiterneque
2785 5194 2959 5250 bonus
2987 5204 3092 5260 est,
3114 5205 3168 5250 et
3194 5211 3223 5250 a
3253 5211 3360 5266 quo
3386 5202 3464 5250 est
3486 5182 3696 5261 quidquid
3713 5178 3786 5231 boni

2334 5295 2437 5342 est.
2464 5287 2543 5341 Ac
2587 5300 2685 5356 per
2711 5287 2814 5341 hoc
2845 5287 2889 5341 si
2924 5288 3046 5358 quis
3091 5287 3504 5344 misericordiam
3529 5291 3577 5338 et
3605 5271 3785 5346 jusliliam

2334 5379 2428 5435 Dei
2480 5379 2620 5433 bona
2656 5393 2774 5433 esse
2816 5381 3123 5450 negaverit,
3170 5379 3290 5435 ﬁdei
3331 5376 3586 5434 catholica:
3619 5362 3785 5456 inimicus

2329 5470 2534 5540 absque
2571 5469 2734 5524 dubio
2772 5471 3174 5541 comprobatur.
3204 5469 3288 5525 Sit
3327 5483 3450 5540 ergo
3488 5456 3784 5536 praedestinatro

2329 5567 2386 5616 et
2411 5559 2675 5630 judicium
2735 5559 2829 5614 Dei
2881 5575 3219 5632 nequaquam
3273 5554 3629 5611 contrariorum
3661 5550 3782 5608 capti.

2329 5653 2454 5724 quia
2479 5667 2598 5722 qua:
2624 5652 2764 5708 bona
2791 5653 2932 5707 bono
2947 5663 3188 5717 auctore,
3215 5649 3454 5706 videlicet
3478 5647 3585 5704 Deo,
3606 5637 3781 5728 cristati:

2331 5713 2601 5801 contraria
2631 5745 2732 5802 sibi
2763 5760 2884 5803 esse
2920 5713 3221 5801 nullatenus
3260 5749 3496 5814 possunt.
3534 5735 3709 5800 Prosper
3728 5713 3781 5790 id
