4010 6352
215 393 355 450 M69

221 595 316 651 Dei
340 597 456 651 sive
499 597 567 651 ad
605 597 827 665 bonum,
856 600 969 656 sive
1027 605 1093 658 ad
1133 605 1335 662 malum
1377 609 1432 664 in
1485 610 1790 669 hominibus

217 687 430 756 operari
471 686 806 758 ineptissime
835 691 1052 758 dicitur,
1081 703 1140 749 ut
1179 699 1246 752 ad
1285 707 1574 771 utrumque
1621 703 1792 757 homi-

216 794 315 834 nes
342 779 586 848 quaedam
616 782 912 838 necessitas
952 784 1198 841 videatur
1227 787 1536 859 impellere;
1587 807 1709 846 eum
1737 791 1790 848 in

219 871 376 926 bonis
407 871 655 928 voluntas
679 875 748 929 sit
775 874 1114 948 intelligenda
1142 879 1208 934 de
1227 882 1420 951 gratia,
1439 883 1490 937 in
1517 883 1672 938 malis
1697 899 1793 939 au-

219 972 328 1018 tem
369 964 616 1020 voluntas
646 965 988 1037 intelligenda
1021 969 1136 1026 sine
1172 972 1386 1045 gratia].
1416 973 1456 1042 1-
1483 973 1626 1028 Idem
1658 974 1790 1030 Pro-

219 1069 346 1124 sper
388 1053 598 1126 (Ibid.).
652 1055 1086 1128 [Praedestinatio
1138 1061 1300 1132 igitur
1351 1064 1443 1118 Dei
1489 1079 1703 1135 semper
1737 1065 1792 1120 in

218 1145 362 1200 bono
391 1154 490 1212 est,
521 1155 613 1200 aut
637 1149 703 1201 ad
747 1150 1158 1207 retributionem
1205 1151 1448 1221 iustitiae,
1486 1164 1579 1210 aut
1603 1157 1668 1212 ad
1701 1157 1794 1212 do-

216 1237 493 1292 nationem
523 1239 756 1306 pertinet
781 1239 1010 1313 grati2e.]
1049 1243 1088 1312 ἦ·
1114 1243 1257 1298 ldem
1285 1245 1516 1316 Prosper
1547 1246 1740 1318 (Ibid)
1773 1262 1789 1302 :

217 1327 627 1384 Pnedestinatio
674 1347 886 1402 quoque
915 1334 1011 1389 Dei
1039 1350 1251 1406 semper
1285 1338 1338 1392 in
1371 1339 1511 1395 bono
1539 1349 1640 1406 est,
1673 1357 1793 1412 quae

215 1435 498 1496 peccatum
541 1427 654 1482 sola
702 1428 936 1486 hominis
972 1431 1249 1487 voluntate
1290 1435 1657 1501 commissum,
1700 1446 1794 1492 aut

218 1517 596 1572 remittendum
644 1520 794 1574 novit
833 1536 956 1576 cum
1005 1522 1163 1578 laude
1211 1525 1636 1593 misericordize,
1700 1536 1792 1583 aut

213 1605 553 1676 plectendum
611 1625 732 1664 cum
802 1610 958 1668 laude
995 1611 1275 1687 justiti-.e.]
1330 1618 1370 1687 νι-
1433 1618 1694 1691 Adjungis
1736 1628 1792 1675 et

213 1696 370 1752 dicis.

757 1807 984 1850 JOANNES
1021 1811 1238 1853 SCOTUS.

283 1895 435 1968 (Cap.
473 1899 560 1965 ll,
611 1917 760 1956 nttm.
807 1904 861 1965 8.
893 1914 1024 1960 sect.
1069 1905 1146 1977 7.)
1179 1918 1220 1964 Θ
1273 1907 1336 1962 Et
1381 1927 1444 1965 ne
1481 1910 1619 1967 ullus
1666 1913 1788 1969 inde

212 1986 495 2058 dubitaret,
529 1992 764 2062 adjecit:
798 1994 1079 2067 [Quocirca
1106 2001 1495 2069 prcedestinatio
1539 2003 1639 2059 Dei
1671 2024 1788 2077 qua:

211 2079 267 2133 in
315 2079 445 2134 bono
489 2093 592 2150 est,
637 2087 821 2154 gratiae
859 2098 934 2141 est
976 2093 1312 2160 prteparatio,
1357 2095 1528 2164 gratia
1551 2112 1670 2150 vero
1713 2107 1787 2152 est

213 2172 378 2242 ipsius
401 2176 880 2244 prwdestinationis
907 2181 1168 2255 eiectum]
1200 2183 1347 2238 Idem
1371 2186 1425 2240 in
1446 2186 1575 2241 libro
1591 2188 1654 2243 de
1682 2189 1790 2244 Do-

215 2279 282 2316 no
329 2269 722 2333 perseverantia:
751 2269 930 2324 eadem
962 2271 1170 2341 planius
1197 2275 1361 2345 aperit
1391 2277 1567 2332 dicens
1598 2295 1609 2332 :
1650 2277 1788 2351 [Ista

212 2353 376 2424 igitur
394 2373 492 2410 sua
533 2359 672 2413 dona
699 2361 1088 2435 quibuscunque
1121 2364 1259 2421 Deus
1285 2368 1464 2434 donat,
1487 2372 1668 2439 procul
1689 2374 1791 2428 duo

215 2448 298 2502 bio
332 2468 388 2505 se
416 2453 662 2507 daturum
691 2472 802 2510 esse
846 2460 1102 2527 prcescivit
1147 2469 1194 2514 et
1239 2462 1293 2516 in
1338 2480 1435 2516 sua
1462 2467 1787 2534 praescienlia

213 2543 554 2609 pra'paravit,
601 2550 734 2612 ques
772 2563 892 2616 ergo
919 2550 1315 2616 praedestinavit
1355 2553 1499 2622 ipsos
1538 2566 1592 2609 et
1631 2572 1790 2612 voca.

211 2631 292 2685 vit
320 2631 496 2706 (Rom.
531 2651 620 2702 x1,
649 2637 760 2705 29),
796 2643 1062 2719 vocatione
1086 2642 1179 2698 illa
1207 2647 1271 2699 de
1299 2663 1401 2716 qua
1430 2649 1626 2703 dictum
1667 2661 1740 2704 est
1768 2667 1787 2706 :

215 2722 347 2778 Sine
376 2727 692 2796 poenitentia
713 2740 838 2787 sunt
859 2733 998 2788 dona
1036 2744 1092 2790 et
1125 2739 1338 2793 vocatio
1373 2739 1465 2795 Dei
1493 2758 1505 2806 ;
1547 2741 1790 2812 Namque

214 2817 271 2870 in
303 2834 420 2884 sua,
447 2835 563 2890 quae
595 2821 712 2890 falli
740 2825 1033 2896 mutarique
1072 2845 1174 2882 non
1200 2840 1397 2900 potest,
1427 2836 1787 2901 pt‘a’scietttia,

213 2929 371 2982 opera
394 2931 490 2968 sua
505 2916 686 2985 futura
717 2919 1008 2990 disponere,
1034 2923 1090 2976 id
1110 2928 1320 2981 omnino
1344 2945 1435 2982 nec
1469 2930 1617 2984 aliud
1639 2935 1789 3003 quid-

209 3020 369 3073 quam
402 3016 476 3060 est
508 3010 923 3086 pra’destinare.]
955 3013 1091 3069 Huic
1139 3017 1444 3074 clarissima:
1466 3023 1601 3076 tubtv
1637 3035 1789 3095 atque

211 3097 555 3164 apertissima:
577 3100 995 3159 Christianorum
1027 3118 1316 3165 castrorum
1361 3115 1476 3182 quis
1519 3114 1789 3170 dissonare

207 3193 666 3262 prazsumat?qua:
697 3197 1024 3265 apertissima
1063 3218 1181 3257 voce
1223 3220 1466 3260 resonare
1505 3224 1607 3261 non
1651 3209 1789 3264 desi-

209 3281 310 3333 nit.
357 3279 425 3334 Id
472 3286 682 3339 omnino
718 3303 808 3340 nec
858 3289 1006 3343 aliud
1045 3308 1154 3346 esse
1209 3293 1377 3348 Deum
1413 3298 1788 3366 pra'destinare

206 3386 368 3433 quam
390 3376 717 3441 pra'scientia
741 3393 839 3434 sua
869 3396 1047 3450 opera,
1083 3399 1200 3450 qua:
1221 3386 1330 3439 ipse
1353 3385 1593 3454 facturus
1613 3389 1788 3460 fuerat

207 3461 500 3530 disponere.

834 3577 1150 3620 CORRECTIO.

281 3668 323 3738 1-
360 3667 436 3724 Tu
467 3671 583 3727 sine
630 3673 794 3732 dubio
848 3677 975 3733 huic
1004 3678 1316 3737 clarissimae
1349 3683 1488 3739 tubae
1515 3700 1678 3740 ausus
1727 3699 1787 3742 es

207 3761 510 3830 dissonare,
539 3767 627 3836 qui
661 3777 849 3824 contra
877 3769 1165 3841 Augustini
1191 3773 1554 3832 deﬁnitionem
1579 3778 1789 3847 magnis

203 3864 474 3924 quantum
508 3857 560 3912 in
589 3867 643 3912 te
670 3869 754 3915 est
788 3861 1244 3932 disputationibus
1282 3865 1494 3921 efﬁcere
1546 3869 1785 3936 voluisti,

204 3949 350 4004 nihil
369 3951 510 4007 aliud
549 3955 1075 4024 przedestinatiouem
1100 3959 1194 4014 Dei
1217 3973 1377 4028 quam
1392 3962 1786 4029 przescientiam

200 4042 333 4116 ejus
387 4047 581 4103 debere
630 4051 846 4120 accipi:
879 4061 935 4108 et
985 4055 1126 4110 inter
1173 4070 1336 4124 opera
1397 4057 1538 4112 illius
1593 4073 1788 4128 poenas

202 4152 351 4206 quas
402 4141 753 4207 peccantibus
797 4143 940 4213 juste
1005 4148 1349 4215 praeparavit,
1417 4148 1564 4204 nullo
1624 4150 1783 4205 modo

202 4231 533 4299 computari.
588 4232 700 4288 Hoc
733 4234 905 4305 ipsum
949 4236 1278 4294 deﬁnitionis
1304 4240 1515 4296 ratione
1560 4242 1789 4299 moliens

202 4317 501 4386 afﬁrmare,
530 4326 727 4380 transis
767 4327 832 4381 ad
877 4328 1270 4400 conglutinatas
1314 4331 1406 4386 tibi
1436 4334 1786 4388 consuetissi-

201 4425 438 4481 masque
488 4416 1042 4484 ratiocinatiuneulas,
1093 4420 1290 4490 quibus
1332 4421 1580 4477 veritatis
1605 4423 1788 4477 muni-

200 4512 396 4559 menta
420 4505 762 4577 confringere
783 4510 1136 4579 machinaris,
1168 4528 1341 4585 eaque
1367 4514 1437 4570 ab
1463 4514 1569 4572 alio
1599 4515 1785 4586 dispu-

199 4591 436 4651 tationis
459 4595 613 4652 initio
643 4599 860 4656 ordiris.

816 4737 1042 4796 CAPUT
1079 4737 1192 4794 ΧΗ.

535 4845 613 4902 De
633 4847 936 4917 deﬁnitione
971 4848 1471 4919 prcedestinationis.

279 4978 642 5036 Duodecimus
673 4980 834 5052 igitur
861 4981 1282 5052 disputationum
1333 4990 1545 5038 tuarum
1598 4981 1786 5039 titulus

197 5081 291 5129 est
326 5089 339 5126 :

751 5177 980 5219 JOANNES
1019 5179 1233 5221 SCOTUS.

279 5276 462 5349 (Num.
508 5293 546 5344 ι,
583 5286 718 5332 sect.
750 5275 815 5345 ι.)
842 5286 884 5333 Θ
913 5275 990 5331 De
1021 5277 1320 5346 deﬁnitione
1369 5276 1787 5346 pret-destinatio-

195 5373 308 5429 nis.
344 5370 464 5426 Fiat
494 5373 674 5442 igitur,
704 5369 969 5439 inquiens,
999 5370 1155 5440 hujus
1176 5370 1493 5440 deﬁnitionis
1523 5370 1786 5424 conversio

194 5468 318 5520 sic:
351 5462 411 5518 Si
430 5480 605 5518 verum
627 5473 700 5517 est
724 5479 844 5525 sua,
869 5479 984 5532 qute
1008 5461 1123 5529 falli
1148 5463 1440 5530 mutarique
1465 5478 1568 5515 non
1596 5471 1780 5530 potest,

197 5555 534 5628 prcescientiu
565 5571 720 5625 opera
769 5557 950 5624 [utura
989 5553 1282 5622 disponere,
1328 5553 1382 5606 id
1435 5553 1645 5608 omnino
1692 5569 1785 5606 nec

199 5645 354 5701 aliud
395 5645 674 5716 quidquam
712 5654 786 5698 est
820 5643 1208 5714 pra’destinare,
1233 5659 1389 5714 quam
1447 5642 1500 5695 in
1545 5660 1640 5696 sua
1668 5659 1784 5713 qua:

201 5737 327 5809 falli
365 5737 657 5808 mutarique
690 5754 793 5792 non
822 5746 986 5808 potest
1014 5735 1342 5806 prtescientia
1383 5750 1538 5804 Opera
1568 5752 1664 5788 sua
1696 5735 1782 5804 fu-

204 5839 331 5887 tura
358 5830 650 5902 disponere.

1072 401 1157 456 DE
1201 399 1876 463 PREDESTINATIONE
1917 405 2189 465 CONTRA
2231 409 2280 466 .l.
2323 407 2618 470 SCOTUM.

217 501 401 574 object.
430 499 660 569 Gallor.,
711 520 827 576 cap.
853 505 908 578 6)
959 522 973 562 :
1015 508 1567 582 [Praedestinationem
1607 527 1783 573 autem
1813 527 1858 582 Α

1813 1881 1865 1943 Β

3323 403 3464 472 1170

2505 536 2820 581 οοιωεατιο.

1960 631 2001 703 -ι-
2035 632 2172 690 Huic
2204 633 2896 701 deﬁnitioniscouversioni
2921 637 3176 708 quoniam
3205 653 3332 696 vera
3357 647 3464 708 est,

1892 726 2096 796 tibique
2119 741 2215 797 per
2235 729 2417 784 omnia
2447 744 2777 800 repugnans,
2805 731 3027 788 conﬁcis
3053 721 3213 788 aliam
3239 747 3468 788 conver-

1893 819 2098 874 sionem
2126 836 2349 891 prorsus
2371 823 2720 888 contrariam,
2749 837 2871 878 cum
2919 823 2971 878 in
3023 824 3129 880 ﬁne
3171 825 3468 896 superioris

1890 924 1958 965 ex
1985 912 2164 966 verbis
2183 912 2464 982 Augustini
2494 915 2757 984 posueris.
2787 913 3063 987 [Deﬁnitio
3095 917 3230 972 nihil
3260 918 3463 982 minus,

1891 1000 2024 1055 nihil
2053 1003 2282 1073 amplius
2309 1005 2550 1059 continet
2575 1021 2738 1074 quam
2767 1005 2821 1060 id
2852 1006 2995 1075 quod
3032 1015 3347 1078 susceptum
3383 1016 3468 1063 est

1891 1093 2285 1162 explicandum,
2313 1097 2472 1151 aliter
2498 1098 2721 1154 omnino
2740 1098 2932 1154 vitiosa
2955 1099 3082 1171 est].
3119 1099 3258 1156 Hinc
3284 1099 3458 1167 conji-

1892 1183 2034 1239 citur
2060 1184 2251 1241 falsam
2283 1201 2404 1243 esse
2425 1187 2586 1243 aliam
2615 1197 2762 1244 tuam
2785 1191 3213 1259 conversionem,
3243 1207 3364 1263 quae
3385 1192 3461 1247 ita

1892 1290 1952 1332 se
1978 1277 2184 1334 habet:

2441 1423 2668 1466 JOANNES
2706 1425 2923 1468 SCO'I‘US.

1961 1519 2113 1591 (Cap.
2152 1520 2237 1586 12,
2270 1537 2418 1577 num.
2452 1523 2507 1590 2,
2542 1534 2673 1579 sect.
2703 1526 2769 1596 ι.)
2799 1533 2839 1580 Θ
2870 1522 2928 1579 Si
2949 1525 3116 1578 omnis
3139 1523 3466 1595 prtescientia

1888 1631 1992 1682 qua
2011 1614 2152 1670 Deus
2184 1633 2338 1686 opera
2357 1635 2455 1671 sua
2486 1618 2665 1688 futura
2691 1619 2967 1688 disposuit,
2993 1619 3170 1672 divina
3189 1618 3469 1688 ’prtedesti-

1890 1707 2033 1760 natio
2057 1716 2151 1770 est,
2185 1709 2353 1763 omnis
2377 1709 2784 1779 prtedestinatio,
2829 1726 2930 1779 qua
2984 1708 3124 1764 Deus
3167 1725 3324 1780 opera
3367 1724 3466 1764 sua

1889 1797 2071 1867 futura
2097 1799 2372 1871 disposuit,
2403 1800 2582 1855 divina
2603 1801 2927 1871 prwscientia
2947 1809 3041 1854 est.

2519 1950 2839 1992 COBRECTIO.

1957 2065 1998 2134 1-
2030 2064 2148 2122 Non
2195 2067 2298 2123 hoc
2348 2067 2658 2124 continetur
2685 2069 2738 2124 in
2770 2068 3083 2124 deﬁnitione
3128 2069 3409 2141 Augustini
3447 2085 3466 2126 :

1888 2169 1996 2209 non
2027 2157 2172 2210 enim
2222 2157 2358 2211 dixit
2389 2159 2531 2227 quod
2559 2159 2734 2214 omnis
2764 2160 3134 2230 pnescientia,
3175 2177 3280 2230 qua
3327 2161 3470 2218 Deus

1888 2260 2050 2315 opera
2081 2261 2175 2301 sua
2209 2245 2386 2301 futura
2406 2247 2687 2318 disposuit,
2715 2249 2894 2303 divina
2920 2250 3320 2318 przedestinatio
3345 2259 3428 2306 est
3452 2266 3469 2282 ο

1889 2339 1982 2394 sed
2011 2341 2154 2410 quod
2205 2341 2259 2394 in
2312 2355 2427 2406 sua,
2486 2357 2604 2411 quae
2662 2341 2770 2396 falli
2834 2342 3141 2412 mutarique
3198 2359 3304 2398 non
3367 2359 3465 2413 po-

1890 2440 2028 2496 test,
2073 2433 2411 2502 prtescicntia
2455 2450 2620 2504 opera
2673 2450 2768 2489 sua
2821 2435 2996 2490 futura
3049 2436 3370 2506 disponere,
3413 2437 3468 2491 id

1888 2526 2107 2579 omnino
2147 2541 2246 2580 nec
2285 2525 2425 2580 aliud
2463 2527 2753 2596 quidquam
2791 2537 2874 2581 est
2911 2527 3312 2598 prtedestinare.
3360 2527 3472 2582 Nec

1890 2615 2044 2680 dixit,
2073 2614 2418 2670 Pmscientia
2449 2625 2533 2671 est
2557 2617 2837 2687 dispositio
2867 2632 3090 2686 operum
3134 2617 3228 2671 Dei
3270 2616 3472 2672 futuro-

1890 2723 2007 2761 rum
2033 2724 2046 2771 ;
2076 2707 2170 2764 sed
2199 2708 2250 2762 in
2273 2709 2610 2780 praeseientia
2639 2711 2818 2780 posuit
2842 2711 3268 2780 dispositionem.
3303 2710 3356 2764 id
3384 2718 3470 2765 est

1888 2798 2436 2869 prmdestinationem.
2487 2799 2644 2852 Aliud
2696 2809 2781 2853 est
2825 2815 2954 2869 ergo
3004 2799 3368 2870 praescientia,
3410 2799 3465 2853 in

1891 2906 1994 2960 qua
2022 2889 2396 2958 disponuntur,
2426 2888 2530 2943 hoc
2563 2897 2646 2943 est
2675 2889 3124 2958 praedestinantur
3162 2904 3348 2958 opera,
3372 2888 3466 2943 Dei

1891 2981 2069 3036 futura
2104 2999 2118 3036 :
2151 2981 2292 3035 aliud
2323 2980 2618 3050 dispositio,
2651 2983 2752 3036 hoc
2780 2990 2863 3037 est
2887 2981 3290 3052 praedestinatio
3314 2980 3464 3035 futu-

1891 3088 2073 3126 rorum
2106 3086 2328 3141 operum
2353 3070 2493 3126 illius
2524 3072 2577 3126 in
2619 3072 2735 3142 ejus
2763 3072 3100 3141 praescientia
3150 3072 3464 3127 constituta.

1890 3159 2237 3217 Praescieutia
2293 3162 2438 3217 enim
2469 3163 2751 3231 disposuit,
2791 3163 2893 3218 hoc
2918 3170 3000 3218 est
3045 3164 3466 3234 prtedestinavit,

1815 3243 1859 3307 C
1889 3269 2052 3324 opera
2114 3270 2207 3309 sua
2257 3253 2458 3320 futura,
2513 3271 2619 3309 non
2668 3257 3139 3325 prtedestinatione
3191 3257 3465 3326 prmscivit

1891 3362 2052 3417 opera
2085 3363 2181 3402 sua
2211 3347 2389 3402 futura
2425 3366 2437 3400 :
2473 3349 2813 3417 przescientia
2843 3349 3039 3419 quippe
3064 3349 3272 3404 ratione
3315 3364 3460 3418 prae—

1891 3437 2307 3492 destinationem
2324 3437 2862 3507 praecedit,videlicet
2885 3438 3011 3506 quia
3037 3454 3103 3494 ex
3130 3438 3466 3506 prtescientia

1888 3529 2315 3601 prmdestinatio,
2355 3545 2462 3584 non
2506 3545 2574 3584 ex
2615 3530 3089 3600 praedestinatioue
3124 3529 3302 3599 prodit
3331 3545 3466 3598 pne-

1891 3619 2136 3674 scicntia.
2170 3620 2234 3674 Et
2264 3619 2403 3674 sicut
2427 3629 2573 3675 recte
2601 3619 2798 3674 dicitur
2825 3619 3158 3688 praesciendo
3184 3618 3466 3687 praedesti-

1890 3720 2000 3774 nat,
2024 3711 2456 3780 prmdestinando
2477 3711 2693 3781 praascit
2711 3729 2724 3764 :
2742 3711 2814 3763 ita
2842 3726 2946 3765 non
2969 3717 3116 3764 recte
3141 3709 3466 3779 generaliter

1890 3803 2115 3867 dicitur,
2183 3803 2517 3872 praescientia
2568 3801 2950 3872 praedestinat,
2992 3801 3466 3870 przedestinatione

1889 3897 2122 3968 praescit.
2146 3895 2199 3950 ιιι
2232 3908 2313 3950 est
2350 3912 2472 3951 cum
2499 3905 2644 3951 recte
2673 3895 2912 3959 dicatur,
2951 3893 3287 3964 praescieutia
3326 3909 3464 3963 pra:-

1889 3987 2180 4052 dcstiuare,
2204 4002 2311 4041 non
2336 3995 2444 4041 tam
2465 3986 2571 4041 late
2599 3994 2742 4041 recte
2773 3985 2984 4040 dicatur
2996 3984 3466 4054 praedestinatioue

1889 4077 2168 4147 praescire;
2205 4094 2308 4131 non
2346 4076 2490 4132 enim
2517 4093 2584 4132 ex
2615 4075 3081 4147 pradestiuatioue
3108 4074 3465 4144 praescientia,

1888 4168 1982 4222 sed
2015 4184 2081 4223 ex
2109 4167 2449 4238 praescientia
2490 4167 2890 4238 praedestinatio
2931 4166 3181 4220 sumitur.
3239 4164 3466 4234 Ideoth

1891 4271 2111 4330 possunt
2158 4260 2322 4314 multa
2365 4261 2606 4329 praesciri
2637 4259 2840 4329 absque
2866 4258 3367 4330 praedestinatione,
3402 4258 3452 4311 id

1888 4361 1972 4407 est
1997 4369 2116 4422 quae
2140 4352 2494 4422 prwsciautur
2525 4360 2754 4417 tantum,
2789 4360 2841 4407 et
2863 4367 2967 4406 non
2992 4351 3464 4420 praedestinentur,

1890 4441 2032 4496 nulla
2073 4457 2202 4496 vero
2229 4451 2457 4512 possunt
2508 4442 2883 4512 praedestinari
2935 4442 3039 4497 nisi
3082 4441 3458 4511 pnesciantur.

1891 4532 2167 4602 Nusquam
2189 4548 2319 4588 sane
2345 4531 2428 4586 vel
2456 4531 2837 4603 Augustinum,
2869 4531 2952 4587 vel
2983 4540 3209 4587 caeteros
3270 4529 3460 4585 Patres

1812 4597 1866 4660 Ῐ)
1894 4625 2097 4680 dixisse
2127 4625 2430 4680 invenimus
2454 4639 2667 4680 omnem
2691 4623 3090 4694 praescientiam
3115 4638 3235 4679 esse
3256 4623 3462 4694 praede.

1894 4715 2265 4781 stinationem,
2335 4714 2415 4770 vel
2471 4729 2686 4769 omnem
2747 4714 3272 4785 pmdestinationem
3347 4726 3466 4766 esse

1892 4807 2323 4876 przescieutiam;
2375 4807 2470 4861 sed
2506 4821 2665 4876 posse
2715 4805 3111 4876 przeseientiam
3163 4818 3282 4859 esse
3347 4801 3468 4858 sine

1894 4897 2388 4968 praedestinatioue,
2419 4897 2949 4967 pmdestinationem
2975 4910 3104 4950 vero
3155 4895 3271 4950 sine
3323 4909 3465 4964 prae-

1893 4994 2122 5049 scientia
2174 5007 2468 5063 nunquam.
2501 4992 2671 5064 lgitttr
2701 4990 2952 5047 falsitatis
2981 4987 3318 5045 convincitur
3339 5002 3466 5041 cou-

1890 5087 2067 5142 versio
2100 5096 2211 5153 tua,
2249 5100 2369 5156 quae
2405 5085 2737 5141 deﬁnitionis
2783 5093 2957 5138 metas
3002 5079 3286 5142 excedens,
3319 5094 3468 5134 com-

1890 5188 2070 5234 menta
2097 5188 2201 5245 est,
2237 5177 2507 5249 quodnon
2543 5178 2703 5231 habet
2734 5176 2936 5230 veritas
2962 5172 3308 5227 deﬁnitionis.
3357 5171 3465 5225 Nec
3545 5193 3552 5196 ·

1889 5269 2086 5324 mirum
2136 5269 2180 5324 si
2231 5270 2636 5324 conversionem
2671 5266 2933 5326 nomines,
2985 5279 3103 5333 quze
3153 5278 3183 5318 a
3234 5263 3460 5317 veritate

1889 5363 2171 5418 discedens
2210 5371 2437 5417 conatur
2467 5359 2718 5414 inducere
2765 5355 3078 5419 falsitatem,
3125 5369 3248 5410 cum
3297 5371 3457 5409 voca-

1890 5452 2072 5508 bulum
2119 5450 2490 5507 conversionis
2534 5447 2844 5516 ambiguum
2876 5444 3156 5510 habeatur,
3197 5451 3305 5498 tam
3359 5442 3466 5496 sci-

1888 5546 2014 5602 licet
2048 5563 2077 5602 a
2109 5547 2250 5601 malo
2300 5546 2353 5600 in
2399 5545 2616 5606 bonum,
2669 5541 2809 5610 quod
2849 5548 2932 5593 est
2963 5536 3250 5601 laudabile,
3299 5551 3462 5606 quam

1891 5657 1922 5695 a
1960 5640 2103 5696 bono
2133 5641 2183 5694 in
2212 5637 2432 5712 malum,
2477 5635 2616 5704 quod
2665 5641 2748 5688 est
2791 5629 3160 5701 vituperabile.
3195 5626 3310 5682 Non
3356 5627 3460 5681 ita-

1890 5751 1994 5803 que
2041 5732 2325 5787 dicendum
2377 5737 2490 5792 est,
2540 5727 2716 5781 omnis
2778 5721 3114 5794 prtescientia
3169 5735 3272 5790 qua
3323 5720 3466 5773 Deus

1894 5841 2057 5896 opera
2080 5839 2176 5877 sua
2209 5822 2382 5875 futura
2420 5818 2706 5889 disposuit,
2740 5816 2918 5872 divina
2948 5811 3289 5886 praescientia
3341 5817 3460 5876 est;
