4010 6352
563 365 695 420 1171
1549 362 1604 416 S.
1643 359 2014 418 PRUDEN'l‘ll
2054 357 2430 414 TliECENSlS
2468 358 2772 416 EPISCOPI
3675 357 3823 418 11η

564 485 619 532 et
640 475 816 530 omnis
842 474 1264 546 pmdestinatio,
1310 487 1414 540 qua
1461 470 1602 525 Deus
1630 487 1793 541 Opera
1821 487 1914 526 sua
1947 469 2126 524 futura
2156 473 2206 532 Α
2232 471 2324 538 qui
2367 472 2669 540 posthabita
2689 512 2703 536 ,
2748 473 2858 526 imo
2893 485 2991 526 nec
3033 473 3267 544 cogitata
3308 474 3676 545 perversitate
3707 483 3820 538 tua,

564 567 850 638 disposuit,
896 565 1076 620 divina
1116 563 1488 634 praescientia;
1538 562 1632 617 sed
1695 563 1748 616 in
1791 563 2128 632 praescientia
2227 561 2448 616 beatum
2483 561 2839 632 Augustinum
2887 564 3298 633 praedestinatum
3341 567 3410 620 ad
3453 582 3682 635 poenam
3715 581 3822 621 nos

564 659 683 725 Dei,
711 675 814 730 qua
844 673 1005 730 opera
1048 671 1143 712 sua
1170 657 1348 711 futura
1375 655 1662 726 disposuit,
1692 654 1873 709 divina
1919 655 2126 724 praede-
2228 651 2517 716 contrarie,
2544 653 2637 707 sed
2665 661 2830 719 recte,
2860 669 2964 708 non
2996 656 3282 725 negatione
3309 657 3404 712 sed
3430 657 3671 710 veritate
3699 671 3824 710 sen-

565 751 786 810 stinatio
808 759 911 815 est,
941 757 995 804 et
1017 748 1191 803 omnis
1230 747 1630 818 praedestinatio
1661 746 1798 815 ejus,
1829 761 1932 815 qua
1963 761 2126 816 opera
2227 745 2364 801 sissc
2408 752 2571 812 atque
2617 744 2820 800 dixisse
2849 746 3155 801 confirmat.
3189 745 3424 804 Proinde
3470 762 3601 802 cum
3643 761 3824 815 paena

570 857 663 898 sua
689 837 876 898 'futura
908 840 1192 910 disposuit,
1229 839 1283 894 in
1317 839 1496 893 divina
1529 838 1866 908 praescientia
1891 846 1992 894 est.
2027 837 2130 894 Ve-
2227 833 2624 902 praedestinalio
2659 835 2861 890 donum
2899 835 2992 890 Dei
3023 853 3131 893 non
3168 838 3260 902 sit,
3292 838 3385 893 sed
3425 837 3641 906 peccati
3675 835 3822 904 judi-

565 953 684 991 rum
713 935 977 1006 estigitur
1004 933 1145 1004 quod
1165 932 1438 988 concludis
1459 932 1710 1008 dicendo.
2229 925 2393 990 cium,
2421 926 2474 980 id
2497 935 2580 981 est
2614 923 2838 993 jnstitiae.
2883 926 3186 992 retributio,
3229 942 3336 981 non
3367 927 3700 982 necessario
3741 941 3822 983 se-

2223 1017 2415 1085 quitur
2442 1027 2500 1071 ut
2530 1026 2623 1076 aut
2657 1018 2851 1073 falsum
2887 1019 2959 1076 sit
2995 1022 3140 1090 quod
3181 1020 3293 1090 ipse
3322 1020 3673 1090 Augustinus
3703 1019 3822 1074 ait:

2231 1107 2659 1180 [Praedestinatio
2689 1112 2804 1178 Dei,
2829 1128 2948 1183 quae
2970 1113 3026 1166 in
3050 1114 3189 1168 bono
3216 1121 3319 1176 est,
3345 1113 3540 1182 gratias
3567 1120 3658 1168 est
3685 1127 3827 1181 psa-

2227 1203 2614 1275 paratio.]Aut
2666 1221 2695 1258 a
2743 1206 3019 1260 contrario
3065 1205 3364 1274 accipiatur
3403 1203 3826 1274 pra-destinatio

2227 1309 2510 1364 pinnarum
2532 1312 2547 1361 ;
2573 1297 2664 1364 qui
2705 1297 2848 1352 enim
2884 1313 2991 1352 non
3019 1297 3150 1352 dicit
3174 1296 3441 1361 absolute,
3463 1295 3828 1366 prasdestina-

2231 1387 2306 1441 tio
2337 1386 2430 1442 Dei
2471 1388 2658 1458 gratia;
2690 1397 2773 1443 est
2799 1389 3160 1458 praeparatio,
3201 1397 3293 1442 aut
3321 1388 3502 1441 omnis
3535 1387 3826 1456 βετωεειί-

2227 1477 2376 1534 natio
2412 1477 2504 1532 Dei
2551 1479 2737 1549 gratiae
2765 1486 2852 1534 est
2879 1478 3222 1549 praeparatio.
3267 1487 3362 1532 aut
3394 1477 3824 1547 praedestinatio

2229 1570 2323 1625 Dei
2353 1569 2484 1624 nihil
2510 1579 2593 1625 est
2630 1570 2772 1624 aliud
2809 1586 2969 1640 quam
3003 1571 3192 1640 gratiae
3215 1569 3576 1638 przeparatio,
3601 1569 3702 1622 sed
3736 1569 3828 1622 ad-

2229 1663 2385 1722 didit.
2417 1678 2536 1731 qua:
2570 1663 2625 1716 in
2673 1663 2814 1716 bono
2842 1670 2946 1726 est,
2979 1660 3220 1732 profecto
3247 1661 3422 1714 innuit
3451 1674 3512 1713 se
3538 1673 3667 1713 eam
3705 1668 3827 1712 tan-

2231 1756 2505 1809 tummodo
2540 1754 3061 1823 praedestinationem
3091 1769 3211 1823 quae
3230 1753 3296 1807 ad
3317 1753 3527 1807 electos
3557 1753 3821 1821 pertinet,

2157 1822 2202 1882 Β
2231 1862 2338 1901 non
2380 1846 2524 1901 illam
2547 1822 2674 1916 qua:
2711 1846 2967 1915 reprobos
3008 1822 3151 1916 juste
3185 1844 3362 1913 punit,
3394 1843 3665 1898 deﬁnisse
3695 1861 3708 1895 :
3735 1843 3826 1897 sed

2229 1952 2332 1990 una
2360 1936 2655 2006 eademque
2681 1937 2944 1991 sententia
2966 1977 2982 1999 ,
3020 1937 3160 1991 sicut
3196 1934 3464 1990 veraciter
3495 1934 3666 1997 dixit,
3693 1949 3828 2002 pra:-

2225 2025 2521 2081 destinatos
2551 2026 2616 2079 ad
2651 2012 2905 2096 gratiam,
2939 2027 3014 2080 ita
3053 2025 3321 2080 veraciter
3352 2025 3560 2088 intulit,
3611 2025 3798 2094 praede

2226 2118 2453 2172 stinatos
2479 2118 2544 2170 ad
2581 2133 2816 2187 poenam.
2842 2115 2995 2184 Quod
3017 2133 3140 2172 cum
3175 2118 3270 2171 tibi
3299 2117 3616 2186 displiceat,
3648 2129 3825 2186 neque

2224 2207 2358 2262 alios
2388 2207 2553 2261 latere
2589 2208 2807 2272 videris,
2854 2209 2982 2277 quin
3025 2207 3167 2276 quod
3214 2222 3356 2261 nunc
3391 2205 3647 2259 breviter
3691 2219 3826 2273 pra-

2222 2300 2526 2362 libavintus,
2558 2299 2651 2355 tibi
2675 2300 2902 2370 quisque
2933 2300 3167 2370 prudens
3189 2305 3702 2369 possetopponere.
3725 2294 3822 2350 Se-

1109 1060 1329 1102 IOANNES
1361 1059 1577 1100 SCOTUS.

630 1165 898 1238 (ϐψω,
921 1180 1072 1220 num.
1101 1165 1156 1230 5,
1185 1173 1317 1220 sect.
1351 1165 1427 1232 1.)
1463 1173 1504 1219 Θ
1535 1162 1823 1232 Conﬁcitur
1847 1181 1966 1234 ergo
1994 1180 2128 1234 prce-

559 1257 954 1313 destinationem
1002 1257 1098 1312 Dei
1144 1274 1247 1311 non
1299 1273 1408 1312 esse
1445 1258 1545 1311 nisi
1597 1256 1650 1310 in
1701 1257 1940 1326 operibus
1991 1257 2126 1324 eius,

557 1349 767 1420 quando
799 1349 929 1403 nihil
958 1350 1149 1414 minus,
1181 1348 1312 1402 nihil
1339 1348 1564 1418 amplius
1593 1349 1888 1402 continetur
1915 1349 1968 1401 in
2014 1348 2128 1418 ejus

557 1440 859 1510 deﬁnitione
898 1450 1087 1511 prwter
1129 1441 1423 1494 divinorum
1455 1455 1670 1509 operum
1715 1439 2124 1510 dispositionem.

1176 1565 1492 1607 COBBECTIO.

624 1664 665 1736 -ι-
703 1662 904 1720 Verum
931 1664 1072 1734 quod
1100 1663 1200 1719 hoc
1232 1664 1412 1720 dolose
1455 1627 1744 1734 protuleris
1787 1662 2120 1727 manifestas,

555 1771 676 1812 cum
707 1757 951 1826 protinus
971 1755 1235 1827 adiungis.

1099 1885 1324 1926 JOANNES
1358 1885 1571 1926 SCOTUS.

630 1975 782 2047 (Cap.
814 1977 901 2041 12,
933 1993 1080 2031 num.
1127 1978 1179 2041 4,
1226 1978 1464 2048 sect.2.)
1499 1987 1540 2034 6
1589 1975 1692 2032 Sed
1747 1978 1814 2031 ad
1866 1978 1996 2043 hrec,
2043 1979 2125 2034 in-

557 2069 769 2139 quiens,
792 2069 1027 2122 dicturus
1055 2087 1106 2123 es
1151 2069 1218 2123 ad
1243 2069 1342 2124 Dei
1362 2087 1516 2139 opera
1538 2071 1791 2139 pertinere
1810 2069 1950 2139 juste
1977 2071 2125 2124 dam—

554 2161 754 2216 nandos
785 2161 1156 2229 prcedestinare
1183 2162 1250 2214 ad
1280 2177 1504 2230 ptenam,
1527 2163 1658 2214 sicut
1706 2162 1775 2214 ad
1824 2163 1936 2231 ejus
1965 2179 2122 2232 opera

552 2253 770 2320 pertinet
814 2253 982 2322 gratia
1010 2251 1286 2306 salvandos
1315 2255 1686 2321 prardestinare
1731 2255 1799 2307 ad
1835 2255 2119 2308 beatitudi-

553 2360 668 2398 nem
691 2361 708 2409 ;
738 2353 787 2398 et
813 2345 909 2398 hoc
935 2345 1237 2398 testimoniis
1265 2344 1495 2411 eiusdem
1525 2344 1582 2399 S.
1614 2346 1890 2414 Augustini
1910 2345 2122 2414 ﬁrmare

551 2437 841 2502 conaberis,
866 2453 982 2506 quw
1008 2454 1066 2490 eo
1097 2454 1198 2506 quo
1219 2438 1437 2506 posuisti
1467 2437 1647 2491 ordine
1673 2439 1961 2506 posuimus,
1989 2448 2044 2492 ut
2066 2441 2120 2492 in

551 2528 625 2580 eis
658 2543 761 2582 non
791 2527 929 2597 quod
959 2538 1036 2592 tu,
1063 2528 1152 2581 sed
1176 2528 1316 2596 quod
1356 2526 1443 2581 ille
1473 2527 1632 2580 voluit
1681 2528 1962 2594 videamus,
1991 2545 2119 2599 quo-

551 2635 665 2670 rum
689 2617 735 2671 si
769 2635 930 2672 unum
961 2628 1094 2672 recte
1117 2619 1273 2688 fuerit
1296 2621 1606 2688 expositum,
1635 2620 1854 2690 sufﬁciat
1905 2621 1974 2674 ad
2019 2638 2119 2675 cte-

550 2715 660 2759 tera
722 2707 1074 2778 intelligenda.
1145 2706 1412 2763 Ponamus
1467 2727 1586 2779 ergo
1647 2710 1778 2764 illud
1846 2710 2116 2781 (August,

551 2795 765 2850 line/air.
795 2815 912 2867 cap.
951 2798 1072 2870 100)
1104 2817 1116 2852 :

619 2886 802 2958 Magna
825 2904 987 2958 Opera
1019 2890 1252 2955 Domini,
1283 2891 1551 2960 exquisita
1588 2891 1638 2944 in
1663 2907 1853 2947 omnes
1877 2893 2116 2947 volunta-

550 2987 631 3033 tes
664 2978 778 3046 ejus
807 2977 920 3048 (Ps.
949 2994 1036 3043 cx,
1065 2980 1141 3046 2).
1188 2980 1252 3033 Et
1297 2991 1402 3034 tam
1434 2983 1696 3049 sapienter
1740 2984 2018 3054 exquisita,
2060 2993 2116 3038 ut

547 3085 664 3121 cum
686 3068 921 3139 angelica
947 3081 994 3123 et
1015 3072 1245 3124 humana
1275 3081 1515 3125 creatura
1541 3083 1819 3140 peccasset,
1839 3075 1893 3127 id
1910 3084 1982 3128 est
2013 3092 2116 3128 non

2223 2403 2377 2448 cutus
2400 2393 2660 2448 adnectis.

2768 2518 2998 2558 JOANNES
3025 2518 3236 2559 SCO'I'IJS.

2295 2610 2446 2681 (Cap.
2504 2611 2591 2674 12,
2629 2628 2777 2666 num.
2812 2613 2876 2676 5,
2922 2621 3054 2669 sect.
3097 2613 3173 2682 5).
3211 2623 3252 2670 6
3299 2613 3404 2668 Sed
3438 2630 3502 2666 ne
3539 2613 3708 2683 forte,
3743 2613 3822 2669 in-

2220 2705 2434 2772 quiens,
2468 2705 2705 2774 objicias,
2731 2722 2833 2760 non
2869 2705 3002 2760 dixit
3029 2707 3420 2775 prcedestinatio
3445 2704 3550 2759 Dei
3583 2717 3662 2760 est
3691 2723 3815 2776 gra-

2221 2799 2308 2850 tia:
2331 2799 2670 2865 prwparatio,
2711 2799 2824 2862 sed,
2858 2798 3247 2868 pra’destinatio
3283 2797 3394 2862 Dei,
3433 2814 3560 2867 qua:
3589 2799 3646 2851 in
3685 2801 3818 2851 bona

2221 2900 2322 2955 est,
2365 2890 2552 2959 gratia:
2578 2901 2652 2944 est
2683 2891 3018 2959 prteparatio,
3063 2890 3155 2944 tibi
3183 2890 3390 2944 videtur
3413 2888 3570 2943 locus
3591 2890 3816 2959 reti-qni

2220 2982 2438 3036 alterius
2468 2982 2941 3052 prcedestiuationis
2961 3022 2977 3049 ,
3007 2999 3122 3054 qua:
3164 2992 3416 3051 tanquam
3461 2981 3520 3033 in
3549 2978 3700 3033 malo
3718 2981 3815 3044 sit;

2221 3083 2312 3126 aut
2341 3073 2522 3128 eadem
2548 3074 2959 3142 prtrdestinatio,
2993 3075 3038 3127 si
3060 3091 3167 3128 una
3209 3072 3424 3142 solaque
3470 3081 3577 3138 est,
3603 3072 3660 3124 in
3683 3071 3814 3124 bene

546 3159 683 3229 quod
732 3158 838 3221 ille,
892 3160 980 3213 sed
1027 3161 1164 3230 quod
1218 3161 1372 3215 voluit
1403 3162 1513 3231 ipsa
1561 3162 1786 3231 fecisset,
1829 3165 1985 3217 etiam
2026 3177 2188 3240 perc
2220 3175 2268 3218 et
2315 3165 2452 3219 malo
2490 3166 2606 3234 fieri
2651 3184 2800 3235 posse
2851 3184 2954 3222 non
3002 3176 3240 3236 negatur.
3299 3164 3550 3219 Primum
3597 3165 3810 3218 attende

445 3303 454 3310 ,
547 3252 782 3304 eamdem
818 3264 1072 3308 creaturte
1100 3255 1432 3322 voluntatem,
1484 3274 1586 3328 qua
1635 3259 1830 3327 factum
1875 3271 1947 3313 est
1978 3261 2116 3330 quod

548 3342 769 3398 Creator
796 3346 982 3412 noluit,
1017 3347 1247 3417 impleret
1273 3350 1379 3419 ipse
1407 3351 1544 3420 quod
1573 3351 1750 3405 voluit.
1800 3349 1940 3405 Bene
1971 3363 2118 3407 utens

546 3444 596 3488 et
617 3435 770 3492 malis
813 3447 1062 3508 tanquam
1095 3457 1292 3494 summe
1335 3442 1520 3505 bonus,
1557 3443 1625 3496 ad
1673 3459 1851 3496 eorunt
1897 3444 2120 3498 damna-

547 3526 756 3591 tionem,
786 3545 913 3600 quos
947 3530 1087 3600 juste
1131 3532 1516 3601 pra'destinarit
1567 3533 1635 3585 ad
1675 3550 1913 3603 pwnam;
1960 3544 2008 3589 et
2048 3535 2118 3589 ad

546 3634 723 3672 eorum
773 3621 1014 3686 salutem,
1043 3639 1172 3694 quos
1213 3624 1427 3693 benigne
1465 3625 1846 3694 pra’destiuarit
1893 3627 1961 3679 ad
2005 3645 2118 3696 gra-

546 3709 693 3764 tiam.
724 3710 858 3767 Ecce
886 3713 940 3766 in
962 3731 1068 3767 una
1095 3715 1374 3785 eademque
1407 3716 1685 3779 sententia,
1703 3717 2114 3786 pra'destinavit,

539 3800 739 3870 inquit,
788 3802 858 3855 ad
897 3819 1121 3872 poenam,
1163 3803 1545 3873 prwdestinavit
1590 3806 1658 3857 ad
1697 3807 1941 3875 gratiam.
1992 3806 2115 3873 (ibi,

547 3908 868 3962 qutcsumus,
932 3895 1240 3965 respondeas
1290 3896 1359 3950 ad
1410 3913 1470 3950 ea
1517 3913 1634 3966 qute
1687 3897 2067 3965 interrogamus
2097 3913 2116 3952 :

548 3979 735 4037 Utrum
783 3985 852 4038 ad
885 3985 1148 4054 justitiam
1190 3985 1284 4040 Dei
1322 4003 1390 4039 an
1431 3992 1497 4039 ad
1526 3985 1640 4055 ejus
1685 3987 1910 4057 gratiam
1955 3988 2116 4056 perti-

543 4083 662 4127 neat
710 4074 1080 4144 prtedestinare
1133 4076 1317 4145 impios
1357 4077 1426 4129 ad
1451 4078 1703 4146 ptenam?
1739 4076 2114 4147 Respondebis,

547 4165 722 4229 credo,
771 4165 841 4218 ad
870 4166 1181 4235 justitiam?
1217 4167 1301 4219 Ait
1327 4167 1484 4228 enim,
1520 4184 1649 4236 quos
1677 4167 1820 4236 juste
1840 4168 2114 4236 prtvdesti-

547 4254 687 4305 navit
713 4255 780 4306 ad
804 4270 1029 4324 poenam,
1054 4271 1157 4308 non
1183 4256 1344 4326 igitur
1371 4257 1439 4308 ad
1467 4256 1710 4326 gratiam.
1758 4257 1832 4310 Ac
1865 4274 1957 4326 per
1995 4258 2114 4326 hoc,

545 4343 589 4396 si
623 4361 786 4412 paena:
811 4347 1200 4414 prccdestinatio
1221 4348 1415 4401 donum
1439 4348 1534 4401 Dei
1557 4365 1660 4402 non
1681 4357 1776 4412 est,
1802 4347 1892 4403 sed
1917 4351 2114 4420 peccati

540 4432 824 4502 judicium,
855 4437 1142 4489 necessario
1167 4437 1399 4507 sequitur
1427 4446 1484 4490 ut
1528 4448 1617 4490 aut
1658 4437 1853 4507 falsum
1878 4439 1942 4493 sit
1973 4439 2112 4508 quod

545 4525 652 4593 ipse
680 4525 1000 4594 Augustinus
1023 4526 1096 4579 ait
1123 4545 1141 4580 :
1167 4526 1592 4598 [Prwdestinatio
1618 4527 1737 4595 Dei,
1771 4547 1888 4601 qua'
1908 4531 1960 4584 in
1984 4531 2115 4586 bona
2143 4531 2193 4592 D

569 4627 639 4684 st,
662 4620 850 4689 gratiae
879 4630 952 4674 est
980 4619 1317 4693 pra'paratio]
1338 4662 1352 4685 ,
1384 4631 1474 4675 aut
1518 4626 1811 4676 econtrario
1833 4625 2116 4694 accipietur

541 4711 934 4781 prcdestinatio
963 4727 1254 4781 ptrnarum.
1300 4712 1393 4766 Est
1425 4724 1598 4768 autem
1624 4731 1800 4768 verum
1831 4725 1878 4769 et
1923 4715 2112 4768 immu-

543 4800 701 4855 tabile
728 4801 866 4873 quod
911 4802 1090 4857 dixit:
1133 4801 1540 4874 [pra’destinatio
1573 4803 1688 4870 Dei,
1715 4822 1832 4874 qua:
1871 4807 1926 4860 in
1981 4807 2112 4860 bono

541 4901 639 4956 est,
669 4893 855 4962 gratia:
877 4902 951 4947 est
977 4893 1351 4966 pra’paratio];
1386 4893 1680 4948 econtrario
1707 4895 1869 4964 igitur
1894 4894 2113 4966 intelligi

543 4983 703 5038 voluit
727 4984 868 5055 quod
895 4985 1089 5055 posuit,
1109 4985 1494 5055 prwdestinavit
1509 4985 1578 5038 ad
1599 5000 1825 5054 partam.

1170 5089 1487 5154 connscrto.

613 5215 655 5286 1-
689 5213 1006 5284 Quicunque
1047 5213 1291 5268 veritatis
1317 5211 1520 5266 lumine
1543 5209 1866 5277 illustratur,
1889 5210 2112 5268 omnino

544 5308 687 5364 videt
707 5321 869 5376 quam
901 5305 1036 5360 {also
1063 5305 1164 5359 ista
1191 5303 1483 5374 protuleris
1505 5302 1734 5358 dicendo
1759 5301 1980 5358 beatum
2000 5302 2112 5359 Au-

538 5398 812 5470 gustinum
855 5396 1377 5466 predestinationem
1431 5394 1716 5466 impiorum
1757 5411 1788 5450 a
1835 5397 2110 5456 contrario

541 5492 806 5560 posuisse,
832 5488 988 5558 cuius
1009 5489 1401 5544 absurditatem
1427 5489 1732 5545 intellectus
1754 5499 1862 5545 tam
1881 5490 2114 5546 auctori-

542 5591 652 5638 tate
677 5582 1076 5650 Scripturarum
1103 5597 1263 5651 quam
1299 5581 1559 5651 exemplis
1586 5581 1806 5637 Patrum
1831 5583 2113 5638 venerabi-

539 5672 672 5727 lium
696 5687 857 5742 supra
889 5670 1198 5727 refellimus.
1241 5669 1468 5727 Omissis
1501 5672 1763 5742 siquidem
1794 5675 2004 5729 caeteris
2023 5689 2111 5730 so-

539 5760 626 5820 lus
657 5759 740 5816 vel
779 5760 1012 5818 maxime
1054 5761 1118 5818 sd
1158 5761 1259 5822 hoc
1298 5769 1516 5817 sanctus
1546 5760 1857 5836 Fulgentius
1891 5745 2107 5838 sulliéit,

2222 3275 2380 3340 unam
2413 3259 2766 3326 deﬁnitionem
2787 3260 2922 3314 duas
2943 3259 3426 3328 prtedestinationes
3458 3257 3682 3312 omnino
3711 3273 3811 3310 non

2219 3366 2368 3418 posse
2399 3350 2694 3402 continere:
2725 3349 2914 3404 deinde
2940 3351 3077 3419 quod
3117 3351 3163 3404 si
3209 3347 3358 3402 nulla
3403 3347 3516 3400 alia
3563 3346 3809 3415 deﬁnitio

2219 3441 2690 3510 prtrdestinationis
2723 3441 2890 3496 verior
2917 3441 3184 3512 aptiorque
3206 3439 3506 3494 inveniatur
3537 3435 3812 3508 quatias
3913 3473 3932 3490 .

2218 3548 2336 3602 qum
2363 3532 2620 3601 prtedicta
2652 3541 2746 3596 est,
2781 3531 2911 3586 nihil
2935 3533 3033 3586 nisi
3075 3547 3232 3600 opera
3252 3530 3428 3584 divina
3463 3529 3808 3596 comprehen—

2219 3622 2315 3683 dit,
2347 3639 2482 3692 qum,
2519 3622 2664 3676 nullo
2711 3624 2794 3692 pie
2823 3624 3142 3677 credentium
3167 3622 3460 3685 dubitante,
3485 3621 3628 3674 bona
3657 3627 3802 3680 sunt,

2219 3712 2346 3783 quid
2394 3729 2486 3766 nos
2531 3713 2662 3783 cogit
2713 3712 2859 3766 aliud
2904 3711 3103 3783 aliquid
3145 3711 3469 3774 subaudire,
3531 3711 3804 3763 audientes

2218 3804 2728 3873 pra'destinationem
2777 3803 2912 3867 Dei,
2951 3820 3066 3874 qua:
3101 3804 3155 3856 in
3191 3803 3323 3856 bono
3347 3810 3442 3865 est,
3474 3801 3584 3854 nisi
3607 3814 3808 3868 semper

2217 3910 2330 3947 eam
2357 3905 2404 3949 et
2435 3894 2622 3948 bonam
2645 3903 2694 3948 et
2714 3896 2767 3947 in
2791 3894 2920 3948 bono
2949 3894 3096 3948 esse?

2838 4021 3135 4064 CORRECTIO

2287 4118 2327 4188 ’ί-
2368 4117 2413 4173 0
2439 4116 2621 4188 regule
2645 4118 2710 4174 de
2749 4117 2933 4172 radice
2971 4116 3178 4172 colubri
3214 4113 3529 4185 egrediens,
3573 4113 3642 4168 de
3697 4125 3808 4183 quo

2217 4209 2446 4265 canitur.
2476 4208 2521 4265 0
2547 4217 2786 4265 tortuose
2813 4221 3058 4280 serpens,
3087 4208 3180 4279 qui
3211 4207 3356 4266 mille
3379 4219 3476 4275 per
3503 4207 3808 4262 meandros

2216 4302 2542 4373 fraudesque
2579 4301 2847 4358 flexuosas
2892 4303 3063 4371 agitas
3108 4300 3291 4370 quieta
3332 4299 3521 4360 corda,
3578 4308 3638 4353 et
3675 4300 3806 4354 itc-

2217 4394 2302 4447 cui
2331 4402 2457 4448 sunt
2481 4393 2625 4448 mille
2653 4393 2882 4449 nocendi
2911 4401 3077 4457 artes,
3109 4391 3240 4463 quid
3265 4389 3485 4445 veritati
3517 4398 3676 4445 tanta
3705 4392 3806 4444 ob-

2219 4485 2512 4540 stinatione
2556 4485 2806 4540 obsistis?
2857 4484 2997 4552 Quid
3046 4483 3488 4554 perspicuitatem
3543 4483 3804 4537 veritatis

2221 4575 2622 4630 mendaciorum
2672 4573 2934 4630 cuniculis
2980 4573 3196 4629 iniicere
3231 4574 3470 4644 satagis?
3517 4571 3582 4627 Si
3619 4572 3809 4627 taliter

2219 4665 2534 4735 Fulgentius
2562 4665 2918 4735 Augustinum
2962 4665 3198 4720 sensisse
3248 4673 3410 4734 atque
3451 4664 3666 4719 dixisse
3709 4679 3806 4718 no-

2217 4757 2403 4820 visset,
2451 4771 2722 4825 nunquam
2750 4755 3118 4810 diversitatem
3148 4757 3648 4826 praedestinationis
3677 4772 3806 4825 pro-

2218 4847 2451 4913 tulisset,
2494 4861 2766 4916 nunquam
2795 4845 3098 4918 Gregorius
3125 4848 3636 4918 prmdestinationes
3677 4848 3803 4917 plu-

2217 4936 2407 4992 raliter
2467 4938 2836 5005 enuntiasset;
2879 4953 3154 5008 nunquam
3228 4937 3466 4993 Isidorus
3519 4939 3802 5008 geminant

2212 5030 2739 5098 prmdestinationem
2805 5039 3203 5100 nuncupasset;
3269 5046 3544 5100 nunquam
3616 5031 3804 5086 cis-teri

2213 5121 2416 5192 quique
2435 5120 2689 5176 catholici
2711 5120 2959 5177 doctores
2989 5122 3046 5176 in
3067 5123 3179 5178 suis
3193 5121 3407 5191 scriptis
3439 5122 3607 5176 toties
3630 5122 3802 5176 desti-

2217 5219 2394 5275 natos,
2419 5209 2853 5280 praedestinatos,
2885 5219 3126 5282 paratos,
3174 5219 3529 5281 praeparatos,
3565 5212 3798 5280 deputa-

2216 5309 2298 5356 tos
2345 5299 2724 5370 delegatosque
2768 5302 2834 5356 ad
2877 5316 3066 5370 poenas
3107 5299 3191 5355 vel
3231 5300 3507 5355 interitum
3539 5300 3798 5356 intimas-

2219 5401 2356 5447 sent.
2387 5390 2464 5448 Ac
2486 5407 2582 5461 per
2597 5393 2697 5446 hoc
2721 5400 2776 5445 et
2805 5407 2903 5446 nos
2923 5406 3133 5460 semper
3146 5388 3239 5445 Dei
3262 5391 3795 5461 przedestinationen

2218 5482 2431 5545 bonam,
2463 5492 2518 5539 et
2557 5483 2608 5537 in
2648 5483 2788 5538 bono
2823 5497 2945 5537 esse
2987 5481 3372 5545 indubitanter,
3406 5482 3550 5536 sicut
3576 5481 3795 5548 tet-judi-

2217 5576 2359 5630 cium
2399 5576 2563 5641 illius,
2601 5574 2830 5630 fatentur
2861 5593 2873 5628 :
2906 5574 3163 5644 quoniam
3205 5589 3326 5628 cum
3365 5572 3496 5627 nihil
3552 5573 3698 5627 aliud
3741 5573 3792 5626 in

2216 5669 2308 5723 Dei
2350 5669 2821 5738 praztlestinatione
2853 5675 3015 5736 atque
3040 5665 3245 5735 judicio
3275 5681 3436 5735 quam
3470 5666 3789 5720 misericor-

2215 5759 2301 5816 dia
2336 5754 2622 5832 etjustitia
2662 5759 3006 5816 contineatur
3029 5799 3044 5828 ,
3080 5754 3568 5829 nequaquam.ejus
3587 5756 3787 5821 paedo-
