4010 6352
263 393 404 450 H75

1107 389 1192 444 DE
1231 383 1896 444 PRIEDESTINATiONE
1931 367 2206 440 CONTRA
2248 383 2295 438 J.
2339 383 2634 438 SthTUM.

3361 383 3490 442 υἷι

261 511 478 568 stiuatio
505 519 560 566 et
581 507 844 580 judicium
883 505 964 562 vel
1013 505 1152 560 mala
1183 505 1266 558 vel
1301 504 1354 558 in
1381 503 1520 558 malo
1549 519 1668 558 esse
1695 517 1819 570 pos-
1847 505 1894 562 Α
1923 499 2064 554 aliud
2099 507 2286 562 restat,
2319 499 2418 552 nisi
2451 507 2508 552 ut
2529 513 2690 570 neges
2719 498 2884 554 Deum
2925 513 3044 554 esse
3085 499 3176 570 qui
3221 509 3276 556 et
3307 501 3488 572 justus

261 609 402 664 sunt,
455 615 576 670 qua:
629 613 732 652 non
775 597 918 650 aliud
958 610 1118 664 quam
1171 595 1310 650 bona
1347 593 1400 646 in
1437 607 1494 648 se
1527 593 1822 656 continent,

261 690 684 746 misericordiam
741 687 986 742 videlicet
1045 693 1098 740 et
1141 683 1434 756 justitiam;
1491 697 1634 752 quae,
1685 683 1828 736 sicut

259 783 514 844 diximus,
557 779 682 834 licet
705 791 918 846 semper
951 777 1090 832 bona
1115 783 1168 830 et
1193 775 1248 830 in
1277 773 1414 828 bono
1453 773 1546 836 sit,
1571 771 1716 826 aliud
1739 779 1822 824 ta-

259 889 380 928 men
421 873 610 926 beatus
641 869 974 940 Augustinus
1017 867 1070 920 in
1107 881 1202 922 sua
1249 865 1562 932 deﬁnitione
1599 861 1826 918 attendit

257 963 484 1020 dicendo
521 961 606 1034 (de
649 961 828 1016 Prasd.
861 967 1052 1022 sanct.,
1095 975 1212 1026 cap.
1239 955 1360 1028 l0):
1395 953 1824 1028 [Prmdestinatio

259 1055 374 1120 Dei,
415 1071 534 1124 qua:
561 1053 616 1108 in
649 1053 788 1108 bono
821 1061 926 1118 est,
967 1051 1152 1122 gratiae
1179 1059 1264 1106 est
1295 1047 1662 1120 prteparatio].
1695 1047 1825 1114 Quae

257 1147 312 1200 in
339 1147 482 1200 bono
507 1153 610 1208 est,
637 1143 832 1214 inquit,
883 1143 936 1198 id
965 1151 1046 1196 est
1071 1157 1192 1210 qua:
1219 1141 1286 1194 ad
1313 1139 1512 1194 bonum
1545 1135 1826 1194 electionis

255 1245 566 1292 sanctorum
593 1235 828 1306 pertinet
869 1252 882 1288 :
917 1242 976 1288 ut
1005 1233 1180 1292 altera
1225 1231 1554 1300 intelligatur
1577 1229 1630 1284 in
1655 1227 1821 1294 malo,

255 1341 374 1396 qua:
395 1341 502 1380 non
533 1325 602 1380 sit
621 1323 840 1380 omnino
869 1322 1030 1390 mala,
1057 1323 1186 1394 quia
1213 1321 1282 1378 ad
1303 1321 1396 1376 Dei
1413 1319 1674 1388 justitiam
1701 1333 1826 1388 per-

257 1421 420 1484 tinet;
465 1417 556 1474 sed
588 1427 766 1472 tamen
790 1415 934 1486 juste
971 1415 1160 1486 puniat
1209 1413 1486 1484 reprobus,
1525 1411 1652 1482 quia
1681 1409 1824 1464 nullo

255 1511 546 1566 obsistente
577 1509 786 1580 iustitia
815 1509 1004 1578 utique
1045 1507 1188 1562 bona
1223 1513 1328 1562 est.
1365 1503 1516 1572 Quod
1547 1503 1620 1556 ita
1649 1517 1706 1558 se
1737 1501 1824 1556 in-

257 1601 526 1656 tellexisse
557 1615 624 1654 ex
643 1599 762 1656 aliis
787 1613 1008 1654 suorum
1035 1597 1294 1652 librorum
1323 1596 1480 1650 dictis
1507 1595 1622 1666 ipse
1651 1591 1826 1648 mani-

253 1691 436 1756 festat,
463 1691 626 1762 quiin
651 1689 790 1746 libro
809 1689 1154 1744 Enchiridion
1187 1687 1324 1758 (cini.
1357 1685 1446 1754 55)
1473 1685 1602 1740 dicit
1631 1699 1646 1738 :
1687 1681 1826 1756 [Ali-

253 1783 470 1852 quando
493 1783 636 1836 enim
675 1781 932 1850 judicium
977 1779 1070 1834 Dei
1105 1777 1324 1848 ponitur
1371 1777 1422 1830 in
1463 1775 1637 1834 malo:
1681 1773 1824 1830 unde

1927 601 1982 646 et
2005 591 2170 660 judex
2203 591 2322 646 est?
2353 591 2426 644 Ita
2479 591 2676 660 quippe
2723 589 2790 644 ad
2833 605 3022 646 omnes
3067 587 3182 658 ejus
3227 591 3526 662 judicium;

1925 683 2208 752 separasti,
2243 697 2306 736 ae
2333 683 2376 736 si
2401 681 2602 736 malum
2635 681 2798 736 velles
2817 681 3042 752 intelligi
3063 679 3322 748 judicium
3355 701 3368 736 :
3413 683 3490 738 Ita

1925 773 2066 828 enim
2093 787 2150 826 se
2181 771 2382 826 habent
2405 771 2566 826 verba
2591 779 2680 824 tua
2711 789 2724 824 :
2751 769 2854 826 Sed
2879 771 3122 840 quoniam
3163 787 3266 826 non
3295 781 3368 826 est
3393 771 3494 828 Dei

1925 865 2140 930 donum,
2177 881 2296 918 cum
2321 863 2434 932 ejus
2455 865 2522 918 sit
2543 865 2828 934 judicium,
2853 863 3006 934 quasi
3037 865 3170 918 nihil
3193 865 3332 918 aliud
3367 881 3496 936 pos-

1925 957 1994 1012 sit
2015 973 2132 1012 esse
2153 957 2376 1022 bonum,
2405 957 2508 1012 nisi
2539 955 2634 1012 Dei
2663 957 2860 1012 donum
2885 965 3000 1012 :est
3027 965 3206 1012 autem
3227 955 3492 1024 judicium

1925 1055 2110 1116 estque
2141 1046 2346 1114 justitia
2373 1055 2426 1100 et
2459 1047 2676 1102 omnino
2725 1047 2896 1112 bona;
2951 1049 2996 1102 si
3031 1063 3160 1118 ergo
3199 1057 3254 1102 et
3283 1047 3492 1116 justitia

1925 1145 1978 1190 et
1997 1135 2258 1204 judicium
2283 1137 2650 1192 indubitanter
2671 1137 2810 1192 bona
2841 1147 2986 1204 sunt,
3035 1139 3344 1194 necessario
3383 1139 3494 1196 col-

1917 1225 2108 1296 ligitur
2133 1227 2518 1296 prtedestinare
2543 1227 2736 1298 impios
2771 1229 2836 1282 ad
2865 1243 3078 1296 poenam
3105 1229 3306 1284 bonum
3345 1245 3490 1296 esse,

1923 1331 2046 1370 cum
2073 1317 2144 1372 sit
2183 1317 2275 1372 Dei
2299 1317 2510 1388 justitia
2543 1329 2702 1388 atque
2735 1317 3030 1388 judicium;
3089 1335 3206 1388 quin
3245 1321 3494 1392 quisquis

1923 1407 2064 1462 bona
2087 1423 2206 1464 esse
2233 1411 2526 1480 negaverit,
2559 1411 2676 1466 sine
2703 1409 2866 1466 dubio
2889 1411 3178 1481 impietatis
3207 1427 3330 1466 reus
3373 1427 3496 1468 esse

1923 1499 2282 1554 convincitur.

1991 1589 2232 1660 Itemque
2247 1591 2384 1660 quod
2399 1591 2636 1662 ais(eap.
2671 1591 2756 1658 12,
2781 1607 2930 1646 num.
2953 1591 3004 1658 7,
3035 1602 3168 1648 sect.
3191 1591 3282 1664 4),
3307 1591 3490 1648 Omnis

1923 1691 2096 1736 autem
2115 1685 2498 1754 pra’destinatio
2513 1685 2612 1740 Dei
2631 1685 2842 1740 omnino
2855 1695 2930 1740 est
2945 1687 3258 1756 pra'paratio
3281 1687 3490 1754 gratiae,

1923 1771 2118 1828 falsum
2159 1789 2224 1830 ex
2265 1775 2574 1832 deﬁnitione
2599 1775 2742 1832 beati
2767 1776 3050 1846 Augustini
3077 1777 3320 1848 arguitur
3343 1817 3356 1840 ,
3395 1777 3490 1846 qui

255 1873 384 1928 illud
401 1883 484 1928 est
509 1891 520 1926 :
556 1873 658 1938 Qui
687 1881 860 1926 autem
885 1870 1018 1924 male
1047 1877 1278 1940 egerunt,
1307 1867 1362 1920 in
1389 1865 1816 1920 resurrectionem
1847 1857 1896 1916 B
1923 1881 2186 1934 nusquam
2217 1867 2414 1922 dixisse
2445 1869 2742 1936 reperitur:
2767 1867 2952 1924 Omnis
2973 1869 3370 1938 praedestinatio
3395 1871 3490 1926 Dei

249 1963 438 2032 judicii
479 1959 658 2034 (Joan.
687 1977 740 2026 v,
765 1959 882 2030 29),
909 1959 1196 2030 aliquando
1245 1967 1296 2012 et
1347 1957 1398 2010 in
1439 1957 1602 2022 bono,
1633 1955 1852 2010 secun-'

253 2053 380 2106 dum
425 2049 568 2122 quod
604 2051 806 2106 dictum
853 2059 954 2106 est.
987 2051 1150 2116 Deus,
1191 2051 1246 2104 in
1269 2049 1476 2102 nomine
1505 2055 1592 2100 tuo
1619 2043 1822 2098 salvum

253 2159 334 2196 me
361 2141 464 2212 fac,
497 2153 544 2196 et
565 2143 618 2198 in
639 2143 824 2198 uirtute
845 2153 934 2196 tua
949 2143 1136 2212 judica
1159 2159 1238 2196 me
1261 2137 1436 2214 (Psal.
1467 2153 1582 2204 Litt,
1609 2135 1686 2206 3).
1721 2135 1824 2192 Per

247 2231 509 2302 judicium
539 2231 738 2304 quippe
783 2233 878 2288 Dei
911 2233 972 2288 lit
1009 2237 1120 2306 ipsa
1155 2235 1418 2290 bonorum
1445 2235 1822 2304 malorumque

255 2321 530 2388 discretio,
553 2331 612 2378 ut
639 2322 734 2396 [ιιι.
767 2323 880 2398 ubi]
917 2325 1180 2382 liberandi
1216 2325 1434 2392 amulo,
1467 2341 1572 2380 non
1595 2325 1822 2396 perden-

255 2413 310 2468 di
339 2431 462 2470 cum
491 2415 666 2482 malis,
717 2417 842 2472 boni
888 2419 956 2472 ad
991 2417 1268 2474 dexteram
1293 2427 1664 2488 segregentur,
1695 2431 1824 2486 pro-

255 2511 374 2572 pter
409 2505 552 2574 quod
579 2505 670 2561 ille
709 2505 905 2560 clamat
943 2505 1064 2576 [al.,
1101 2505 1394 2578 clamabat]
1433 2523 1448 2562 :
1493 2503 1684 2560 Judica
1719 2519 1818 2568 me,

257 2593 416 2649 Deus.
451 2595 518 2650 Et
549 2595 676 2666 quid
715 2593 912 2652 dixerit
937 2597 1082 2652 velut
1123 2613 1436 2666 exponens:
1469 2595 1536 2650 Et
1561 2597 1820 2660 discerne,

255 2687 452 2758 inquit,
485 2707 698 2744 causam
745 2707 914 2746 meam
953 2687 1070 2762 (Ps.
1105 2707 1234 2754 xui,
1272 2691 1324 2762 1)
1357 2689 1399 2762 ].
1431 2690 1470 2760 -ίο
1503 2689 1656 2744 Sicut
1693 2701 1822 2756 ergo

249 2779 510 2850 judicium
531 2781 614 2836 vel
645 2781 700 2836 in
731 2781 892 2848 malo,
923 2783 1006 2838 vel
1051 2783 1104 2838 in
1151 2783 1312 2848 bono,
1341 2783 1414 2836 ita
1451 2781 1824 2836 incunctanter

255 2871 780 2942 prandestinationcm
815 2873 899 2930 vel
937 2875 990 2930 in
1029 2875 1194 2942 malo,
1231 2875 1314 2930 vel
1357 2875 1408 2930 in
1447 2875 1612 2940 bono,
1635 2873 1740 2928 diei
1766 2881 1822 2928 et

257 2963 482 3034 intelligi
511 2963 698 3032 voluit,
737 2981 854 3036 qua:
899 2983 930 3023 a
975 2967 1068 3024 Dei
1107 2967 1312 3038 judicio
1343 2981 1682 3038 nequaquam
1721 2964 1820 3020 dif-

257 3051 386 3120 l'ert,
413 3053 614 3111 interea
633 3059 922 3114 subucctis.

809 3187 1036 3226 JOANNES
1055 3187 1274 3228 SCOTUS.

1925 1957 2112 2028 gratia:
2133 1967 2214 2012 est
2235 1959 2574 2028 prmparatio,
2591 1959 2682 2012 sed
2699 1960 3031 2028 simpliciter,
3051 1961 3174 2030 quia
3191 1963 3488 2016 veraciter:

1925 2044 2335 2102 Przedestinatio
2357 2047 2446 2102 Dei
2471 2063 2588 2116 qua:
2611 2049 2662 2102 in
2683 2049 2824 2104 bono
2847 2059 2946 2114 est,
2973 2051 3158 2121 gratiae
3183 2061 3264 2106 est
3285 2067 3494 2122 praepa—

1927 2139 2084 2192 ratio.
2133 2137 2286 2194 Sicut
2315 2139 2672 2210 ergojustitia
2707 2141 2799 2196 Dei
2835 2151 2994 2212 atque
3032 2143 3292 2212 judicium
3335 2143 3492 2200 bonis

1923 2229 2092 2298 bona,
2131 2239 2186 2286 et
2229 2231 2384 2286 malis
2409 2233 2548 2288 mala
2599 2235 2898 2290 retribuunt
2935 2253 2946 2288 :
2985 2236 3056 2290 ita
3093 2239 3492 2308 praedestinatio

1925 2319 2082 2376 bonis
2109 2323 2270 2388 bona,
2297 2331 2352 2378 et
2377 2323 2532 2378 malis
2567 2325 2708 2378 mala
2729 2325 3071 2382 retribuenda
3103 2327 3386 2398 disposuit.

1995 2411 2194 2468 Deinde
2223 2411 2464 2468 inserens
2507 2415 2646 2484 (cap.
2677 2415 2764 2478 i2,
2789 2431 2938 2472 num.
2959 2415 3014 2482 8,
3045 2425 3180 2472 sect.
3203 2417 3258 2488 4)
3289 2437 3300 2472 :
3329 2415 3494 2474 Plena

1921 2493 2274 2572 proculdubio
2301 2503 2486 2574 impios
2499 2503 2642 2574 juste
2655 2515 2874 2576 torquet,
2899 2525 3014 2578 qua:
3039 2509 3234 2564 donum
3255 2527 3358 2566 non
3379 2519 3494 2572 est;

1923 2595 2154 2664 alioquin
2177 2597 2224 2650 si
2243 2607 2370 2650 esset
2397 2597 2614 2664 donum,
2641 2615 2744 2652 non
2763 2609 3042 2670 torqueret,
3065 2603 3154 2656 sed
3173 2605 3348 2674 utique
3369 2605 3496 2658 libe-

1925 2695 2062 2738 raret
2093 2699 2112 2735 :
2143 2702 2244 2738 non
2273 2695 2346 2740 est
2377 2687 2536 2756 igitur
2583 2687 2968 2758 prwdestinatio
3007 2709 3190 2762 paeane.
3235 2693 3346 2748 Cur
3387 2709 3494 2750 non

1923 2775 2210 2844 perpendis
2233 2773 2522 2846 quiajusta
2563 2785 2644 2834 est
2673 2787 2726 2834 et
2773 2779 2840 2834 ad
2893 2779 2988 2836 Dei
3019 2781 3286 2848 justitiam
3329 2783 3496 2852 perti-

1925 2879 2078 2930 nens,
2105 2865 2304 2936 ptnna?
2329 2865 2512 2936 Itaque
2537 2869 2662 2938 quia
2685 2871 2934 2928 concedis
2947 2871 3092 2942 juste
3113 2874 3304 2942 impios
3335 2889 3496 2944 poena

1925 2957 2186 3026 torqueri,
2239 2957 2501 3014 concedas
2547 2975 2768 3016 necesse
2809 2971 2894 3016 est
2941 2963 3138 3018 bonum
3183 2981 3322 3030 esse,
3367 2965 3496 3036 quia

1923 3061 2082 3100 omne
2100 3045 2302 3114 justum
2325 3049 2542 3102 bonum.
2561 3049 2700 3122 Ergo
2721 3051 2764 3106 si
2789 3051 2988 3106 bonum
3003 3063 3086 3108 est
3113 3053 3236 3124 quia
3265 3055 3490 3126 justum,

1925 3137 2350 3208 constatimpios
2393 3155 2552 3212 pinna
2585 3145 2841 3214 torqueri,
2875 3145 3066 3200 falsum
3091 3155 3178 3202 est
3215 3165 3320 3204 non
3375 3167 3498 3206 esse

311 3243 482 3326 om”.
517 3255 602 3324 12,
627 3273 774 3314 num.
1309 3273 1480 3318 autem
1503 3263 1634 3318 dicis
1663 3277 1682 3316 ε
1713 3263 1824 3320 Bo-
1853 3221 1898 3284 C
1929 3227 2452 3334 prtedestinationem
2481 3245 2690 3334 parum:
2741 3233 2882 3334 quia-
2915 3239 3366 3334 quemadmodum
3409 3239 3498 3308 ju-

257 3363 384 3402 num
403 3359 474 3402 est
495 3349 864 3418 prwdestinare
893 3355 1078 3426 impios
1105 3357 1174 3410 ad
1205 3373 1406 3426 pennam
1423 3397 1436 3420 ,
1465 3367 1512 3410 et
1545 3357 1662 3410 ideo
1693 3367 1828 3412 inter

255 3453 416 3506 opera
445 3437 542 3494 Dei
581 3443 952 3512 reputandum,
989 3447 1352 3514 respondemus
1381 3465 1394 3502 :
1423 3447 1632 3502 Bonum
1651 3489 1666 3514 ,
1699 3449 1828 3520 quia

249 3527 488 3598 justum;
513 3531 602 3586 sed
623 3535 868 3602 quoniam
895 3551 998 3590 non
1017 3547 1092 3590 est
1123 3535 1218 3590 Dei
1243 3539 1458 3606 donum,
1483 3555 1602 3594 cum
1627 3539 1740 3610 ejus
1759 3539 1828 3594 sit

259 3619 534 3686 'udicium,
566 3623 732 3678 omnis
763 3633 936 3678 autem
961 3627 1346 3696 prrrdestinatio
1383 3627 1476 3682 Dei
1509 3629 1718 3684 omnino
1751 3636 1828 3684 est

255 3713 572 3778 prtrparatio
595 3715 798 3782 gratiae,
817 3717 1080 3788 omnisque
1097 3721 1270 3788 gratia
1287 3719 1502 3786 donum,
1537 3721 1828 3776 necessario

255 3800 522 3872 colligitur
563 3807 728 3860 omnis
769 3807 944 3862 diuina
987 3811 1370 3880 prwdestinatio
1415 3813 1670 3868 donorum
1711 3815 1828 3884 ejus

253 3897 592 3966 pra'paratio.
625 3895 786 3954 Poena
825 3901 1006 3970 procul
1033 3903 1188 3956 dubio
1217 3905 1400 3974 impios
1419 3905 1566 3974 juste
1605 3917 1828 3976 torquet,

252 4001 376 4056 qua:
395 3985 588 4042 donum
613 4005 714 4044 non
732 3999 840 4056 est;
867 3991 1098 4062 alioquin
1117 3995 1164 4048 si
1183 4005 1314 4048 esset
1341 3995 1554 4060 denunt,
1581 4013 1686 4050 non
1715 4007 1828 4050 tor-

251 4087 454 4144 queret,
481 4077 570 4130 sed
601 4077 774 4150 utique
807 4079 1044 4136 liberaret
1078 4095 1096 4134 ε
1125 4099 1226 4138 non
1263 4095 1338 4138 est
1367 4085 1526 4154 igitur
1561 4087 1830 4154 praedesti-

255 4167 406 4220 natio
433 4185 592 4238 preme
605 4187 626 4236 ;
649 4173 784 4238 quod
807 4173 852 4226 si
874 4185 1020 4238 esset,
1045 4191 1148 4230 non
1167 4185 1294 4230 esset
1313 4193 1484 4248 pinna,
1505 4179 1596 4234 sed
1615 4178 1786 4250 gratia
1805 4191 1828 4232 .'

255 4267 336 4312 est
363 4271 534 4316 autem
551 4277 736 4334 pana;
759 4281 862 4320 non
887 4275 962 4322 est
987 4267 1146 4338 igitur
1161 4269 1548 4340 prtedestinatio
1575 4271 1712 4340 ejus.

887 4397 1206 4438 αοιιιιεετιο.

335 4489 372 4560 τ
409 4489 678 4558 Quantum
705 4507 736 4548 a
765 4493 992 4550 veritate
1019 4495 1334 4562 abhorreas,
1369 4503 1568 4554 etcum
1609 4497 1826 4554 Baalam

257 4581 466 4652 apertis
491 4583 662 4640 oculis
685 4583 866 4649 cadas,
889 4585 1134 4656 quisquis
1171 4587 1452 4658 diligenter
1489 4587 1700 4660 legerit,
1743 4589 1826 4648 l‘a-
1855 4579 1906 4638 Ι)

257 4671 368 4730 cile
405 4673 722 4743 pervidehit.
761 4673 954 4730 Dicens
1007 4677 1212 4748 itaque,
1259 4677 1448 4733 bonum
1485 4697 1596 4734 esse
1629 4681 1828 4752 prwde«

259 4767 464 4822 stinare
489 4767 674 4838 impios
703 4767 772 4820 ad
789 4783 1014 4836 pinnam,
1043 4771 1166 4842 quia
1189 4771 1413 4841 justum,
1445 4775 1634 4844 procul
1663 4775 1828 4832 dubio

261 4859 470 4928 apertis
493 4857 662 4914 oculis
689 4873 874 4916 verum
901 4861 1070 4917 vides.
1095 4861 1404 4934 Adjnngens
1447 4873 1628 4920 autem
1665 4885 1678 4920 :
1723 4867 1828 4922 Sed

259 4949 510 5019 quoniam
539 4963 640 5004 non
663 4959 736 5006 est
757 4949 854 5005 Dei
877 4951 1092 5018 donum,
1137 4969 1254 5008 cum
1285 4954 1397 5025 ejus
1435 4957 1502 5010 sit
1517 4957 1780 5028 judicium
1807 4973 1828 5013 :

263 5055 372 5094 non
393 5051 466 5096 est
495 5041 654 5112 igitur
671 5041 1056 5118 prtedestinatjo
1085 5061 1278 5115 preme;
1305 5047 1444 5116 quod
1471 5047 1516 5101 si
1537 5057 1688 5113 esset,
1729 5065 1830 5102 non

263 5141 398 5186 esset
421 5147 588 5202 pana,
625 5135 714 5188 sed
739 5135 932 5204 gratia,
971 5137 1256 5206 perspicue
1297 5135 1562 5204 justitiam
1611 5137 1706 5194 Dei
1755 5145 1834 5192 at-

265 5239 374 5294 que
393 5223 652 5294 judicium
679 5234 772 5280 aut
815 5229 1028 5296 penitus
1065 5243 1252 5300 negas,
1293 5237 1386 5284 aut
1429 5229 1648 5284 omnino
1691 5227 1834 5284 mala

269 5329 388 5370 esse
421 5317 728 5374 conﬁrmas.
755 5317 812 5372 Si
843 5321 986 5374 enim
1013 5319 1144 5374 nihil
1177 5321 1320 5376 aliud
1363 5321 1594 5390 pertinet
1638 5321 1704 5376 ad
1737 5321 1834 5380 bo-

267 5405 494 5461 nitatem
545 5405 640 5462 Dei
679 5423 838 5478 quam
873 5411 1010 5464 dona
1057 5411 1224 5482 gratis
1263 5411 1518 5476 tribuere,
1571 5421 1738 5468 restat
1775 5421 1840 5470 ut

263 5495 494 5564 justitia,
515 5495 882 5569 judiciumque
913 5499 1074 5566 illius,
1115 5501 1308 5570 quibus
1333 5501 1548 5572 reprobi
1595 5505 1834 5572 puniun-

273 5593 380 5650 tur,
403 5593 496 5640 aut
535 5589 678 5644 mala
739 5591 864 5654 sint,
913 5603 1004 5646 aut
1047 5593 1266 5647 omnino
1311 5609 1412 5648 non
1465 5595 1590 5649 sint.
1637 5595 1838 5653 Omnes

273 5687 452 5732 autem
465 5679 756 5752 Scriptura:
769 5683 932 5738 Deum
963 5695 1016 5738 et
1025 5685 1226 5756 justum
1245 5695 1302 5740 et
1317 5685 1552 5756 judicem
1569 5687 1834 5756 clamant;

273 5773 460 5840 qutesi
493 5775 632 5832 bona
669 5793 774 5834 non
813 5787 958 5847 sunt,
1006 5779 1128 5850 quia
1169 5777 1310 5836 dona
1357 5795 1460 5834 non
1513 5791 1658 5848 sunt,
1711 5781 1838 5854 quid

1931 3327 2072 3374 stum
2121 3327 2206 3374 est
2243 3323 2578 3390 retribuere,
2621 3323 2692 3380 ita
2753 3325 3006 3382 nimirum
3057 3329 3256 3398 justum
3313 3335 3496 3404 perin-

1931 3409 2102 3480 deque
2149 3411 2348 3466 bonum
2405 3411 2506 3468 fuit
2561 3415 2846 3472 identidem
2911 3421 3344 3490 prtedestinasse.
3383 3423 3498 3482 Nisi

1931 3501 2074 3556 enim
2127 3511 2274 3558 esset
2329 3501 2572 3572 justitia,
2629 3521 2730 3564 nec
2799 3511 3202 3581 prmdestinatio
3267 3533 3498 3586 praeces-

1931 3592 2106 3658 sisset,
2157 3609 2330 3664 neque
2375 3595 2632 3664 judicium
2685 3599 2924 3656 futurum
2971 3615 3142 3670 esset;
3194 3615 3276 3661 est
3315 3617 3498 3664 autem

1925 3685 2188 3758 judicium
2223 3703 2332 3760 quo
2357 3689 2684 3744 retribuatur
2705 3691 2991 3764 unicuique
3021 3699 3314 3751 secundum
3363 3713 3500 3770 Opus

1929 3778 2076 3848 ejus;
2125 3787 2210 3834 est
2269 3779 2430 3850 igitur
2459 3781 2862 3848 praedestinatio
2891 3783 3128 3852 ejusdem
3167 3785 3378 3858 judicii,
3441 3789 3498 3846 id

1931 3879 2014 3926 est
2045 3871 2364 3940 praeparatio
2407 3879 2568 3940 atque
2601 3873 2882 3942 dispositio
2935 3875 2990 3930 in
3033 3879 3368 3946 praescientia
3399 3883 3498 3938 Dei

1931 3957 2232 4016 futurorum
2263 3975 2484 4032 operum
2511 3961 2660 4032 ejus;
2707 3971 2788 4020 est
2815 3965 2972 4022 etiam
2997 3983 3156 4038 poena
3189 3987 3310 4040 quae
3335 3975 3498 4030 retri-

1929 4047 2128 4103 buatur
2156 4047 2355 4120 impiis,
2401 4049 2540 4106 sicut
2565 4060 2648 4108 est
2675 4056 2952 4124 praemium
2990 4057 3131 4126 quod
3173 4061 3502 4122 retribuatur

1931 4141 2052 4210 piis.
2099 4141 2166 4198 Et
2209 4141 2312 4198 hoc
2345 4151 2430 4198 est
2471 4153 2639 4200 totum
2673 4147 3084 4216 praedestinasse
3125 4153 3310 4220 Deum,
3357 4159 3504 4226 quod

1931 4242 2050 4290 erat
2103 4235 2218 4308 ipso
2279 4245 2498 4296 auctore
2549 4237 2816 4304 futurum,
2874 4243 3242 4302 misericordia
3295 4249 3502 4308 scilicet

1933 4336 2092 4396 atque
2108 4325 2388 4398 judicium.
2413 4327 2576 4384 Plane
2607 4329 2774 4386 miror
2801 4329 3106 4390 'Ctecitatem
3147 4347 3290 4394 tuam
3331 4341 3502 4396 inter-

1933 4419 2058 4473 dum
2095 4435 2312 4490 negare,
2343 4419 2612 4476 interdum
2643 4423 2966 4504 confirmare
2995 4441 3182 4496 pinnas
3209 4448 3220 4484 :
3247 4447 3372 4486 nam
3409 4435 3504 4504 qui

1931 4509 2192 4566 hactenus
2219 4525 2408 4582 pinnas
2429 4513 2666 4581 peccatis
2699 4495 3322 4590 debitas‘nsquequaque
3341 4495 3504 4592 nega;-

1929 4617 2108 4668 veras,
2133 4617 2276 4656 nunc
2303 4603 2578 4660 conﬁteris
2619 4603 2846 4660 dicendo
2875 4625 2888 4662 :
2921 4601 3086 4664 Pwna
3123 4611 3304 4680 procul
3343 4613 3502 4666 dubio

1931 4691 2116 4762 impios
2157 4689 2300 4762 juste
2351 4701 2570 4764 torquet.
2621 4693 2684 4748 Et
2713 4693 2850 4752 item
2885 4715 2896 4750 :
2937 4695 3044 4752 Est-
3080 4711 3252 4754 autem
3301 4719 3452 4772 poma
3485 4721 3498 4756 :

1929 4795 2159 4850 cumque
2179 4778 2294 4848 jam
2329 4795 2544 4850 pinnam
2587 4783 2832 4854 fatearis,
2879 4787 3102 4842 insania:
3145 4789 3358 4858 plenum
3403 4791 3502 4846 de-

1929 4869 2278 4940 prehenditur
2303 4873 2824 4942 praidestinalionem
2847 4875 2962 4946 ejus
2987 4893 3202 4950 negare,
3219 4895 3336 4948 qua:
3355 4881 3504 4950 justa

1931 4969 2032 5016 est.
2073 4959 2244 5018 Omne
2283 4963 2476 5034 quippe
2515 4961 2716 5032 justum
2771 4967 3012 5022 bonum:
3057 4967 3194 5022 bona
3247 4979 3329 5024 est
3375 4953 3506 5044 ergo

1935 5053 2336 5124 praedestinatio
2381 5069 2576 5124 preme,
2619 5057 2760 5112 sicut
2795 5057 3004 5128 judicii,
3033 5057 3158 5127 quia
3199 5059 3314 5114 sine
3341 5059 3506 5116 dubio

1935 5143 2096 5212 iusta.
2129 5143 2268 5200 Nihil
2319 5153 2496 5202 autem
2543 5145 2798 5218 injustum
2841 5149 3072 5214 bonum;
3119 5163 3277 5204 omne
3321 5161 3504 5208 autem

1931 5233 2134 5304 justum
2159 5235 2390 5304 bonum;
2431 5235 2630 5292 bonum
2663 5237 2824 5308 igitur
2875 5237 3272 5306 prtedestinatio
3305 5255 3504 5312 pacate,

1937 5325 2064 5394 quia
2089 5323 2270 5394 procul
2291 5325 2452 5382 dubio
2467 5325 2692 5394 justum.

2011 5415 2346 5488 Quapmpter
2373 5417 2564 5472 frivola
2591 5431 2812 5488 prorsus
2855 5421 3194 5474 convincitur
3221 5437 3508 5494 argumen-

1937 5507 2072 5563 tatio
2121 5517 2234 5574 tua,
2279 5525 2400 5564 cum
2433 5507 2486 5562 id
2519 5509 2732 5564 conaris
2761 5521 3006 5566 evertere
3051 5513 3190 5582 quod
3239 5523 3293 5570 et
3321 5523 3508 5572 aucto-

1941 5599 2072 5656 ritas
2090 5609 2146 5656 et
2175 5603 2314 5656 ratio
2341 5601 2620 5670 perspicue
2669 5605 3014 5672 persuadent.
3049 5605 3326 5664 Sententia
3375 5625 3504 5666 vero

1939 5693 2264 5763 Augustini,
2329 5707 2488 5761 quam
2549 5693 2946 5752 continuationi
3019 5699 3510 5770 prmdcstinationis

1939 5783 2185 5850 adhibes,
2217 5797 2428 5854 semper
2477 5783 2529 5838 in
2561 5785 2718 5840 donis
2763 5787 2954 5844 divinat
3001 5791 3264 5862 largitatis
3313 5791 3510 5850 intelliv
