4010 6352
621 345 757 432 ειτδ

1619 341 1678 396 S.
1719 337 2088 396 PRUDENTll
2130 338 2508 396 TRECENSIS
2547 341 2862 398 EPISCOPI
3677 355 3767 418 “76

617 459 826 531 gendae,
870 469 1094 528 prorsus
1126 454 1182 509 in
1227 453 1374 508 nullo
1421 461 1524 506 tuae
1559 451 1978 508 adminiculatur
2021 468 2199 508 asser—
2222 453 2584 524 Apmpriam,
2630 454 2830 508 mirum
2874 459 2976 516 est,
3005 467 3175 524 quare
3222 457 3478 526 propriam
3501 465 3767 530 reprobomm

613 549 770 606 tioni.
794 547 1031 604 Dicendo
1054 546 1197 601 enim
1221 543 1467 615 (August.
1493 542 1556 596 de
1572 541 1708 596 Don.
1737 560 1958 612 persev.,
1986 557 2107 613 cap.
2128 543 2193 596 17

614 644 672 700 in
699 641 827 715 line)
856 660 869 696 :
900 641 1027 697 Hac
1063 641 1155 695 Dei
1195 641 1354 704 dona,
1407 639 1451 693 si
1500 638 1643 693 nulla
1675 649 1760 694 est
1791 640 2196 710 praedestinatio

613 747 782 806 quam
830 730 1186 795 defendimus,
1234 745 1339 783 non
1388 729 1746 798 praesciuntur
1777 744 1807 782 a
1852 731 2002 796 Deo;
2057 721 2196 799 prae-

614 825 862 880 sciuntur
890 832 1067 877 autem
1093 837 1108 875 :
1137 820 1263 876 Hzcc
1291 828 1375 902 est
1409 821 1572 891 igitur
1596 822 2006 890 praedestinatio
2033 839 2194 892 quam

613 913 970 970 defendimus.
1027 912 1180 968 Unde
1216 911 1508 982 aliquando
1551 913 1738 968 eadem
1791 913 2194 984 praedestinatio

611 1002 947 1074 significatur
1000 998 1164 1058 etiam
1209 1003 1430 1057 nomine
1480 1003 1867 1072 praescientiae,
1925 1005 2066 1060 sicut
2121 1006 2197 1060 ait

606 1092 940 1164 Apostolus:
977 1092 1102 1147 Non
1160 1093 1348 1161 repulit
1396 1093 1539 1147 Deus
1557 1091 1994 1164 'plebem-suam,
2035 1113 2194 1166 quam

605 1185 861 1254 praesciuit
891 1183 1076 1255 (Rom.
1118 1199 1195 1248 χι,
1225 1184 1320 1254 2).
1355 1182 1469 1238 Hoc
1495 1185 1637 1252 quod
1665 1184 1742 1238 ait
1769 1185 2048 1255 ρνιεεεὶυἱτ,
2088 1201 2192 1239 non

608 1282 756 1328 recte
789 1273 1100 1344 intelligitur:
1136 1273 1241 1329 nisi
1283 1275 1704 1344 praedestinavit.
1759 1275 1825 1328 Et
1847 1283 2041 1330 caetera
2075 1291 2194 1344 qua:

606 1374 948 1436 sequuntur,,
978 1367 1043 1421 de
1089 1381 1152 1422 es
1184 1351 1305 1437 quae
1334 1367 1401 1421 ad
1439 1377 1656 1422 sanctos
1694 1367 1949 1436 pertinet,
1993 1383 2050 1420 se
2079 1376 2194 1421 tan-

611 1457 888 1512 tummodo
937 1457 1136 1513 dixisse
1188 1456 1575 1522 manifestavit,
1626 1459 1872 1513 addendo
1919 1458 2191 1525 videlicet,

606 1566 769 1621 quam
793 1549 1152 1616 defendimus,
1182 1565 1302 1605 eam
1347 1549 1546 1620 quippe
1574 1549 1966 1605 defendendam
2005 1566 2193 1605 susce-

600 1653 788 1716 perat;
818 1643 1072 1714 quoniam
1100 1644 1289 1698 eadem
1327 1642 1441 1712 jam
1474 1643 1939 1714 impugnabatura
1973 1646 2101 1710 tuis,
2133 1652 2193 1697 ut

602 1734 679 1788 ita
726 1734 980 1798 dixerim,
1017 1734 1538 1804 propugnatoribus;
1599 1733 1740 1788 sicut
1773 1733 1999 1804 epistola
2027 1733 2189 1788 Pros-

601 1825 720 1896 peri
751 1834 806 1880 et
835 1824 1027 1880 Hilarii
1063 1828 1132 1880 ad
1161 1819 1306 1891 eum,
1331 1833 1386 1880 et
1410 1827 1692 1896 responsio
1717 1824 1853 1894 ejus,
1897 1825 2194 1896 titulusque
2221 1813 2270 1873 Β

601 1916 748 1983 libri,
782 1926 943 1988 atque
969 1917 1111 1972 actio
1134 1917 1268 1971 satis
1293 1927 1583 1987 aperteque
1605 1917 1921 1972 declarant:
1961 1919 2189 1973 necdum

600 2023 837 2079 namque
862 2007 1265 2079 praedestinatio
1303 2009 1589 2077 impiorum
1631 2015 1872 2078 coeperat
1913 2009 2188 2079 denegari,

599 2115 761 2170 quam
787 2101 1100 2172 frequenter
1131 2101 1184 2156 in
1218 2099 1628 2176 Pelagianorum
1660 2101 1825 2156 etiam
1854 2099 2007 2157 libris
2029 2109 2191 2169 atque

601 2192 851 2265 Origenis
878 2195 1110 2264 positam
1145 2193 1469 2258 invenimus,
1518 2208 1749 2262 quorum
1799 2192 2000 2248 idcirco
2029 2192 2190 2247 testi-

600 2286 782 2341 monia
803 2285 1046 2357 proferre
1075 2301 1182 2341 non
1214 2285 1585 2341 necessarium
1617 2285 1870 2341 duximus
1895 2299 1909 2351 ;
1935 2284 2189 2354 quoniam

600 2379 994 2435 catholicorum
1047 2379 1402 2434 munimentis
1452 2393 1553 2432 nos
1610 2377 1924 2442 abundare,
1976 2375 2191 2431 favente

597 2469 852 2536 Domino,
901 2470 1172 2540 copiosius
1220 2471 1643 2540 congaudemus.
1690 2468 1828 2524 Hinc
1874 2469 2190 2540 interposita

597 2561 744 2617 beati
796 2563 1082 2633 Augustini
1116 2565 1420 2631 Sententia,
1471 2580 1632 2636 quam
1674 2579 1742 2620 ex
1789 2565 1927 2620 libro
1953 2564 2095 2620 illius
2123 2566 2192 2621 de

597 2653 753 2709 Dono
769 2657 1207 2744 operseverantiae
1235 2657 1567 2727 decerptam,
1610 2656 1718 2710 tuis
1754 2655 2060 2711 actionibus
2103 2657 2188 2710 in-

601 2745 904 2812 serendam,
931 2749 1176 2817 quamvis
1207 2748 1387 2818 inepte
1414 2764 1640 2818 prorsus
1668 2749 1945 2815 ceusuisti,
1979 2764 2085 2818 qua
2121 2748 2190 2803 de

601 2836 1080 2906 praedestinatione
1109 2847 1420 2894 sanctorum
1461 2839 1695 2894 ﬁdeliter
1741 2840 2024 2908 disputans
2053 2855 2191 2911 prae-

603 2926 884 2982 scientiam
915 2943 1015 2998 pro
1047 2945 1110 2984 ea
1139 2929 1429 3000 aliquando
1449 2929 1579 3000 poni
1605 2929 1780 2986 solere
1795 2930 2028 2999 edocuit,
2057 2945 2188 2987 con-

602 3028 758 3077 sueto
779 3021 874 3078 tibi
901 3033 1091 3078 errore
1126 3025 1544 3094 argumentaris.

1157 3150 1382 3191 JOANNES
1410 3151 1628 3193 SCOTUS.

676 3239 838 3312 (Cap.
861 3243 948 3307 i2,
971 3261 1117 3300 num.
1145 3245 1230 3312 10,
1257 3257 1392 3303 sect.
1423 3247 1502 3320 5.)
1525 3258 1566 3304 Θ
1589 3248 1797 3314 Omnis,
1829 3249 2027 3321 inquit,
2052 3266 2190 3321 prae-

601 3333 822 3387 scientia
849 3337 1109 3405 pertinens
1158 3339 1228 3392 ad
1257 3339 1444 3393 electos
1473 3334 1864 3409 prmdestinatio
1888 3352 1963 3396 est
1994 3359 2012 3396 :
2043 3341 2191 3397 nulla

601 3425 992 3494 prwdestinatio
1010 3430 1110 3484 nisi
1130 3429 1409 3484 electorum
1435 3441 1533 3494 est;
1550 3431 1698 3486 nulla
1727 3434 1888 3504 igitur
1915 3436 2192 3503 prtescien-

600 3519 677 3575 tia
706 3522 968 3592 pertinens
1009 3523 1076 3576 ad
1110 3523 1298 3577 electos
1319 3524 1711 3594 prwdestinatio
1733 3543 1838 3579 non
1863 3537 1960 3581 est.
1994 3525 2190 3581 Nullus

600 3611 811 3690 eligitur
831 3616 900 3669 ad
919 3631 1145 3686 pomum,
1168 3617 1426 3686 quomodo
1457 3633 1578 3691 ergo
1589 3617 1998 3687 prwdestinatur
2016 3635 2188 3689 paena,

597 3721 718 3778 quae
762 3708 1097 3778 reproborum
1126 3719 1201 3764 est
1239 3714 1452 3781 propria
1473 3710 1499 3764 .9

1235 3837 1532 3881 CORRECTIO
1541 3865 1552 3878 .

670 3937 713 4008 -ι-
749 3937 878 4005 Quae
909 3940 1305 4008 argumentatio
1327 3955 1395 3994 ex
1430 3940 1862 4010 praecedentibus
1889 3939 2025 3997 falsa
2067 3955 2188 3997 esse

599 4035 957 4092 convincitur.
1011 4037 1205 4092 Diceus
1242 4036 1441 4107 quippe
1472 4037 1654 4108 (num.
1687 4038 1809 4108 11),
1859 4038 2005 4093 nulla
2053 4055 2189 4109 pra:-

598 4128 877 4182 destinatio
913 4129 1014 4182 nisi
1047 4128 1327 4183 electorum
1358 4138 1458 4193 est,
1491 4129 1760 4194 mentiris,
1797 4131 1924 4199 quia
1956 4138 2010 4184 et
2035 4129 2185 4185 Scri-

598 4227 772 4288 ptura:
794 4228 992 4274 sanctae
1019 4220 1314 4275 auctoritas
1333 4227 1388 4274 et
1410 4230 1723 4275 sanctorum
1741 4219 1962 4274 Patrum
1992 4221 2188 4276 unani-

599 4313 761 4366 mitas
807 4311 1103 4367 destinatos
1159 4313 1245 4368 vel
1304 4313 1756 4382 prmdcstinatos,
1819 4321 2040 4384 paratos
2102 4314 2187 4368 vel

597 4411 955 4474 praeparatos,
987 4419 1051 4458 ac
1098 4404 1387 4476 deputatos
1431 4404 1498 4458 ad
1528 4420 1747 4473 poenam
1778 4404 1862 4459 vel
1905 4405 2184 4461 interitum

598 4491 837 4547 infucate
867 4502 1028 4562 atque
1063 4491 1407 4547 concorditer
1437 4492 1656 4548 indicat.
1692 4493 1954 4564 Quodque
1975 4494 2178 4550 infers:

599 4581 798 4637 Nullus
827 4581 1038 4654 eligitur
1075 4582 1145 4636 ad
1181 4598 1385 4652 poenam
1408 4599 1427 4636 :
1457 4583 1716 4653 quomodo
1752 4600 1874 4654 ergo
1913 4585 2187 4654 prtrdesti-

596 4686 758 4730 natur
803 4692 973 4747 paena,
1009 4691 1127 4746 qua?
1175 4674 1512 4746 reproborum
1562 4685 1638 4728 est
1681 4676 1944 4746 propria?
1983 4675 2184 4730 videris

595 4769 896 4840 intelligere
949 4770 1268 4826 electionem
1325 4777 1380 4823 et
1425 4769 1952 4839 prmdestiuationem
2019 4783 2182 4822 unum

595 4878 736 4928 esse,
768 4879 889 4918 cum
923 4864 1212 4933 plurimum
1233 4861 1496 4916 interesse
1541 4861 1720 4916 nullus
1769 4861 2019 4932 ignoret:
2053 4876 2182 4916 nam

595 4953 738 5008 aliud
775 4955 994 5025 eligere,
1031 4953 1172 5009 aliud
1198 4966 1317 5008 esse
1360 4953 1745 5023 praedestinare
1771 4954 1893 5023 quis
1921 4954 2130 5020 nesciat
2157 4953 2182 5015 ?_

597 5045 753 5101 Sicut
781 5047 923 5101 enim
970 5047 1113 5100 aliud
1158 5055 1240 5101 est
1276 5044 1496 5114 eligere,
1548 5044 1693 5099 aliud
1747 5045 2056 5114 disponere,
2105 5045 2180 5098 ita

595 5137 739 5192 aliud
763 5147 846 5194 est
869 5138 1090 5207 eligere,
1117 5137 1261 5192 aliud
1291 5135 1564 5192 destinare
1589 5154 1601 5188 :
1629 5135 1882 5205 quoniam
1907 5134 2180 5190 destinare

594 5228 682 5284 vel
707 5228 1093 5299 praedestinarc
1119 5243 1226 5282 non
1257 5241 1377 5282 esse
1405 5225 1549 5280 aliud
1589 5239 1754 5294 quam
1786 5225 2073 5293 disponere
2095 5223 2178 5279 vel

595 5334 925 5390 prmparare,
961 5319 1045 5372 vel
1082 5317 1343 5388 quidquid
1374 5318 1512 5372 idem
1542 5317 1832 5388 signiﬁcat,
1857 5314 1972 5384 jam
2017 5333 2178 5387 supra

598 5416 960 5463 monstratum
989 5417 1089 5463 est.
1119 5407 1290 5462 Porro
1325 5407 1450 5478 eligi
1491 5422 1817 5477 quemquam
1861 5407 1926 5461 ad
1963 5423 2179 5479 poenam

596 5496 684 5552 vel
712 5497 998 5552 interitum‘
1015 5497 1197 5551 divina
1225 5497 1438 5568 eloquia
1467 5511 1594 5551 raro
1622 5505 1918 5563 testantur;
1947 5499 2184 5568 praedes-

597 5588 762 5642 tinari
815 5604 946 5644 vero
998 5605 1187 5659 pmnas
1227 5590 1405 5644 omnis
1446 5589 1655 5646 Veteris
1697 5600 1752 5646 et
1797 5591 1932 5647 Novi
1983 5591 2177 5648 Testa-

599 5680 767 5733 menti
799 5679 1077 5750 Scriptura
1107 5690 1356 5736 testatur.

669 5770 777 5826 Sed
804 5772 944 5841 quod
966 5771 1104 5828 dicis
1130 5773 1308 5844 (num.
1343 5772 1441 5843 l2)
1469 5789 1671 5844 plenam
1701 5791 1811 5832 esse
1840 5775 2180 5847 reproborum

2297 544 2518 610 dixeris,
2549 559 2671 600 eum
2699 545 2900 599 veritas
2919 543 3243 600 Christianae
3265 545 3378 600 ﬁdei
3403 549 3588 614 habeat,
3611 568 3771 627 excepto

2297 634 2407 690 Deo
2442 647 2497 690 et
2523 636 2748 692 Domino
2775 645 2962 691 nostro
2995 635 3120 691 Jesu
3152 636 3383 703 Christo,
3413 639 3588 696 nullum
3609 659 3660 698 ex
3687 663 3769 716 pec.

2297 727 2498 781 catrice
2520 727 2816 798 prapagine
2844 725 2949 781 nisi
2975 736 3311 796 peccatorem
3349 731 3502 793 nasci,
3529 735 3772 807 perindeque

2295 833 2511 888 poenam
2538 819 2683 890 justo
2708 819 2801 873 Dei
2821 817 3024 886 judicio
3037 821 3347 889 promereri.
3365 822 3436 874 Ac
3448 837 3534 890 per
3543 823 3625 878 hoc
3645 841 3772 894 quem.

2298 912 2587 966 admodum
2652 926 2841 966 omnes
2903 921 3218 981 peccatores
3271 922 3466 968 naturae
3500 906 3691 982 traduce,
3723 919 3771 974 ita

2296 1017 2486 1056 omnes
2529 1001 2708 1071 poenis
2779 1000 2990 1056 debitos
3043 1000 3414 1056 incunctanter
3460 1011 3694 1070 tenemus;
3738 1019 3772 1062 et

2297 1094 2436 1148 sicut
2464 1109 2492 1146 a
2523 1101 2748 1163 peccato
2785 1107 2894 1147 non
2925 1093 3028 1148 uisi
3060 1094 3294 1162 gratuita
3322 1095 3501 1166 gratia,
3531 1097 3591 1151 ita
3613 1113 3636 1152 a
3655 1102 3770 1167 pteuis

2299 1204 2406 1244 non
2454 1187 2559 1242 nisi
2609 1187 2797 1242 eadem
2853 1186 3228 1242 misericordia
3277 1187 3475 1243 liberat.
3521 1187 3695 1260 Propria
3721 1202 3772 1245 est

2297 1293 2427 1346 ergo
2451 1287 2798 1348 peccatorum
2837 1278 3079 1332 omnium
3104 1291 3288 1347 paena,
3329 1278 3461 1333 sicut
3492 1288 3592 1350 post
3613 1280 3770 1350 primam

2298 1371 2787 1441 transgressionem
2827 1370 3106 1440 peccatrix
3143 1379 3229 1425 est
3268 1371 3496 1425 omnium
3537 1381 3771 1429 natura:et

2298 1463 2373 1518 ita
2397 1462 2637 1518 omnium
2673 1451 2976 1517 communis
3001 1470 3084 1517 est
3109 1475 3290 1532 paena,
3319 1462 3447 1516 sicut
3470 1466 3707 1518 communis
3721 1477 3772 1522 est

2297 1557 2538 1610 omnium
2591 1555 2766 1625 culpa,
2809 1555 3022 1610 dicente
3057 1554 3316 1624 Apostolo
3357 1553 3527 1609 :Sicut
3561 1572 3635 1621 per
3668 1576 3771 1613 um

2297 1648 2559 1700 hominem
2589 1656 2858 1716 peccatum
2888 1645 3100 1699 intrarit
3146 1645 3220 1698 in.
3243 1644 3500 1709 mundum,
3534 1654 3574 1698 et
3610 1663 3680 1716 per
3695 1665 3771 1716 pec-

2297 1747 2471 1790 catum
2503 1734 2848 1806 mors(Rom.
2880 1751 2935 1802 v,
2961 1735 3092 1806 l2);
3123 1746 3178 1791 et
3215 1735 3438 1790 iterum:
3469 1735 3528 1790 In
3557 1754 3638 1807 quo
3659 1755 3770 1794 erat:

2295 1837 2632 1898 peccaverunt
2661 1827 2887 1898 (Ibid.).

2367 1919 2526 1974 Certe
2591 1919 2880 1974 traditione
2931 1917 3201 1988 majorum
3267 1920 3490 1991 primum
3547 1922 3768 1985 hominem,

2294 2010 2544 2080 quamvis
2574 2018 2680 2064 tam
2710 2010 2948 2082 graviter
2971 2011 3302 2081 peccaverit,
3330 2020 3387 2066 ut
3412 2025 3553 2066 omne
3578 2011 3769 2066 hominum

2294 2116 2465 2172 genus
2519 2117 2586 2156 ex
2637 2115 2732 2156 sua
2765 2095 3058 2174 propagine
3094 2119 3195 2174 per
3244 2103 3563 2158 concubitum
3600 2103 3770 2157 mariset

2292 2193 2508 2248 femina:
2550 2194 2886 2248 nasciturum
2931 2204 3157 2264 peccato
3196 2196 3460 2265 mortique
3494 2195 3767 2258 substraverit,

2291 2284 2557 2339 salvatum
2585 2283 2679 2341 Dci
2725 2286 2896 2356 gratia
2919 2295 3340 2356 sanctorumque
3361 2287 3560 2359 collegio
3591 2288 3768 2342 sociatum

2291 2377 2564 2432 credimus
2586 2386 2640 2431 et
2679 2377 2950 2443 fatemur;
2997 2378 3089 2448 qui
3112 2379 3258 2433 sicut
3289 2379 3485 2450 primus
3508 2377 3692 2432 omnium
3707 2375 3767 2427 ho-

2293 2471 2496 2526 minum
2525 2487 2646 2526 cum
2675 2470 2899 2542 conjuge
2925 2487 3022 2526 sua
3051 2472 3322 2542 peccavit,
3345 2472 3416 2526 ita
3431 2471 3605 2542 primus
3625 2481 3767 2538 poenam

2292 2563 2658 2618 damnationis
2703 2564 2938 2634 excepit.
2978 2563 3176 2630 Quaere
3222 2564 3403 2633 itaque
3438 2571 3594 2616 utrum
3625 2557 3767 2628 propria

2291 2656 2407 2726 ejus
2466 2669 2627 2724 paena
2679 2655 2862 2722 fuerit,
2905 2671 2974 2710 an
3024 2664 3326 2722 extranea;
3376 2655 3614 2726 proprium
3650 2657 3765 2703 autem

2291 2745 2408 2815 ejus
2437 2746 2604 2802 fuisse
2631 2756 2934 2818 peccatum,
2964 2763 3122 2803 nemo
3147 2756 3434 2804 cunctatur
3455 2746 3650 2816 :justum
3665 2740 3768 2810 igitur

2291 2837 2394 2891 fuit.
2423 2847 2482 2892 ut
2520 2838 2636 2907 ipse
2669 2838 2944 2908 propriam
2993 2853 3218 2909 poenam
3263 2839 3562 2910 perciperet,
3597 2835 3691 2889 licet
3714 2831 3766 2884 iu-

2291 2929 2456 2996 vitus,
2499 2930 2591 2998 qui
2636 2931 2855 3000 prapria
2901 2929 3183 2986 voluntate
3216 2938 3488 3000 peccatum
3524 2925 3768 2984 commiserat

2291 3043 2401 3082 non
2453 3026 2670 3082 invitus.
2735 3025 2959 3096 Propria
3027 3041 3161 3096 ergo
3232 3033 3555 3095 peccatorum
3608 3017 3766 3074 omnium

2294 3133 2455 3190 poena
2497 3117 2721 3174 dicenda
2767 3127 2871 3183 est,
2924 3132 3032 3172 non
3081 3119 3452 3173 tantummodo
3495 3113 3764 3185 reproborum.

2293 3212 2418 3283 quia
2447 3211 2692 3268 omnium
2721 3210 2876 3280 culpa
2905 3211 3214 3266 communis
3244 3217 3346 3275 est,
3377 3223 3473 3280 qua
3499 3218 3669 3278 poenam
3700 3211 3766 3253 Ine-

2292 3313 2538 3369 ruerunt,
2587 3319 2698 3358 non
2747 3302 3084 3359 solummodo
3139 3302 3504 3372 reproborum.
3543 3295 3767 3350 Ethocest

2293 3396 2438 3468 quod
2468 3395 2698 3451 fideliter
2726 3394 2924 3450 dicitur
2952 3393 3123 3447 Deum
3169 3390 3579 3464 praedestinasse,
3601 3381 3664 3438 vel
3683 3392 3765 3452 pm

2291 3502 2535 3560 parasse,
2564 3487 2648 3542 vel
2668 3486 3023 3556 disposuisse,
3049 3485 3135 3539 vel
3161 3485 3462 3555 deputasse,
3486 3479 3559 3534 vel
3581 3475 3765 3544 delegasse

2289 3576 2666 3647 peccatoribus
2689 3590 2898 3645 poenas,
2928 3589 3064 3644 quas
3091 3574 3439 3644 peccantibus
3471 3585 3522 3626 se
3543 3563 3764 3638 prouiderii

2293 3669 2490 3724 merito
2557 3667 2918 3723 redditurum.
2997 3665 3055 3721 Si
3111 3667 3262 3722 enim
3318 3681 3420 3720 non
3471 3651 3766 3735 przedestiuarit

2292 3778 2502 3834 poenas,
2551 3761 2677 3833 quid
2713 3769 2797 3818 est
2845 3760 2990 3830 quod
3015 3769 3347 3831 praeceptum
3378 3752 3650 3813 obetﬁentize
3680 3747 3764 3801 dans

2288 3855 2481 3926 primis
2531 3853 2839 3909 hominibus
2880 3853 3054 3908 dixit:
3089 3852 3410 3922 Quacunque
3435 3850 3510 3904 die
3538 3835 3763 3901 comedenti:

2288 3964 2354 4002 ea:
2378 3963 2460 4012 eo,
2491 3953 2657 4000 morte
2691 3942 3034 3997 moriemini?
3068 3939 3234 4011 (Gen.
3279 3958 3338 4008 ιι,
3383 3939 3489 4011 17.)
3517 3937 3573 3992 Et
3606 3938 3761 4012 rursm

2292 4038 2337 4092 si
2360 4037 2474 4108 ipse
2502 4051 2611 4092 non
2650 4034 2896 4104 rependit
2943 4033 3168 4088 meritas
3195 4047 3400 4104 ptenas,
3445 4028 3558 4100 quid
3592 4030 3655 4077 est
3672 4011 3762 4087 th'

2289 4129 2492 4186 eisdem
2546 4126 2655 4197 jam
2700 4127 3077 4198 peccatoribus
3120 4127 3293 4183 dicit:
3334 4134 3484 4180 donec
3507 4109 3763 4176 reuertarisit

2289 4232 2500 4284 terram,
2535 4220 2599 4274 de
2640 4236 2743 4290 qua
2782 4227 3019 4288 sumptus
3047 4235 3121 4283 es,
3153 4221 3280 4290 quia
3295 4215 3460 4291 'pulels
3487 4232 3531 4269 es
3561 4221 3598 4266 et
3630 4209 3668 4260 in
3686 4198 3762 4272 ρυε-

2287 4328 2455 4366 verem
2508 4310 2819 4365 reverteris?
2865 4307 3031 4381 (Gen.
3065 4326 3150 4375 ιιι,
3200 4311 3323 4381 19.)
3371 4308 3444 4372 Si,
3484 4301 3762 4373 inquam.nec

2286 4402 2556 4473 praescivit
2589 4415 2687 4456 nec
2709 4400 3114 4471 pnedestinavit
3140 4402 3284 4457 hanc
3325 4413 3545 4470 ptenam,
3575 4382 3760 4461 quomalo

2289 4509 2410 4548 eam
2441 4501 2497 4547 et
2553 4499 2679 4546 ante
2715 4501 2998 4562 peccatum
3041 4493 3294 4562 przedixit
3339 4491 3567 4551 futuram,
3607 4491 3649 4536 el
3681 4480 3760 4546 ιωι

2291 4593 2570 4654 peccatum
2602 4582 2836 4637 reddidit
2881 4582 3271 4637 consecutam?
3308 4579 3520 4635 Proinde
3548 4574 3657 4629 sicut
3680 4575 3760 4634 ρω-

2287 4675 2464 4744 priam
2494 4672 2727 4742 culpam,
2761 4674 2832 4726 ita
2858 4673 3130 4742 pr0priam
3164 4688 3376 4742 pugnam
3419 4670 3542 4724 illius
3563 4656 3761 4755 dicendam

2287 4766 2435 4820 omni
2488 4761 2759 4835 peccatori
2818 4760 3068 4824 fortassis
3119 4778 3224 4817 non
3273 4763 3539 4830 incongrue
3583 4752 3758 4808 dixerimv

2288 4857 2562 4927 quoniam,
2588 4853 2884 4910 secundum
2921 4853 3257 4923 Apostolum,
3295 4866 3460 4907 omnes
3492 4839 3759 4934 peccaverint,

2286 4959 2335 5006 et
2357 4959 2502 5020 egent
2525 4947 2694 5020 gloria
2725 4944 3012 5018 Dei(Rom.
3044 4963 3126 5015 ιιι,
3149 4946 3269 5020 23).
3296 4947 3360 5001 Et
3390 4928 3759 4999 :ConclusitStri-

2284 5050 2440 5112 ptura
2496 5039 2672 5094 omnia
2716 5037 2812 5092 sub
2867 5047 3078 5108 peccato
3136 5031 3196 5094 ut
3257 5036 3482 5093 omnium
3529 5025 3761 5084 misereatur

2287 5130 2442 5204 (Gal.
2475 5147 2554 5196 ιιι,
2584 5128 2708 5202 22).
3640 5206 3648 5213 _
3677 5202 3685 5213 .
3727 5197 3735 5207 .

2357 5224 2580 5292 Verum,
2627 5223 2754 5294 quia
2801 5223 3083 5280 electionis
3124 5223 3434 5281 vocabulum
3475 5216 3533 5271 ad
3570 5206 3758 5264 amicissi-

2289 5333 2434 5374 mam
2487 5317 2584 5373 tibi
2633 5318 3040 5374 contrarietatis
3083 5318 3471 5388 perversitatem
3515 5306 3754 5367 detorques'

2292 5410 2529 5465 adhibita
2579 5409 2723 5464 beati
2749 5410 3034 5480 Augustini
3065 5411 3342 5476 sententia,
3374 5422 3468 5478 qua
3488 5395 3644 5465 satagis
3664 5398 3756 5480 είξηῖ

2291 5503 2506 5556 ﬁrmare
2555 5499 2841 5570 ‘reprobos,
2890 5501 3148 5571 appellari
3175 5501 3387 5563 electos,
3425 5507 3529 5550 cum
3570 5497 3650 5540 non
3680 5475 3756 5571 suit

2288 5594 2470 5660 electi,
2515 5601 2569 5648 te
2608 5566 2838 5648 necdum
2884 5566 3041 5662 plene
3085 5593 3402 5649 intellexisse
3449 5580 3556 5656 quid
3592 5566 3753 5662 seu?”

2287 5656 2692 5739 evidentissime
2734 5656 2980 5752 indicas;
3014 5685 3145 5739 dicit
3173 5685 3312 5740 enim
3340 5672 3620 5748 Augustinus
3642 5656 3734 5725 (Αυι

2286 5767 2623 5854 άεῦονιηι.
2657 5793 2704 5837 et
2744 5780 2915 5846 Crat.,
2948 5745 3066 5851 cap.
3098 5795 3196 5845 vn,
3229 5778 3311 5849 9).
3341 5745 3516 5848 [Electi
3537 5759 3648 5819 enim
3667 5745 3752 5802 sunt
