4010 6352
135 421 157 476 1
177 423 274 478 1¹Π
334 438 343 446 ·
983 421 1071 476 DE
1109 419 1684 484 PRAEDESTINATIO

1815 428 2094 486 CONTRA
2129 429 2179 486 J.
2223 430 2517 490 SCOTUM.
2674 442 2688 466 ’
3255 442 3392 498 1178

133 538 203 590 ad
234 533 567 604 regnandum
597 544 716 587 cum
743 531 976 599 ωπίεῐο,
1001 550 1106 590 non
1133 538 1400 606 quomodo
1419 539 1624 594 electus
1637 547 1722 596 est
1746 549 1794 606 Α
1823 554 1982 601 erant
2011 547 2105 602 ﬁlii
2129 549 2292 604 etiam
2313 551 2529 620 quando
2550 549 2705 606 erant
2733 551 2788 606 in
2816 550 3156 621 professione
3185 563 3240 611 et
3288 573 3390 613 no-

134 626 160 681 J
171 628 304 682 udas
333 627 401 681 ad
422 640 557 696 opus
585 625 669 680 cui
694 625 1054 696 congruebat:
1077 629 1146 683 ab
1170 629 1262 683 illo
1283 630 1480 700 quippe
1510 631 1712 686 electus
1815 638 1960 694 mine
1974 637 2252 714 ﬁliorum.]

136 725 240 782 est,
279 716 373 786 qui
410 715 560 770 novit
597 717 736 770 bene
781 715 858 772 uti
905 716 1068 770 etiam
1117 717 1294 785 malis,
1337 725 1396 772 ut
1453 735 1550 790 per
1597 720 1682 790 eju

1788 743 1826 782 ν
1883 733 1924 800 1-
1952 729 2116 799 Cujus
2137 733 2417 788 sententiae
2440 735 2818 792 documentum
2845 738 2970 808 quia
3015 737 3068 792 in
3093 739 3253 793 aliam
3295 753 3391 810 pe-

135 823 272 878 ορυδ
327 808 652 874 damnabile:
708 808 839 864 ίηυά
875 818 1095 880 ῐποβιθι·
1141 812 1284 882 (ιιιοά
1336 813 1452 883 ipse
1492 822 1714 869 venerat
1813 819 2032 891 ricopen
2053 821 2258 891 diﬁ'ers,
2290 832 2344 880 et
2369 839 2470 881 nos
2491 827 2896 896 responsionem
2913 836 3138 884 eatenus
3165 808 3385 886 diﬁ‘era-

135 915 272 969 opus
293 901 599 957 venerabile
624 903 1003 970 compleretur.
1047 904 1181 959 Cum
1209 906 1390 975 itaque
1417 906 1665 963 audimus
1692 921 1708 962 :
1813 926 1953 968 mus.

139 989 330 1046 Nonne
355 1007 448 1062 ego
470 1007 557 1046 vos
587 992 859 1047 duodecim
891 993 1044 1065 elegi,
1073 1006 1120 1050 et
1152 1013 1286 1050 unus
1315 1013 1380 1051 ex
1411 999 1550 1053 vobis
1590 999 1709 1054 dia-
2397 1009 2625 1068 CAPUT
2660 1009 2797 1066 XIII.

136 1083 284 1176 bolus
336 1092 410 1136 est
456 1083 750 1176 (Joantvi,
794 1086 926 1152 7i)?
955 1086 1076 1142 lllos
1110 1086 1368 1144 debemus
1411 1090 1710 1162 intelligere
1885 1097 2025 1164 Quid
2049 1107 2211 1170 potest
2235 1099 2408 1172 colligi
2441 1117 2506 1156 ea:
2533 1102 2784 1176 prtedicta
2827 1104 2994 1157 sancti
3035 1103 3316 1176 Augustini

131 1172 333 1227 electos
361 1187 458 1243 per
481 1174 926 1242 misericordiam,
953 1177 1100 1231 illum
1141 1193 1238 1247 per
1277 1179 1558 1249 judicium.
1587 1183 1709 1239 lllos
2443 1174 2718 1228 εεηιεηιία-

131 1279 262 1333 ergo
297 1263 458 1334 elegit
485 1265 551 1318 ad
599 1265 947 1321 obtinendum
994 1283 1218 1336 regnum
1247 1283 1423 1336 suum,
1466 1272 1613 1326 illum
1640 1273 1708 1328 ad

129 1353 460 1408 fundendum
491 1356 804 1424 sanguinem
835 1372 1028 1412 suum:
1054 1355 1298 1414 Firmum
1321 1371 1494 1416 autem
1520 1363 1705 1432 funda-

127 1456 358 1506 mentum
398 1445 495 1500 Dei
521 1456 624 1500 stat
653 1447 847 1504 habens
884 1443 1211 1519 signaculum
1239 1453 1335 1506 hoc
1361 1469 1380 1505 :
1417 1454 1562 1508 scivit
1592 1454 1701 1508 Do-

124 1541 300 1593 minus
341 1541 432 1609 qui
457 1549 577 1594 sunt
615 1540 726 1610 ejus
758 1541 842 1614 (II
874 1541 1008 1596 Tim.
1042 1559 1103 1608 ιι,
1139 1543 1248 1616 19).
1291 1545 1516 1600 Horum.
1546 1547 1698 1615 fides,

121 1651 240 1704 qua:
279 1651 370 1704 per
405 1634 732 1689 dilectionem
771 1648 1016 1706 operatur
1041 1636 1194 1708 (Gal.
1235 1655 1284 1702 v,
1317 1640 1403 1710 6),
1458 1640 1700 1710 profecto

120 1735 215 1778 aut
243 1726 463 1780 omnino
509 1742 615 1781 non
663 1726 880 1792 deﬁcit,
927 1737 1020 1783 aut
1063 1731 1106 1784 si
1157 1731 1247 1800 qui
1293 1744 1418 1788 sunt
1469 1749 1698 1803 quorum

121 1817 322 1883 deficit,
365 1826 648 1887 reparatur
691 1827 980 1894 antequam
1025 1820 1136 1876 vita
1185 1821 1288 1877 ista
1336 1823 1583 1890 ﬁniatur,
1644 1835 1700 1880 et

1879 1281 2058 1339 Tertia
2080 1285 2287 1341 decima
2309 1286 2490 1356 itaque
2512 1287 2603 1341 tali
2625 1287 2780 1343 titulo
2794 1297 3127 1359 praenotatur
3152 1307 3164 1343 :

2353 1412 2579 1452 JOANNES
2601 1413 2816 1454 SCOTUS.

1874 1504 2026 1577 (Cap.
2060 1507 2149 1572 15,
2173 1523 2323 1562 num.
2353 1507 2409 1575 2,
2441 1487 2656 1582 sectfl)
2687 1521 2728 1567 Θ
2755 1510 2895 1576 Quid
2920 1522 3084 1583 potest
3127 1513 3301 1584 colligi
3321 1527 3385 1568 ea:

1799 1596 2053 1664 prtedicta
2086 1600 2255 1652 sancti
2285 1600 2565 1670 Augustini
2595 1602 2892 1656 sententia?

2425 1725 2744 1768 CORBECTIO.

1868 1818 1910 1888 1-
1937 1817 1996 1873 In
2019 1835 2148 1890 qua,
2173 1835 2297 1875 cum
2341 1835 2407 1876 ex
2441 1821 2622 1876 verbis
2670 1823 2842 1877 sancti
2878 1793 3161 1891 Augustini
3211 1824 3372 1896 (Aug.

120 1907 298 1963 deleta
336 1924 457 1978 quae
505 1909 811 1964 incurrerat
856 1910 1161 1980 iniquitate,
1208 1928 1380 1983 usque
1429 1914 1483 1969 in
1531 1915 1692 1970 ﬁnem
1719 1906 1769 1965 B
1795 1911 1948 1983 ibid.)
1983 1912 2234 1984 colligere
2280 1913 2470 1969 niteris
2515 1913 2830 1970 sufﬁcientia
2869 1917 2953 1972 his
2993 1933 3114 1986 quae
3149 1919 3377 1973 suadere

119 2005 521 2074 perseverantia
551 2005 858 2075 deputatur.
883 2005 984 2074 Qui
1011 2021 1140 2062 vero
1169 2007 1564 2076 perseveraturi
1585 2023 1692 2063 non

119 2107 269 2163 sunt,
307 2112 368 2152 ac
394 2097 472 2152 sic
519 2111 551 2150 a
579 2097 684 2152 ﬁde
717 2095 1021 2154 Christiana
1051 2107 1106 2154 et
1143 2099 1552 2155 conversatione
1580 2099 1692 2170 lap-

115 2189 231 2243 suri
283 2196 426 2252 sunt,
481 2195 542 2242 ut
579 2187 714 2244 tales
758 2204 850 2244 eos
897 2190 1019 2243 vitae
1061 2187 1218 2258 hujus
1259 2191 1380 2246 ﬁnis
1431 2191 1687 2254 inveniat,

113 2281 304 2352 procul
357 2281 518 2336 dubio
571 2296 670 2337 nec
714 2280 806 2336 illo
859 2290 1098 2353 tempore
1147 2298 1254 2352 quo
1308 2285 1444 2338 bene
1496 2283 1691 2354 pieque

115 2375 304 2427 vivunt
331 2374 384 2427 in
433 2373 659 2428 istorum
717 2389 944 2430 numero
993 2375 1339 2445 computandi
1386 2384 1548 2430 sunt:
1582 2389 1689 2429 non

115 2466 260 2518 enim
305 2472 429 2519 sunt
464 2480 493 2518 a
538 2480 718 2520 massa
745 2465 833 2520 illa
861 2466 1180 2536 perditionis
1220 2466 1557 2536 praescientia
1594 2465 1689 2520 Dei

113 2565 170 2611 et
204 2557 668 2626 praedestinatione
703 2557 940 2613 discreti.
975 2558 1043 2612 Et
1090 2558 1210 2612 ideo
1253 2573 1350 2613 nec
1390 2557 1686 2612 secundum

111 2647 673 2720 propositum'vocati,
706 2665 769 2704 ac
798 2664 895 2720 per
924 2652 1026 2705 hoc
1065 2665 1166 2705 nec
1194 2649 1372 2715 electi,
1405 2651 1500 2705 sed
1530 2651 1583 2703 in
1610 2649 1688 2704 eis

113 2743 291 2797 vocali
315 2742 380 2797 de
403 2743 599 2812 quibus
633 2741 837 2796 dictum
876 2750 960 2797 est
983 2759 996 2796 :
1023 2741 1182 2794 Multi
1210 2741 1396 2806 vocali,
1429 2751 1483 2795 et
1504 2755 1612 2794 non
1633 2739 1687 2794 in

112 2833 195 2888 eis
216 2833 278 2888 de
296 2833 490 2904 quibus
512 2833 712 2888 dictum
726 2842 808 2889 est
825 2851 838 2886 :
853 2832 1006 2904 pauci
1020 2849 1137 2887 vero
1151 2830 1297 2887 electi
1313 2829 1528 2902 (Matth.
1547 2846 1682 2892 χιιι,

113 2925 237 2997 11).
274 2925 340 2979 Et
385 2935 562 2980 tamen
589 2925 710 2996 quis
735 2939 830 2980 eos
856 2931 1013 2994 neget
1037 2923 1256 2987 electos,
1287 2937 1410 2977 cum
1435 2921 1685 2985 credunt,

108 3026 167 3072 et
221 3017 579 3088 baptizautur,
621 3024 677 3072 et
725 3017 1017 3071 secundum
1061 3015 1226 3069 Deum
1262 3012 1688 3068 vivunt?Plane

111 3111 358 3166 dicuntur
389 3109 545 3166 electi
575 3124 607 3164 ει
642 3108 1008 3164 nescientibus
1034 3106 1162 3176 quid
1190 3103 1358 3158 futuri
1394 3111 1539 3168 sunt,
1580 3118 1686 3156 non

109 3208 181 3261 ab
209 3205 296 3260 illo
318 3205 408 3275 qui
431 3219 523 3259 cos
546 3205 695 3259 novit
716 3219 822 3258 non
847 3191 1047 3258 habere
1069 3198 1546 3271 perseverantiam,
1565 3210 1686 3265 quae

1795 2004 2013 2059 conaris
2040 2005 2353 2074 probandis,
2381 2005 2608 2070 multum
2635 2022 2666 2060 a
2694 2022 2855 2061 sensu
2904 2009 3146 2078 ejusdem
3191 2009 3377 2080 Augu-

1796 2095 1925 2152 stini
1961 2095 2168 2150 recedis
2197 2112 2210 2148 :
2241 2085 2365 2150 nam
2389 2111 2511 2150 cum
2534 2083 2758 2166 poneret
2789 2097 3159 2152 testimonium
3197 2099 3382 2152 dicen-

1795 2187 1864 2242 tis
1894 2186 2106 2240 Domini
2131 2203 2144 2239 :
2166 2185 2356 2240 Nonne
2381 2203 2473 2257 ego
2498 2203 2587 2240 vos
2607 2186 2883 2241 duodecim
2905 2187 3056 2258 elegi,
3083 2199 3129 2242 et
3161 2205 3297 2242 unus
3312 2205 3377 2243 ex

1793 2279 1932 2334 vobis
1955 2277 2196 2332 diabolus
2219 2288 2293 2332 est
2315 2276 2496 2348 (Joan.
2512 2293 2587 2343 v1,
2603 2278 2710 2349 71),
2732 2277 3010 2346 subiunxit
3029 2289 3085 2334 et
3109 2280 3184 2334 ait
3204 2298 3216 2332 :
3235 2279 3381 2352 [lllos

1793 2372 2051 2426 debemus
2093 2369 2396 2440 intelligere
2444 2387 2456 2423 :
2510 2369 2712 2424 electos
2758 2385 2858 2439 per
2909 2371 3376 2436 misericordiam,

1793 2463 1943 2518 illum
1971 2477 2068 2532 per
2113 2459 2407 2529 judicium;
2458 2449 2577 2516 illas
2627 2461 2696 2514 ad
2747 2461 3101 2516 obtinendum
3153 2477 3374 2533 regnum

1792 2570 1974 2620 suum,
2005 2553 2157 2607 illum
2183 2552 2250 2605 ad
2282 2550 2609 2606 fundendum
2649 2551 2966 2620 sanguinem
2993 2550 3196 2622 suum.]
3246 2551 3377 2616 Quae

1791 2647 1956 2700 verba
2003 2643 2090 2714 pie
2147 2642 2490 2699 considerata
2547 2640 2833 2710 sobrieque
2887 2656 3152 2711 perpensa
3205 2641 3376 2695 multo

1791 2738 1936 2792 aliud
1962 2750 2124 2806 quam
2159 2733 2302 2804 quod
2329 2731 2538 2802 colligis
2580 2738 2856 2786 resonant.
2889 2731 3036 2784 Dixit
3062 2730 3206 2784 enim
3253 2729 3364 2784 ele-

1791 2840 1908 2886 ctos
1930 2827 2180 2883 undecim
2213 2841 2312 2896 per
2346 2823 2795 2885 misericordiam,
2819 2821 3010 2877 Judam
3040 2821 3373 2891 proditorem

1789 2923 2187 2996 perjudicium.
2239 2919 2548 2990 Colligenda
2596 2924 2722 2972 sunt
2764 2932 2892 2988 ergo
2931 2917 3094 2978 etiam
3139 2932 3205 2970 ex
3254 2915 3376 2969 aliis

1790 3020 1907 3090 ejus
1933 3018 2017 3072 vel
2039 3016 2190 3071 libris
2229 3013 2311 3067 vel
2341 3011 2684 3068 sermonibus
2712 3010 2915 3074 omnia,
2943 3009 3027 3063 vel
3076 3023 3213 3079 pene
3251 3023 3372 3062 om-

1793 3112 1902 3175 nia,
1921 3123 2040 3180 quae
2065 3121 2227 3177 super
2253 3104 2398 3159 Judae
2410 3103 2672 3159 electione
2685 3100 2915 3157 diversis
2934 3099 3127 3162 modis,
3147 3099 3241 3154 sed
3265 3112 3373 3152 non

1791 3203 2001 3260 diversa
2029 3199 2130 3254 ﬁde
2174 3197 2440 3256 tractavit.
2471 3196 2667 3266 quibus
2696 3193 2898 3264 liquido
2925 3191 3182 3262 perpendi
3210 3197 3376 3259 queat

104 3300 178 3356 ab
215 3271 423 3353 beat—am
451 3297 618 3350 Vilam
647 3295 895 3365 perdueil
927 3293 1127 3349 electos
1170 3291 1356 3360 sicque
1398 3287 1518 3361 [αισι
1557 3289 1684 3342 80ίῦ
1711 3271 1757 3335 C
1788 3306 1968 3352 utrum
2005 3310 2034 3348 a
2080 3292 2355 3347 contrario
2399 3289 2611 3359 uspiam
2659 3286 2906 3342 docuerit
2944 3284 3372 3353 intelligendum,

103 3387 250 3460 que]
284 3388 402 3443 illos
441 3387 516 3441 ita
563 3396 710 3442 stare
758 3391 818 3439 ut
864 3382 1162 3454 praescierit
1209 3379 1342 3454 [al.,
1369 3374 1682 3450 praescirct]

101 3497 226 3538 esse
258 3495 496 3537 casuros.
1493 3475 1499 3480 '

177 3657 288 3712 Nec
312 3671 411 3712 nos
435 3661 650 3710 moveat
677 3651 818 3722 quod
877 3650 1003 3707 ﬁliis
1030 3649 1144 3706 suis
1163 3647 1487 3719 quibusdam
1537 3647 1681 3702 Deus

99 3765 213 3806 non
260 3749 351 3803 dat
391 3747 550 3801 istam
596 3743 1086 3814 perseverantiam;
1133 3741 1274 3798 absit
1322 3741 1466 3797 enim
1511 3752 1570 3794 ut
1607 3741 1681 3794 ita

98 3849 269 3906 esset,
301 3840 346 3894 si
375 3839 441 3894 de
480 3837 586 3893 illis
623 3835 1019 3907 praedestinatis
1055 3842 1238 3890 essent
1281 3843 1338 3887 et
1382 3832 1676 3887 secundum

98 3932 438 4007 propositum
471 3929 681 3984 vocatis
709 3947 722 3982 :
750 3929 841 3998 qui
870 3942 998 3982 vero
1025 3942 1132 3980 non
1171 3936 1298 3980 sunt
1319 3924 1414 3977 lilii
1441 3923 1677 3994 promis-

99 4027 292 4093 sionis,
314 4027 425 4096 jam
455 4024 541 4080 isti
567 4022 689 4096 [al.,
721 4022 814 4091 qui
841 4035 971 4074 vere
1011 4029 1139 4074 sunt
1160 4017 1257 4071 ﬁlii
1279 4016 1674 4087 promissionis.

98 4119 240 4173 Nam
269 4117 379 4182 isti,
407 4113 538 4187 etc.]
566 4128 688 4168 cum
727 4110 816 4180 pie
859 4111 1065 4174 vivunt,
1111 4108 1367 4162 dicuntur
1415 4104 1511 4158 lilii
1559 4103 1675 4169 Dei,

99 4212 201 4266 sed
244 4208 500 4278 quoniam
548 4203 743 4260 victuri
793 4209 919 4257 sunt
950 4200 1132 4270 impie,
1181 4207 1235 4255 et
1264 4199 1318 4252 in
1357 4199 1546 4252 eadem
1579 4198 1679 4252 im-

98 4305 304 4377 pietate
332 4299 581 4356 morituri
608 4337 622 4364 ,
655 4311 761 4350 non
791 4309 885 4349 eos
915 4293 1046 4348 dicit
1067 4291 1204 4346 ﬁlios
1227 4290 1320 4343 Dei
1337 4289 1678 4360 praescientia

97 4399 201 4456 Dei
235 4415 248 4452 :
283 4404 407 4451 sunt
459 4393 603 4449 enim
652 4390 746 4444 ﬁlii
777 4389 893 4455 Dei,
937 4387 1030 4458 qui
1079 4384 1317 4440 nondum
1345 4392 1473 4438 sunt
1498 4382 1675 4450 nobis,

97 4501 156 4546 et
202 4497 326 4544 sunt
365 4487 474 4558 jam
501 4484 631 4548 Deo,
679 4482 744 4537 de
777 4481 970 4551 quibus
1007 4478 1082 4532 ait
1135 4474 1460 4544 evangelista
1507 4472 1677 4529 Joan-

97 4599 238 4643 nes:
274 4582 414 4647 Quia
450 4577 606 4632 Jesus
655 4575 939 4629 moriturus
975 4579 1086 4625 erat
1113 4587 1208 4641 pro
1254 4577 1399 4639 gente
1429 4583 1448 4622 .'
1479 4576 1536 4636 et,
1571 4585 1675 4622 non

1786 3397 1846 3444 ut
1874 3397 1928 3442 tu
1949 3384 2211 3448 somnias,
2237 3399 2304 3437 an
2334 3383 2564 3437 veritate
2599 3379 2889 3435 manifesta
2944 3378 3239 3443 dictorum,
3293 3377 3370 3432 si-

1785 3489 1878 3538 cut
1903 3480 2153 3536 omnibus
2176 3475 2496 3532 orthodoxis
2524 3474 2838 3529 doctoribus
2862 3472 3068 3540 absque
3104 3469 3210 3524 ulla
3255 3470 3367 3524 dis-

1785 3571 2062 3642 crepantia
2087 3567 2428 3624 concorditer
2453 3565 2626 3618 visum
2655 3571 2758 3623 est,
2787 3563 2853 3616 de
2875 3575 2980 3630 qua
3008 3576 3066 3614 re
3109 3560 3248 3612 idem
3274 3559 3370 3612 do-

1784 3673 1902 3721 ctor
1940 3658 2266 3717 venerabilis
2290 3657 2342 3710 in
2370 3655 2508 3710 libro
2537 3654 2903 3721 Quaestionum
2945 3652 3010 3706 de
3049 3649 3247 3704 Genesi
3293 3649 3370 3702 ita

1783 3755 1997 3810 locutus
2018 3759 2100 3806 est
2117 3750 2227 3820 (qu.
2253 3746 2398 3814 117),
2447 3760 2723 3815 exponens
2749 3745 2947 3813 quippe
2975 3741 3270 3810 Scriptura:
3292 3740 3369 3794 lo-

1778 3847 1904 3902 eum
1928 3859 2035 3913 quo
2063 3840 2260 3895 dicitur
2278 3856 2290 3891 :
2309 3836 2384 3890 Hi
2406 3847 2524 3890 sunt
2548 3835 2645 3904 ﬁlii
2666 3834 2854 3898 Israel,
2881 3833 3094 3903 quinati
3113 3841 3235 3885 sunt
3255 3832 3302 3884 ei
3317 3831 3372 3886 in

1775 3930 2162 4004 Mesopotamia
2177 3939 2226 3984 et
2241 3936 2609 3998 computantur
2620 3924 2893 3978 duodecim
2912 3921 3066 3990 (Gen.
3085 3921 3367 3992 xxxv,26),

1783 4046 1904 4087 cum
1921 4025 2202 4098 Benjamin
2221 4024 2379 4093 longe
2407 4029 2592 4092 postea
2613 4027 2772 4073 natus
2801 4015 3137 4089 est.’[Nulla,
3171 4016 3366 4086 inquit,

1777 4115 1958 4176 tamen
1977 4126 2060 4172 est
2073 4114 2282 4170 facilior
2296 4112 2489 4166 solutio
2502 4108 2818 4181 quaestionis
2831 4107 3012 4177 hujus,
3029 4121 3188 4177 quam
3205 4115 3263 4160 ut
3273 4121 3372 4175 per

1780 4209 2154 4284 synecdochen
2171 4205 2497 4275 accipiatur:
2518 4202 2610 4258 ubi
2653 4201 2796 4256 enim
2809 4215 2934 4271 pars
2947 4189 3128 4282 major
3161 4207 3244 4254 est
3270 4206 3368 4252 aut

1777 4305 1960 4377 potior
1971 4303 2109 4359 solet
2130 4299 2246 4369 ejus
2258 4297 2475 4353 nomine
2499 4296 2662 4352 etiam
2677 4293 2806 4348 illud
2820 4291 3205 4362 comprehendi
3218 4291 3364 4362 quod

1779 4396 1846 4450 ad
1870 4396 2252 4467 ipsumnomen
2278 4405 2382 4444 non
2397 4388 2652 4459 pertinet,
2682 4385 2902 4442 sicutad
2929 4384 3214 4440 duodecim
3241 4399 3368 4454 apo-

1776 4487 1943 4542 stolos
1973 4483 2087 4553 jam
2113 4497 2218 4536 non
2248 4479 2554 4550 pertinebat
2577 4475 2767 4542 Judas,
2795 4475 2888 4545 qui
2927 4474 3092 4530 etiam
3120 4481 3366 4529 mortuus

1782 4581 1883 4635 fuit
1913 4593 2035 4633 cum
2065 4574 2324 4630 Dominus
2364 4567 2664 4626 resurrexit
2701 4582 2732 4622 a
2781 4566 3045 4633 mortuis;
3079 4573 3136 4620 et
3183 4575 3367 4619 tamen

97 4643 314 4734 tamn";
343 4689 436 4744 Ρτο
478 4680 644 4741 genie:
679 4668 768 4721 θεά
817 4666 974 4719 “iam
1014 4672 1069 4717 πε
1108 4663 1246 4731 ﬁlios
1286 4661 1384 4716 υεί
1421 4662 1679 4731 dispersos
1705 4643 1758 4704 D
1784 4673 1952 4745 ipsius
1979 4666 2297 4724 duodenarii
2323 4664 2534 4720 numeri
2571 4676 2767 4717 nomen
2811 4661 3103 4732 Apostolus
3132 4661 3186 4714 in
3240 4659 3366 4730 Epi-

97 4771 436 4838 congregaret
477 4763 531 4815 in
558 4773 719 4812 unum
751 4755 1026 4828 (Joan.xr,
1051 4753 1142 4818 51,
1170 4751 1294 4823 52);
1322 4751 1465 4821 quod
1495 4753 1682 4822 utique

97 4857 368 4917 credendo
423 4851 585 4906 futuri
652 4855 807 4904 erant
863 4863 960 4916 per
1011 4844 1282 4913 Evangelii
1343 4841 1682 4914 praadicatio-

97 4948 224 5008 nem
254 4968 267 5003 :
301 4957 354 5003 et
380 4954 558 4999 tamen
591 4943 879 5009 antequam
917 4945 1059 4992 esset
1085 4936 1304 4999 factum,
1325 4932 1436 5002 jam
1466 4933 1559 4988 ﬁlii
1583 4933 1678 4990 Dei

97 5053 258 5102 erant
286 5043 339 5095 in
368 5035 664 5094 memoriali
688 5033 862 5088 Patris
909 5031 992 5086 sui
1021 5031 1340 5086 inconcussa
1380 5027 1679 5082 stabilitate

97 5133 416 5204 conscripti.
441 5131 507 5185 Et
533 5137 659 5184 sunt
683 5141 873 5181 rursus
894 5124 1113 5194 quidam
1140 5121 1253 5185 ﬁlii,
1293 5119 1385 5189 qui
1431 5117 1553 5190 [al.,
1582 5117 1676 5188 qui

97 5228 198 5285 lilii
254 5222 372 5296 Dei]
422 5229 642 5293 propter
692 5227 997 5286 susceptam
1041 5211 1408 5283 temporaliter
1449 5210 1676 5281 gratiam

97 5322 407 5375 dicuntura
436 5313 611 5378 nobis,
643 5325 744 5365 nec
792 5315 919 5363 sunt
974 5317 1153 5361 tamen
1197 5303 1330 5369 Deo,
1377 5304 1441 5358 de
1482 5303 1679 5373 quibus

98 5415 179 5468 ait
211 5412 351 5465 idem
375 5407 608 5462 Joannes
639 5423 651 5457 :
686 5402 768 5456 Ea:
791 5400 936 5454 nobis
959 5401 1217 5461 exierunt,
1245 5396 1336 5450 sed
1387 5412 1490 5449 non
1528 5403 1677 5449 erant

98 5521 166 5559 ea:
193 5501 358 5566 nobis,
382 5509 486 5554 etc.
513 5496 564 5568 (I
589 5494 753 5549 Joan.
787 5509 846 5557 ιι,
875 5490 982 5560 19).
1008 5489 1141 5544 Cum
1173 5504 1302 5559 ergo
1329 5487 1422 5542 ﬁlii
1458 5487 1552 5542 Dei
1595 5487 1676 5542 di-

97 5603 320 5657 cuntur,
346 5594 410 5644 de
447 5591 528 5643 his
558 5586 648 5657 qui
690 5583 1146 5654 perseverantiam
1195 5596 1300 5634 non
1348 5579 1670 5646 habuerunt,

100 5688 190 5741 Ex
217 5684 358 5737 nobis
389 5681 643 5741 exierunt,
669 5677 759 5730 sed
783 5691 882 5729 non
925 5683 1069 5726 erant
1110 5688 1172 5725 ex:
1199 5672 1363 5725 nobis.
1402 5670 1467 5724 Et
1523 5670 1677 5725 addi-

101 5789 190 5834 tur
222 5775 341 5849 [al.,
369 5783 423 5828 et
445 5769 694 5840 addunt],
724 5768 860 5838 quod
882 5768 925 5820 si
952 5766 1170 5836 fuissent
1193 5779 1256 5817 ex
1277 5764 1676 5831 nobisperman—

99 5873 287 5932 sissent
313 5869 488 5933 utique
512 5865 798 5918 nobiscum.
832 5860 967 5928 Quid
997 5858 1138 5914 aliud
1157 5858 1414 5913 dicuntur
1438 5859 1539 5914 nisi
1565 5875 1674 5916 non

1783 4765 1921 4822 stola
1949 4777 2045 4818 sua
2069 4758 2264 4822 tenuit,
2287 4756 2378 4812 ubi
2407 4755 2482 4809 ait
2501 4770 2620 4808 eum
2642 4753 2947 4823 apparuisse
2967 4751 3073 4804 illis
3089 4749 3364 4804 duodecim

1783 4857 1836 4930 (Ι
1869 4854 1991 4910 Cor.
2021 4852 2141 4923 xv):
2170 4864 2294 4904 cum
2339 4846 2568 4900 articulo
2613 4844 2756 4898 enim
2789 4845 2892 4899 hoc
2929 4841 3103 4897 Graeci
3148 4841 3364 4896 codices

1781 4949 1999 5008 habent,
2029 4951 2090 4998 ut
2115 4958 2224 4997 non
2247 4940 2457 5011 possint
2481 4937 2703 5008 intelligi
2727 4937 3032 5006 quicunque
3056 4933 3360 5000 duodecim,

1782 5038 1877 5094 sed
1918 5035 1992 5090 illi
2020 5035 2071 5089 in
2097 5047 2160 5087 eo
2207 5045 2434 5086 numero
2483 5028 2749 5098 insignes;
2779 5041 2843 5082 eo
2887 5023 3048 5078 modo
3073 5021 3363 5077 iocutionis

1777 5137 1908 5199 puto
1933 5135 1990 5181 et
2020 5124 2150 5179 illud
2177 5141 2204 5177 a
2236 5122 2462 5177 Domino
2487 5120 2690 5175 dictum
2717 5136 2750 5170 το
2767 5116 2956 5170 Nonne
2992 5129 3085 5184 ego
3110 5130 3199 5168 vos
3229 5113 3363 5168 duo-

1779 5221 1944 5275 decim
1974 5219 2126 5290 elegi,
2152 5226 2199 5272 et
2229 5233 2364 5270 unus
2385 5232 2449 5270 ea:
2488 5214 2630 5268 vobis
2671 5208 2912 5264 diabolus
2957 5219 3034 5263 est
3063 5205 3247 5280 (Ioan.
3281 5222 3357 5276 v1,

1779 5311 1890 5382 71),
1924 5319 1984 5365 ut
2012 5325 2119 5365 non
2149 5309 2216 5364 ad
2246 5307 2562 5363 electionem
2595 5303 2760 5357 etiam
2807 5300 2922 5370 ipse
2952 5300 3224 5371 pertinere
3271 5300 3356 5353 vi-

1779 5406 2009 5461 deatur:
2043 5417 2150 5457 non
2173 5401 2317 5457 enim
2345 5399 2498 5453 facile
2529 5395 2802 5452 invenitur
2837 5393 3132 5450 electorum
3159 5406 3358 5448 nomen

1779 5498 1834 5552 in
1869 5496 2033 5560 malo,
2067 5495 2168 5550 nisi
2203 5493 2418 5564 quando
2441 5489 2566 5544 mali
2611 5487 2883 5560 eliguntur
2909 5501 2939 5539 a
2979 5485 3154 5540 malis.
3201 5482 3357 5550 Quod

1778 5589 1823 5644 si
1851 5588 2219 5658 putaverimus
2241 5593 2296 5639 et
2325 5583 2474 5637 illum
2497 5581 2728 5635 electum
2755 5587 2815 5634 ut
2836 5593 2932 5649 per
2951 5575 3066 5646 ejus
3111 5575 3356 5630 traditio-

1777 5694 1900 5732 nem
1933 5677 2146 5732 Domini
2167 5675 2347 5745 passio
2368 5672 2750 5740 compleretur,
2780 5670 2830 5723 id
2854 5678 2936 5722 est
2951 5667 3212 5721 malitiam
3238 5665 3356 5734 ejus

1778 5769 1845 5824 ad
1860 5767 2060 5837 aliquid
2072 5766 2320 5828 electam,
2347 5763 2483 5816 bene
2499 5769 2680 5814 uteute
2709 5760 2816 5812 1)οο
2835 5758 3001 5811 etiam
3025 5755 3202 5818 malis,
3221 5755 3353 5810 illud

1779 5861 2118 5919 attendamus
2145 5859 2233 5912 ubi
2267 5857 2374 5911 ait:
2406 5855 2530 5910 Non
2549 5854 2613 5908 de
2651 5851 2887 5907 omnibus
2918 5849 3058 5906 vobis
3079 5849 3233 5904 dico:
3259 5863 3352 5920 ego
