4010 6352
1812 246 1829 279 l

496 303 505 316 '
574 363 713 423 1179
1426 406 1435 415 .
1559 357 1615 413 S.
1654 357 2024 416 PRUDENTII
2062 357 2143 415 ΤΕ

2246 356 2440 415 ENSIS
2473 355 2781 415 EPISCOPI
3610 386 3617 395 -
3686 358 3819 417 1180

570 476 682 530 scio
704 489 833 544 quos
862 470 995 541 elegi
1021 467 1200 540 (Joan.
1227 484 1348 531 xui,
1374 466 1481 537 18).
1509 466 1608 523 Ubi
1636 469 1878 525 declarat
1902 472 1971 526 ad
1997 472 2137 533 elec:
2162 469 2213 531 Α
2241 475 2444 537 tamen,
2469 486 2633 541 quam
2680 469 2821 525 male
2862 468 3031 525 utitur
3086 470 3286 529 oculis!
3338 469 3605 536 Fallacia,
3660 486 3820 541 quam

576 568 776 624 tionem
828 580 936 621 non
978 564 1248 636 pertinere
1291 562 1396 617 nisi
1425 562 1628 628 bonos;
1660 578 1725 618 ac
1758 579 1856 634 per
1878 565 1983 622 hoc
2012 565 2140 623 illud
2240 562 2380 620 male
2435 563 2605 619 utitur
2652 563 2866 634 linguai
2911 555 3103 619 Falsus
3151 563 3301 618 testis
3349 578 3533 619 nonne
3582 562 3822 634 linguam

560 658 718 729 quod
754 657 956 713 dictum
992 663 1117 731 est:
1148 653 1261 725 Ego
1307 669 1393 709 eos
1427 652 1704 708 duodecim
1746 654 1897 727 elegi,
1934 672 2030 727 per
2051 673 2213 729 εγ..
2236 670 2393 711 suam
2439 662 2497 711 et
2569 654 2806 711 animam
2855 670 3007 710 suam
3067 656 3218 725 prius
3261 656 3521 721 trucidat,
3577 664 3635 713 et
3694 655 3823 712 alte-

574 749 882 807 necdochen
907 746 1107 805 dictum
1129 752 1236 809 est,
1258 754 1316 798 ut
1330 744 1546 800 nomine
1565 742 2140 816 majorismeliorisque
2240 761 2360 801 rum
2395 745 2589 803 laedere
2624 760 2683 803 se
2718 755 2998 816 perempto
3024 748 3287 802 conatur?
3326 746 3467 803 Isle
3500 747 3684 807 utitur
3726 748 3825 804 lin-

573 838 744 909 partis
767 836 928 892 etiam
978 834 1105 890 illud
1159 834 1624 904 complecteretur,
1660 834 1802 905 quod
1859 836 1926 890 ad
1966 835 2140 905 ipsum

574 941 768 985 nomen
797 942 903 983 non
929 924 1207 997 pertinet.]

644 1016 687 1089 -ι-
719 1016 834 1084 Qua
857 1016 1124 1073 sententia
1153 1014 1398 1075 deliratio
1423 1026 1515 1072 tua
1536 1017 1849 1085 frustratur,
1877 1033 1984 1089 qua
2012 1033 2143 1076 con-

576 1106 868 1163 trarietatis
917 1106 1073 1162 nubis
1127 1106 1506 1178 intelligentiae
1564 1107 1818 1179 imponis,
1874 1125 1995 1165 cum
2045 1124 2144 1180 per

574 1205 787 1268 tropum
812 1195 1190 1269 synecdochen
1220 1196 1424 1253 dictum
1444 1197 1623 1267 potius
1645 1200 1905 1269 aperitur.
1935 1200 2141 1269 Quibus

574 1288 802 1345 cessatis
845 1287 1242 1359 intelligendum
1289 1297 1373 1345 est
1422 1289 1698 1347 electionis
1748 1292 2064 1348 vocabulum
2109 1308 2143 1348 a

575 1377 686 1436 Deo
706 1383 919 1450 semper
944 1380 1001 1435 in
1023 1378 1165 1435 bono
1196 1380 1347 1451 poni,
1374 1388 1468 1435 aut
1488 1382 1779 1438 secundum
1816 1393 2143 1443 memoratas

575 1473 872 1530 sententias
911 1472 979 1528 ad
1004 1473 1408 1545 percipiendum
1451 1490 1677 1547 regnum
1716 1484 2000 1543 aeternum,
2049 1486 2144 1533 aut

577 1563 870 1621 secundum
897 1563 1034 1620 alios
1055 1564 1385 1621 orthodoxos
1412 1565 1665 1623 Ecclesia:
1706 1574 2042 1633 tractatores,
2074 1568 2144 1625 ad

575 1652 793 1723 aliquod
811 1653 1012 1709 bonum
1040 1653 1135 1708 Dei
1166 1653 1437 1711 voluntate
1460 1665 1518 1712 et
1535 1641 1781 1725 jussione
1806 1658 1970 1713 etiam
2005 1666 2143 1713 tem-

570 1744 830 1815 poraliter
893 1745 1283 1813 exhibendum;
1348 1748 1798 1818 quemadmodum
1858 1751 1924 1806 de
1981 1751 2144 1806 Saule

2236 854 2365 909 gua,
2389 854 2489 896 nec
2518 840 2638 897 ideo
2661 839 2862 897 malum
2888 848 2979 895 est
2995 840 3204 912 lingua;
3226 854 3362 910 opus
3378 840 3479 897 Dei
3503 850 3597 897 est
3622 841 3821 911 lingua,

2236 929 2337 986 sed
2362 931 2505 986 bono
2528 943 2692 1001 apere
2724 930 2821 985 Dei
2856 929 2995 985 male
3042 931 3210 987 utitur
3244 930 3335 989 illa
3372 931 3643 1001 nequitia.
3684 928 3827 996 Otto-

2242 1020 2401 1077 modo
2430 1028 2654 1076 utuntur
2679 1019 2906 1090 pedibus
2924 1020 3017 1091 qui
3043 1029 3270 1077 currunt
3306 1021 3372 1077 ad
3408 1020 3659 1085 scelera,
3700 1036 3827 1089 quo-

2240 1111 2400 1167 modo
2422 1117 2647 1165 utuntur
2667 1110 2917 1166 manibus
2938 1110 3240 1174 homicida,
3286 1118 3342 1166 et
3382 1110 3493 1167 illis
3527 1110 3826 1180 adiacenti-

2238 1201 2344 1259 bus
2385 1199 2687 1257 forinsecus
2741 1200 2897 1256 bouis
2946 1200 3213 1257 creaturis
3266 1201 3385 1256 Dei.
3445 1200 3630 1268 Quam
3694 1198 3829 1255 male

2242 1299 2464 1347 utuntur
2496 1291 2623 1347 mali
2659 1306 2812 1356 auro,
2849 1289 3051 1360 judicia
3086 1300 3462 1361 corrumpunt,
3506 1290 3830 1349 innocentes

2241 1381 2584 1451 opprimunt!
2616 1379 2761 1439 Luce
2785 1381 2888 1437 ista
2924 1379 3055 1436 m‘ali
3091 1380 3233 1437 male
3271 1388 3546 1439 utuntur:
3580 1380 3733 1435 male
3760 1380 3833 1435 ri-

2242 1471 2417 1527 veudo
2436 1470 2579 1527 enim
2600 1471 2764 1527 etiam
2788 1471 2958 1541 ipsam
2981 1472 3156 1529 lucem
3172 1486 3277 1541 qua
3293 1470 3416 1544 [al.,
3433 1470 3634 1544 quam]
3652 1473 3831 1527 viden

2242 1563 2311 1619 ad
2345 1563 2704 1619 ministerium
2743 1578 2961 1620 suorum
3003 1563 3264 1620 scelerum
3293 1572 3588 1635 usurpant.
3622 1563 3830 1619 Vadw

2242 1664 2303 1709 ut
2331 1653 2498 1711 faciat
2521 1654 2724 1725 aliquid
2750 1654 2879 1710 mali
2907 1655 3114 1720 malus,
3162 1655 3343 1715 lucere
3380 1657 3487 1712 sibi
3514 1656 3634 1711 vult
3660 1672 3732 1711 ne
3756 1654 3833 1715 0?-

2243 1744 2449 1811 fendat,
2474 1746 2566 1816 qui
2590 1746 2700 1814 jam
2737 1745 2883 1801 intus
2908 1745 3131 1805 offendit
3158 1756 3216 1802 et
3242 1747 3459 1805 cecidit.
3487 1746 3655 1817 Quod
3686 1748 3832 1803 tiuset

575 1834 854 1906 Scriptura
870 1835 1055 1901 refert,
1079 1837 1291 1893 dicente
1312 1836 1563 1895 Samuele
1584 1840 1653 1894 ad
1672 1839 1962 1911 populum:
1992 1840 2141 1901 Certe
2169 1820 2215 1881 Β
2244 1837 2299 1892 in
2326 1852 2576 1907 corpore,
2596 1836 2711 1907 jam
2739 1838 2966 1907 incurrit
2994 1838 3049 1894 in
3072 1839 3256 1897 corde.
3283 1837 3557 1895 Omnibus
3580 1854 3722 1910 ergo
3745 1839 3831 1894 bo-

573 1927 776 1993 oidetis,
803 1944 954 1999 quem
975 1928 1180 2000 elegerit
1206 1930 1482 1996 Dominus,
1508 1932 1755 2003 quoniam
1783 1949 1887 1988 ron
1909 1933 1975 1987 sit
1997 1933 2143 1988 siuti-

573 2016 641 2071 ιιι
666 2016 748 2072 illi
771 2017 829 2073 in
853 2019 995 2074 omni
1018 2018 1209 2089 papula
1232 2018 1283 2090 (Ι
1306 2018 1436 2092 Reg.
1484 2037 1536 2083 χ,
1571 2020 1696 2091 24);
1727 2020 1817 2076 ubi
1861 2021 2142 2080 electionis

576 2121 772 2163 nomen
811 2122 1151 2179 nequaquam
1188 2111 1379 2166 aeterni
1418 2113 1566 2183 regni
1597 2113 2018 2183 perceptionem,
2049 2115 2144 2173 sed

577 2198 872 2255 transitorii
928 2200 1447 2257 administrationem
1496 2202 1784 2272 signiﬁcat.
1836 2202 1988 2270 Quod
2017 2203 2140 2260 dili-

575 2291 788 2362 gentius
815 2291 959 2348 idem
985 2293 1243 2363 propheta
1271 2292 1637 2365 genealogiam
1667 2295 1837 2365 patris
1884 2294 2002 2365 ejus
2044 2297 2141 2352 de-

572 2382 817 2440 scribens
862 2383 938 2438 ita
973 2384 1329 2454 exsequitur:
1371 2384 1443 2439 Et
1486 2394 1599 2441 erat
1628 2386 1708 2440 vir
1748 2386 1814 2441 de
1863 2381 2144 2456 Benjamin

572 2476 781 2531 nomine
799 2474 912 2541 Gis,
935 2475 1079 2545 ﬁlius
1097 2475 1263 2542 Abiel,
1283 2476 1383 2545 ﬁlii
1408 2476 1672 2547 δεον,ριἱί
1690 2477 2026 2545 Beeltoralhi,
2040 2477 2143 2549 ﬁlii

570 2564 760 2631 Sared,
787 2565 887 2635 ﬁlii
921 2567 1111 2636 Aphia,
1138 2566 1236 2635 ﬁlii
1284 2568 1383 2622 uiri
1421 2566 1617 2624 Jemini
1646 2568 1799 2639 fortis
1836 2568 2053 2636 robore;
2092 2579 2144 2625 et

570 2668 683 2714 erat
707 2659 755 2713 ei
780 2657 925 2728 ﬁlius
952 2658 1202 2714 uocabulo
1246 2659 1380 2715 Saul
1420 2659 1612 2715 electus
1639 2670 1688 2716 et
1709 2661 1872 2716 bonus
1898 2678 1911 2715 :
1942 2670 1991 2716 et
2036 2676 2140 2717 non

569 2758 686 2804 erat
711 2748 875 2803 virde
901 2747 1027 2818 ﬁliis
1053 2747 1223 2803 Israel
1252 2747 1438 2804 melior
1469 2748 1561 2805 illo
1598 2749 1651 2822 (Ι
1684 2749 1813 2821 Reg.
1846 2766 1923 2815 Ix,
1956 2749 2030 2821 1).
2082 2748 2143 2807 Si

570 2841 641 2896 de
666 2840 930 2897 electione
980 2840 1207 2897 forsitan
1251 2841 1583 2913 ambigebas,
1632 2843 1759 2899 boni
1794 2851 1851 2899 et
1900 2841 2142 2898 melioris

572 2924 834 2988 vocabula
863 2947 1078 2988 omnem
1106 2932 1462 2988 baesitationis
1491 2932 1738 2989 nebulam
1764 2932 2138 3002 exploserunt;

570 3024 646 3079 ita
669 3033 724 3079 et
745 3021 1200 3080 Judam~electum
1230 3040 1260 3079 a
1286 3024 1512 3081 Domino
1547 3025 1614 3080 ad
1641 3024 1969 3095 apostolatus
2009 3032 2142 3078 tem-

571 3114 758 3185 porale
782 3114 1037 3183 olbcium,
1061 3130 1168 3171 non
1196 3124 1378 3173 tamen
1400 3116 1467 3172 ad
1498 3116 1829 3186 apostolatus
1850 3114 2141 3187 praemium

2242 1929 2326 1984 uis
2356 1928 2491 1995 Dei,
2528 1945 2599 1985 ne
2633 1945 2732 2000 per
2773 1929 2981 2000 singula
3024 1945 3247 1989 currere
3282 1929 3505 2000 longum
3544 1928 3656 1993 sit,
3700 1927 3831 1983 male

2243 2019 2413 2075 utitur
2437 2020 2646 2076 malus:
2675 2029 2863 2077 contra
2897 2021 3055 2077 malis
3084 2022 3362 2078 hominum
3395 2021 3679 2076 malorum
3703 2022 3831 2077 bene

2245 2108 2413 2164 utitur
2449 2109 2644 2166 bonus.
2681 2109 2748 2164 Et
2776 2111 2902 2181 quid
2934 2119 3043 2166 tam
3070 2111 3271 2167 bonum
3305 2126 3468 2180 quam
3500 2111 3689 2166 bonus
3716 2108 3829 2183 [al.,

2242 2196 2404 2271 unus]
2453 2199 2631 2255 Deus?
2678 2199 3108 2283 quandoqyidem
3159 2200 3273 2271 ipse
3324 2200 3598 2255 Dominus
3652 2200 3827 2253 dixit:

2245 2288 2414 2344 Nemo
2442 2290 2606 2346 bonus
2633 2291 2735 2345 nisi
2762 2290 2905 2347 solus
2937 2286 3076 2346 Deus
3110 2290 3320 2363 (Marc.
3348 2307 3420 2356 x,
3454 2290 3597 2361 18);
3632 2298 3831 2360 quanto

2243 2394 2373 2452 ergo
2398 2379 2486 2435 ille
2512 2381 2722 2446 melior,
2753 2389 2907 2437 tanto
2930 2382 3122 2440 melius
3143 2383 3311 2437 utitur
3332 2391 3387 2437 et
3415 2381 3584 2436 malis
3606 2382 3827 2437 nostris.

2243 2468 2383 2539 Quid
2414 2469 2547 2527 Juda
2581 2470 2766 2542 pejus?
2793 2471 2937 2529 inter
2964 2487 3153 2529 omnes
3178 2473 3524 2528 adhaereutw
3544 2472 3827 2541 magistro,

2243 2559 2387 2615 inter
2416 2559 2697 2617 duodecim
2729 2561 2889 2619 loculi
2931 2564 2983 2619 ei
3020 2563 3293 2621 commissi
3326 2572 3493 2628 sunt,
3525 2572 3585 2619 et
3612 2563 3828 2635 dispen-

2244 2647 2383 2705 satio
2411 2665 2706 2721 pauperum
2735 2651 3022 2707 distributa
3047 2669 3062 2706 :
3092 2652 3336 2723 ingratus
3360 2662 3516 2707 tanto
3538 2651 3830 2717 beneﬁcio,

2246 2741 2437 2799 honori
2469 2751 2642 2811 tanto,
2679 2744 2889 2815 accepit
2915 2743 3234 2815 pecuniam,
3260 2743 3504 2815 perdidit
3535 2743 3829 2812 justitiam,

2246 2832 2470 2888 tradidit
2487 2833 2652 2889 vitam
2678 2842 2960 2901 mortuus;
2991 2849 3150 2904 quem
3176 2843 3234 2890 ut
3255 2834 3559 2905 discipulus
3586 2845 3829 2901 secutis.

2243 2932 2305 2978 ut
2334 2922 2584 2980 inimicus
2612 2935 2926 2994 persecutus
2950 2934 3054 2981 est.
3077 2924 3271 2981 Totum
3292 2925 3396 2981 hoc
3421 2925 3636 2980 malum
3661 2923 3830 2991 Inda,

2245 3011 2340 3068 sed
2368 3013 2509 3068 malo
2539 3012 2654 3083 ejus
2678 3013 2817 3070 bene
2840 3030 2969 3071 usus
2994 3023 3079 3072 est
3103 3010 3382 3071 Dominus.
3413 3010 3584 3070 Tradi
3616 3031 3683 3071 se
3709 3031 3833 3086 per-

2245 3103 2386 3168 tulit,
2409 3112 2469 3159 ut
2502 3104 2793 3162 redimeret
2817 3121 2932 3162 nos.
2968 3105 3107 3162 Ecce
3135 3105 3334 3162 malum
3362 3103 3519 3162 Iuda:
3550 3106 3609 3161 in
3630 3106 3833 3162 ιιοιιιιιιι

572 3207 981 3277 sempiternum.
1026 3206 1163 3263 Nam
1202 3222 1327 3263 eum
1373 3224 1497 3264 cum
1541 3209 1753 3265 caeteris
1795 3208 2068 3278 accepisse
2108 3222 2143 3265 a

2246 3206 2567 3248 conversum
2594 3201 2677 3249 est
2705 3213 2717 3249 :
2755 3192 2986 3251 Satanas
3020 3204 3248 3266 quantos
3272 3204 3547 3268 martyres
3572 3211 3835 3267 pet-seen.

572 3298 800 3355 Domino
836 3307 1157 3370 potestatem
1217 3301 1460 3358 calcandi
1525 3317 1687 3371 super
1745 3311 2046 3373 serpentes,
2090 3308 2148 3359 et

570 3388 908 3458 scorpiones,
938 3397 996 3444 et
1016 3404 1231 3447 omnem
1254 3390 1505 3446 virtutem
1534 3388 1743 3445 inimici
1770 3388 1921 3459 (Luc.
1942 3405 1998 3455 x,
2030 3389 2141 3460 19),

566 3485 627 3536 et
645 3486 770 3549 post
789 3486 1001 3549 patrata
1026 3480 1285 3536 miracula
1314 3480 1598 3552 potestatis
1617 3486 1855 3551 accepta:
1869 3493 2146 3537 reversum

571 3582 699 3627 cum
726 3569 931 3626 eisdem
960 3570 1030 3626 ad
1050 3570 1334 3627 Dominum
1350 3570 1701 3643 Evangelium
1724 3569 1926 3626 indicat
1948 3567 2143 3643 (Marc.

569 3674 647 3726 ιι,
694 3659 804 3732 15).
859 3659 1066 3728 Quibus
1104 3662 1383 3733 exemplis
1425 3662 1652 3718 docetur
1702 3677 1797 3718 eos
1839 3677 1871 3717 a
1918 3660 2146 3718 Domino

570 3751 985 3823 haudquaquam
1012 3752 1280 3809 fallaciter
1303 3760 1398 3808 aut
1416 3751 1601 3809 dolose
1632 3753 1717 3810 vel
1739 3752 1991 3811 simulate
2034 3751 2146 3808 ele—

570 3849 712 3908 ctos,
738 3843 838 3898 sed
857 3843 1075 3900 omnino
1095 3844 1382 3910 veraciter,
1428 3860 1737 3916 quanquam
1767 3860 1873 3901 non
1900 3844 1970 3899 ad
1989 3851 2149 3900 aeter-

570 3947 700 3989 nam
724 3932 1114 3990 beatitudinem
1136 3936 1545 4005 capescendam,
1581 3949 1768 3992 verum
1794 3938 1861 3992 ad
1906 3935 2146 4006 aliquam

573 4026 909 4097 temporariae
938 4025 1359 4097 dispensationis
1386 4027 1925 4084 administrationem.
1957 4027 2024 4083 Et
2074 4041 2146 4085 ne

569 4115 752 4173 Saulis
778 4115 1096 4173 electionem
1123 4133 1155 4172 a
1180 4118 1460 4175 contrario
1496 4118 2142 4191 accipiendam‘censeas,

570 4207 654 4263 vel
684 4205 756 4264 ad
780 4206 979 4285 malum
1008 4206 1264 4273 inﬂectas,
1294 4208 1500 4279 liquido
1544 4223 1710 4264 verax
1753 4207 2033 4280 Scriptura
2064 4218 2144 4264 te-

571 4304 751 4353 statur
780 4298 906 4368 quid
936 4307 1073 4353 esset
1102 4296 1295 4365 bonus,
1346 4309 1396 4353 et
1438 4316 1544 4354 non
1571 4310 1703 4355 esset
1736 4299 1924 4357 melior
1957 4300 2048 4356 illo
2073 4301 2144 4356 .in

568 4386 698 4458 ﬁliis
725 4386 915 4445 Israel.
942 4388 1060 4447 Hoc
1078 4406 1422 4462 nequaquam
1451 4407 1482 4446 a
1510 4393 1873 4450 nescientibus
1898 4402 2142 4466 putatum

570 4477 846 4535 dictumve
872 4476 995 4545 fuit,
1034 4478 1185 4534 seda
1223 4480 1505 4551 propheta,
1551 4496 1707 4552 quem
1741 4483 1857 4553 ejus
1903 4483 2138 4548 bonitas,

571 4570 872 4643 inspirante
908 4570 1155 4638 Domino,
1184 4586 1291 4641 non
1312 4571 1533 4628 latebat.
1589 4574 1920 4647 Augustinus
1962 4575 2016 4631 in
2044 4576 2144 4633 hoc

570 4661 723 4721 milia
756 4661 829 4719 27
854 4661 912 4717 in
930 4661 1280 4734 Evangelium
1309 4660 1549 4720 Joannis.

644 4749 777 4825 [Ait
794 4766 924 4825 ergo
958 4751 1220 4810 Dominus
1247 4751 1443 4810 Jesus:
1472 4754 1663 4810 Nonne
1708 4772 1802 4828 ego
1831 4773 1916 4813 vos
1942 4756 2145 4813 duode-

571 4840 673 4898 cim
699 4840 850 4913 elegi,
877 4852 926 4899 et
959 4858 1093 4896 unus
1128 4859 1194 4899 ex
1229 4844 1368 4900 vobis
1398 4844 1636 4901 diabolus
1665 4847 1787 4901 est?
1838 4844 2018 4920 (Joau.
2068 4863 2142 4915 Vt,

570 4930 683 5004 71.)
716 4931 858 5004 Ergo
880 4931 1087 4991 electus
1110 4942 1206 5004 est.
1228 4943 1286 4990 et
1311 4935 1413 4993 iste
1429 4975 1446 5001 ,
1473 4935 1540 4991 de
1568 4950 1697 5006 quo,
1723 4936 1938 4992 nolente
1959 4947 2014 4993 et
2052 4952 2146 4994 ne-

570 5024 797 5091 sciente,
824 5039 1081 5097 magnum
1112 5025 1317 5098 aliquid
1356 5028 1557 5084 bonum
1584 5027 1761 5095 fieret,
1781 5030 1885 5086 hoc
1908 5038 1992 5086 est
2016 5046 2147 5102 pro-

570 5116 749 5189 prium
782 5116 901 5187 Dei,
924 5119 1260 5179 contrarium
1293 5120 1513 5191 iniquis.
1568 5120 1720 5177 Sicut
1779 5122 1922 5178 enim
1972 5123 2147 5195 iniqui

572 5209 716 5267 male
759 5218 985 5269 uttmtrtr
1024 5212 1183 5289 bonis
1220 5212 1474 5284 operibus
1510 5213 1735 5279 Dei,sic
1777 5223 1967 5271 contra
2006 5215 2147 5273 Deus

568 5300 712 5357 bene
739 5302 909 5357 utitur
944 5303 1104 5359 malis
1156 5303 1410 5376 cperibus
1461 5304 1738 5360 hominum
1796 5305 2140 5377 iniquorum:

572 5389 713 5447 sicut
738 5391 927 5464 iniqui,
964 5394 1205 5465 inquam,
1236 5394 1418 5451 audite
1442 5402 1496 5451 et
1524 5394 1826 5467 intelligite,
1861 5397 2001 5453 sicut
2037 5397 2143 5453 ini-

572 5480 665 5550 qui
688 5481 828 5538 male
854 5490 1076 5539 utuntur
1098 5485 1352 5555 operibus
1372 5486 1467 5543 Dei
1493 5486 1669 5553 bonis,
1687 5488 1764 5544 sic
1788 5501 1975 5545 contra
2003 5489 2146 5547 Deus

572 5568 712 5627 bene
731 5572 901 5628 utitur
922 5574 1078 5629 malis
1101 5577 1354 5645 operibus
1382 5577 1709 5648 iniquorum.
1740 5579 1911 5649 Quam
1940 5583 2144 5640 bonum

573 5668 659 5717 est
686 5663 926 5721 membra
952 5669 1196 5739 corporis
1220 5670 1291 5725 ita
1318 5684 1439 5726 esse
1476 5674 1926 5741 quemadmodum
1956 5677 2143 5747 dispo-

575 5751 634 5817 ni
675 5766 782 5810 non
809 5767 1030 5829 possent
1058 5758 1162 5816 nisi
1206 5762 1274 5817 ab
1316 5761 1523 5821 artiﬁce
1553 5763 1800 5823 Domino.
1838 5766 2142 5831 Petulantia

2245 3290 2331 3338 tus
2354 3290 2469 3348 est;
2509 3283 2555 3337 si
2588 3281 2817 3340 Satanas
2860 3301 2891 3339 a
2932 3285 3307 3359 persequendo
3348 3295 3635 3355 cessaret,
3680 3287 3835 3344 hodie

2247 3381 2359 3428 tam
2387 3374 2674 3447 gloriosam
2707 3392 2960 3434 coronam
3004 3380 3176 3434 sancti
3213 3377 3495 3435 Laurentii
3539 3396 3652 3435 non
3700 3380 3835 3437 erle-

2243 3468 2546 3525 braremus.
2573 3469 2631 3524 Si
2660 3485 2793 3541 ergo
2816 3471 2986 3541 ipsius
3007 3472 3201 3527 diaboli
3233 3472 3390 3528 malis
3412 3473 3681 3542 operibus
3706 3475 3835 3530 hcce

2246 3561 2423 3619 utitur
2450 3561 2611 3630 Deus,
2642 3562 2783 3635 quod
2813 3563 2941 3620 facit
2976 3564 3147 3623 malus
3171 3565 3311 3621 male
3338 3567 3567 3631 utendo,
3598 3566 3709 3622 sibi
3748 3581 3835 3621 uo-

2244 3662 2353 3719 cet,
2380 3669 2484 3709 non
2535 3654 2761 3709 bonitati
2788 3655 2881 3710 Dei
2914 3656 3269 3735 contradicit:
3296 3655 3492 3713 artifex
3522 3657 3617 3714 illo
3648 3659 3829 3720 utitu,

2245 3752 2303 3799 et
2328 3760 2553 3815 magnus
2580 3744 2794 3802 artifex.
2831 3742 2889 3802 Si
2918 3746 3008 3803 illo
3046 3748 3123 3803 uti
3164 3763 3269 3804 non
3298 3757 3519 3820 posset,
3566 3765 3675 3805 nec
3716 3765 3834 3805 eus

2246 3847 2366 3889 esse
2394 3834 2748 3905 permitteret.
2788 3835 2931 3908 Ergo
2974 3854 3107 3894 unus
3149 3854 3215 3893 ex
3257 3837 3396 3894 vobis
3443 3838 3707 3896 diabolus
3746 3852 3839 3907 est,

2245 3924 2348 3991 ait,
2385 3940 2504 3979 cum
2537 3942 2629 3997 ego
2657 3943 2746 3981 uos
2771 3927 3045 3982 duodecim
3072 3926 3312 3999 elegerint
3350 3926 3554 3999 (Joan.
3582 3947 3659 3993 vi,
3703 3928 3839 4005 71).]

2314 4015 2354 4085 -ι-
2381 4013 2523 4071 Idem
2571 4016 2624 4071 in
2669 4017 2888 4074 homilia
2935 4019 3002 4089 7,
3032 4021 3098 4077 de
3141 4020 3305 4078 Ctena
3356 4022 3601 4079 Domini.
3648 4024 3843 4099 [Unas

2243 4123 2308 4163 ea:
2352 4107 2491 4163 vobis
2536 4109 2706 4164 tradet
2750 4127 2831 4166 me
2878 4110 3057 4184 (Joan.
3102 4128 3235 4179 xm,
3280 4113 3394 4186 21),
3446 4132 3597 4170 unus
3640 4133 3721 4173 ex
3756 4133 3843 4173 ro-

2242 4198 2328 4255 bis
2358 4214 2583 4255 numero
2630 4215 2737 4257 non
2768 4202 2991 4268 merito,
3041 4204 3218 4275 specie
3261 4221 3365 4260 non
3408 4206 3651 4275 virtute,
3698 4225 3847 4265 eum-

2244 4289 2503 4347 mixtione
2527 4290 2813 4363 corporali,
2846 4308 2950 4349 non
2980 4294 3193 4353 vinculo
3217 4295 3481 4367 spiritali,
3526 4302 3727 4357 carnis
3756 4301 3847 4358 ad-

2235 4374 2544 4449 junctione,
2591 4397 2698 4438 non
2739 4384 2916 4440 cordis
2954 4382 3135 4442 socius
3174 4382 3374 4443 unitate
3408 4406 3421 4442 :
3456 4390 3706 4461 proinde
3740 4408 3845 4448 una

2246 4475 2338 4544 qui
2364 4488 2433 4530 ex
2462 4475 2614 4531 vobis
2641 4484 2747 4543 est,
2775 4478 2871 4534 sed
2898 4479 2988 4550 qui
3015 4496 3081 4536 ex
3106 4481 3257 4537 vobis
3285 4482 3541 4540 exiturus
3565 4494 3679 4542 est.
3712 4486 3846 4543 Nam

2248 4567 2515 4636 quomodo
2552 4568 2657 4624 erit
2691 4582 2875 4625 verum
2919 4573 3062 4643 quod
3102 4582 3437 4645 protestatus
3464 4587 3557 4633 est
3590 4576 3767 4635 Iesus
3794 4588 3849 4634 et

2249 4657 2402 4722 dixit,
2422 4674 2557 4714 unus
2586 4675 2650 4714 ea:
2677 4660 2860 4716 vobis?
2881 4659 2938 4718 Si
2959 4678 3143 4719 verum
3163 4673 3243 4721 est
3268 4667 3415 4737 quod
3440 4668 3521 4722 ait
3554 4670 3709 4725 idem
3736 4672 3849 4743 ipse

2249 4749 2303 4806 in
2334 4749 2574 4822 Epistula
2601 4768 2697 4808 sua
2728 4752 2880 4831 cujus
2905 4765 2990 4813 est
3015 4757 3117 4813 hoc
3142 4756 3495 4831 Evangelium
3522 4779 3542 4817 :
3568 4759 3663 4817 Ex
3697 4766 3847 4819 netis

2240 4842 2484 4898 exierunt
2502 4884 2517 4910 ,
2543 4843 2633 4899 sed
2662 4862 2765 4901 non
2790 4858 2937 4903 erant
2964 4865 3028 4905 ex
3053 4850 3197 4906 nobis
3215 4852 3241 4905 1’
3275 4869 3398 4906 nam
3436 4854 3483 4908 si
3516 4856 3759 4926 fuissent
3784 4874 3847 4912 es

2249 4935 2416 5002 nobis,
2448 4939 2758 4994 mansissent
2784 4942 2962 5014 utique
2991 4942 3256 4998 nobiscum
3284 4942 3336 5017 (Ι
3372 4942 3546 5003 Joan.
3594 4963 3676 5015 ιι,
3724 4948 3844 5021 19),

2244 5029 2541 5085 secundum
2577 5036 3010 5091 communionem
3046 5048 3507 5095 sacramentorum
3542 5057 3614 5098 ex
3634 5044 3843 5105 nobis:

2247 5122 2541 5177 secundum
2582 5138 2805 5185 suorum
2842 5128 3224 5199 proprietatem
3268 5128 3565 5187 criminum
3609 5149 3730 5191 non
3782 5149 3846 5189 ex

2248 5209 2446 5285 nobis]

2316 5310 2359 5385 ιι·
2388 5310 2529 5369 [dem
2559 5314 2614 5371 in
2638 5314 2858 5375 humilia
2882 5319 2971 5386 '52,
3002 5320 3069 5377 de
3095 5319 3265 5376 Coena
3290 5319 3526 5377 Domini.
3563 5321 3731 5397 [Non
3762 5340 3847 5378 ne

2252 5418 2332 5458 me
2356 5403 2601 5478 elegistis,
2633 5408 2725 5463 sed
2747 5425 2840 5481 ego
2861 5409 2991 5483 elegi
3017 5429 3104 5467 vos
3130 5412 3310 5484 (Joan.
3340 5428 3430 5479 xv,
3458 5412 3577 5482 16),
3613 5414 3745 5471 haec
3764 5421 3845 5469 est

2252 5496 2341 5553 illa
2384 5498 2667 5557 ineﬂ‘ahilis
2710 5504 2906 5574 gratia.
2964 5504 3103 5572 Quid
3156 5505 3300 5561 enim
3346 5520 3574 5562 eramus
3616 5506 3844 5577 quando

2250 5589 2522 5647 Christum
2548 5593 2784 5650 nondum
2809 5593 3160 5667 elegeramus,
3202 5604 3256 5651 et
3290 5596 3414 5651 ideo
3438 5598 3691 5653 nondum
3719 5597 3841 5652 dilio

2248 5680 2543 5751 gebamus?
2574 5697 2697 5737 nam
2721 5683 2813 5753 qui
2839 5696 2963 5738 eum
2992 5699 3095 5739 non
3120 5684 3287 5756 eligit,
3315 5686 3593 5756 quomodo
3619 5703 3737 5741 non
3766 5686 3841 5740 di—

2250 5771 2396 5847 ligit?
2426 5770 2675 5847 Nunquid
2700 5771 2812 5849 jam
2841 5773 2895 5831 iu
2925 5774 3081 5833 nobis
3109 5784 3231 5834 erat
3255 5777 3402 5853 quod
3424 5777 3479 5834 in
3508 5778 3735 5853 psalmo
3756 5791 3839 5835 ca-
