4010 6352
187 339 316 396 1181

1027 341 1110 394 DE
1151 323 1817 396 PlleDES'l‘INATIONE
1853 338 2216 397 CONTRA].
2261 339 2564 399 scorun.

3284 347 3424 404 H82

184 456 364 508 nitur:
395 453 545 524 Elegi
585 454 816 524 αὐλείαις
857 470 966 508 esse
1007 456 1058 507 in
1102 456 1255 509 domo
1291 455 1384 509 Dei
1417 458 1548 520 mei,
1585 458 1752 528 magis
1781 461 1826 517 Α
1856 455 2076 520 (lentiae,
2109 456 2261 526 ‘quod
2304 464 2450 512 veste
2484 455 2702 512 sordida
2727 457 3020 514 munditias
3047 459 3296 529 polluerit
3323 479 3423 519 nu-

180 561 341 615 quam
392 544 628 598 habitare
679 545 732 598 in
793 544 1138 598 tabernaculis
1188 555 1513 613 peccatorum
1562 544 1747 617 (Psal.

183 651 424 698 Lxxxm,
457 635 580 705 il)?
619 632 732 691 Non
773 635 974 705 utique.
1020 637 1156 703 Quid
1199 653 1328 708 ergo
1369 652 1604 704 eramus,
1647 638 1752 694 nisi

182 723 354 794 iniqui
387 733 441 779 et
465 725 699 794 perditi?
737 741 910 796 neque
942 727 1085 781 enim
1117 726 1228 795 jam
1270 729 1671 785 credideramus
1698 730 1754 785 in

181 829 304 871 eum
335 825 393 870 ut
421 816 647 884 eligeret
680 831 796 872 nos.
844 815 976 872 Nam
1021 817 1065 872 si
1101 816 1214 886 jam
1255 818 1534 874 credentes
1572 819 1751 891 elegit,

181 907 385 964 electus
413 906 593 979 elegit.
631 907 766 963 Cum
792 923 921 978 ergo
948 909 1188 964 diceret:
1224 909 1347 964 Non
1372 927 1458 966 vos
1488 928 1567 965 me
1599 911 1755 982 elegi-

182 999 295 1062 stis,
333 997 460 1068 quid
483 998 628 1052 aliud
654 998 789 1054 dixit
813 999 916 1054 nisi
944 1000 1068 1069 quia
1097 1001 1454 1056 misericordia
1479 1003 1592 1073 ejus
1619 1018 1754 1073 prte-

179 1090 315 1142 cenit
357 1103 456 1143 nos
499 1087 670 1160 (Psal.
707 1105 870 1156 Lvut,
899 1092 1021 1163 11),
1061 1093 1382 1163 generaliter
1419 1094 1606 1165 utique
1646 1109 1754 1150 non

179 1180 558 1250 personaliter,
590 1191 647 1237 ut
676 1183 776 1238 sibi
808 1184 951 1240 circa
989 1199 1177 1242 omnes
1204 1195 1414 1243 constet
1439 1188 1617 1244 divina
1637 1188 1754 1258 jus-

181 1275 337 1329 titia?
365 1275 464 1332 Hic
502 1285 650 1332 certe
688 1286 843 1333 vacat
869 1293 1006 1333 vana
1036 1277 1250 1334 illorum
1276 1282 1635 1350 ratiocinatio,
1660 1282 1752 1352 qui

183 1369 577 1436 praescientiam
609 1372 702 1426 Dei
735 1373 1027 1431 defendunt
1053 1385 1239 1432 contra
1272 1378 1500 1448 gratiam
1528 1378 1654 1442 Dei,
1697 1387 1755 1434 et

182 1457 306 1513 ideo
332 1475 430 1516 nos
458 1461 643 1516 dicunt
667 1463 868 1522 electos
906 1479 1031 1521 ante
1066 1469 1250 1522 mundi
1292 1468 1748 1536 constitutionem,

179 1549 305 1618 quia
332 1553 602 1620 praescivit
630 1569 730 1610 nos
755 1557 899 1612 Deus
922 1558 1130 1614 futuros
1153 1559 1344 1624 bonos,
1371 1575 1474 1614 non
1497 1575 1555 1615 se
1575 1561 1752 1630 ipsum

180 1654 281 1694 nos
308 1640 573 1698 facturum
607 1646 792 1702 bonos.
832 1647 949 1704 Non
975 1651 1078 1706 hoc
1104 1651 1250 1706 dicit.
1278 1651 1414 1719 Quid
1441 1651 1606 1706 dicit?
1629 1650 1752 1706 Non

177 1747 267 1784 uos
293 1747 374 1787 me
398 1733 643 1804 elegistis,
691 1739 944 1807 quoniam
982 1741 1026 1796 si
1063 1753 1348 1812 propterea
1377 1759 1476 1798 nos
1501 1743 1751 1815 elegisset

1855 545 2090 618 ptiales.]

1919 637 1962 709 -ι-
1997 637 2098 704 Qui
2135 637 2299 692 etiam
2341 638 2628 693 identidem
2666 639 2718 693 in
2755 637 2904 694 Iudae
2942 639 3262 697 salutatione
3301 659 3424 700 sen-

1819 728 2092 790 dendum
2107 728 2404 798 perdocuit.
2423 728 2552 784 Item
2573 728 2864 800 Gregorius
2880 730 3206 800 (Moralium,
3225 733 3316 788 lib.
3338 749 3421 803 nt,

1854 835 1975 890 cap.
2013 820 2101 892 M)
2141 839 2154 875 :
2195 819 2477 893 [Haeretici
2528 831 2740 888 autem,
2781 824 2904 893 quia
2953 834 3194 880 sanctam
3233 826 3422 883 Eccle-

1855 914 1992 969 siam
2018 929 2112 969 sua
2139 915 2331 970 docere
2355 916 2682 982 desiderant,
2716 916 2783 970 ad
2817 932 2937 972 eam
2966 918 3119 988 quasi
3149 921 3431 977 consolan-

1858 1015 1936 1062 tes
1968 1007 2415 1078 appropinquant.
2448 1008 2556 1063 Nec
2583 1009 2779 1064 mirum
2820 1009 2962 1079 quod
2999 1011 3089 1080 qui
3133 1011 3426 1067 adversan-

1857 1100 1987 1154 tium
2019 1097 2243 1154 formam
2281 1102 2619 1171 exprimunt,
2660 1101 2817 1156 amici
2845 1110 3125 1168 vocantur,
3164 1119 3286 1159 cum
3326 1105 3427 1176 ipsi

1853 1205 2067 1262 quoque
2117 1191 2362 1248 traditorl
2410 1193 2656 1248 dicitur:
2703 1192 2913 1254 Amice,
2961 1193 3031 1248 ad
3054 1195 3178 1265 quid
3207 1196 3431 1250 venisti?

1855 1281 2068 1356 (Matth.
2099 1299 2246 1350 xxvt,
2275 1283 2391 1352 50.)
2429 1284 2494 1339 Et
2515 1285 2663 1340 dives
2688 1285 2778 1355 qui
2820 1285 2870 1338 in
2899 1285 3110 1340 inferno
3145 1287 3267 1356 igne
3293 1302 3426 1342 exu-

1854 1377 1992 1430 ritur
2013 1373 2284 1429 Abraham
2311 1373 2450 1430 lilius
2476 1383 2698 1430 vocatur
2721 1375 2870 1446 (Luc.
2899 1392 3010 1441 XVI,
3035 1375 3150 1448 25),
3175 1377 3298 1447 quia
3327 1378 3429 1432 elsi

1853 1481 1949 1536 per
1974 1480 2073 1519 nos
2103 1463 2232 1519 mali
2267 1465 2465 1536 corrigi
2510 1465 2821 1550 negligant,
2864 1465 3083 1536 dignum
3126 1474 3305 1522 tamen
3344 1473 3430 1523 est

1854 1564 1914 1612 ut
1940 1572 1970 1610 a
1995 1556 2166 1620 nobis,
2199 1571 2304 1612 non
2327 1571 2391 1612 ex
2418 1571 2511 1611 sua
2541 1556 2800 1626 nequitia,
2840 1557 2932 1612 sed
2969 1573 3037 1612 ex
3066 1567 3248 1613 nostra
3278 1558 3432 1616 beni-
3519 1585 3522 1588 θ

1854 1646 2056 1718 gnitate
2077 1646 2234 1701 amici
2259 1647 2651 1720 nominentur.]

1922 1737 1962 1808 τ
1988 1737 2131 1792 Idem
2157 1735 2465 1808 (Moralium
2488 1739 2580 1793 lib.
2603 1754 2653 1803 χ,
2681 1755 2752 1806 vr,
2779 1755 2896 1810 cap.
2926 1741 3012 1810 ll)
3039 1759 3052 1795 :
3079 1739 3218 1812 [Quo
3240 1750 3425 1806 contra

177 1823 304 1892 quia
352 1825 520 1882 bonos
570 1826 781 1884 futuros
824 1845 946 1887 esse
985 1833 1324 1903 praescierat,
1381 1834 1541 1888 simul
1588 1836 1752 1890 etiam
1780 1817 1828 1876 Β
1856 1837 2002 1883 recte
2027 1829 2128 1884 sub
2161 1827 2446 1900 Babylonis
2473 1830 2652 1900 speCie
2679 1845 2775 1898 per
2801 1831 3117 1902 prophetam
3150 1833 3312 1886 menti
3346 1847 3431 1888 re-

175 1915 479 1982 prtescisset
504 1919 646 1986 quod
702 1935 825 1974 eum
855 1921 1140 1978 fuissemus
1180 1925 1329 1994 prius
1363 1924 1606 1979 eiecturi.
1639 1925 1757 1982 Ele-

175 2005 256 2075 git
280 2021 408 2078 ergo
426 2023 526 2078 per
545 2011 791 2080 gratiam,
819 2014 958 2069 sicut
984 2015 1149 2086 elegit
1174 2025 1227 2070 et
1251 2015 1466 2083 Iudam,
1503 2017 1598 2073 sed
1621 2032 1756 2088 opus

173 2105 259 2150 est
288 2107 347 2152 ut
383 2099 576 2156 divinat
611 2101 860 2158 electioni
902 2105 1150 2162 humana-
1188 2109 1506 2166 obedientia:
1545 2119 1601 2165 et
1636 2110 1757 2167 dili-

174 2190 373 2256 gentia:
397 2205 526 2246 cura
558 2195 923 2270 respondeat.)

249 2281 290 2351 -ι-
311 2281 450 2338 Ecce
472 2285 554 2339 vir
573 2297 791 2344 sanctus
817 2291 974 2346 toties
998 2292 1063 2347 de
1092 2308 1198 2348 una
1227 2295 1523 2366 eademque
1544 2311 1603 2351 re
1624 2313 1752 2368 pru-

177 2371 372 2427 denter
395 2383 449 2429 et
479 2375 707 2433 ﬁdeliter
732 2379 996 2449 elocutus,
1021 2399 1287 2455 nusquam
1311 2403 1341 2441 a
1367 2389 1639 2444 contrario
1671 2390 1753 2444 in-

179 2460 520 2533 telligendum
566 2467 843 2526 electionis
892 2475 1208 2530 vocabulum
1260 2479 1505 2534 docuisse
1548 2481 1753 2536 inveni-

181 2561 287 2606 tur.
331 2552 501 2610 Porro
530 2559 672 2628 quod
702 2561 755 2614 in
792 2565 1148 2621 assertionem
1173 2570 1574 2626 contrarietatis
1601 2571 1754 2629 addis

177 2641 319 2713 (cap.
339 2644 426 2710 15,
464 2663 609 2704 num.
636 2652 691 2716 5,
713 2662 836 2708 sect.
865 2654 943 2724 2),
971 2655 1219 2713 similiter
1243 2659 1465 2725 amicus,
1493 2661 1585 2731 qui
1614 2677 1756 2716 sem-

177 2745 278 2800 per
300 2745 420 2790 erat
447 2736 717 2808 inimicus,
762 2745 959 2798 mirum
999 2762 1104 2816 qua
1143 2750 1465 2804 auctoritate
1495 2751 1547 2804 id
1579 2751 1757 2821 prolo-

175 2825 272 2892 qui
308 2834 785 2900 attemperaveris,
847 2851 968 2890 cum
1016 2838 1157 2894 inter
1195 2839 1495 2909 eligendum
1535 2841 1757 2898 minime

61 2951 74 2960 η
177 2918 436 2975 credatur
460 2931 553 2977 aut
579 2924 790 2995 legatur
829 2928 1040 2998 uspiam
1077 2930 1352 2986 inimicum
1395 2933 1632 2987 animum
1663 2935 1758 2988 ba-

177 3009 384 3077 buisse,
425 3013 598 3072 donec
618 3027 739 3088 post
765 3027 1033 3076 tantorum
1057 3022 1315 3078 beneﬁcia
1339 3039 1616 3080 munerum
1637 3041 1760 3096 pro-

177 3101 368 3158 ditioni
394 3106 634 3163 animum
665 3121 1014 3183 praepararet.
1044 3113 1178 3169 Nam
1219 3116 1270 3170 in
1315 3117 1430 3187 ipso
1463 3119 1759 3176 vocationis

1857 1920 2040 1990 proba:
2066 1919 2296 1974 dicitur:
2324 1918 2609 1986 Descende,
2648 1921 2767 1976 sede
2802 1923 2855 1974 in
2894 1922 3121 1992 pulvere,
3151 1921 3291 1992 virgo
3317 1921 3430 1992 ﬁlia

1856 2009 2162 2081 Babylonis,
2199 2010 2319 2065 sede
2344 2011 2399 2065 in
2423 2020 2585 2078 terra,
2623 2029 2726 2066 non
2765 2023 2839 2066 est
2877 2013 3065 2067 solium
3104 2012 3230 2081 ﬁlia:
3263 2011 3429 2066 Chal-

1855 2107 2087 2161 dmorum
2116 2104 2250 2176 (Isa.
2280 2121 2448 2169 xcvn,
2475 2103 2550 2178 i).
2577 2104 2689 2160 Hoc
2711 2106 2854 2160 enim
2881 2105 2998 2161 loco
3021 2107 3253 2160 humana
3278 2120 3431 2160 mens

1852 2199 2006 2268 virgo
2037 2214 2141 2253 non
2174 2199 2507 2268 incorrupta,
2543 2205 2602 2253 ut
2631 2199 2889 2263 arbitror,
2923 2198 3137 2263 dicitur,
3173 2198 3264 2253 sed
3296 2196 3430 2254 infe-

1853 2291 2047 2346 cunda.
2076 2289 2142 2344 Et
2171 2290 2295 2361 quia
2319 2289 2556 2361 Babylon
2584 2289 2826 2359 confusio
2857 2290 3262 2360 interpretatur,
3286 2297 3432 2344 recte

1851 2381 2138 2438 infecunda
2175 2397 2329 2438 mens
2355 2381 2644 2452 Babylonis
2681 2381 2788 2435 ﬁlia
2833 2390 3076 2448 vocatur,
3121 2396 3240 2451 quae
3278 2381 3330 2434 in
3364 2394 3430 2436 eo

1851 2474 1993 2544 quod
2033 2485 2373 2541 nequaquam
2409 2473 2549 2527 bona
2580 2486 2740 2541 opera
2772 2471 3070 2542 germinat,
3115 2471 3242 2525 dum
3284 2469 3430 2525 nullo

1852 2564 2040 2620 ordine
2066 2571 2229 2618 rectm
2251 2563 2376 2617 vitae
2400 2562 2759 2632 componitur,
2798 2562 2950 2630 quasi
2982 2559 3294 2616 confusione
3321 2575 3432 2614 ma-

1854 2663 1936 2710 tre
1977 2661 2306 2726 generatur:
2344 2654 2426 2708 sin
2467 2661 2644 2708 autem
2686 2653 2840 2724 virgo
2878 2667 2984 2708 non
3025 2651 3308 2707 infecunda
3350 2650 3432 2706 di-

1855 2746 2016 2810 citur,
2047 2744 2140 2799 sed
2171 2744 2505 2814 incorrupta,
2543 2751 2831 2813 postquam
2865 2750 3066 2797 statum
3103 2741 3290 2796 salutis
3313 2755 3430 2810 per-

1856 2835 2020 2898 didit,
2053 2834 2119 2888 ad
2157 2833 2488 2889 confusionis
2516 2847 2626 2888 suae
2654 2832 2928 2887 cumulum
2957 2830 3254 2902 appellatur
3287 2829 3430 2898 quod

1857 2924 2002 2998 fuit.)
2023 2925 2062 2996 1-
2079 2923 2432 2996 Hieronymus
2447 2923 2648 2996 (contra
2660 2921 2997 2978 Iovinianum
3013 2922 3104 2978 lib.
3125 2921 3184 2991 ιι)
3207 2940 3218 2974 :
3238 2920 3432 2992 [Arbor

1856 3016 1998 3072 mala
2025 3015 2184 3072 bonos
2211 3015 2412 3086 fructus
2441 3031 2545 3069 non
2569 3013 2718 3084 facit,
2747 3029 2838 3067 nec
2866 3013 2998 3068 bona
3021 3011 3188 3066 malos
3211 3011 3424 3084 (Matth.

1857 3125 1962 3174 vu,
2001 3108 2120 3179 17).
2173 3107 2231 3162 Si
2271 3107 2386 3162 hoc
2412 3107 2486 3162 ita
2514 3107 2627 3171 'est,
2662 3105 2927 3177 responde
2981 3103 3113 3159 mihi
3163 3102 3430 3173 quomodo

177 3209 295 3250 suae
333 3197 562 3256 articulo
589 3204 817 3259 necdum
863 3207 929 3261 de
963 3207 1264 3278 perditione
1300 3186 1509 3266 Domini
1547 3221 1759 3282 poterat

1859 3197 2079 3262 Paulus,
2109 3213 2233 3252 cum
2258 3205 2404 3253 esset
2422 3197 2585 3252 arbor
2613 3195 2752 3250 mala
2777 3211 3108 3266 persequens
3132 3193 3426 3251 Ecclesiam

177 3286 437 3356 cegitare,
467 3305 628 3359 quem
660 3309 690 3348 a
719 3292 920 3352 Judaeis
953 3313 1058 3352 non
1093 3300 1267 3354 dicam
1298 3301 1537 3372 insequi,
1567 3318 1756 3359 verum

177 3390 282 3432 nec
307 3377 629 3450 Prophetam
661 3395 754 3440 aut
781 3386 1068 3444 Dominum
1100 3393 1349 3461 cognosci
1379 3395 1584 3450 sciebat
1613 3415 1625 3450 :
1659 3411 1756 3453 ne-

175 3480 288 3535 que
314 3469 456 3523 enim
482 3472 742 3528 credibile
768 3485 850 3531 est
875 3493 996 3532 eum
1029 3496 1058 3534 a
1087 3480 1314 3538 Domino
1343 3483 1619 3540 inimicum
1649 3485 1758 3542 ele-

178 3563 366 3610 ctum:
397 3561 643 3628 quamvis
681 3564 826 3619 enim
875 3582 978 3622 non
1018 3567 1346 3639 ignoraverit
1387 3573 1440 3628 id
1477 3572 1754 3644 futurum,

178 3645 275 3702 sed
304 3664 556 3718 processu
583 3657 840 3725 temporis
861 3659 928 3715 de
956 3660 1196 3719 bonitate
1220 3665 1284 3719 ad
1317 3666 1576 3722 malitiam
1602 3684 1752 3724 com-

182 3748 484 3796 mutatum:
517 3746 654 3801 sicut
681 3750 903 3819 angelus
929 3761 984 3806 et
1013 3755 1174 3810 homo
1211 3754 1338 3812 boni
1385 3758 1499 3813 sine
1531 3759 1692 3815 dubio
1721 3775 1751 3815 a

181 3847 396 3889 summo
420 3837 564 3893 bono
591 3850 834 3898 creatore
862 3847 1086 3912 conditi,
1113 3848 1365 3920 deinceps
1391 3867 1483 3908 sua
1516 3853 1757 3908 volunta-

183 3924 263 3978 ria
314 3929 594 3986 aversione
635 3935 760 3988 mali
808 3935 984 3992 elfecti
1031 3949 1184 4008 sunt;
1236 3943 1446 3998 dicente
1489 3945 1752 4014 siquidem

179 4018 542 4086 evangelista,
573 4037 692 4077 cum
733 4026 986 4082 alabastri
1023 4046 1148 4100 erga
1192 4034 1354 4101 pedes
1393 4034 1601 4088 Domini
1641 4034 1753 4090 fra-

179 4107 414 4162 ctionem
455 4124 722 4181 narraret,
753 4113 944 4173 ludam
984 4137 1366 4178 murmurasse.
1407 4123 1600 4191 thuid
1637 4143 1755 4196 per-

179 4197 311 4252 ditio
345 4200 455 4256 Iuec
490 4207 758 4274 unguenti,
787 4210 953 4277 potuit
984 4213 1121 4266 enim
1155 4214 1442 4268 venundari
1477 4217 1660 4281 multo,
1705 4227 1754 4273 et

179 4288 304 4342 dari
324 4295 657 4361 pauperibus.
684 4295 799 4351 Hoc
829 4311 1004 4354 autem
1027 4301 1162 4356 dixit
1187 4305 1311 4373 quia
1336 4303 1426 4374 fur
1445 4315 1578 4372 erat,
1607 4318 1656 4361 et
1677 4305 1756 4363 lo-

179 4377 327 4432 culos
365 4381 558 4438 habens
609 4402 671 4439 ea
718 4404 836 4458 qua:
877 4392 1213 4447 mittebantur
1244 4396 1485 4466 portabat
1527 4397 1750 4469 (Matth.

180 4487 330 4535 xxvr,
359 4472 435 4545 8).
478 4475 552 4530 Ex
593 4493 660 4534 eo
698 4482 1016 4550 proditionis
1057 4486 1254 4541 malum
1296 4490 1607 4559 concepisse
1636 4507 1755 4548 cre-

1857 3290 2079 3356 Christi,
2112 3291 2302 3346 fecerit
2325 3301 2510 3361 postea
2531 3289 2740 3345 fructus
2765 3290 2966 3355 bonos;
2993 3296 3048 3343 et
3079 3287 3275 3352 Judas,
3305 3301 3430 3342 cum

1857 3392 2001 3440 esset
2020 3385 2181 3439 arbor
2200 3383 2360 3447 bona,
2387 3381 2538 3452 signa
2561 3381 2767 3436 faciens
2792 3395 2914 3435 cum
2939 3378 3214 3450 apostolis,
3243 3385 3431 3447 postea

1857 3491 2046 3533 versus
2077 3477 2130 3532 in
2156 3475 2507 3546 proditorem,
2544 3472 2733 3530 fecerit
2768 3471 2978 3530 fructus
3003 3473 3189 3528 malos.
3223 3468 3432 3526 Tandiu

1857 3563 1985 3640 ergo
2009 3582 2111 3623 nec
2138 3568 2300 3623 arbor
2327 3566 2467 3622 bona
2505 3563 2714 3620 fructus
2753 3563 2927 3618 malos
2961 3561 3113 3627 facit,
3151 3576 3250 3616 nec
3290 3556 3430 3613 mala

1855 3657 2026 3714 bonos
2049 3698 2064 3724 ,
2112 3656 2348 3728 quandiu
2389 3654 2474 3710 vel
2513 3654 2567 3709 in
2608 3654 2849 3708 bonitate
2885 3667 2983 3708 sua
3014 3651 3097 3707 vel
3135 3650 3189 3705 in
3225 3646 3430 3704 malitia

1854 3746 2245 3819 perseverant.]
2283 3747 2322 3816 ἦ·
2358 3744 2503 3801 Idem
2533 3743 2674 3814 quod
2705 3741 2862 3798 dicis.

2395 3891 2625 3934 JOANNES
2662 3889 2880 3933 SCOTUS.

1927 3995 2077 4066 (Cap.
2097 3991 2416 4058 l3,num.4.
2447 4000 2580 4046 sect.
2610 3991 2742 4061 l).8
2763 3988 2832 4042 Et
2859 3985 3295 4059 quemadmodum
3318 4001 3422 4041 non

1853 4100 1975 4144 sunt
2005 4088 2103 4158 ﬁlii
2134 4089 2179 4142 si
2207 4102 2310 4140 non
2345 4093 2466 4139 sunt
2496 4083 2747 4148 hteredes,
2785 4082 2860 4136 sic
2897 4079 3044 4135 electi
3081 4095 3182 4134 non
3225 4087 3344 4133 sunt
3383 4076 3432 4132 si

1855 4196 1958 4235 non
1982 4180 2085 4233 sint
2109 4177 2286 4232 dilecti
2311 4189 2330 4229 :
2363 4173 2622 4246 quomodo
2649 4189 2769 4244 ergo
2793 4211 2808 4239 ,
2843 4172 2945 4226 nisi
2977 4187 3005 4226 e
3035 4171 3320 4237 contrario,
3348 4168 3432 4223 di-

1855 4281 2058 4327 ceretur
2076 4269 2250 4324 ludas
2277 4267 2489 4333 electus,
2517 4265 2642 4319 dum
2669 4273 2928 4320 nonesset
2954 4261 3212 4318 dilectus-2

2490 4391 2806 4433 CORRECTIO.

1926 4494 1965 4564 -ι-
1995 4491 2266 4548 Debueras
2293 4490 2602 4563 diligentius
2627 4491 2954 4560 investigare
2980 4486 3302 4546 vocabulum
3345 4485 3432 4543 di-

177 4561 417 4652 dendum
441 4575 544 4631 est,
577 4583 644 4623 ex
669 4585 776 4639 quo
803 4582 858 4626 et
886 4573 998 4643 ipse
1026 4591 1054 4628 a
1080 4575 1307 4648 Do_mino
1334 4554 1752 4651 dispensationis
1781 4554 1829 4614 Β
1855 4554 2100 4644 Ιεοίίοηίε
2138 4594 2193 4640 et
2215 4554 2494 4641 electidnis
2524 4584 2576 4638 in
2621 4582 2917 4652 Scripturis
2946 4581 3170 4648 sanctis,
3203 4593 3431 4650 quarum

175 4648 412 4708 cilicium
433 4660 680 4728 percepit
714 4670 770 4716 et
797 4661 1104 4719 Judaeorum
1139 4668 1342 4722 rabiem
1369 4648 1594 4726 in—illum
1622 4687 1751 4728 con-

174 4743 334 4800 citari
375 4749 644 4817 cognovit.
698 4749 811 4807 Hoc
864 4754 1038 4824 ipsum
1078 4757 1263 4814 beatus
1302 4759 1592 4833 Gregorius
1633 4779 1755 4818 sen-

178 4835 350 4902 tiens,
377 4837 640 4910 nobisque
666 4844 1004 4901 sentiendutn
1035 4850 1458 4906 venerabilitatis
1486 4868 1596 4907 suae
1621 4853 1754 4910 scri-

174 4931 286 5002 ptis
310 4931 640 5004 relinquens,
674 4938 728 4992 in
767 4939 986 4996 ltomilia
1026 4943 1299 5016 Evangelii
1336 4957 1647 5004 vocatorum
1688 4949 1755 5005 ad

180 5024 415 5094 nuptias,
447 5041 567 5082 cum
593 5030 658 5086 de
679 5046 742 5086 eo
767 5034 858 5104 qui
889 5044 1038 5092 veste
1064 5039 1264 5109 nuptiis
1288 5041 1467 5096 minus
1493 5042 1650 5113 digna
1675 5058 1758 5098 so-

179 5114 514 5173 lemnitatem
545 5123 851 5191 nuptiarum
881 5126 1350 5197 dehonestaverat,
1386 5139 1546 5201 atque
1572 5148 1602 5186 a
1631 5147 1757 5204 rege

178 5207 282 5262 sub
307 5209 469 5264 amici
501 5214 720 5270 nomine
745 5215 1055 5287 increpatus
1097 5219 1305 5286 fuerat,
1352 5230 1640 5289 tractaret,
1680 5223 1756 5279 ait

179 5297 390 5370 (_Greg.,
419 5302 560 5356 hom.
587 5305 656 5360 38
684 5306 738 5359 in
769 5306 994 5381 Evang.)
1022 5327 1034 5363 :

255 5393 591 5465 [Mirandum
635 5399 789 5454 valde
832 5411 946 5467 est,
992 5403 1191 5460 fratres
1231 5405 1572 5471 charissimi,
1613 5408 1756 5477 quod

180 5489 326 5542 hunc
349 5497 404 5543 et
433 5491 662 5546 amicum
699 5503 872 5559 vocat,
891 5504 946 5550 et
967 5499 1245 5566 reprobat;
1277 5516 1338 5556 ac
1367 5502 1408 5555 si
1440 5501 1489 5556 ei
1516 5501 1756 5574 apertius

181 5581 364 5635 dicat:
393 5581 607 5649 Amice,
646 5592 701 5638 et
730 5602 836 5641 non
873 5587 1076 5650 amice,
1117 5591 1288 5646 amice
1311 5609 1405 5662 per
1431 5595 1587 5649 tidem
1607 5636 1621 5659 ,
1661 5593 1757 5649 sed

183 5689 292 5729 non
318 5674 492 5729 amice
513 5691 610 5748 per
629 5679 1042 5752 operationem]
1068 5678 1427 5752 Hieronymus
1448 5698 1466 5735 :
1485 5684 1753 5756 [Amicum

182 5781 375 5842 vocat,
413 5771 557 5846 quod
583 5772 839 5832 invitatus
867 5773 933 5830 ad
965 5775 1176 5852 nuptias
1204 5783 1316 5844 est,
1358 5778 1532 5851 arguit
1585 5781 1756 5853 impu-

1854 4677 2177 4734 auctoritate
2201 4673 2390 4740 fultus,
2413 4689 2520 4728 non
2577 4674 2656 4728 eis
2697 4671 3053 4745 repugnantia
3096 4681 3430 4725 susurrares.

1856 4771 1991 4826 Nam
2012 4769 2064 4824 in
2089 4768 2242 4823 libris
2263 4767 2466 4838 Regum
2496 4775 2551 4821 et
2579 4765 2772 4821 Verbis
2799 4763 3006 4820 dierum
3033 4761 3258 4833 legimus
3280 4757 3433 4815 Salo-

1857 4877 2070 4918 monem
2103 4860 2335 4915 ldidiam
2362 4859 2414 4913 id
2444 4867 2527 4913 est
2550 4857 2795 4912 dilectum
2827 4854 3034 4910 Domini
3069 4858 3352 4915 vocatum;
3383 4855 3434 4903 et

1857 4954 2016 5028 quod,
2040 4953 2243 5024 inquit,
2265 4949 2500 5022 diligeret
2523 4965 2641 5004 eum
2669 4947 2947 5010 Dominus,
2975 4945 3078 4999 hoc
3125 4955 3232 4996 non
3262 4954 3292 4993 ιι
3334 4951 3432 4992 ne-

1859 5047 2062 5103 sciente
2101 5042 2358 5115 quolibet,
2411 5041 2507 5096 sed
2577 5057 2606 5095 a
2669 5039 2931 5108 propheta
2987 5033 3173 5102 utique
3231 5028 3435 5085 sciente

1858 5136 2069 5192 Domini
2103 5134 2432 5190 voluntatem
2455 5132 2660 5187 dictum
2691 5136 2775 5184 est
2802 5125 2888 5198 (l-I
2914 5124 3039 5195 Reg.
3071 5139 3172 5187 xu,
3199 5120 3289 5186 24,
3315 5119 3432 5190 25).

1859 5225 1950 5282 Sic
1996 5235 2051 5281 et
2101 5223 2428 5295 evangelista
2459 5238 2580 5278 cum
2639 5217 3034 5274 adolescentem
3068 5213 3287 5270 divitem
3315 5224 3437 5266 ma-

1858 5331 2192 5391 gnarumque
2219 5331 2380 5386 opum
2412 5314 2478 5368 ad
2502 5311 2789 5368 Dominum
2817 5307 3147 5368 venientem,
3193 5313 3248 5359 et
3285 5317 3437 5357 man-

1860 5409 2105 5465 datorum
2138 5406 2388 5478 legalium
2415 5401 2850 5460 observationem
2871 5403 3210 5468 promentem
3236 5391 3437 5448 descri-

1861 5504 2033 5567 beret,
2067 5509 2284 5557 secutus
2311 5496 2556 5569 adjunxit
2583 5513 2595 5547 :
2621 5493 2852 5549 Intuitus
2892 5501 3064 5546 autem
3103 5504 3220 5544 eum
3257 5484 3436 5550 Iesus,

1861 5593 2041 5648 dilexit
2070 5609 2188 5647 eum
2246 5590 2441 5663 (Marc.
2469 5603 2529 5653 ι,
2555 5586 2649 5659 21)
2675 5603 2687 5639 :
2719 5585 2976 5641 nimirum
3021 5583 3091 5639 ob
3137 5579 3435 5636 custodiam

1862 5695 2250 5756 przeceptornm
2283 5681 2398 5747 Dei,
2436 5681 2526 5764 qui
2557 5688 2737 5734 tamen
2783 5677 3036 5748 quoniam
3080 5682 3197 5730 erat
3237 5669 3436 5764 multas

1863 5777 2230 5852 possessiones
2292 5759 2523 5840 habens,
2577 5770 2758 5826 audito
2807 5764 3153 5846 perfectionis
3189 5759 3438 5840 consilio,

3621 635 3648 646 ι»

3991 1553 3993 1694 1
