  <div class='ocr_page' id='page_1' title='image "/cluster/home/n/w/nwhite01/storage/ocr_20150623/115/hvd.32044015466873/595.png"; bbox 0 0 4010 6352; ppageno 0'>
   <div class='ocr_carea' id='block_1_1' title="bbox 710 364 851 427">
    <p class='ocr_par' dir='ltr' id='par_1_1' title="bbox 710 364 851 427">
     <span class='ocr_line' id='line_1_1' title="bbox 710 364 851 427; baseline -0.014 -2"><span class='ocrx_word' id='word_1_1' title='bbox 710 364 851 427; x_wconf 73' lang='lat'><strong>“8‘5</strong></span> 
     </span>
    </p>
   </div>
   <div class='ocr_carea' id='block_1_2' title="bbox 1698 370 2928 437">
    <p class='ocr_par' dir='ltr' id='par_1_2' title="bbox 1698 370 2928 437">
     <span class='ocr_line' id='line_1_2' title="bbox 1698 370 2928 437; baseline 0.006 -11"><span class='ocrx_word' id='word_1_2' title='bbox 1698 371 1756 427; x_wconf 91' lang='lat' dir='ltr'><strong>S.</strong></span> <span class='ocrx_word' id='word_1_3' title='bbox 1797 370 2164 431; x_wconf 81' lang='lat' dir='ltr'><strong>PRUDENTll</strong></span> <span class='ocrx_word' id='word_1_4' title='bbox 2204 370 2583 433; x_wconf 79' lang='lat' dir='ltr'><strong>TRECENSIS</strong></span> <span class='ocrx_word' id='word_1_5' title='bbox 2620 375 2928 437; x_wconf 84' lang='lat' dir='ltr'><strong>EPISCOPI</strong></span> 
     </span>
    </p>
   </div>
   <div class='ocr_carea' id='block_1_3' title="bbox 3728 354 3891 456">
    <p class='ocr_par' dir='ltr' id='par_1_3' title="bbox 3728 354 3891 456">
     <span class='ocr_line' id='line_1_3' title="bbox 3728 354 3891 456; baseline 0.025 -4"><span class='ocrx_word' id='word_1_6' title='bbox 3728 398 3810 456; x_wconf 65' lang='grc' dir='ltr'><strong>ηδε</strong></span> 
     </span>
    </p>
   </div>
   <div class='ocr_carea' id='block_1_4' title="bbox 709 477 3814 584">
    <p class='ocr_par' dir='ltr' id='par_1_4' title="bbox 709 477 3814 584">
     <span class='ocr_line' id='line_1_4' title="bbox 709 477 3814 584; baseline 0.008 -50"><span class='ocrx_word' id='word_1_7' title='bbox 709 480 837 534; x_wconf 89' lang='lat' dir='ltr'><strong>abiit</strong></span> <span class='ocrx_word' id='word_1_8' title='bbox 864 480 1049 535; x_wconf 85' lang='lat' dir='ltr'><strong>tristis.</strong></span> <span class='ocrx_word' id='word_1_9' title='bbox 1092 477 1230 536; x_wconf 87' lang='lat' dir='ltr'><strong>Ecce</strong></span> <span class='ocrx_word' id='word_1_10' title='bbox 1277 480 1539 553; x_wconf 77' lang='lat' dir='ltr'><strong>propheta</strong></span> <span class='ocrx_word' id='word_1_11' title='bbox 1582 488 1638 535; x_wconf 86' lang='lat' dir='ltr'><strong>et</strong></span> <span class='ocrx_word' id='word_1_12' title='bbox 1681 483 2011 555; x_wconf 88' lang='lat' dir='ltr'><strong>evangelista</strong></span> <span class='ocrx_word' id='word_1_13' title='bbox 2057 484 2280 543; x_wconf 87' lang='lat' dir='ltr'><strong>dilectos</strong></span> <span class='ocrx_word' id='word_1_14' title='bbox 2307 485 2358 546; x_wconf 84' lang='lat' dir='ltr'><strong>A</strong></span> <span class='ocrx_word' id='word_1_15' title='bbox 2384 485 2580 584; x_wconf 78' lang='lat' dir='ltr'><strong>sitione</strong></span> <span class='ocrx_word' id='word_1_16' title='bbox 2616 490 2689 584; x_wconf 29' lang='lat' dir='ltr'><strong>Aid</strong></span> <span class='ocrx_word' id='word_1_17' title='bbox 2752 491 3070 584; x_wconf 68' lang='lat' dir='ltr'><strong>plerumque</strong></span> <span class='ocrx_word' id='word_1_18' title='bbox 3118 491 3233 549; x_wconf 84' lang='lat' dir='ltr'><strong>ﬁeri</strong></span> <span class='ocrx_word' id='word_1_19' title='bbox 3286 495 3573 558; x_wconf 85' lang='lat' dir='ltr'><strong>docuerunt.</strong></span> <span class='ocrx_word' id='word_1_20' title='bbox 3611 502 3725 565; x_wconf 83' lang='lat' dir='ltr'><strong>Unde</strong></span> <span class='ocrx_word' id='word_1_21' title='bbox 3754 529 3814 584; x_wconf 70' lang='grc' dir='ltr'><strong>ρετ</strong></span> 
     </span>
    </p>
   </div>
   <div class='ocr_carea' id='block_1_5' title="bbox 708 568 3813 675">
    <p class='ocr_par' dir='ltr' id='par_1_5' title="bbox 708 568 3813 675">
     <span class='ocr_line' id='line_1_5' title="bbox 708 568 3813 675; baseline 0.009 -51"><span class='ocrx_word' id='word_1_22' title='bbox 708 585 739 624; x_wconf 92' lang='lat' dir='ltr'><strong>a</strong></span> <span class='ocrx_word' id='word_1_23' title='bbox 773 568 1000 624; x_wconf 89' lang='lat' dir='ltr'><strong>Domino</strong></span> <span class='ocrx_word' id='word_1_24' title='bbox 1021 569 1392 640; x_wconf 89' lang='lat' dir='ltr'><strong>pronuntiant,</strong></span> <span class='ocrx_word' id='word_1_25' title='bbox 1423 585 1557 640; x_wconf 92' lang='lat' dir='ltr'><strong>quos</strong></span> <span class='ocrx_word' id='word_1_26' title='bbox 1589 570 1726 627; x_wconf 86' lang='lat' dir='ltr'><strong>ﬁlios</strong></span> <span class='ocrx_word' id='word_1_27' title='bbox 1767 573 2144 642; x_wconf 84' lang='lat' dir='ltr'><strong>promissionis</strong></span> <span class='ocrx_word' id='word_1_28' title='bbox 2169 575 2281 632; x_wconf 86' lang='lat' dir='ltr'><strong>for-</strong></span> <span class='ocrx_word' id='word_1_29' title='bbox 2384 578 2749 675; x_wconf 34' lang='lat' dir='ltr'><strong>{Ezechielem‘</strong></span> <span class='ocrx_word' id='word_1_30' title='bbox 2791 581 3053 675; x_wconf 83' lang='lat' dir='ltr'><strong>Dominus</strong></span> <span class='ocrx_word' id='word_1_31' title='bbox 3121 584 3248 639; x_wconf 92' lang='lat' dir='ltr'><strong>dicit</strong></span> <span class='ocrx_word' id='word_1_32' title='bbox 3294 604 3310 643; x_wconf 89' lang='lat'><strong>:</strong></span> <span class='ocrx_word' id='word_1_33' title='bbox 3357 586 3418 643; x_wconf 81' lang='lat' dir='ltr'><strong>In</strong></span> <span class='ocrx_word' id='word_1_34' title='bbox 3481 591 3556 646; x_wconf 79' lang='lat' dir='ltr'><strong>die</strong></span> <span class='ocrx_word' id='word_1_35' title='bbox 3610 612 3691 665; x_wconf 76' lang='lat' dir='ltr'><strong>qus</strong></span> 
     </span>
    </p>
   </div>
   <div class='ocr_carea' id='block_1_6' title="bbox 709 662 2283 753">
    <p class='ocr_par' dir='ltr' id='par_1_6' title="bbox 709 662 2283 753">
     <span class='ocr_line' id='line_1_6' title="bbox 709 662 2283 753; baseline 0.005 -37"><span class='ocrx_word' id='word_1_36' title='bbox 709 662 851 717; x_wconf 91' lang='lat' dir='ltr'><strong>sitan</strong></span> <span class='ocrx_word' id='word_1_37' title='bbox 899 677 1005 717; x_wconf 90' lang='lat' dir='ltr'><strong>non</strong></span> <span class='ocrx_word' id='word_1_38' title='bbox 1043 677 1162 718; x_wconf 88' lang='lat' dir='ltr'><strong>esse</strong></span> <span class='ocrx_word' id='word_1_39' title='bbox 1211 662 1434 717; x_wconf 87' lang='lat' dir='ltr'><strong>minime</strong></span> <span class='ocrx_word' id='word_1_40' title='bbox 1463 663 1782 719; x_wconf 73' lang='lat' dir='ltr'><strong>dubitabant</strong></span> <span class='ocrx_word' id='word_1_41' title='bbox 1825 683 1839 719; x_wconf 90' lang='lat'><strong>:</strong></span> <span class='ocrx_word' id='word_1_42' title='bbox 1898 681 2025 721; x_wconf 88' lang='lat' dir='ltr'><strong>nam</strong></span> <span class='ocrx_word' id='word_1_43' title='bbox 2079 667 2283 753; x_wconf 46' lang='lat' dir='ltr'><strong>boum</strong></span> 
     </span>
    </p>
   </div>
   <div class='ocr_carea' id='block_1_7' title="bbox 680 753 2277 825">
    <p class='ocr_par' dir='ltr' id='par_1_7' title="bbox 680 753 2277 825">
     <span class='ocr_line' id='line_1_7' title="bbox 680 753 2277 825; baseline 0.006 -18"><span class='ocrx_word' id='word_1_44' title='bbox 680 812 684 817; x_wconf 50' lang='grc'>,</span> <span class='ocrx_word' id='word_1_45' title='bbox 708 754 974 809; x_wconf 88' lang='lat' dir='ltr'><strong>actionem</strong></span> <span class='ocrx_word' id='word_1_46' title='bbox 1001 754 1161 809; x_wconf 89' lang='lat' dir='ltr'><strong>etiam</strong></span> <span class='ocrx_word' id='word_1_47' title='bbox 1184 753 1237 808; x_wconf 92' lang='lat' dir='ltr'><strong>in</strong></span> <span class='ocrx_word' id='word_1_48' title='bbox 1282 753 1462 824; x_wconf 89' lang='lat' dir='ltr'><strong>impiis</strong></span> <span class='ocrx_word' id='word_1_49' title='bbox 1489 755 1599 811; x_wconf 92' lang='lat' dir='ltr'><strong>Deo</strong></span> <span class='ocrx_word' id='word_1_50' title='bbox 1634 756 1849 825; x_wconf 84' lang='lat' dir='ltr'><strong>placere</strong></span> <span class='ocrx_word' id='word_1_51' title='bbox 1877 759 2114 814; x_wconf 88' lang='lat' dir='ltr'><strong>ostendit</strong></span> <span class='ocrx_word' id='word_1_52' title='bbox 2147 775 2277 816; x_wconf 89' lang='lat' dir='ltr'><strong>san-</strong></span> 
     </span>
    </p>
   </div>
   <div class='ocr_carea' id='block_1_8' title="bbox 707 843 2280 927">
    <p class='ocr_par' dir='ltr' id='par_1_8' title="bbox 707 843 2280 927">
     <span class='ocr_line' id='line_1_8' title="bbox 707 843 2280 927; baseline 0.007 -29"><span class='ocrx_word' id='word_1_53' title='bbox 707 852 826 900; x_wconf 88' lang='lat' dir='ltr'><strong>ctus</strong></span> <span class='ocrx_word' id='word_1_54' title='bbox 838 843 1147 916; x_wconf 85' lang='lat' dir='ltr'><strong>Gregorius,</strong></span> <span class='ocrx_word' id='word_1_55' title='bbox 1178 845 1271 917; x_wconf 85' lang='lat' dir='ltr'><strong>qui</strong></span> <span class='ocrx_word' id='word_1_56' title='bbox 1295 845 1349 901; x_wconf 92' lang='lat' dir='ltr'><strong>in</strong></span> <span class='ocrx_word' id='word_1_57' title='bbox 1374 848 2010 927; x_wconf 69' lang='lat' dir='ltr'><strong>expositionepropheue</strong></span> <span class='ocrx_word' id='word_1_58' title='bbox 2028 850 2280 909; x_wconf 79' lang='lat' dir='ltr'><strong>Ezechiel</strong></span> 
     </span>
    </p>
   </div>
   <div class='ocr_carea' id='block_1_9' title="bbox 707 934 2279 1016">
    <p class='ocr_par' dir='ltr' id='par_1_9' title="bbox 707 934 2279 1016">
     <span class='ocr_line' id='line_1_9' title="bbox 707 934 2279 1016; baseline 0.009 -27"><span class='ocrx_word' id='word_1_59' title='bbox 707 936 782 991; x_wconf 90' lang='lat' dir='ltr'><strong>ita</strong></span> <span class='ocrx_word' id='word_1_60' title='bbox 823 936 1057 1007; x_wconf 83' lang='lat' dir='ltr'><strong>loquitur</strong></span> <span class='ocrx_word' id='word_1_61' title='bbox 1083 936 1219 1008; x_wconf 90' lang='lat' dir='ltr'><strong>(Lib.</strong></span> <span class='ocrx_word' id='word_1_62' title='bbox 1254 953 1296 1005; x_wconf 82' lang='grc' dir='ltr'><strong>ι,</strong></span> <span class='ocrx_word' id='word_1_63' title='bbox 1349 938 1491 1004; x_wconf 71' lang='lat' dir='ltr'><strong>liam.</strong></span> <span class='ocrx_word' id='word_1_64' title='bbox 1526 939 1653 1011; x_wconf 79' lang='lat' dir='ltr'><strong>l0):</strong></span> <span class='ocrx_word' id='word_1_65' title='bbox 1685 934 1816 1013; x_wconf 68' lang='lat' dir='ltr'><strong>[&#39;Sic</strong></span> <span class='ocrx_word' id='word_1_66' title='bbox 1840 943 2028 999; x_wconf 83' lang='lat' dir='ltr'><strong>Achab</strong></span> <span class='ocrx_word' id='word_1_67' title='bbox 2061 944 2279 1016; x_wconf 87' lang='lat' dir='ltr'><strong>iniquus</strong></span> 
     </span>
    </p>
   </div>
   <div class='ocr_carea' id='block_1_10' title="bbox 648 1030 2275 1102">
    <p class='ocr_par' dir='ltr' id='par_1_10' title="bbox 648 1030 2275 1102">
     <span class='ocr_line' id='line_1_10' title="bbox 648 1030 2275 1102; baseline 0.007 -19"><span class='ocrx_word' id='word_1_68' title='bbox 648 1078 657 1083; x_wconf 93' lang='lat'><strong>-</strong></span> <span class='ocrx_word' id='word_1_69' title='bbox 706 1044 801 1084; x_wconf 87' lang='lat' dir='ltr'><strong>rex</strong></span> <span class='ocrx_word' id='word_1_70' title='bbox 832 1046 862 1084; x_wconf 90' lang='lat' dir='ltr'><strong>a</strong></span> <span class='ocrx_word' id='word_1_71' title='bbox 887 1031 1146 1100; x_wconf 85' lang='lat' dir='ltr'><strong>propheta</strong></span> <span class='ocrx_word' id='word_1_72' title='bbox 1176 1030 1540 1102; x_wconf 86' lang='lat' dir='ltr'><strong>reprehensus</strong></span> <span class='ocrx_word' id='word_1_73' title='bbox 1568 1049 1693 1089; x_wconf 88' lang='lat' dir='ltr'><strong>cum</strong></span> <span class='ocrx_word' id='word_1_74' title='bbox 1732 1044 1920 1091; x_wconf 89' lang='lat' dir='ltr'><strong>contra</strong></span> <span class='ocrx_word' id='word_1_75' title='bbox 1953 1052 2011 1093; x_wconf 89' lang='lat' dir='ltr'><strong>se</strong></span> <span class='ocrx_word' id='word_1_76' title='bbox 2039 1038 2275 1094; x_wconf 84' lang='lat' dir='ltr'><strong>divinam</strong></span> 
     </span>
    </p>
   </div>
   <div class='ocr_carea' id='block_1_11' title="bbox 705 1122 2275 1200">
    <p class='ocr_par' dir='ltr' id='par_1_11' title="bbox 705 1122 2275 1200">
     <span class='ocr_line' id='line_1_11' title="bbox 705 1122 2275 1200; baseline 0.008 -25"><span class='ocrx_word' id='word_1_77' title='bbox 705 1122 1026 1177; x_wconf 89' lang='lat' dir='ltr'><strong>sententiam</strong></span> <span class='ocrx_word' id='word_1_78' title='bbox 1064 1122 1326 1191; x_wconf 87' lang='lat' dir='ltr'><strong>audisset,</strong></span> <span class='ocrx_word' id='word_1_79' title='bbox 1355 1125 1655 1195; x_wconf 87' lang='lat' dir='ltr'><strong>pertimuit,</strong></span> <span class='ocrx_word' id='word_1_80' title='bbox 1705 1135 1761 1183; x_wconf 90' lang='lat' dir='ltr'><strong>et</strong></span> <span class='ocrx_word' id='word_1_81' title='bbox 1801 1143 1998 1200; x_wconf 87' lang='lat' dir='ltr'><strong>magno</strong></span> <span class='ocrx_word' id='word_1_82' title='bbox 2040 1144 2275 1188; x_wconf 60' lang='lat' dir='ltr'><strong>maerore</strong></span> 
     </span>
    </p>
   </div>
   <div class='ocr_carea' id='block_1_12' title="bbox 703 1215 2273 1288">
    <p class='ocr_par' dir='ltr' id='par_1_12' title="bbox 703 1215 2273 1288">
     <span class='ocr_line' id='line_1_12' title="bbox 703 1215 2273 1288; baseline 0.007 -20"><span class='ocrx_word' id='word_1_83' title='bbox 703 1215 990 1284; x_wconf 89' lang='lat' dir='ltr'><strong>depressus</strong></span> <span class='ocrx_word' id='word_1_84' title='bbox 1018 1225 1119 1283; x_wconf 88' lang='lat' dir='ltr'><strong>est,</strong></span> <span class='ocrx_word' id='word_1_85' title='bbox 1146 1217 1219 1271; x_wconf 88' lang='lat' dir='ltr'><strong>ita</strong></span> <span class='ocrx_word' id='word_1_86' title='bbox 1241 1225 1301 1272; x_wconf 91' lang='lat' dir='ltr'><strong>ut</strong></span> <span class='ocrx_word' id='word_1_87' title='bbox 1324 1219 1598 1288; x_wconf 64' lang='lat' dir='ltr'><strong>propheta“:</strong></span> <span class='ocrx_word' id='word_1_88' title='bbox 1622 1235 1719 1275; x_wconf 92' lang='lat' dir='ltr'><strong>suo</strong></span> <span class='ocrx_word' id='word_1_89' title='bbox 1746 1220 2004 1278; x_wconf 88' lang='lat' dir='ltr'><strong>Dominus</strong></span> <span class='ocrx_word' id='word_1_90' title='bbox 2031 1223 2235 1279; x_wconf 84' lang='lat' dir='ltr'><strong>diceret</strong></span> <span class='ocrx_word' id='word_1_91' title='bbox 2259 1242 2273 1279; x_wconf 90' lang='lat'><strong>:</strong></span> 
     </span>
    </p>
   </div>
   <div class='ocr_carea' id='block_1_13' title="bbox 704 1301 2275 1386">
    <p class='ocr_par' dir='ltr' id='par_1_13' title="bbox 704 1301 2275 1386">
     <span class='ocr_line' id='line_1_13' title="bbox 704 1301 2275 1386; baseline 0.009 -30"><span class='ocrx_word' id='word_1_92' title='bbox 704 1301 893 1360; x_wconf 81' lang='lat' dir='ltr'><strong>Nonne</strong></span> <span class='ocrx_word' id='word_1_93' title='bbox 943 1306 1115 1361; x_wconf 80' lang='lat' dir='ltr'><strong>vidisti</strong></span> <span class='ocrx_word' id='word_1_94' title='bbox 1162 1306 1495 1363; x_wconf 82' lang='lat' dir='ltr'><strong>humiliatum</strong></span> <span class='ocrx_word' id='word_1_95' title='bbox 1553 1311 1729 1365; x_wconf 83' lang='lat' dir='ltr'><strong>Achab</strong></span> <span class='ocrx_word' id='word_1_96' title='bbox 1767 1328 1944 1366; x_wconf 89' lang='lat' dir='ltr'><strong>coram</strong></span> <span class='ocrx_word' id='word_1_97' title='bbox 1985 1312 2106 1369; x_wconf 78' lang='lat' dir='ltr'><strong>me?</strong></span> <span class='ocrx_word' id='word_1_98' title='bbox 2148 1315 2275 1386; x_wconf 83' lang='lat' dir='ltr'><strong>quia</strong></span> 
     </span>
    </p>
   </div>
   <div class='ocr_carea' id='block_1_14' title="bbox 698 1395 2274 1467">
    <p class='ocr_par' dir='ltr' id='par_1_14' title="bbox 698 1395 2274 1467">
     <span class='ocr_line' id='line_1_14' title="bbox 698 1395 2274 1467; baseline 0.007 -17"><span class='ocrx_word' id='word_1_99' title='bbox 698 1395 863 1466; x_wconf 82' lang='lat' dir='ltr'><strong>igitur</strong></span> <span class='ocrx_word' id='word_1_100' title='bbox 888 1397 1193 1453; x_wconf 79' lang='lat' dir='ltr'><strong>humiliatus</strong></span> <span class='ocrx_word' id='word_1_101' title='bbox 1215 1408 1291 1453; x_wconf 88' lang='lat' dir='ltr'><strong>est</strong></span> <span class='ocrx_word' id='word_1_102' title='bbox 1323 1417 1483 1455; x_wconf 83' lang='lat' dir='ltr'><strong>causa</strong></span> <span class='ocrx_word' id='word_1_103' title='bbox 1515 1402 1640 1467; x_wconf 88' lang='lat' dir='ltr'><strong>mei,</strong></span> <span class='ocrx_word' id='word_1_104' title='bbox 1668 1419 1771 1457; x_wconf 85' lang='lat' dir='ltr'><strong>non</strong></span> <span class='ocrx_word' id='word_1_105' title='bbox 1800 1403 2045 1458; x_wconf 86' lang='lat' dir='ltr'><strong>inducam</strong></span> <span class='ocrx_word' id='word_1_106' title='bbox 2075 1405 2274 1461; x_wconf 87' lang='lat' dir='ltr'><strong>malum</strong></span> 
     </span>
    </p>
   </div>
   <div class='ocr_carea' id='block_1_15' title="bbox 701 1487 2274 1568">
    <p class='ocr_par' dir='ltr' id='par_1_15' title="bbox 701 1487 2274 1568">
     <span class='ocr_line' id='line_1_15' title="bbox 701 1487 2274 1568; baseline 0.008 -28"><span class='ocrx_word' id='word_1_107' title='bbox 701 1487 756 1542; x_wconf 84' lang='lat' dir='ltr'><strong>in</strong></span> <span class='ocrx_word' id='word_1_108' title='bbox 781 1488 961 1544; x_wconf 89' lang='lat' dir='ltr'><strong>diebus</strong></span> <span class='ocrx_word' id='word_1_109' title='bbox 986 1488 1101 1560; x_wconf 91' lang='lat' dir='ltr'><strong>ejus</strong></span> <span class='ocrx_word' id='word_1_110' title='bbox 1129 1488 1246 1568; x_wconf 78' lang='grc' dir='ltr'><strong>(ῌΙ</strong></span> <span class='ocrx_word' id='word_1_111' title='bbox 1274 1489 1401 1560; x_wconf 86' lang='lat' dir='ltr'><strong>Reg.</strong></span> <span class='ocrx_word' id='word_1_112' title='bbox 1432 1507 1543 1553; x_wconf 69' lang='grc' dir='ltr'>χιι,</span> <span class='ocrx_word' id='word_1_113' title='bbox 1568 1493 1681 1561; x_wconf 72' lang='grc'><strong>29).</strong></span> <span class='ocrx_word' id='word_1_114' title='bbox 1739 1494 1795 1548; x_wconf 86' lang='lat' dir='ltr'><strong>In</strong></span> <span class='ocrx_word' id='word_1_115' title='bbox 1842 1497 2039 1565; x_wconf 87' lang='lat' dir='ltr'><strong>quibus</strong></span> <span class='ocrx_word' id='word_1_116' title='bbox 2063 1497 2274 1552; x_wconf 84' lang='lat' dir='ltr'><strong>Domini</strong></span> 
     </span>
    </p>
   </div>
   <div class='ocr_carea' id='block_1_16' title="bbox 700 1581 2275 1652">
    <p class='ocr_par' dir='ltr' id='par_1_16' title="bbox 700 1581 2275 1652">
     <span class='ocr_line' id='line_1_16' title="bbox 700 1581 2275 1652; baseline 0.005 -17"><span class='ocrx_word' id='word_1_117' title='bbox 700 1581 881 1636; x_wconf 90' lang='lat' dir='ltr'><strong>verbis</strong></span> <span class='ocrx_word' id='word_1_118' title='bbox 926 1582 1259 1652; x_wconf 89' lang='lat' dir='ltr'><strong>pensandum</strong></span> <span class='ocrx_word' id='word_1_119' title='bbox 1309 1591 1394 1636; x_wconf 90' lang='lat' dir='ltr'><strong>est</strong></span> <span class='ocrx_word' id='word_1_120' title='bbox 1434 1584 1704 1652; x_wconf 90' lang='lat' dir='ltr'><strong>quomodo</strong></span> <span class='ocrx_word' id='word_1_121' title='bbox 1738 1583 1786 1640; x_wconf 91' lang='lat' dir='ltr'><strong>ei</strong></span> <span class='ocrx_word' id='word_1_122' title='bbox 1825 1585 1881 1640; x_wconf 90' lang='lat' dir='ltr'><strong>in</strong></span> <span class='ocrx_word' id='word_1_123' title='bbox 1927 1586 2116 1642; x_wconf 85' lang='lat' dir='ltr'><strong>electis</strong></span> <span class='ocrx_word' id='word_1_124' title='bbox 2162 1588 2275 1643; x_wconf 88' lang='lat' dir='ltr'><strong>suis</strong></span> 
     </span>
    </p>
   </div>
   <div class='ocr_carea' id='block_1_17' title="bbox 701 1673 2275 1747">
    <p class='ocr_par' dir='ltr' id='par_1_17' title="bbox 701 1673 2275 1747">
     <span class='ocr_line' id='line_1_17' title="bbox 701 1673 2275 1747; baseline 0.008 -22"><span class='ocrx_word' id='word_1_125' title='bbox 701 1686 907 1727; x_wconf 69' lang='lat' dir='ltr'><strong>mmror</strong></span> <span class='ocrx_word' id='word_1_126' title='bbox 959 1673 1336 1728; x_wconf 86' lang='lat' dir='ltr'><strong>amaritudinis</strong></span> <span class='ocrx_word' id='word_1_127' title='bbox 1366 1674 1596 1744; x_wconf 85' lang='lat' dir='ltr'><strong>placeat,</strong></span> <span class='ocrx_word' id='word_1_128' title='bbox 1645 1677 1736 1747; x_wconf 88' lang='lat' dir='ltr'><strong>qui</strong></span> <span class='ocrx_word' id='word_1_129' title='bbox 1788 1678 2039 1734; x_wconf 90' lang='lat' dir='ltr'><strong>amittere</strong></span> <span class='ocrx_word' id='word_1_130' title='bbox 2085 1681 2275 1738; x_wconf 83' lang='lat' dir='ltr'><strong>timent</strong></span> 
     </span>
    </p>
   </div>
   <div class='ocr_carea' id='block_1_18' title="bbox 610 1762 2264 1841">
    <p class='ocr_par' dir='ltr' id='par_1_18' title="bbox 610 1762 2264 1841">
     <span class='ocr_line' id='line_1_18' title="bbox 610 1762 2264 1841; baseline 0.004 -22"><span class='ocrx_word' id='word_1_131' title='bbox 610 1798 611 1801; x_wconf 60' lang='grc' dir='ltr'><strong>η</strong></span> <span class='ocrx_word' id='word_1_132' title='bbox 700 1762 1006 1828; x_wconf 91' lang='lat' dir='ltr'><strong>Dominum,</strong></span> <span class='ocrx_word' id='word_1_133' title='bbox 1030 1763 1074 1817; x_wconf 91' lang='lat' dir='ltr'><strong>si</strong></span> <span class='ocrx_word' id='word_1_134' title='bbox 1101 1762 1180 1818; x_wconf 90' lang='lat' dir='ltr'><strong>sic</strong></span> <span class='ocrx_word' id='word_1_135' title='bbox 1204 1763 1255 1817; x_wconf 91' lang='lat' dir='ltr'><strong>ei</strong></span> <span class='ocrx_word' id='word_1_136' title='bbox 1278 1771 1330 1819; x_wconf 92' lang='lat' dir='ltr'><strong>et</strong></span> <span class='ocrx_word' id='word_1_137' title='bbox 1351 1762 1404 1817; x_wconf 93' lang='lat' dir='ltr'><strong>in</strong></span> <span class='ocrx_word' id='word_1_138' title='bbox 1427 1766 1656 1835; x_wconf 81' lang='lat' dir='ltr'><strong>reprobo</strong></span> <span class='ocrx_word' id='word_1_139' title='bbox 1687 1765 1806 1838; x_wconf 90' lang='lat' dir='ltr'><strong>[al.,</strong></span> <span class='ocrx_word' id='word_1_140' title='bbox 1838 1768 2076 1841; x_wconf 87' lang='lat' dir='ltr'><strong>reprobi]</strong></span> <span class='ocrx_word' id='word_1_141' title='bbox 2099 1772 2264 1839; x_wconf 64' lang='lat' dir='ltr'><strong>paeni-</strong></span> 
     </span>
    </p>
   </div>
   <div class='ocr_carea' id='block_1_19' title="bbox 2380 665 3813 751">
    <p class='ocr_par' dir='ltr' id='par_1_19' title="bbox 2380 665 3813 751">
     <span class='ocr_line' id='line_1_19' title="bbox 2380 665 3813 751; baseline 0.015 -31"><span class='ocrx_word' id='word_1_142' title='bbox 2380 665 2574 734; x_wconf 83' lang='lat' dir='ltr'><strong>Israel,</strong></span> <span class='ocrx_word' id='word_1_143' title='bbox 2631 678 2681 723; x_wconf 84' lang='lat' dir='ltr'><strong>et</strong></span> <span class='ocrx_word' id='word_1_144' title='bbox 2729 667 2894 724; x_wconf 82' lang='lat' dir='ltr'><strong>levavi</strong></span> <span class='ocrx_word' id='word_1_145' title='bbox 2945 688 3160 727; x_wconf 83' lang='lat' dir='ltr'><strong>manum</strong></span> <span class='ocrx_word' id='word_1_146' title='bbox 3196 691 3362 729; x_wconf 81' lang='lat' dir='ltr'><strong>meam</strong></span> <span class='ocrx_word' id='word_1_147' title='bbox 3404 694 3489 747; x_wconf 81' lang='lat' dir='ltr'><strong>pro</strong></span> <span class='ocrx_word' id='word_1_148' title='bbox 3532 682 3662 751; x_wconf 68' lang='lat' dir='ltr'><strong>stirpe</strong></span> <span class='ocrx_word' id='word_1_149' title='bbox 3695 665 3813 749; x_wconf 56' lang='lat' dir='ltr'><strong>doni;</strong></span> 
     </span>
    </p>
   </div>
   <div class='ocr_carea' id='block_1_20' title="bbox 2378 755 3810 848">
    <p class='ocr_par' dir='ltr' id='par_1_20' title="bbox 2378 755 3810 848">
     <span class='ocr_line' id='line_1_20' title="bbox 2378 755 3810 848; baseline 0.017 -38"><span class='ocrx_word' id='word_1_150' title='bbox 2378 755 2568 823; x_wconf 74' lang='lat' dir='ltr'><strong>Iacob,</strong></span> <span class='ocrx_word' id='word_1_151' title='bbox 2594 765 2650 815; x_wconf 88' lang='lat' dir='ltr'><strong>et</strong></span> <span class='ocrx_word' id='word_1_152' title='bbox 2678 767 2869 815; x_wconf 65' lang='lat' dir='ltr'><strong>caetera</strong></span> <span class='ocrx_word' id='word_1_153' title='bbox 2922 760 3137 831; x_wconf 74' lang='lat' dir='ltr'><strong>(Ezech.</strong></span> <span class='ocrx_word' id='word_1_154' title='bbox 3189 781 3278 827; x_wconf 89' lang='lat' dir='ltr'><strong>xx,</strong></span> <span class='ocrx_word' id='word_1_155' title='bbox 3308 765 3361 836; x_wconf 81' lang='lat'><strong>5)</strong></span> <span class='ocrx_word' id='word_1_156' title='bbox 3386 785 3398 820; x_wconf 93' lang='lat'><strong>:</strong></span> <span class='ocrx_word' id='word_1_157' title='bbox 3429 766 3724 844; x_wconf 76' lang='lat' dir='ltr'><strong>Hieronymus</strong></span> <span class='ocrx_word' id='word_1_158' title='bbox 3744 783 3810 848; x_wconf 71' lang='lat' dir='ltr'><strong>(sbi</strong></span> 
     </span>
    </p>
   </div>
   <div class='ocr_carea' id='block_1_21' title="bbox 2356 836 3812 934">
    <p class='ocr_par' dir='ltr' id='par_1_21' title="bbox 2356 836 3812 934">
     <span class='ocr_line' id='line_1_21' title="bbox 2356 836 3812 934; baseline 0.019 -35"><span class='ocrx_word' id='word_1_159' title='bbox 2356 836 2561 917; x_wconf 68' lang='lat' dir='ltr'><strong>supra,</strong></span> <span class='ocrx_word' id='word_1_160' title='bbox 2618 862 2738 921; x_wconf 88' lang='lat' dir='ltr'><strong>cap.</strong></span> <span class='ocrx_word' id='word_1_161' title='bbox 2791 866 2895 916; x_wconf 90' lang='lat' dir='ltr'><strong>xx,</strong></span> <span class='ocrx_word' id='word_1_162' title='bbox 2951 852 3008 924; x_wconf 86' lang='lat'><strong>5)</strong></span> <span class='ocrx_word' id='word_1_163' title='bbox 3062 871 3076 908; x_wconf 93' lang='lat'><strong>:</strong></span> <span class='ocrx_word' id='word_1_164' title='bbox 3129 853 3325 926; x_wconf 77' lang='lat' dir='ltr'><strong>[Juxta</strong></span> <span class='ocrx_word' id='word_1_165' title='bbox 3370 857 3578 916; x_wconf 83' lang='lat' dir='ltr'><strong>litteram</strong></span> <span class='ocrx_word' id='word_1_166' title='bbox 3604 836 3812 934; x_wconf 36' lang='grc' dir='ltr'><strong>⁷νεετθξὶι-</strong></span> 
     </span>
    </p>
   </div>
   <div class='ocr_carea' id='block_1_22' title="bbox 2378 938 3810 1019">
    <p class='ocr_par' dir='ltr' id='par_1_22' title="bbox 2378 938 3810 1019">
     <span class='ocr_line' id='line_1_22' title="bbox 2378 938 3810 1019; baseline 0.019 -27"><span class='ocrx_word' id='word_1_167' title='bbox 2378 938 2526 1009; x_wconf 92' lang='lat' dir='ltr'><strong>quit,</strong></span> <span class='ocrx_word' id='word_1_168' title='bbox 2550 939 2806 1013; x_wconf 87' lang='lat' dir='ltr'><strong>inclytam</strong></span> <span class='ocrx_word' id='word_1_169' title='bbox 2827 958 2948 1001; x_wconf 86' lang='lat' dir='ltr'><strong>esse</strong></span> <span class='ocrx_word' id='word_1_170' title='bbox 2984 954 3183 1001; x_wconf 87' lang='lat' dir='ltr'><strong>terram</strong></span> <span class='ocrx_word' id='word_1_171' title='bbox 3214 946 3406 1004; x_wconf 62' lang='lat' dir='ltr'><strong>ludam</strong></span> <span class='ocrx_word' id='word_1_172' title='bbox 3430 959 3481 1006; x_wconf 86' lang='lat' dir='ltr'><strong>et</strong></span> <span class='ocrx_word' id='word_1_173' title='bbox 3518 958 3689 1013; x_wconf 82' lang='lat' dir='ltr'><strong>cunctis</strong></span> <span class='ocrx_word' id='word_1_174' title='bbox 3708 966 3810 1019; x_wconf 76' lang='lat' dir='ltr'><strong>lenis</strong></span> 
     </span>
    </p>
   </div>
   <div class='ocr_carea' id='block_1_23' title="bbox 2374 1026 3808 1111">
    <p class='ocr_par' dir='ltr' id='par_1_23' title="bbox 2374 1026 3808 1111">
     <span class='ocr_line' id='line_1_23' title="bbox 2374 1026 3808 1111; baseline 0.017 -30"><span class='ocrx_word' id='word_1_175' title='bbox 2374 1026 2691 1085; x_wconf 83' lang='lat' dir='ltr'><strong>fertiliorem</strong></span> <span class='ocrx_word' id='word_1_176' title='bbox 2752 1032 3000 1088; x_wconf 88' lang='lat' dir='ltr'><strong>dubitare</strong></span> <span class='ocrx_word' id='word_1_177' title='bbox 3059 1049 3164 1090; x_wconf 91' lang='lat' dir='ltr'><strong>non</strong></span> <span class='ocrx_word' id='word_1_178' title='bbox 3209 1039 3429 1105; x_wconf 87' lang='lat' dir='ltr'><strong>poterit,</strong></span> <span class='ocrx_word' id='word_1_179' title='bbox 3484 1043 3565 1111; x_wconf 87' lang='lat' dir='ltr'><strong>qui</strong></span> <span class='ocrx_word' id='word_1_180' title='bbox 3607 1060 3632 1098; x_wconf 87' lang='lat' dir='ltr'><strong>a</strong></span> <span class='ocrx_word' id='word_1_181' title='bbox 3675 1047 3808 1107; x_wconf 77' lang='lat' dir='ltr'><strong>Rhino—</strong></span> 
     </span>
    </p>
   </div>
   <div class='ocr_carea' id='block_1_24' title="bbox 2377 1127 3810 1207">
    <p class='ocr_par' dir='ltr' id='par_1_24' title="bbox 2377 1127 3810 1207">
     <span class='ocr_line' id='line_1_24' title="bbox 2377 1127 3810 1207; baseline 0.017 -30"><span class='ocrx_word' id='word_1_182' title='bbox 2377 1136 2571 1178; x_wconf 87' lang='lat' dir='ltr'><strong>corura</strong></span> <span class='ocrx_word' id='word_1_183' title='bbox 2592 1140 2761 1196; x_wconf 89' lang='lat' dir='ltr'><strong>usque</strong></span> <span class='ocrx_word' id='word_1_184' title='bbox 2780 1128 2846 1183; x_wconf 89' lang='lat' dir='ltr'><strong>ad</strong></span> <span class='ocrx_word' id='word_1_185' title='bbox 2868 1127 3104 1184; x_wconf 88' lang='lat' dir='ltr'><strong>Taurum</strong></span> <span class='ocrx_word' id='word_1_186' title='bbox 3136 1140 3369 1187; x_wconf 89' lang='lat' dir='ltr'><strong>montem</strong></span> <span class='ocrx_word' id='word_1_187' title='bbox 3387 1143 3439 1188; x_wconf 87' lang='lat' dir='ltr'><strong>et</strong></span> <span class='ocrx_word' id='word_1_188' title='bbox 3461 1135 3724 1207; x_wconf 81' lang='lat' dir='ltr'><strong>Euphratem</strong></span> <span class='ocrx_word' id='word_1_189' title='bbox 3752 1146 3810 1201; x_wconf 75' lang='lat' dir='ltr'><strong>ln-</strong></span> 
     </span>
    </p>
   </div>
   <div class='ocr_carea' id='block_1_25' title="bbox 2374 1216 3810 1295">
    <p class='ocr_par' dir='ltr' id='par_1_25' title="bbox 2374 1216 3810 1295">
     <span class='ocr_line' id='line_1_25' title="bbox 2374 1216 3810 1295; baseline 0.016 -26"><span class='ocrx_word' id='word_1_190' title='bbox 2374 1216 2521 1270; x_wconf 90' lang='lat' dir='ltr'><strong>vium</strong></span> <span class='ocrx_word' id='word_1_191' title='bbox 2576 1224 2821 1273; x_wconf 85' lang='lat' dir='ltr'><strong>cunctam</strong></span> <span class='ocrx_word' id='word_1_192' title='bbox 2868 1218 3290 1295; x_wconf 86' lang='lat' dir='ltr'><strong>consideraverit</strong></span> <span class='ocrx_word' id='word_1_193' title='bbox 3336 1233 3556 1281; x_wconf 87' lang='lat' dir='ltr'><strong>terram:</strong></span> <span class='ocrx_word' id='word_1_194' title='bbox 3601 1239 3645 1284; x_wconf 85' lang='lat' dir='ltr'><strong>et</strong></span> <span class='ocrx_word' id='word_1_195' title='bbox 3679 1236 3810 1292; x_wconf 66' lang='lat' dir='ltr'><strong>urbium</strong></span> 
     </span>
    </p>
   </div>
   <div class='ocr_carea' id='block_1_26' title="bbox 2373 1307 3810 1386">
    <p class='ocr_par' dir='ltr' id='par_1_26' title="bbox 2373 1307 3810 1386">
     <span class='ocr_line' id='line_1_26' title="bbox 2373 1307 3810 1386; baseline 0.017 -28"><span class='ocrx_word' id='word_1_196' title='bbox 2373 1307 2690 1374; x_wconf 88' lang='lat' dir='ltr'><strong>potentiam,</strong></span> <span class='ocrx_word' id='word_1_197' title='bbox 2732 1310 3208 1382; x_wconf 75' lang='lat' dir='ltr'><strong>amamitatemque</strong></span> <span class='ocrx_word' id='word_1_198' title='bbox 3264 1316 3541 1386; x_wconf 85' lang='lat' dir='ltr'><strong>regionum,</strong></span> <span class='ocrx_word' id='word_1_199' title='bbox 3579 1319 3810 1382; x_wconf 68' lang='lat' dir='ltr'><strong>Palaestinas</strong></span> 
     </span>
    </p>
   </div>
   <div class='ocr_carea' id='block_1_27' title="bbox 2373 1394 3807 1476">
    <p class='ocr_par' dir='ltr' id='par_1_27' title="bbox 2373 1394 3807 1476">
     <span class='ocr_line' id='line_1_27' title="bbox 2373 1394 3807 1476; baseline 0.016 -29"><span class='ocrx_word' id='word_1_200' title='bbox 2373 1394 2638 1460; x_wconf 86' lang='lat' dir='ltr'><strong>videlicet,</strong></span> <span class='ocrx_word' id='word_1_201' title='bbox 2665 1405 2722 1451; x_wconf 90' lang='lat' dir='ltr'><strong>et</strong></span> <span class='ocrx_word' id='word_1_202' title='bbox 2759 1395 3075 1465; x_wconf 65' lang='lat' dir='ltr'><strong>Phoenicen,</strong></span> <span class='ocrx_word' id='word_1_203' title='bbox 3121 1401 3397 1470; x_wconf 76' lang='lat' dir='ltr'><strong>Arabiam,</strong></span> <span class='ocrx_word' id='word_1_204' title='bbox 3439 1406 3641 1476; x_wconf 79' lang='lat' dir='ltr'><strong>Syriam,</strong></span> <span class='ocrx_word' id='word_1_205' title='bbox 3677 1411 3807 1475; x_wconf 61' lang='lat' dir='ltr'><strong>Cain.</strong></span> 
     </span>
    </p>
   </div>
   <div class='ocr_carea' id='block_1_28' title="bbox 2374 1482 3809 1567">
    <p class='ocr_par' dir='ltr' id='par_1_28' title="bbox 2374 1482 3809 1567">
     <span class='ocr_line' id='line_1_28' title="bbox 2374 1482 3809 1567; baseline 0.015 -28"><span class='ocrx_word' id='word_1_206' title='bbox 2374 1482 2617 1541; x_wconf 86' lang='lat' dir='ltr'><strong>Ciliciam</strong></span> <span class='ocrx_word' id='word_1_207' title='bbox 2657 1496 2712 1543; x_wconf 87' lang='lat' dir='ltr'><strong>et</strong></span> <span class='ocrx_word' id='word_1_208' title='bbox 2754 1496 2979 1544; x_wconf 82' lang='lat' dir='ltr'><strong>caeteras</strong></span> <span class='ocrx_word' id='word_1_209' title='bbox 3025 1492 3273 1562; x_wconf 80' lang='lat' dir='ltr'><strong>regiones</strong></span> <span class='ocrx_word' id='word_1_210' title='bbox 3318 1510 3448 1566; x_wconf 88' lang='lat' dir='ltr'><strong>quas</strong></span> <span class='ocrx_word' id='word_1_211' title='bbox 3485 1497 3661 1567; x_wconf 85' lang='lat' dir='ltr'><strong>lsraeli,</strong></span> <span class='ocrx_word' id='word_1_212' title='bbox 3699 1505 3731 1559; x_wconf 82' lang='lat' dir='ltr'><strong>si</strong></span> <span class='ocrx_word' id='word_1_213' title='bbox 3757 1508 3809 1561; x_wconf 80' lang='lat' dir='ltr'><strong>Dei</strong></span> 
     </span>
    </p>
   </div>
   <div class='ocr_carea' id='block_1_29' title="bbox 2372 1583 3809 1666">
    <p class='ocr_par' dir='ltr' id='par_1_29' title="bbox 2372 1583 3809 1666">
     <span class='ocr_line' id='line_1_29' title="bbox 2372 1583 3809 1666; baseline 0.013 -36"><span class='ocrx_word' id='word_1_214' title='bbox 2372 1587 2638 1649; x_wconf 75' lang='lat' dir='ltr'><strong>przeccpta</strong></span> <span class='ocrx_word' id='word_1_215' title='bbox 2660 1591 2952 1648; x_wconf 88' lang='lat' dir='ltr'><strong>servasset,</strong></span> <span class='ocrx_word' id='word_1_216' title='bbox 2991 1583 3254 1641; x_wconf 88' lang='lat' dir='ltr'><strong>Dominus</strong></span> <span class='ocrx_word' id='word_1_217' title='bbox 3293 1590 3809 1666; x_wconf 60' lang='lat' dir='ltr'><strong>repromisit;quasqm</strong></span> 
     </span>
    </p>
   </div>
   <div class='ocr_carea' id='block_1_30' title="bbox 2373 1670 3811 1753">
    <p class='ocr_par' dir='ltr' id='par_1_30' title="bbox 2373 1670 3811 1753">
     <span class='ocr_line' id='line_1_30' title="bbox 2373 1670 3811 1753; baseline 0.014 -30"><span class='ocrx_word' id='word_1_218' title='bbox 2373 1683 2479 1724; x_wconf 92' lang='lat' dir='ltr'><strong>non</strong></span> <span class='ocrx_word' id='word_1_219' title='bbox 2509 1670 2739 1740; x_wconf 86' lang='lat' dir='ltr'><strong>accepit,</strong></span> <span class='ocrx_word' id='word_1_220' title='bbox 2762 1671 2951 1727; x_wconf 87' lang='lat' dir='ltr'><strong>vitium</strong></span> <span class='ocrx_word' id='word_1_221' title='bbox 2978 1671 3082 1729; x_wconf 88' lang='lat' dir='ltr'><strong>fuit</strong></span> <span class='ocrx_word' id='word_1_222' title='bbox 3110 1676 3496 1737; x_wconf 87' lang='lat' dir='ltr'><strong>incredulitatis</strong></span> <span class='ocrx_word' id='word_1_223' title='bbox 3534 1680 3647 1753; x_wconf 79' lang='lat' dir='ltr'><strong>eius,</strong></span> <span class='ocrx_word' id='word_1_224' title='bbox 3678 1702 3760 1741; x_wconf 81' lang='lat' dir='ltr'><strong>nam</strong></span> <span class='ocrx_word' id='word_1_225' title='bbox 3780 1700 3811 1743; x_wconf 77' lang='lat' dir='ltr'><strong>et</strong></span> 
     </span>
    </p>
   </div>
   <div class='ocr_carea' id='block_1_31' title="bbox 2374 1761 3811 1848">
    <p class='ocr_par' dir='ltr' id='par_1_31' title="bbox 2374 1761 3811 1848">
     <span class='ocr_line' id='line_1_31' title="bbox 2374 1761 3811 1848; baseline 0.015 -33"><span class='ocrx_word' id='word_1_226' title='bbox 2374 1761 2427 1815; x_wconf 91' lang='lat' dir='ltr'><strong>in</strong></span> <span class='ocrx_word' id='word_1_227' title='bbox 2459 1762 2572 1832; x_wconf 87' lang='lat' dir='ltr'><strong>ipsa</strong></span> <span class='ocrx_word' id='word_1_228' title='bbox 2601 1762 2885 1820; x_wconf 69' lang='lat' dir='ltr'><strong>Palaestina</strong></span> <span class='ocrx_word' id='word_1_229' title='bbox 2915 1764 3210 1840; x_wconf 66' lang='lat' dir='ltr'><strong>Judaaaque</strong></span> <span class='ocrx_word' id='word_1_230' title='bbox 3246 1774 3537 1843; x_wconf 84' lang='lat' dir='ltr'><strong>provincia,</strong></span> <span class='ocrx_word' id='word_1_231' title='bbox 3574 1787 3714 1848; x_wconf 79' lang='lat' dir='ltr'><strong>gentes</strong></span> <span class='ocrx_word' id='word_1_232' title='bbox 3742 1781 3811 1848; x_wconf 77' lang='lat' dir='ltr'><strong>pls-</strong></span> 
     </span>
    </p>
   </div>
   <div class='ocr_carea' id='block_1_32' title="bbox 701 1850 3809 1940">
    <p class='ocr_par' dir='ltr' id='par_1_32' title="bbox 701 1850 3809 1940">
     <span class='ocr_line' id='line_1_32' title="bbox 701 1850 3809 1940; baseline 0.007 -33"><span class='ocrx_word' id='word_1_233' title='bbox 701 1853 862 1908; x_wconf 88' lang='lat' dir='ltr'><strong>tentia</strong></span> <span class='ocrx_word' id='word_1_234' title='bbox 885 1850 1085 1923; x_wconf 88' lang='lat' dir='ltr'><strong>placuit</strong></span> <span class='ocrx_word' id='word_1_235' title='bbox 1106 1853 1197 1923; x_wconf 90' lang='lat' dir='ltr'><strong>qui</strong></span> <span class='ocrx_word' id='word_1_236' title='bbox 1221 1853 1443 1909; x_wconf 89' lang='lat' dir='ltr'><strong>timebat</strong></span> <span class='ocrx_word' id='word_1_237' title='bbox 1463 1854 1690 1924; x_wconf 89' lang='lat' dir='ltr'><strong>perdere</strong></span> <span class='ocrx_word' id='word_1_238' title='bbox 1716 1871 1954 1925; x_wconf 59' lang='lat' dir='ltr'><strong>praesens</strong></span> <span class='ocrx_word' id='word_1_239' title='bbox 1982 1859 2274 1918; x_wconf 72' lang='lat' dir='ltr'><strong>smculum:</strong></span> <span class='ocrx_word' id='word_1_240' title='bbox 2309 1865 2355 1925; x_wconf 88' lang='lat' dir='ltr'><strong>B</strong></span> <span class='ocrx_word' id='word_1_241' title='bbox 2383 1854 2534 1909; x_wconf 66' lang='lat' dir='ltr'><strong>rima:</strong></span> <span class='ocrx_word' id='word_1_242' title='bbox 2554 1868 2931 1916; x_wconf 79' lang='lat' dir='ltr'><strong>remanserunt</strong></span> <span class='ocrx_word' id='word_1_243' title='bbox 2956 1876 3076 1931; x_wconf 77' lang='lat' dir='ltr'><strong>qua:</strong></span> <span class='ocrx_word' id='word_1_244' title='bbox 3095 1879 3204 1919; x_wconf 91' lang='lat' dir='ltr'><strong>non</strong></span> <span class='ocrx_word' id='word_1_245' title='bbox 3226 1874 3353 1921; x_wconf 89' lang='lat' dir='ltr'><strong>sunt</strong></span> <span class='ocrx_word' id='word_1_246' title='bbox 3371 1865 3557 1936; x_wconf 62' lang='lat' dir='ltr'><strong>eiectae.</strong></span> <span class='ocrx_word' id='word_1_247' title='bbox 3576 1869 3714 1940; x_wconf 77' lang='lat' dir='ltr'><strong>Neque</strong></span> <span class='ocrx_word' id='word_1_248' title='bbox 3725 1877 3809 1929; x_wconf 77' lang='lat' dir='ltr'><strong>enin</strong></span> 
     </span>
    </p>
   </div>
   <div class='ocr_carea' id='block_1_33' title="bbox 698 1945 2266 2024">
    <p class='ocr_par' dir='ltr' id='par_1_33' title="bbox 698 1945 2266 2024">
     <span class='ocr_line' id='line_1_33' title="bbox 698 1945 2266 2024; baseline 0.006 -25"><span class='ocrx_word' id='word_1_249' title='bbox 698 1954 793 2000; x_wconf 92' lang='lat' dir='ltr'><strong>aut</strong></span> <span class='ocrx_word' id='word_1_250' title='bbox 819 1945 1089 2016; x_wconf 90' lang='lat' dir='ltr'><strong>quomodo</strong></span> <span class='ocrx_word' id='word_1_251' title='bbox 1114 1945 1166 2000; x_wconf 90' lang='lat' dir='ltr'><strong>ei</strong></span> <span class='ocrx_word' id='word_1_252' title='bbox 1209 1946 1385 2016; x_wconf 88' lang='lat' dir='ltr'><strong>gratia</strong></span> <span class='ocrx_word' id='word_1_253' title='bbox 1442 1946 1512 2002; x_wconf 84' lang='lat' dir='ltr'><strong>sit</strong></span> <span class='ocrx_word' id='word_1_254' title='bbox 1560 1956 1853 2018; x_wconf 85' lang='lat' dir='ltr'><strong>spontanea</strong></span> <span class='ocrx_word' id='word_1_255' title='bbox 1905 1948 2121 2007; x_wconf 87' lang='lat' dir='ltr'><strong>alllictio</strong></span> <span class='ocrx_word' id='word_1_256' title='bbox 2167 1968 2266 2024; x_wconf 90' lang='lat' dir='ltr'><strong>pro</strong></span> 
     </span>
    </p>
   </div>
   <div class='ocr_carea' id='block_1_34' title="bbox 696 2036 2265 2114">
    <p class='ocr_par' dir='ltr' id='par_1_34' title="bbox 696 2036 2265 2114">
     <span class='ocr_line' id='line_1_34' title="bbox 696 2036 2265 2114; baseline 0.004 -20"><span class='ocrx_word' id='word_1_257' title='bbox 696 2039 867 2109; x_wconf 89' lang='lat' dir='ltr'><strong>culpis</strong></span> <span class='ocrx_word' id='word_1_258' title='bbox 892 2039 946 2094; x_wconf 92' lang='lat' dir='ltr'><strong>in</strong></span> <span class='ocrx_word' id='word_1_259' title='bbox 971 2039 1050 2094; x_wconf 90' lang='lat' dir='ltr'><strong>eis</strong></span> <span class='ocrx_word' id='word_1_260' title='bbox 1082 2038 1175 2108; x_wconf 90' lang='lat' dir='ltr'><strong>qui</strong></span> <span class='ocrx_word' id='word_1_261' title='bbox 1198 2036 1431 2106; x_wconf 90' lang='lat' dir='ltr'><strong>placent,</strong></span> <span class='ocrx_word' id='word_1_262' title='bbox 1461 2039 1506 2094; x_wconf 87' lang='lat' dir='ltr'><strong>si</strong></span> <span class='ocrx_word' id='word_1_263' title='bbox 1531 2039 1647 2095; x_wconf 78' lang='lat' dir='ltr'><strong>haec</strong></span> <span class='ocrx_word' id='word_1_264' title='bbox 1691 2042 1757 2095; x_wconf 89' lang='lat' dir='ltr'><strong>ad</strong></span> <span class='ocrx_word' id='word_1_265' title='bbox 1811 2051 2023 2113; x_wconf 88' lang='lat' dir='ltr'><strong>tempus</strong></span> <span class='ocrx_word' id='word_1_266' title='bbox 2064 2043 2265 2114; x_wconf 87' lang='lat' dir='ltr'><strong>placuit</strong></span> 
     </span>
    </p>
   </div>
   <div class='ocr_carea' id='block_1_35' title="bbox 698 2125 2266 2205">
    <p class='ocr_par' dir='ltr' id='par_1_35' title="bbox 698 2125 2266 2205">
     <span class='ocr_line' id='line_1_35' title="bbox 698 2125 2266 2205; baseline 0.006 -25"><span class='ocrx_word' id='word_1_267' title='bbox 698 2126 751 2181; x_wconf 94' lang='lat' dir='ltr'><strong>in</strong></span> <span class='ocrx_word' id='word_1_268' title='bbox 801 2126 891 2182; x_wconf 92' lang='lat' dir='ltr'><strong>illo</strong></span> <span class='ocrx_word' id='word_1_269' title='bbox 939 2126 1032 2195; x_wconf 91' lang='lat' dir='ltr'><strong>qui</strong></span> <span class='ocrx_word' id='word_1_270' title='bbox 1086 2125 1406 2198; x_wconf 87' lang='lat' dir='ltr'><strong>displicebat</strong></span> <span class='ocrx_word' id='word_1_271' title='bbox 1436 2125 1558 2200; x_wconf 90' lang='lat' dir='ltr'><strong>[al.,</strong></span> <span class='ocrx_word' id='word_1_272' title='bbox 1603 2137 1659 2184; x_wconf 90' lang='lat' dir='ltr'><strong>et</strong></span> <span class='ocrx_word' id='word_1_273' title='bbox 1695 2130 1750 2185; x_wconf 91' lang='lat' dir='ltr'><strong>in</strong></span> <span class='ocrx_word' id='word_1_274' title='bbox 1774 2131 1853 2187; x_wconf 92' lang='lat' dir='ltr'><strong>eis</strong></span> <span class='ocrx_word' id='word_1_275' title='bbox 1882 2133 1975 2205; x_wconf 91' lang='lat' dir='ltr'><strong>qui</strong></span> <span class='ocrx_word' id='word_1_276' title='bbox 2019 2134 2266 2205; x_wconf 89' lang='lat' dir='ltr'><strong>displice-</strong></span> 
     </span>
    </p>
   </div>
   <div class='ocr_carea' id='block_1_36' title="bbox 693 2214 867 2289">
    <p class='ocr_par' dir='ltr' id='par_1_36' title="bbox 693 2214 867 2289">
     <span class='ocr_line' id='line_1_36' title="bbox 693 2214 867 2289; baseline -0.011 -18"><span class='ocrx_word' id='word_1_277' title='bbox 693 2214 867 2289; x_wconf 82' lang='lat' dir='ltr'><strong>bant].</strong></span> 
     </span>
    </p>
   </div>
   <div class='ocr_carea' id='block_1_37' title="bbox 761 2306 2261 2380">
    <p class='ocr_par' dir='ltr' id='par_1_37' title="bbox 761 2306 2261 2380">
     <span class='ocr_line' id='line_1_37' title="bbox 761 2306 2261 2380; baseline 0.009 -19"><span class='ocrx_word' id='word_1_278' title='bbox 761 2306 801 2377; x_wconf 74' lang='grc' dir='ltr'><strong>-ι-</strong></span> <span class='ocrx_word' id='word_1_279' title='bbox 840 2307 1106 2365; x_wconf 87' lang='lat' dir='ltr'><strong>Debuerat</strong></span> <span class='ocrx_word' id='word_1_280' title='bbox 1133 2309 1298 2380; x_wconf 79' lang='lat' dir='ltr'><strong>igitur</strong></span> <span class='ocrx_word' id='word_1_281' title='bbox 1320 2313 1597 2369; x_wconf 89' lang='lat' dir='ltr'><strong>attendere</strong></span> <span class='ocrx_word' id='word_1_282' title='bbox 1622 2328 1653 2368; x_wconf 89' lang='lat' dir='ltr'><strong>a</strong></span> <span class='ocrx_word' id='word_1_283' title='bbox 1698 2314 1951 2373; x_wconf 87' lang='lat' dir='ltr'><strong>Patribus</strong></span> <span class='ocrx_word' id='word_1_284' title='bbox 1998 2317 2261 2375; x_wconf 88' lang='lat' dir='ltr'><strong>vocabula</strong></span> 
     </span>
    </p>
   </div>
   <div class='ocr_carea' id='block_1_38' title="bbox 692 2398 2264 2466">
    <p class='ocr_par' dir='ltr' id='par_1_38' title="bbox 692 2398 2264 2466">
     <span class='ocr_line' id='line_1_38' title="bbox 692 2398 2264 2466; baseline 0.008 -13"><span class='ocrx_word' id='word_1_285' title='bbox 692 2398 991 2456; x_wconf 87' lang='lat' dir='ltr'><strong>dilectionis</strong></span> <span class='ocrx_word' id='word_1_286' title='bbox 1021 2408 1075 2454; x_wconf 89' lang='lat' dir='ltr'><strong>et</strong></span> <span class='ocrx_word' id='word_1_287' title='bbox 1110 2400 1389 2459; x_wconf 89' lang='lat' dir='ltr'><strong>electionis</strong></span> <span class='ocrx_word' id='word_1_288' title='bbox 1410 2419 1517 2459; x_wconf 90' lang='lat' dir='ltr'><strong>non</strong></span> <span class='ocrx_word' id='word_1_289' title='bbox 1543 2419 1574 2459; x_wconf 93' lang='lat' dir='ltr'><strong>a</strong></span> <span class='ocrx_word' id='word_1_290' title='bbox 1605 2407 1880 2462; x_wconf 89' lang='lat' dir='ltr'><strong>contrario</strong></span> <span class='ocrx_word' id='word_1_291' title='bbox 1905 2405 2177 2464; x_wconf 87' lang='lat' dir='ltr'><strong>intellecta</strong></span> <span class='ocrx_word' id='word_1_292' title='bbox 2207 2418 2264 2466; x_wconf 90' lang='lat' dir='ltr'><strong>et</strong></span> 
     </span>
    </p>
   </div>
   <div class='ocr_carea' id='block_1_39' title="bbox 690 2489 2259 2561">
    <p class='ocr_par' dir='ltr' id='par_1_39' title="bbox 690 2489 2259 2561">
     <span class='ocr_line' id='line_1_39' title="bbox 690 2489 2259 2561; baseline 0.01 -20"><span class='ocrx_word' id='word_1_293' title='bbox 690 2489 884 2557; x_wconf 86' lang='lat' dir='ltr'><strong>posita,</strong></span> <span class='ocrx_word' id='word_1_294' title='bbox 910 2490 1001 2546; x_wconf 89' lang='lat' dir='ltr'><strong>sed</strong></span> <span class='ocrx_word' id='word_1_295' title='bbox 1024 2506 1123 2561; x_wconf 92' lang='lat' dir='ltr'><strong>pro</strong></span> <span class='ocrx_word' id='word_1_296' title='bbox 1167 2491 1427 2548; x_wconf 87' lang='lat' dir='ltr'><strong>varietate</strong></span> <span class='ocrx_word' id='word_1_297' title='bbox 1477 2508 1764 2549; x_wconf 86' lang='lat' dir='ltr'><strong>causarum</strong></span> <span class='ocrx_word' id='word_1_298' title='bbox 1812 2504 1904 2550; x_wconf 91' lang='lat' dir='ltr'><strong>aut</strong></span> <span class='ocrx_word' id='word_1_299' title='bbox 1942 2496 2259 2556; x_wconf 89' lang='lat' dir='ltr'><strong>beatitudini</strong></span> 
     </span>
    </p>
   </div>
   <div class='ocr_carea' id='block_1_40' title="bbox 688 2583 2261 2661">
    <p class='ocr_par' dir='ltr' id='par_1_40' title="bbox 688 2583 2261 2661">
     <span class='ocr_line' id='line_1_40' title="bbox 688 2583 2261 2661; baseline 0.01 -27"><span class='ocrx_word' id='word_1_300' title='bbox 688 2589 923 2647; x_wconf 70' lang='lat' dir='ltr'><strong>:eternaa,</strong></span> <span class='ocrx_word' id='word_1_301' title='bbox 963 2591 1057 2637; x_wconf 90' lang='lat' dir='ltr'><strong>aut</strong></span> <span class='ocrx_word' id='word_1_302' title='bbox 1103 2583 1437 2654; x_wconf 89' lang='lat' dir='ltr'><strong>dispositioni</strong></span> <span class='ocrx_word' id='word_1_303' title='bbox 1486 2588 1824 2657; x_wconf 67' lang='lat' dir='ltr'><strong>temporaria:</strong></span> <span class='ocrx_word' id='word_1_304' title='bbox 1869 2590 2142 2661; x_wconf 90' lang='lat' dir='ltr'><strong>deputata.</strong></span> <span class='ocrx_word' id='word_1_305' title='bbox 2192 2593 2261 2649; x_wconf 86' lang='lat' dir='ltr'><strong>Et</strong></span> 
     </span>
    </p>
   </div>
   <div class='ocr_carea' id='block_1_41' title="bbox 687 2671 2254 2755">
    <p class='ocr_par' dir='ltr' id='par_1_41' title="bbox 687 2671 2254 2755">
     <span class='ocr_line' id='line_1_41' title="bbox 687 2671 2254 2755; baseline 0.011 -30"><span class='ocrx_word' id='word_1_306' title='bbox 687 2671 812 2728; x_wconf 88' lang='lat' dir='ltr'><strong>licet</strong></span> <span class='ocrx_word' id='word_1_307' title='bbox 834 2689 900 2728; x_wconf 86' lang='lat' dir='ltr'><strong>ex</strong></span> <span class='ocrx_word' id='word_1_308' title='bbox 920 2672 1205 2745; x_wconf 82' lang='lat' dir='ltr'><strong>Augustini</strong></span> <span class='ocrx_word' id='word_1_309' title='bbox 1250 2691 1409 2732; x_wconf 88' lang='lat' dir='ltr'><strong>sensu</strong></span> <span class='ocrx_word' id='word_1_310' title='bbox 1438 2693 1601 2748; x_wconf 90' lang='lat' dir='ltr'><strong>super</strong></span> <span class='ocrx_word' id='word_1_311' title='bbox 1647 2679 1927 2738; x_wconf 87' lang='lat' dir='ltr'><strong>electionis</strong></span> <span class='ocrx_word' id='word_1_312' title='bbox 1968 2684 2254 2755; x_wconf 87' lang='lat' dir='ltr'><strong>positione,</strong></span> 
     </span>
    </p>
   </div>
   <div class='ocr_carea' id='block_1_42' title="bbox 685 2765 2257 2838">
    <p class='ocr_par' dir='ltr' id='par_1_42' title="bbox 685 2765 2257 2838">
     <span class='ocr_line' id='line_1_42' title="bbox 685 2765 2257 2838; baseline 0.011 -22"><span class='ocrx_word' id='word_1_313' title='bbox 685 2778 805 2833; x_wconf 69' lang='lat' dir='ltr'><strong>qua:</strong></span> <span class='ocrx_word' id='word_1_314' title='bbox 827 2765 1103 2834; x_wconf 62' lang='lat' dir='ltr'><strong>praemissa</strong></span> <span class='ocrx_word' id='word_1_315' title='bbox 1131 2774 1256 2821; x_wconf 88' lang='lat' dir='ltr'><strong>sunt</strong></span> <span class='ocrx_word' id='word_1_316' title='bbox 1279 2768 1618 2838; x_wconf 89' lang='lat' dir='ltr'><strong>protulerim,</strong></span> <span class='ocrx_word' id='word_1_317' title='bbox 1642 2778 1821 2827; x_wconf 90' lang='lat' dir='ltr'><strong>tamen</strong></span> <span class='ocrx_word' id='word_1_318' title='bbox 1849 2773 1901 2829; x_wconf 94' lang='lat' dir='ltr'><strong>in</strong></span> <span class='ocrx_word' id='word_1_319' title='bbox 1928 2776 2071 2832; x_wconf 92' lang='lat' dir='ltr'><strong>malo</strong></span> <span class='ocrx_word' id='word_1_320' title='bbox 2092 2779 2257 2834; x_wconf 89' lang='lat' dir='ltr'><strong>etiam</strong></span> 
     </span>
    </p>
   </div>
   <div class='ocr_carea' id='block_1_43' title="bbox 685 2855 2257 2940">
    <p class='ocr_par' dir='ltr' id='par_1_43' title="bbox 685 2855 2257 2940">
     <span class='ocr_line' id='line_1_43' title="bbox 685 2855 2257 2940; baseline 0.012 -34"><span class='ocrx_word' id='word_1_321' title='bbox 685 2868 714 2906; x_wconf 90' lang='lat' dir='ltr'><strong>a</strong></span> <span class='ocrx_word' id='word_1_322' title='bbox 739 2855 997 2923; x_wconf 88' lang='lat' dir='ltr'><strong>propheta</strong></span> <span class='ocrx_word' id='word_1_323' title='bbox 1026 2855 1276 2913; x_wconf 85' lang='lat' dir='ltr'><strong>Ezechiel</strong></span> <span class='ocrx_word' id='word_1_324' title='bbox 1303 2859 1534 2928; x_wconf 91' lang='lat' dir='ltr'><strong>positum</strong></span> <span class='ocrx_word' id='word_1_325' title='bbox 1564 2876 1759 2918; x_wconf 89' lang='lat' dir='ltr'><strong>nomen</strong></span> <span class='ocrx_word' id='word_1_326' title='bbox 1787 2864 2067 2923; x_wconf 88' lang='lat' dir='ltr'><strong>electionis</strong></span> <span class='ocrx_word' id='word_1_327' title='bbox 2105 2884 2257 2940; x_wconf 88' lang='lat' dir='ltr'><strong>repe-</strong></span> 
     </span>
    </p>
   </div>
   <div class='ocr_carea' id='block_1_44' title="bbox 685 2944 2252 3031">
    <p class='ocr_par' dir='ltr' id='par_1_44' title="bbox 685 2944 2252 3031">
     <span class='ocr_line' id='line_1_44' title="bbox 685 2944 2252 3031; baseline 0.011 -33"><span class='ocrx_word' id='word_1_328' title='bbox 685 2944 841 3009; x_wconf 86' lang='lat' dir='ltr'><strong>ritur,</strong></span> <span class='ocrx_word' id='word_1_329' title='bbox 865 2946 956 3017; x_wconf 91' lang='lat' dir='ltr'><strong>qui</strong></span> <span class='ocrx_word' id='word_1_330' title='bbox 979 2947 1054 3002; x_wconf 88' lang='lat' dir='ltr'><strong>ait</strong></span> <span class='ocrx_word' id='word_1_331' title='bbox 1081 2965 1094 3001; x_wconf 90' lang='lat'><strong>:</strong></span> <span class='ocrx_word' id='word_1_332' title='bbox 1127 2947 1423 3004; x_wconf 88' lang='lat' dir='ltr'><strong>Traducam</strong></span> <span class='ocrx_word' id='word_1_333' title='bbox 1451 2967 1537 3006; x_wconf 80' lang='lat' dir='ltr'><strong>vos</strong></span> <span class='ocrx_word' id='word_1_334' title='bbox 1561 2952 1615 3007; x_wconf 89' lang='lat' dir='ltr'><strong>in</strong></span> <span class='ocrx_word' id='word_1_335' title='bbox 1639 2954 1897 3011; x_wconf 86' lang='lat' dir='ltr'><strong>desertum</strong></span> <span class='ocrx_word' id='word_1_336' title='bbox 1922 2959 2252 3031; x_wconf 83' lang='lat' dir='ltr'><strong>populorum,</strong></span> 
     </span>
    </p>
   </div>
   <div class='ocr_carea' id='block_1_45' title="bbox 682 3039 2254 3122">
    <p class='ocr_par' dir='ltr' id='par_1_45' title="bbox 682 3039 2254 3122">
     <span class='ocr_line' id='line_1_45' title="bbox 682 3039 2254 3122; baseline 0.011 -31"><span class='ocrx_word' id='word_1_337' title='bbox 682 3048 731 3092; x_wconf 90' lang='lat' dir='ltr'><strong>et</strong></span> <span class='ocrx_word' id='word_1_338' title='bbox 752 3039 1037 3109; x_wconf 87' lang='lat' dir='ltr'><strong>judicabor</strong></span> <span class='ocrx_word' id='word_1_339' title='bbox 1068 3040 1329 3096; x_wconf 83' lang='lat' dir='ltr'><strong>vobiscum</strong></span> <span class='ocrx_word' id='word_1_340' title='bbox 1345 3042 1417 3097; x_wconf 89' lang='lat' dir='ltr'><strong>ibi</strong></span> <span class='ocrx_word' id='word_1_341' title='bbox 1437 3044 1576 3114; x_wconf 79' lang='lat' dir='ltr'><strong>facie</strong></span> <span class='ocrx_word' id='word_1_342' title='bbox 1598 3046 1667 3100; x_wconf 92' lang='lat' dir='ltr'><strong>ad</strong></span> <span class='ocrx_word' id='word_1_343' title='bbox 1697 3046 1904 3115; x_wconf 82' lang='lat' dir='ltr'><strong>faciem.</strong></span> <span class='ocrx_word' id='word_1_344' title='bbox 1934 3047 2083 3106; x_wconf 83' lang='lat' dir='ltr'><strong>Sicut</strong></span> <span class='ocrx_word' id='word_1_345' title='bbox 2100 3053 2254 3122; x_wconf 82' lang='lat' dir='ltr'><strong>judi-</strong></span> 
     </span>
    </p>
   </div>
   <div class='ocr_carea' id='block_1_46' title="bbox 683 3122 2254 3206">
    <p class='ocr_par' dir='ltr' id='par_1_46' title="bbox 683 3122 2254 3206">
     <span class='ocr_line' id='line_1_46' title="bbox 683 3122 2254 3206; baseline 0.012 -22"><span class='ocrx_word' id='word_1_346' title='bbox 683 3129 763 3184; x_wconf 87' lang='lat' dir='ltr'><strong>cio</strong></span> <span class='ocrx_word' id='word_1_347' title='bbox 792 3132 1031 3187; x_wconf 81' lang='lat' dir='ltr'><strong>contendi</strong></span> <span class='ocrx_word' id='word_1_348' title='bbox 1064 3132 1336 3189; x_wconf 88' lang='lat' dir='ltr'><strong>adversum</strong></span> <span class='ocrx_word' id='word_1_349' title='bbox 1355 3122 1527 3206; x_wconf 82' lang='lat' dir='ltr'><strong>patres</strong></span> <span class='ocrx_word' id='word_1_350' title='bbox 1553 3147 1746 3194; x_wconf 82' lang='lat' dir='ltr'><strong>uestros</strong></span> <span class='ocrx_word' id='word_1_351' title='bbox 1772 3140 1827 3195; x_wconf 90' lang='lat' dir='ltr'><strong>in</strong></span> <span class='ocrx_word' id='word_1_352' title='bbox 1869 3144 2070 3200; x_wconf 80' lang='lat' dir='ltr'><strong>deserto</strong></span> <span class='ocrx_word' id='word_1_353' title='bbox 2101 3156 2254 3203; x_wconf 76' lang='lat' dir='ltr'><strong>teme</strong></span> 
     </span>
    </p>
   </div>
   <div class='ocr_carea' id='block_1_47' title="bbox 2370 1948 3810 2029">
    <p class='ocr_par' dir='ltr' id='par_1_47' title="bbox 2370 1948 3810 2029">
     <span class='ocr_line' id='line_1_47' title="bbox 2370 1948 3810 2029; baseline 0.014 -30"><span class='ocrx_word' id='word_1_354' title='bbox 2370 1960 2602 2014; x_wconf 88' lang='lat' dir='ltr'><strong>sponsor</strong></span> <span class='ocrx_word' id='word_1_355' title='bbox 2630 1948 2683 2001; x_wconf 91' lang='lat' dir='ltr'><strong>in</strong></span> <span class='ocrx_word' id='word_1_356' title='bbox 2715 1949 2945 2007; x_wconf 88' lang='lat' dir='ltr'><strong>crimine</strong></span> <span class='ocrx_word' id='word_1_357' title='bbox 2968 1960 3072 2020; x_wconf 88' lang='lat' dir='ltr'><strong>est,</strong></span> <span class='ocrx_word' id='word_1_358' title='bbox 3109 1954 3157 2009; x_wconf 89' lang='lat' dir='ltr'><strong>si</strong></span> <span class='ocrx_word' id='word_1_359' title='bbox 3184 1955 3277 2011; x_wconf 87' lang='lat' dir='ltr'><strong>ille</strong></span> <span class='ocrx_word' id='word_1_360' title='bbox 3308 1958 3393 2013; x_wconf 87' lang='lat' dir='ltr'><strong>cui</strong></span> <span class='ocrx_word' id='word_1_361' title='bbox 3429 1962 3740 2029; x_wconf 79' lang='lat' dir='ltr'><strong>repmmittitar</strong></span> <span class='ocrx_word' id='word_1_362' title='bbox 3764 1966 3810 2019; x_wconf 85' lang='lat' dir='ltr'><strong>ia-</strong></span> 
     </span>
    </p>
   </div>
   <div class='ocr_carea' id='block_1_48' title="bbox 2371 2036 3811 2124">
    <p class='ocr_par' dir='ltr' id='par_1_48' title="bbox 2371 2036 3811 2124">
     <span class='ocr_line' id='line_1_48' title="bbox 2371 2036 3811 2124; baseline 0.012 -33"><span class='ocrx_word' id='word_1_363' title='bbox 2371 2036 2588 2107; x_wconf 88' lang='lat' dir='ltr'><strong>dignum</strong></span> <span class='ocrx_word' id='word_1_364' title='bbox 2620 2054 2680 2094; x_wconf 89' lang='lat' dir='ltr'><strong>se</strong></span> <span class='ocrx_word' id='word_1_365' title='bbox 2713 2038 2903 2096; x_wconf 85' lang='lat' dir='ltr'><strong>fecerit</strong></span> <span class='ocrx_word' id='word_1_366' title='bbox 2927 2045 3236 2114; x_wconf 88' lang='lat' dir='ltr'><strong>sponsione,</strong></span> <span class='ocrx_word' id='word_1_367' title='bbox 3260 2049 3543 2118; x_wconf 61' lang='lat' dir='ltr'><strong>praesertim</strong></span> <span class='ocrx_word' id='word_1_368' title='bbox 3572 2066 3668 2106; x_wconf 86' lang='lat' dir='ltr'><strong>cum</strong></span> <span class='ocrx_word' id='word_1_369' title='bbox 3694 2067 3811 2124; x_wconf 66' lang='lat' dir='ltr'><em>W</em></span> 
     </span>
    </p>
   </div>
   <div class='ocr_carea' id='block_1_49' title="bbox 2367 2134 3807 2207">
    <p class='ocr_par' dir='ltr' id='par_1_49' title="bbox 2367 2134 3807 2207">
     <span class='ocr_line' id='line_1_49' title="bbox 2367 2134 3807 2207; baseline 0.013 -22"><span class='ocrx_word' id='word_1_370' title='bbox 2367 2134 2529 2186; x_wconf 73' lang='lat' dir='ltr'><strong>natui-</strong></span> <span class='ocrx_word' id='word_1_371' title='bbox 2560 2134 2708 2203; x_wconf 91' lang='lat' dir='ltr'><strong>optio</strong></span> <span class='ocrx_word' id='word_1_372' title='bbox 2741 2138 3106 2206; x_wconf 89' lang='lat' dir='ltr'><strong>promittentis</strong></span> <span class='ocrx_word' id='word_1_373' title='bbox 3150 2139 3211 2197; x_wconf 90' lang='lat' dir='ltr'><strong>Si</strong></span> <span class='ocrx_word' id='word_1_374' title='bbox 3261 2144 3516 2207; x_wconf 69' lang='lat' dir='ltr'><strong>nolueritis</strong></span> <span class='ocrx_word' id='word_1_375' title='bbox 3559 2157 3601 2202; x_wconf 79' lang='lat' dir='ltr'><strong>et</strong></span> 
     </span>
    </p>
   </div>
   <div class='ocr_carea' id='block_1_50' title="bbox 2367 2224 3809 2293">
    <p class='ocr_par' dir='ltr' id='par_1_50' title="bbox 2367 2224 3809 2293">
     <span class='ocr_line' id='line_1_50' title="bbox 2367 2224 3809 2293; baseline 0.013 -19"><span class='ocrx_word' id='word_1_376' title='bbox 2367 2236 2467 2285; x_wconf 88' lang='lat' dir='ltr'><strong>me,</strong></span> <span class='ocrx_word' id='word_1_377' title='bbox 2491 2238 2608 2293; x_wconf 77' lang='lat' dir='ltr'><strong>qua:</strong></span> <span class='ocrx_word' id='word_1_378' title='bbox 2638 2224 2771 2279; x_wconf 90' lang='lat' dir='ltr'><strong>bona</strong></span> <span class='ocrx_word' id='word_1_379' title='bbox 2795 2237 2915 2280; x_wconf 88' lang='lat' dir='ltr'><strong>sunt</strong></span> <span class='ocrx_word' id='word_1_380' title='bbox 2938 2236 3091 2283; x_wconf 75' lang='lat' dir='ltr'><strong>terra:</strong></span> <span class='ocrx_word' id='word_1_381' title='bbox 3115 2232 3393 2288; x_wconf 84' lang='lat' dir='ltr'><strong>comedetis</strong></span> <span class='ocrx_word' id='word_1_382' title='bbox 3413 2249 3432 2288; x_wconf 92' lang='lat'><strong><em>:</em></strong></span> <span class='ocrx_word' id='word_1_383' title='bbox 3459 2234 3533 2288; x_wconf 82' lang='lat' dir='ltr'><strong>sin</strong></span> <span class='ocrx_word' id='word_1_384' title='bbox 3551 2247 3685 2291; x_wconf 68' lang='lat' dir='ltr'><strong>autem</strong></span> <span class='ocrx_word' id='word_1_385' title='bbox 3704 2238 3809 2293; x_wconf 64' lang='lat' dir='ltr'><strong>Idle</strong></span> 
     </span>
    </p>
   </div>
   <div class='ocr_carea' id='block_1_51' title="bbox 2367 2307 3809 2396">
    <p class='ocr_par' dir='ltr' id='par_1_51' title="bbox 2367 2307 3809 2396">
     <span class='ocr_line' id='line_1_51' title="bbox 2367 2307 3809 2396; baseline 0.015 -35"><span class='ocrx_word' id='word_1_386' title='bbox 2367 2307 2503 2375; x_wconf 82' lang='lat' dir='ltr'><strong>ritis,</strong></span> <span class='ocrx_word' id='word_1_387' title='bbox 2541 2310 2749 2381; x_wconf 85' lang='lat' dir='ltr'><strong>gladius</strong></span> <span class='ocrx_word' id='word_1_388' title='bbox 2771 2314 3035 2370; x_wconf 81' lang='lat' dir='ltr'><strong>devorabit</strong></span> <span class='ocrx_word' id='word_1_389' title='bbox 3056 2334 3147 2372; x_wconf 80' lang='lat' dir='ltr'><strong>vos</strong></span> <span class='ocrx_word' id='word_1_390' title='bbox 3166 2318 3303 2389; x_wconf 90' lang='lat' dir='ltr'><strong>(Isa.</strong></span> <span class='ocrx_word' id='word_1_391' title='bbox 3333 2338 3370 2385; x_wconf 89' lang='grc' dir='ltr'><strong>ι,</strong></span> <span class='ocrx_word' id='word_1_392' title='bbox 3406 2324 3489 2389; x_wconf 79' lang='lat' dir='ltr'><strong>l9,</strong></span> <span class='ocrx_word' id='word_1_393' title='bbox 3514 2324 3610 2395; x_wconf 76' lang='lat'><strong>20).</strong></span> <span class='ocrx_word' id='word_1_394' title='bbox 3630 2325 3809 2396; x_wconf 74' lang='lat' dir='ltr'><strong>Eliguntu</strong></span> 
     </span>
    </p>
   </div>
   <div class='ocr_carea' id='block_1_52' title="bbox 2360 2388 3806 2489">
    <p class='ocr_par' dir='ltr' id='par_1_52' title="bbox 2360 2388 3806 2489">
     <span class='ocr_line' id='line_1_52' title="bbox 2360 2388 3806 2489; baseline 0.015 -35"><span class='ocrx_word' id='word_1_395' title='bbox 2360 2388 2495 2474; x_wconf 82' lang='lat' dir='ltr'><strong>ergo</strong></span> <span class='ocrx_word' id='word_1_396' title='bbox 2552 2405 2891 2472; x_wconf 64' lang='lat' dir='ltr'><strong>prescientia</strong></span> <span class='ocrx_word' id='word_1_397' title='bbox 2957 2407 3092 2480; x_wconf 88' lang='lat' dir='ltr'><strong>[al.,</strong></span> <span class='ocrx_word' id='word_1_398' title='bbox 3132 2413 3450 2488; x_wconf 64' lang='lat' dir='ltr'><strong>praesentia]</strong></span> <span class='ocrx_word' id='word_1_399' title='bbox 3489 2388 3727 2473; x_wconf 42' lang='lat' dir='ltr'><strong>nec&#39;statiia</strong></span> <span class='ocrx_word' id='word_1_400' title='bbox 3754 2421 3806 2489; x_wconf 75' lang='lat' dir='ltr'><strong>qui</strong></span> 
     </span>
    </p>
   </div>
   <div class='ocr_carea' id='block_1_53' title="bbox 2363 2490 3806 2579">
    <p class='ocr_par' dir='ltr' id='par_1_53' title="bbox 2363 2490 3806 2579">
     <span class='ocr_line' id='line_1_53' title="bbox 2363 2490 3806 2579; baseline 0.015 -33"><span class='ocrx_word' id='word_1_401' title='bbox 2363 2490 2577 2564; x_wconf 89' lang='lat' dir='ltr'><strong>eligitur</strong></span> <span class='ocrx_word' id='word_1_402' title='bbox 2606 2497 2797 2553; x_wconf 88' lang='lat' dir='ltr'><strong>tentari</strong></span> <span class='ocrx_word' id='word_1_403' title='bbox 2823 2513 2929 2554; x_wconf 90' lang='lat' dir='ltr'><strong>non</strong></span> <span class='ocrx_word' id='word_1_404' title='bbox 2971 2508 3150 2570; x_wconf 89' lang='lat' dir='ltr'><strong>potest</strong></span> <span class='ocrx_word' id='word_1_405' title='bbox 3191 2519 3293 2561; x_wconf 90' lang='lat' dir='ltr'><strong>nec</strong></span> <span class='ocrx_word' id='word_1_406' title='bbox 3332 2508 3518 2576; x_wconf 88' lang='lat' dir='ltr'><strong>perire,</strong></span> <span class='ocrx_word' id='word_1_407' title='bbox 3554 2511 3653 2579; x_wconf 86' lang='lat' dir='ltr'><strong>quia</strong></span> <span class='ocrx_word' id='word_1_408' title='bbox 3677 2511 3806 2566; x_wconf 61' lang='grc' dir='ltr'><strong>διε-ι</strong></span> 
     </span>
    </p>
   </div>
   <div class='ocr_carea' id='block_1_54' title="bbox 2362 2582 3806 2670">
    <p class='ocr_par' dir='ltr' id='par_1_54' title="bbox 2362 2582 3806 2670">
     <span class='ocr_line' id='line_1_54' title="bbox 2362 2582 3806 2670; baseline 0.014 -32"><span class='ocrx_word' id='word_1_409' title='bbox 2362 2582 2655 2663; x_wconf 50' lang='grc' dir='ltr'><strong>θιροιιιείη</strong></span> <span class='ocrx_word' id='word_1_410' title='bbox 2701 2603 2903 2659; x_wconf 83' lang='lat' dir='ltr'><strong>regem,</strong></span> <span class='ocrx_word' id='word_1_411' title='bbox 2941 2600 2996 2647; x_wconf 91' lang='lat' dir='ltr'><strong>et</strong></span> <span class='ocrx_word' id='word_1_412' title='bbox 3039 2591 3210 2653; x_wconf 69' lang='lat' dir='ltr'><strong>ludas</strong></span> <span class='ocrx_word' id='word_1_413' title='bbox 3258 2598 3312 2653; x_wconf 93' lang='lat' dir='ltr'><strong>in</strong></span> <span class='ocrx_word' id='word_1_414' title='bbox 3352 2600 3619 2670; x_wconf 83' lang='lat' dir='ltr'><strong>apostolum</strong></span> <span class='ocrx_word' id='word_1_415' title='bbox 3654 2617 3725 2657; x_wconf 87' lang='lat' dir='ltr'><strong>suo</strong></span> <span class='ocrx_word' id='word_1_416' title='bbox 3752 2618 3806 2658; x_wconf 72' lang='lat' dir='ltr'><strong>os-</strong></span> 
     </span>
    </p>
   </div>
   <div class='ocr_carea' id='block_1_55' title="bbox 2361 2677 3034 2757">
    <p class='ocr_par' dir='ltr' id='par_1_55' title="bbox 2361 2677 3034 2757">
     <span class='ocr_line' id='line_1_55' title="bbox 2361 2677 3034 2757; baseline 0.009 -26"><span class='ocrx_word' id='word_1_417' title='bbox 2361 2683 2479 2731; x_wconf 90' lang='lat' dir='ltr'><strong>stea</strong></span> <span class='ocrx_word' id='word_1_418' title='bbox 2510 2677 2642 2734; x_wconf 88' lang='lat' dir='ltr'><strong>vitio</strong></span> <span class='ocrx_word' id='word_1_419' title='bbox 2673 2683 3034 2757; x_wconf 87' lang='lat' dir='ltr'><strong>corruerunt].</strong></span> 
     </span>
    </p>
   </div>
   <div class='ocr_carea' id='block_1_56' title="bbox 2429 2765 3804 2853">
    <p class='ocr_par' dir='ltr' id='par_1_56' title="bbox 2429 2765 3804 2853">
     <span class='ocr_line' id='line_1_56' title="bbox 2429 2765 3804 2853; baseline 0.014 -33"><span class='ocrx_word' id='word_1_420' title='bbox 2429 2765 2470 2837; x_wconf 75' lang='grc' dir='ltr'><strong>-ι-</strong></span> <span class='ocrx_word' id='word_1_421' title='bbox 2506 2765 2648 2823; x_wconf 87' lang='lat' dir='ltr'><strong>Idem</strong></span> <span class='ocrx_word' id='word_1_422' title='bbox 2691 2768 2744 2824; x_wconf 92' lang='lat' dir='ltr'><strong>in</strong></span> <span class='ocrx_word' id='word_1_423' title='bbox 2772 2773 2960 2829; x_wconf 89' lang='lat' dir='ltr'><strong>eodem</strong></span> <span class='ocrx_word' id='word_1_424' title='bbox 3008 2775 3084 2848; x_wconf 89' lang='lat' dir='ltr'><strong>(in</strong></span> <span class='ocrx_word' id='word_1_425' title='bbox 3131 2777 3333 2836; x_wconf 74' lang='lat' dir='ltr'><strong>Ezech.</strong></span> <span class='ocrx_word' id='word_1_426' title='bbox 3370 2798 3418 2838; x_wconf 90' lang='lat' dir='ltr'><strong>c.</strong></span> <span class='ocrx_word' id='word_1_427' title='bbox 3449 2800 3487 2849; x_wconf 82' lang='grc' dir='ltr'><strong>ι,</strong></span> <span class='ocrx_word' id='word_1_428' title='bbox 3522 2800 3571 2839; x_wconf 86' lang='lat' dir='ltr'><strong>v.</strong></span> <span class='ocrx_word' id='word_1_429' title='bbox 3596 2785 3804 2853; x_wconf 60' lang='lat' dir='ltr'><strong>lbet“):</strong></span> 
     </span>
    </p>
   </div>
   <div class='ocr_carea' id='block_1_57' title="bbox 2363 2853 3807 2945">
    <p class='ocr_par' dir='ltr' id='par_1_57' title="bbox 2363 2853 3807 2945">
     <span class='ocr_line' id='line_1_57' title="bbox 2363 2853 3807 2945; baseline 0.015 -34"><span class='ocrx_word' id='word_1_430' title='bbox 2363 2853 2666 2928; x_wconf 84' lang='lat' dir='ltr'><strong>[Quomodo</strong></span> <span class='ocrx_word' id='word_1_431' title='bbox 2712 2862 2881 2933; x_wconf 85' lang='lat' dir='ltr'><strong>igitur</strong></span> <span class='ocrx_word' id='word_1_432' title='bbox 2908 2868 3117 2924; x_wconf 89' lang='lat' dir='ltr'><strong>crebris</strong></span> <span class='ocrx_word' id='word_1_433' title='bbox 3145 2871 3315 2928; x_wconf 88' lang='lat' dir='ltr'><strong>micat</strong></span> <span class='ocrx_word' id='word_1_434' title='bbox 3342 2874 3539 2945; x_wconf 85' lang='lat' dir='ltr'><strong>ignibus</strong></span> <span class='ocrx_word' id='word_1_435' title='bbox 3554 2875 3700 2939; x_wconf 75' lang='lat' dir='ltr'><strong>:ether,</strong></span> <span class='ocrx_word' id='word_1_436' title='bbox 3717 2886 3753 2930; x_wconf 77' lang='lat' dir='ltr'><strong>et</strong></span> <span class='ocrx_word' id='word_1_437' title='bbox 3776 2877 3807 2930; x_wconf 75' lang='lat' dir='ltr'><strong>in</strong></span> 
     </span>
    </p>
   </div>
   <div class='ocr_carea' id='block_1_58' title="bbox 2358 2946 3810 3037">
    <p class='ocr_par' dir='ltr' id='par_1_58' title="bbox 2358 2946 3810 3037">
     <span class='ocr_line' id='line_1_58' title="bbox 2358 2946 3810 3037; baseline 0.013 -35"><span class='ocrx_word' id='word_1_438' title='bbox 2358 2946 2470 3002; x_wconf 88' lang='lat' dir='ltr'><strong>ictu</strong></span> <span class='ocrx_word' id='word_1_439' title='bbox 2495 2950 2636 3005; x_wconf 91' lang='lat' dir='ltr'><strong>oculi</strong></span> <span class='ocrx_word' id='word_1_440' title='bbox 2667 2961 2828 3023; x_wconf 86' lang='lat' dir='ltr'><strong>atque</strong></span> <span class='ocrx_word' id='word_1_441' title='bbox 2858 2967 3132 3014; x_wconf 88' lang='lat' dir='ltr'><strong>momento</strong></span> <span class='ocrx_word' id='word_1_442' title='bbox 3158 2961 3471 3020; x_wconf 87' lang='lat' dir='ltr'><strong>discurrunt</strong></span> <span class='ocrx_word' id='word_1_443' title='bbox 3494 2965 3684 3037; x_wconf 75' lang='lat' dir='ltr'><strong>fulgura,</strong></span> <span class='ocrx_word' id='word_1_444' title='bbox 3701 2977 3738 3021; x_wconf 84' lang='lat' dir='ltr'><strong>et</strong></span> <span class='ocrx_word' id='word_1_445' title='bbox 3760 2980 3810 3020; x_wconf 77' lang='lat' dir='ltr'><strong>n-</strong></span> 
     </span>
    </p>
   </div>
   <div class='ocr_carea' id='block_1_59' title="bbox 2357 3045 3809 3121">
    <p class='ocr_par' dir='ltr' id='par_1_59' title="bbox 2357 3045 3809 3121">
     <span class='ocr_line' id='line_1_59' title="bbox 2357 3045 3809 3121; baseline 0.015 -30"><span class='ocrx_word' id='word_1_446' title='bbox 2357 3045 2643 3095; x_wconf 89' lang='lat' dir='ltr'><strong>vertuntur</strong></span> <span class='ocrx_word' id='word_1_447' title='bbox 2669 3057 2776 3098; x_wconf 91' lang='lat' dir='ltr'><strong>non</strong></span> <span class='ocrx_word' id='word_1_448' title='bbox 2819 3045 3126 3104; x_wconf 86' lang='lat' dir='ltr'><strong>amittentia</strong></span> <span class='ocrx_word' id='word_1_449' title='bbox 3157 3054 3445 3110; x_wconf 87' lang='lat' dir='ltr'><strong>matricem</strong></span> <span class='ocrx_word' id='word_1_450' title='bbox 3469 3064 3535 3121; x_wconf 86' lang='lat' dir='ltr'><strong>et,</strong></span> <span class='ocrx_word' id='word_1_451' title='bbox 3565 3065 3616 3111; x_wconf 87' lang='lat' dir='ltr'><strong>ut</strong></span> <span class='ocrx_word' id='word_1_452' title='bbox 3632 3058 3689 3112; x_wconf 84' lang='lat' dir='ltr'><strong>ita</strong></span> <span class='ocrx_word' id='word_1_453' title='bbox 3720 3058 3809 3112; x_wconf 80' lang='lat' dir='ltr'><strong>dite-</strong></span> 
     </span>
    </p>
   </div>
   <div class='ocr_carea' id='block_1_60' title="bbox 2358 3131 3805 3211">
    <p class='ocr_par' dir='ltr' id='par_1_60' title="bbox 2358 3131 3805 3211">
     <span class='ocr_line' id='line_1_60' title="bbox 2358 3131 3805 3211; baseline 0.012 -27"><span class='ocrx_word' id='word_1_454' title='bbox 2358 3131 2485 3197; x_wconf 88' lang='lat' dir='ltr'><strong>rim,</strong></span> <span class='ocrx_word' id='word_1_455' title='bbox 2516 3131 2715 3189; x_wconf 87' lang='lat' dir='ltr'><strong>fontem</strong></span> <span class='ocrx_word' id='word_1_456' title='bbox 2760 3136 2901 3208; x_wconf 86' lang='lat' dir='ltr'><strong>ignis</strong></span> <span class='ocrx_word' id='word_1_457' title='bbox 2923 3146 3084 3211; x_wconf 88' lang='lat' dir='ltr'><strong>atque</strong></span> <span class='ocrx_word' id='word_1_458' title='bbox 3126 3146 3415 3202; x_wconf 81' lang='lat' dir='ltr'><strong>materiam</strong></span> <span class='ocrx_word' id='word_1_459' title='bbox 3441 3165 3454 3202; x_wconf 91' lang='lat'>:</span> <span class='ocrx_word' id='word_1_460' title='bbox 3482 3148 3550 3204; x_wconf 86' lang='lat' dir='ltr'><strong>ita</strong></span> <span class='ocrx_word' id='word_1_461' title='bbox 3571 3157 3617 3205; x_wconf 89' lang='lat' dir='ltr'><strong>et</strong></span> <span class='ocrx_word' id='word_1_462' title='bbox 3636 3150 3718 3203; x_wconf 62' lang='lat' dir='ltr'><strong>hac</strong></span> <span class='ocrx_word' id='word_1_463' title='bbox 3736 3150 3805 3201; x_wconf 81' lang='lat' dir='ltr'><strong>aui-</strong></span> 
     </span>
    </p>
   </div>
   <div class='ocr_carea' id='block_1_61' title="bbox 686 3216 3808 3310">
    <p class='ocr_par' dir='ltr' id='par_1_61' title="bbox 686 3216 3808 3310">
     <span class='ocr_line' id='line_1_61' title="bbox 686 3216 3808 3310; baseline 0.014 -40"><span class='ocrx_word' id='word_1_464' title='bbox 686 3216 1287 3291; x_wconf 69' lang='lat' dir='ltr'><strong>.Egypti;sicjudicabo</strong></span> <span class='ocrx_word' id='word_1_465' title='bbox 1310 3241 1418 3289; x_wconf 83' lang='lat' dir='ltr'><strong>vos,</strong></span> <span class='ocrx_word' id='word_1_466' title='bbox 1441 3226 1564 3280; x_wconf 87' lang='lat' dir='ltr'><strong>dicit</strong></span> <span class='ocrx_word' id='word_1_467' title='bbox 1589 3227 1884 3285; x_wconf 85' lang='lat' dir='ltr'><strong>Dominus:</strong></span> <span class='ocrx_word' id='word_1_468' title='bbox 1905 3240 1953 3286; x_wconf 91' lang='lat' dir='ltr'><strong>et</strong></span> <span class='ocrx_word' id='word_1_469' title='bbox 1978 3233 2254 3303; x_wconf 77' lang='lat' dir='ltr'><strong>subjiciam</strong></span> <span class='ocrx_word' id='word_1_470' title='bbox 2281 3221 2327 3287; x_wconf 85' lang='lat' dir='ltr'><strong><em>C</em></strong></span> <span class='ocrx_word' id='word_1_471' title='bbox 2359 3221 2538 3289; x_wconf 59' lang='lat' dir='ltr'><strong>mali“:</strong></span> <span class='ocrx_word' id='word_1_472' title='bbox 2574 3238 2697 3279; x_wconf 73' lang='lat' dir='ltr'><strong>cum</strong></span> <span class='ocrx_word' id='word_1_473' title='bbox 2723 3225 2986 3285; x_wconf 64' lang='lat' dir='ltr'><strong>inommso</strong></span> <span class='ocrx_word' id='word_1_474' title='bbox 3012 3245 3250 3305; x_wconf 71' lang='grc' dir='ltr'><strong>ρετεειω</strong></span> <span class='ocrx_word' id='word_1_475' title='bbox 3288 3238 3439 3309; x_wconf 69' lang='lat' dir='ltr'><strong>Pedes</strong></span> <span class='ocrx_word' id='word_1_476' title='bbox 3471 3239 3533 3295; x_wconf 67' lang='lat' dir='ltr'><strong>ad</strong></span> <span class='ocrx_word' id='word_1_477' title='bbox 3564 3240 3704 3310; x_wconf 68' lang='grc' dir='ltr'><strong>Ρτίθη</strong></span> <span class='ocrx_word' id='word_1_478' title='bbox 3721 3238 3808 3293; x_wconf 61' lang='grc' dir='ltr'><strong>ίδίί·</strong></span> 
     </span>
    </p>
   </div>
   <div class='ocr_carea' id='block_1_62' title="bbox 688 3312 2251 3391">
    <p class='ocr_par' dir='ltr' id='par_1_62' title="bbox 688 3312 2251 3391">
     <span class='ocr_line' id='line_1_62' title="bbox 688 3312 2251 3391; baseline 0.014 -33"><span class='ocrx_word' id='word_1_479' title='bbox 688 3321 775 3359; x_wconf 69' lang='lat' dir='ltr'><strong>vos</strong></span> <span class='ocrx_word' id='word_1_480' title='bbox 795 3316 993 3377; x_wconf 81' lang='lat' dir='ltr'><strong>sceptro</strong></span> <span class='ocrx_word' id='word_1_481' title='bbox 1020 3325 1157 3376; x_wconf 89' lang='lat' dir='ltr'><strong>meo,</strong></span> <span class='ocrx_word' id='word_1_482' title='bbox 1193 3321 1240 3366; x_wconf 91' lang='lat' dir='ltr'><strong>et</strong></span> <span class='ocrx_word' id='word_1_483' title='bbox 1268 3312 1509 3368; x_wconf 88' lang='lat' dir='ltr'><strong>inducam</strong></span> <span class='ocrx_word' id='word_1_484' title='bbox 1554 3333 1643 3371; x_wconf 83' lang='lat' dir='ltr'><strong>vos</strong></span> <span class='ocrx_word' id='word_1_485' title='bbox 1681 3319 1736 3371; x_wconf 90' lang='lat' dir='ltr'><strong>in</strong></span> <span class='ocrx_word' id='word_1_486' title='bbox 1774 3319 1991 3376; x_wconf 82' lang='lat' dir='ltr'><strong>vinculis</strong></span> <span class='ocrx_word' id='word_1_487' title='bbox 2020 3321 2251 3391; x_wconf 73' lang='lat' dir='ltr'><strong>foederis,</strong></span> 
     </span>
    </p>
   </div>
   <div class='ocr_carea' id='block_1_63' title="bbox 690 3394 2255 3480">
    <p class='ocr_par' dir='ltr' id='par_1_63' title="bbox 690 3394 2255 3480">
     <span class='ocr_line' id='line_1_63' title="bbox 690 3394 2255 3480; baseline 0.015 -33"><span class='ocrx_word' id='word_1_488' title='bbox 690 3402 740 3448; x_wconf 89' lang='lat' dir='ltr'><strong>et</strong></span> <span class='ocrx_word' id='word_1_489' title='bbox 775 3394 963 3467; x_wconf 86' lang='lat' dir='ltr'><strong>eligam</strong></span> <span class='ocrx_word' id='word_1_490' title='bbox 979 3397 1044 3452; x_wconf 88' lang='lat' dir='ltr'><strong>de</strong></span> <span class='ocrx_word' id='word_1_491' title='bbox 1065 3401 1204 3455; x_wconf 80' lang='lat' dir='ltr'><strong>vobis</strong></span> <span class='ocrx_word' id='word_1_492' title='bbox 1227 3410 1632 3474; x_wconf 83' lang='lat' dir='ltr'><strong>transgressores</strong></span> <span class='ocrx_word' id='word_1_493' title='bbox 1657 3417 1704 3461; x_wconf 92' lang='lat' dir='ltr'><strong>et</strong></span> <span class='ocrx_word' id='word_1_494' title='bbox 1726 3409 1932 3480; x_wconf 87' lang='lat' dir='ltr'><strong>impios,</strong></span> <span class='ocrx_word' id='word_1_495' title='bbox 1956 3422 2004 3467; x_wconf 88' lang='lat' dir='ltr'><strong>et</strong></span> <span class='ocrx_word' id='word_1_496' title='bbox 2027 3413 2092 3468; x_wconf 88' lang='lat' dir='ltr'><strong>de</strong></span> <span class='ocrx_word' id='word_1_497' title='bbox 2114 3424 2255 3473; x_wconf 67' lang='lat' dir='ltr'><strong>terra</strong></span> 
     </span>
    </p>
   </div>
   <div class='ocr_carea' id='block_1_64' title="bbox 682 3484 2267 3563">
    <p class='ocr_par' dir='ltr' id='par_1_64' title="bbox 682 3484 2267 3563">
     <span class='ocr_line' id='line_1_64' title="bbox 682 3484 2267 3563; baseline 0.016 -26"><span class='ocrx_word' id='word_1_498' title='bbox 682 3484 942 3542; x_wconf 83' lang='lat' dir='ltr'><strong>incolatus</strong></span> <span class='ocrx_word' id='word_1_499' title='bbox 967 3504 1145 3544; x_wconf 89' lang='lat' dir='ltr'><strong>eorum</strong></span> <span class='ocrx_word' id='word_1_500' title='bbox 1172 3491 1389 3547; x_wconf 85' lang='lat' dir='ltr'><strong>educam</strong></span> <span class='ocrx_word' id='word_1_501' title='bbox 1409 3494 1527 3550; x_wconf 82' lang='lat' dir='ltr'><strong>illos</strong></span> <span class='ocrx_word' id='word_1_502' title='bbox 1546 3538 1559 3560; x_wconf 93' lang='lat'><strong>,</strong></span> <span class='ocrx_word' id='word_1_503' title='bbox 1582 3506 1630 3551; x_wconf 89' lang='lat' dir='ltr'><strong>et</strong></span> <span class='ocrx_word' id='word_1_504' title='bbox 1655 3499 1710 3553; x_wconf 89' lang='lat' dir='ltr'><strong>in</strong></span> <span class='ocrx_word' id='word_1_505' title='bbox 1733 3508 1926 3556; x_wconf 85' lang='lat' dir='ltr'><strong>terram</strong></span> <span class='ocrx_word' id='word_1_506' title='bbox 1948 3501 2118 3560; x_wconf 85' lang='lat' dir='ltr'><strong>Israel</strong></span> <span class='ocrx_word' id='word_1_507' title='bbox 2148 3523 2267 3563; x_wconf 45' lang='lat' dir='ltr'><strong>non.</strong></span> 
     </span>
    </p>
   </div>
   <div class='ocr_carea' id='block_1_65' title="bbox 676 3570 2250 3662">
    <p class='ocr_par' dir='ltr' id='par_1_65' title="bbox 676 3570 2250 3662">
     <span class='ocr_line' id='line_1_65' title="bbox 676 3570 2250 3662; baseline 0.018 -38"><span class='ocrx_word' id='word_1_508' title='bbox 676 3570 1053 3643; x_wconf 74' lang='lat' dir='ltr'><strong>ingrediantur,</strong></span> <span class='ocrx_word' id='word_1_509' title='bbox 1079 3587 1129 3633; x_wconf 85' lang='lat' dir='ltr'><strong>et</strong></span> <span class='ocrx_word' id='word_1_510' title='bbox 1165 3581 1336 3636; x_wconf 89' lang='lat' dir='ltr'><strong>scietis</strong></span> <span class='ocrx_word' id='word_1_511' title='bbox 1358 3585 1480 3653; x_wconf 85' lang='lat' dir='ltr'><strong>quia</strong></span> <span class='ocrx_word' id='word_1_512' title='bbox 1518 3601 1609 3656; x_wconf 89' lang='lat' dir='ltr'><strong>ego</strong></span> <span class='ocrx_word' id='word_1_513' title='bbox 1630 3586 1887 3645; x_wconf 88' lang='lat' dir='ltr'><strong>Dominus</strong></span> <span class='ocrx_word' id='word_1_514' title='bbox 1911 3590 2128 3661; x_wconf 75' lang='lat' dir='ltr'><strong>(Ezech.</strong></span> <span class='ocrx_word' id='word_1_515' title='bbox 2158 3612 2250 3662; x_wconf 74' lang='lat' dir='ltr'><strong>xx,</strong></span> 
     </span>
    </p>
   </div>
   <div class='ocr_carea' id='block_1_66' title="bbox 676 3664 2246 3759">
    <p class='ocr_par' dir='ltr' id='par_1_66' title="bbox 676 3664 2246 3759">
     <span class='ocr_line' id='line_1_66' title="bbox 676 3664 2246 3759; baseline 0.014 -39"><span class='ocrx_word' id='word_1_516' title='bbox 676 3664 886 3738; x_wconf 77' lang='lat'><strong>55-38).</strong></span> <span class='ocrx_word' id='word_1_517' title='bbox 916 3669 1066 3734; x_wconf 84' lang='lat' dir='ltr'><strong>Quod</strong></span> <span class='ocrx_word' id='word_1_518' title='bbox 1088 3669 1447 3745; x_wconf 84' lang='lat' dir='ltr'><strong>Hieronymus</strong></span> <span class='ocrx_word' id='word_1_519' title='bbox 1472 3675 1543 3730; x_wconf 90' lang='lat' dir='ltr'><strong>ita</strong></span> <span class='ocrx_word' id='word_1_520' title='bbox 1565 3680 1783 3749; x_wconf 88' lang='lat' dir='ltr'><strong>exponit</strong></span> <span class='ocrx_word' id='word_1_521' title='bbox 1805 3679 1882 3752; x_wconf 86' lang='lat' dir='ltr'><strong>(in</strong></span> <span class='ocrx_word' id='word_1_522' title='bbox 1906 3681 2100 3739; x_wconf 80' lang='lat' dir='ltr'><strong>Ezech.</strong></span> <span class='ocrx_word' id='word_1_523' title='bbox 2132 3704 2246 3759; x_wconf 85' lang='lat' dir='ltr'><strong>cap.</strong></span> 
     </span>
    </p>
   </div>
   <div class='ocr_carea' id='block_1_67' title="bbox 676 3758 2249 3849">
    <p class='ocr_par' dir='ltr' id='par_1_67' title="bbox 676 3758 2249 3849">
     <span class='ocr_line' id='line_1_67' title="bbox 676 3758 2249 3849; baseline 0.015 -38"><span class='ocrx_word' id='word_1_524' title='bbox 676 3772 772 3824; x_wconf 88' lang='lat' dir='ltr'><strong>xx,</strong></span> <span class='ocrx_word' id='word_1_525' title='bbox 803 3758 895 3832; x_wconf 78' lang='lat'><strong>55)</strong></span> <span class='ocrx_word' id='word_1_526' title='bbox 921 3778 937 3818; x_wconf 88' lang='lat'><strong>:</strong></span> <span class='ocrx_word' id='word_1_527' title='bbox 969 3759 1229 3834; x_wconf 81' lang='lat' dir='ltr'><strong>[Faciam,</strong></span> <span class='ocrx_word' id='word_1_528' title='bbox 1256 3766 1352 3831; x_wconf 90' lang='lat' dir='ltr'><strong>ait,</strong></span> <span class='ocrx_word' id='word_1_529' title='bbox 1379 3768 1532 3825; x_wconf 89' lang='lat' dir='ltr'><strong>vobis</strong></span> <span class='ocrx_word' id='word_1_530' title='bbox 1572 3770 1662 3839; x_wconf 91' lang='lat' dir='ltr'><strong>qui</strong></span> <span class='ocrx_word' id='word_1_531' title='bbox 1694 3772 1826 3828; x_wconf 91' lang='lat' dir='ltr'><strong>estis</strong></span> <span class='ocrx_word' id='word_1_532' title='bbox 1876 3773 1930 3830; x_wconf 91' lang='lat' dir='ltr'><strong>in</strong></span> <span class='ocrx_word' id='word_1_533' title='bbox 1953 3773 2249 3849; x_wconf 85' lang='lat' dir='ltr'><strong>Babylone,</strong></span> 
     </span>
    </p>
   </div>
   <div class='ocr_carea' id='block_1_68' title="bbox 656 3847 2249 3933">
    <p class='ocr_par' dir='ltr' id='par_1_68' title="bbox 656 3847 2249 3933">
     <span class='ocr_line' id='line_1_68' title="bbox 656 3847 2249 3933; baseline 0.015 -32"><span class='ocrx_word' id='word_1_534' title='bbox 656 3847 733 3902; x_wconf 85' lang='lat' dir='ltr'><strong>&#39;et</strong></span> <span class='ocrx_word' id='word_1_535' title='bbox 756 3863 900 3904; x_wconf 93' lang='lat' dir='ltr'><strong>nunc</strong></span> <span class='ocrx_word' id='word_1_536' title='bbox 927 3853 1142 3910; x_wconf 89' lang='lat' dir='ltr'><strong>servitis</strong></span> <span class='ocrx_word' id='word_1_537' title='bbox 1171 3854 1349 3923; x_wconf 88' lang='lat' dir='ltr'><strong>idolis,</strong></span> <span class='ocrx_word' id='word_1_538' title='bbox 1378 3858 1519 3927; x_wconf 90' lang='lat' dir='ltr'><strong>quod</strong></span> <span class='ocrx_word' id='word_1_539' title='bbox 1550 3858 1653 3916; x_wconf 83' lang='lat' dir='ltr'><strong>feci</strong></span> <span class='ocrx_word' id='word_1_540' title='bbox 1682 3863 1926 3933; x_wconf 88' lang='lat' dir='ltr'><strong>patribus</strong></span> <span class='ocrx_word' id='word_1_541' title='bbox 1958 3847 2153 3924; x_wconf 82' lang='lat' dir='ltr'><strong>vestris</strong></span> <span class='ocrx_word' id='word_1_542' title='bbox 2194 3869 2249 3925; x_wconf 92' lang='lat' dir='ltr'><strong>in</strong></span> 
     </span>
    </p>
   </div>
   <div class='ocr_carea' id='block_1_69' title="bbox 676 3937 2252 4027">
    <p class='ocr_par' dir='ltr' id='par_1_69' title="bbox 676 3937 2252 4027">
     <span class='ocr_line' id='line_1_69' title="bbox 676 3937 2252 4027; baseline 0.015 -34"><span class='ocrx_word' id='word_1_543' title='bbox 676 3937 906 4011; x_wconf 84' lang='lat' dir='ltr'><strong>Egypto,</strong></span> <span class='ocrx_word' id='word_1_544' title='bbox 936 3950 999 3997; x_wconf 88' lang='lat' dir='ltr'><strong>ut</strong></span> <span class='ocrx_word' id='word_1_545' title='bbox 1046 3944 1262 3999; x_wconf 88' lang='lat' dir='ltr'><strong>educam</strong></span> <span class='ocrx_word' id='word_1_546' title='bbox 1294 3963 1386 4002; x_wconf 80' lang='lat' dir='ltr'><strong>vos</strong></span> <span class='ocrx_word' id='word_1_547' title='bbox 1418 3947 1475 4002; x_wconf 89' lang='lat' dir='ltr'><strong>in</strong></span> <span class='ocrx_word' id='word_1_548' title='bbox 1513 3949 1770 4008; x_wconf 88' lang='lat' dir='ltr'><strong>desertum</strong></span> <span class='ocrx_word' id='word_1_549' title='bbox 1816 3956 2147 4027; x_wconf 82' lang='lat' dir='ltr'><strong>populorum,</strong></span> <span class='ocrx_word' id='word_1_550' title='bbox 2194 3971 2252 4018; x_wconf 89' lang='lat' dir='ltr'><strong>et</strong></span> 
     </span>
    </p>
   </div>
   <div class='ocr_carea' id='block_1_70' title="bbox 675 4033 2249 4115">
    <p class='ocr_par' dir='ltr' id='par_1_70' title="bbox 675 4033 2249 4115">
     <span class='ocr_line' id='line_1_70' title="bbox 675 4033 2249 4115; baseline 0.014 -26"><span class='ocrx_word' id='word_1_551' title='bbox 675 4033 749 4090; x_wconf 91' lang='lat' dir='ltr'><strong>ibi</strong></span> <span class='ocrx_word' id='word_1_552' title='bbox 775 4033 984 4105; x_wconf 76' lang='lat' dir='ltr'><strong>iudicet</strong></span> <span class='ocrx_word' id='word_1_553' title='bbox 1002 4039 1280 4097; x_wconf 85' lang='lat' dir='ltr'><strong>vobiscum</strong></span> <span class='ocrx_word' id='word_1_554' title='bbox 1300 4040 1438 4101; x_wconf 85' lang='lat' dir='ltr'><strong>facie</strong></span> <span class='ocrx_word' id='word_1_555' title='bbox 1465 4045 1534 4100; x_wconf 90' lang='lat' dir='ltr'><strong>ad</strong></span> <span class='ocrx_word' id='word_1_556' title='bbox 1559 4044 1778 4115; x_wconf 81' lang='lat' dir='ltr'><strong>faciem,</strong></span> <span class='ocrx_word' id='word_1_557' title='bbox 1801 4050 1942 4108; x_wconf 87' lang='lat' dir='ltr'><strong>sicut</strong></span> <span class='ocrx_word' id='word_1_558' title='bbox 1960 4052 2249 4111; x_wconf 89' lang='lat' dir='ltr'><strong>adversum</strong></span> 
     </span>
    </p>
   </div>
   <div class='ocr_carea' id='block_1_71' title="bbox 573 4125 2248 4217">
    <p class='ocr_par' dir='ltr' id='par_1_71' title="bbox 573 4125 2248 4217">
     <span class='ocr_line' id='line_1_71' title="bbox 573 4125 2248 4217; baseline 0.013 -38"><span class='ocrx_word' id='word_1_559' title='bbox 573 4142 583 4152; x_wconf 56' lang='grc' dir='ltr'>ε</span> <span class='ocrx_word' id='word_1_560' title='bbox 676 4125 800 4183; x_wconf 91' lang='lat' dir='ltr'><strong>illos</strong></span> <span class='ocrx_word' id='word_1_561' title='bbox 814 4127 1017 4198; x_wconf 87' lang='lat' dir='ltr'><strong>judicio</strong></span> <span class='ocrx_word' id='word_1_562' title='bbox 1044 4131 1318 4199; x_wconf 88' lang='lat' dir='ltr'><strong>contendi,</strong></span> <span class='ocrx_word' id='word_1_563' title='bbox 1347 4136 1564 4204; x_wconf 86' lang='lat' dir='ltr'><strong>quando</strong></span> <span class='ocrx_word' id='word_1_564' title='bbox 1589 4140 1793 4209; x_wconf 83' lang='lat' dir='ltr'><strong>egressi</strong></span> <span class='ocrx_word' id='word_1_565' title='bbox 1819 4149 1947 4197; x_wconf 86' lang='lat' dir='ltr'><strong>sunt</strong></span> <span class='ocrx_word' id='word_1_566' title='bbox 1970 4143 2037 4198; x_wconf 89' lang='lat' dir='ltr'><strong>de</strong></span> <span class='ocrx_word' id='word_1_567' title='bbox 2084 4142 2248 4217; x_wconf 65' lang='grc' dir='ltr'><strong>Ᾱῐεγι</strong></span> 
     </span>
    </p>
   </div>
   <div class='ocr_carea' id='block_1_72' title="bbox 673 4215 2247 4307">
    <p class='ocr_par' dir='ltr' id='par_1_72' title="bbox 673 4215 2247 4307">
     <span class='ocr_line' id='line_1_72' title="bbox 673 4215 2247 4307; baseline 0.015 -39"><span class='ocrx_word' id='word_1_568' title='bbox 673 4223 787 4283; x_wconf 90' lang='lat' dir='ltr'><strong>pto.</strong></span> <span class='ocrx_word' id='word_1_569' title='bbox 812 4215 879 4271; x_wconf 86' lang='lat' dir='ltr'><strong>Et</strong></span> <span class='ocrx_word' id='word_1_570' title='bbox 902 4227 1183 4289; x_wconf 87' lang='lat' dir='ltr'><strong>postquam</strong></span> <span class='ocrx_word' id='word_1_571' title='bbox 1203 4237 1300 4278; x_wconf 89' lang='lat' dir='ltr'><strong>vos</strong></span> <span class='ocrx_word' id='word_1_572' title='bbox 1311 4221 1644 4293; x_wconf 76' lang='lat' dir='ltr'><strong>indicavero,</strong></span> <span class='ocrx_word' id='word_1_573' title='bbox 1670 4230 1955 4300; x_wconf 89' lang='lat' dir='ltr'><strong>subjiciam</strong></span> <span class='ocrx_word' id='word_1_574' title='bbox 1976 4248 2072 4289; x_wconf 87' lang='lat' dir='ltr'><strong>vos</strong></span> <span class='ocrx_word' id='word_1_575' title='bbox 2091 4215 2247 4307; x_wconf 83' lang='lat' dir='ltr'><strong>scep-</strong></span> 
     </span>
    </p>
   </div>
   <div class='ocr_carea' id='block_1_73' title="bbox 675 4310 2248 4390">
    <p class='ocr_par' dir='ltr' id='par_1_73' title="bbox 675 4310 2248 4390">
     <span class='ocr_line' id='line_1_73' title="bbox 675 4310 2248 4390; baseline 0.016 -31"><span class='ocrx_word' id='word_1_576' title='bbox 675 4313 761 4360; x_wconf 91' lang='lat' dir='ltr'><strong>tro</strong></span> <span class='ocrx_word' id='word_1_577' title='bbox 786 4322 909 4363; x_wconf 91' lang='lat' dir='ltr'><strong>meo</strong></span> <span class='ocrx_word' id='word_1_578' title='bbox 928 4319 983 4364; x_wconf 92' lang='lat' dir='ltr'><strong>et</strong></span> <span class='ocrx_word' id='word_1_579' title='bbox 1024 4310 1268 4381; x_wconf 88' lang='lat' dir='ltr'><strong>imperio,</strong></span> <span class='ocrx_word' id='word_1_580' title='bbox 1299 4324 1355 4370; x_wconf 85' lang='lat' dir='ltr'><strong>et</strong></span> <span class='ocrx_word' id='word_1_581' title='bbox 1383 4316 1531 4371; x_wconf 90' lang='lat' dir='ltr'><strong>inibo</strong></span> <span class='ocrx_word' id='word_1_582' title='bbox 1574 4327 1788 4388; x_wconf 91' lang='lat' dir='ltr'><strong>pactum</strong></span> <span class='ocrx_word' id='word_1_583' title='bbox 1839 4323 2135 4390; x_wconf 86' lang='lat' dir='ltr'><strong>vobiscum,</strong></span> <span class='ocrx_word' id='word_1_584' title='bbox 2191 4335 2248 4384; x_wconf 87' lang='lat' dir='ltr'><strong>et</strong></span> 
     </span>
    </p>
   </div>
   <div class='ocr_carea' id='block_1_74' title="bbox 675 4393 2242 4485">
    <p class='ocr_par' dir='ltr' id='par_1_74' title="bbox 675 4393 2242 4485">
     <span class='ocr_line' id='line_1_74' title="bbox 675 4393 2242 4485; baseline 0.017 -39"><span class='ocrx_word' id='word_1_585' title='bbox 675 4393 924 4450; x_wconf 87' lang='lat' dir='ltr'><strong>inducam</strong></span> <span class='ocrx_word' id='word_1_586' title='bbox 944 4413 1039 4453; x_wconf 90' lang='lat' dir='ltr'><strong>vos</strong></span> <span class='ocrx_word' id='word_1_587' title='bbox 1062 4399 1115 4453; x_wconf 92' lang='lat' dir='ltr'><strong>in</strong></span> <span class='ocrx_word' id='word_1_588' title='bbox 1142 4405 1594 4474; x_wconf 52' lang='lat' dir='ltr'><strong>terramzvestram</strong></span> <span class='ocrx_word' id='word_1_589' title='bbox 1611 4408 1666 4463; x_wconf 93' lang='lat' dir='ltr'><strong>in</strong></span> <span class='ocrx_word' id='word_1_590' title='bbox 1689 4409 1918 4467; x_wconf 87' lang='lat' dir='ltr'><strong>vinculis</strong></span> <span class='ocrx_word' id='word_1_591' title='bbox 1937 4414 2242 4485; x_wconf 89' lang='lat' dir='ltr'><strong>charitatis,</strong></span> 
     </span>
    </p>
   </div>
   <div class='ocr_carea' id='block_1_75' title="bbox 674 4485 2243 4573">
    <p class='ocr_par' dir='ltr' id='par_1_75' title="bbox 674 4485 2243 4573">
     <span class='ocr_line' id='line_1_75' title="bbox 674 4485 2243 4573; baseline 0.017 -35"><span class='ocrx_word' id='word_1_592' title='bbox 674 4492 737 4540; x_wconf 79' lang='lat' dir='ltr'><strong>ut.</strong></span> <span class='ocrx_word' id='word_1_593' title='bbox 764 4485 911 4557; x_wconf 87' lang='lat' dir='ltr'><strong>ligati</strong></span> <span class='ocrx_word' id='word_1_594' title='bbox 934 4503 1116 4546; x_wconf 90' lang='lat' dir='ltr'><strong>amore</strong></span> <span class='ocrx_word' id='word_1_595' title='bbox 1141 4508 1261 4547; x_wconf 90' lang='lat' dir='ltr'><strong>meo</strong></span> <span class='ocrx_word' id='word_1_596' title='bbox 1286 4509 1622 4566; x_wconf 89' lang='lat' dir='ltr'><strong>nequaquam</strong></span> <span class='ocrx_word' id='word_1_597' title='bbox 1653 4514 1683 4554; x_wconf 90' lang='lat' dir='ltr'><strong>a</strong></span> <span class='ocrx_word' id='word_1_598' title='bbox 1714 4515 1801 4556; x_wconf 90' lang='lat' dir='ltr'><strong>me</strong></span> <span class='ocrx_word' id='word_1_599' title='bbox 1845 4504 2063 4573; x_wconf 89' lang='lat' dir='ltr'><strong>possitis</strong></span> <span class='ocrx_word' id='word_1_600' title='bbox 2089 4521 2243 4563; x_wconf 86' lang='lat' dir='ltr'><strong>rece-</strong></span> 
     </span>
    </p>
   </div>
   <div class='ocr_carea' id='block_1_76' title="bbox 2358 3316 3808 3403">
    <p class='ocr_par' dir='ltr' id='par_1_76' title="bbox 2358 3316 3808 3403">
     <span class='ocr_line' id='line_1_76' title="bbox 2358 3316 3808 3403; baseline 0.017 -36"><span class='ocrx_word' id='word_1_601' title='bbox 2358 3322 2521 3382; x_wconf 88' lang='lat' dir='ltr'><strong>nant;</strong></span> <span class='ocrx_word' id='word_1_602' title='bbox 2551 3316 2636 3372; x_wconf 91' lang='lat' dir='ltr'><strong>sin</strong></span> <span class='ocrx_word' id='word_1_603' title='bbox 2663 3328 2841 3375; x_wconf 86' lang='lat' dir='ltr'><strong>autem</strong></span> <span class='ocrx_word' id='word_1_604' title='bbox 2867 3325 3086 3380; x_wconf 89' lang='lat' dir='ltr'><strong>conatui</strong></span> <span class='ocrx_word' id='word_1_605' title='bbox 3114 3341 3217 3383; x_wconf 90' lang='lat' dir='ltr'><strong>suo</strong></span> <span class='ocrx_word' id='word_1_606' title='bbox 3245 3327 3445 3401; x_wconf 86' lang='lat' dir='ltr'><strong>aliquid</strong></span> <span class='ocrx_word' id='word_1_607' title='bbox 3482 3331 3720 3403; x_wconf 78' lang='lat' dir='ltr'><strong>oppositum</strong></span> <span class='ocrx_word' id='word_1_608' title='bbox 3738 3328 3808 3401; x_wconf 63' lang='grc' dir='ltr'><strong>[ειη</strong></span> 
     </span>
    </p>
   </div>
   <div class='ocr_carea' id='block_1_77' title="bbox 2353 3406 3807 3494">
    <p class='ocr_par' dir='ltr' id='par_1_77' title="bbox 2353 3406 3807 3494">
     <span class='ocr_line' id='line_1_77' title="bbox 2353 3406 3807 3494; baseline 0.012 -33"><span class='ocrx_word' id='word_1_609' title='bbox 2353 3406 2614 3483; x_wconf 89' lang='lat' dir='ltr'><strong>obsitum]</strong></span> <span class='ocrx_word' id='word_1_610' title='bbox 2651 3411 2917 3477; x_wconf 91' lang='lat' dir='ltr'><strong>viderint,</strong></span> <span class='ocrx_word' id='word_1_611' title='bbox 2942 3430 3051 3472; x_wconf 91' lang='lat' dir='ltr'><strong>non</strong></span> <span class='ocrx_word' id='word_1_612' title='bbox 3086 3426 3195 3474; x_wconf 86' lang='lat' dir='ltr'><strong>tam</strong></span> <span class='ocrx_word' id='word_1_613' title='bbox 3231 3431 3560 3480; x_wconf 85' lang='lat' dir='ltr'><strong>revertuntur</strong></span> <span class='ocrx_word' id='word_1_614' title='bbox 3580 3438 3703 3494; x_wconf 85' lang='lat' dir='ltr'><strong>quam</strong></span> <span class='ocrx_word' id='word_1_615' title='bbox 3731 3437 3807 3478; x_wconf 76' lang='lat' dir='ltr'><strong>as-</strong></span> 
     </span>
    </p>
   </div>
   <div class='ocr_carea' id='block_1_78' title="bbox 2355 3499 3805 3589">
    <p class='ocr_par' dir='ltr' id='par_1_78' title="bbox 2355 3499 3805 3589">
     <span class='ocr_line' id='line_1_78' title="bbox 2355 3499 3805 3589; baseline 0.011 -37"><span class='ocrx_word' id='word_1_616' title='bbox 2355 3499 2576 3554; x_wconf 88' lang='lat' dir='ltr'><strong>trahunt</strong></span> <span class='ocrx_word' id='word_1_617' title='bbox 2644 3516 2704 3558; x_wconf 84' lang='lat' dir='ltr'><strong>se</strong></span> <span class='ocrx_word' id='word_1_618' title='bbox 2753 3506 3098 3564; x_wconf 85' lang='lat' dir='ltr'><strong>extendentia</strong></span> <span class='ocrx_word' id='word_1_619' title='bbox 3162 3526 3385 3575; x_wconf 77' lang='lat' dir='ltr'><strong>sursum</strong></span> <span class='ocrx_word' id='word_1_620' title='bbox 3430 3513 3543 3589; x_wconf 85' lang='lat' dir='ltr'><strong>[al.,</strong></span> <span class='ocrx_word' id='word_1_621' title='bbox 3584 3511 3805 3569; x_wconf 58' lang='lat' dir='ltr'><strong>extenuat</strong></span> 
     </span>
    </p>
   </div>
   <div class='ocr_carea' id='block_1_79' title="bbox 2352 3587 3806 3681">
    <p class='ocr_par' dir='ltr' id='par_1_79' title="bbox 2352 3587 3806 3681">
     <span class='ocr_line' id='line_1_79' title="bbox 2352 3587 3806 3681; baseline 0.018 -35"><span class='ocrx_word' id='word_1_622' title='bbox 2352 3587 2645 3667; x_wconf 75' lang='lat' dir='ltr'><strong>rursum],</strong></span> <span class='ocrx_word' id='word_1_623' title='bbox 2714 3605 2770 3653; x_wconf 86' lang='lat' dir='ltr'><strong>et</strong></span> <span class='ocrx_word' id='word_1_624' title='bbox 2844 3601 3137 3670; x_wconf 68' lang='lat' dir='ltr'><strong>praebitura</strong></span> <span class='ocrx_word' id='word_1_625' title='bbox 3202 3606 3393 3665; x_wconf 90' lang='lat' dir='ltr'><strong>lumen</strong></span> <span class='ocrx_word' id='word_1_626' title='bbox 3434 3587 3573 3681; x_wconf 80' lang='lat' dir='ltr'><strong>quod</strong></span> <span class='ocrx_word' id='word_1_627' title='bbox 3622 3620 3806 3681; x_wconf 57' lang='lat' dir='ltr'><strong>parum</strong></span> 
     </span>
    </p>
   </div>
   <div class='ocr_carea' id='block_1_80' title="bbox 2353 3682 3800 3773">
    <p class='ocr_par' dir='ltr' id='par_1_80' title="bbox 2353 3682 3800 3773">
     <span class='ocr_line' id='line_1_80' title="bbox 2353 3682 3800 3773; baseline 0.017 -34"><span class='ocrx_word' id='word_1_628' title='bbox 2353 3682 2766 3756; x_wconf 88' lang='lat' dir='ltr'><strong>absconderant,</strong></span> <span class='ocrx_word' id='word_1_629' title='bbox 2791 3701 2851 3747; x_wconf 88' lang='lat' dir='ltr'><strong>ut</strong></span> <span class='ocrx_word' id='word_1_630' title='bbox 2880 3692 3011 3750; x_wconf 91' lang='lat' dir='ltr'><strong>dent</strong></span> <span class='ocrx_word' id='word_1_631' title='bbox 3037 3684 3209 3755; x_wconf 78' lang='lat' dir='ltr'><strong>servis</strong></span> <span class='ocrx_word' id='word_1_632' title='bbox 3230 3700 3436 3758; x_wconf 85' lang='lat' dir='ltr'><strong>cibaria</strong></span> <span class='ocrx_word' id='word_1_633' title='bbox 3456 3703 3507 3758; x_wconf 88' lang='lat' dir='ltr'><strong>in</strong></span> <span class='ocrx_word' id='word_1_634' title='bbox 3532 3710 3719 3773; x_wconf 70' lang='lat' dir='ltr'><strong>tempore</strong></span> <span class='ocrx_word' id='word_1_635' title='bbox 3733 3715 3800 3763; x_wconf 79' lang='grc' dir='ltr'><strong>ειοι</strong></span> 
     </span>
    </p>
   </div>
   <div class='ocr_carea' id='block_1_81' title="bbox 2352 3777 3801 3861">
    <p class='ocr_par' dir='ltr' id='par_1_81' title="bbox 2352 3777 3801 3861">
     <span class='ocr_line' id='line_1_81' title="bbox 2352 3777 3801 3861; baseline 0.016 -33"><span class='ocrx_word' id='word_1_636' title='bbox 2352 3789 2455 3831; x_wconf 90' lang='lat' dir='ltr'><strong>nec</strong></span> <span class='ocrx_word' id='word_1_637' title='bbox 2505 3777 2749 3835; x_wconf 86' lang='lat' dir='ltr'><strong>tribuant</strong></span> <span class='ocrx_word' id='word_1_638' title='bbox 2787 3792 3032 3842; x_wconf 88' lang='lat' dir='ltr'><strong>sanctum</strong></span> <span class='ocrx_word' id='word_1_639' title='bbox 3061 3788 3313 3859; x_wconf 83' lang='lat' dir='ltr'><strong>canibus,</strong></span> <span class='ocrx_word' id='word_1_640' title='bbox 3334 3808 3434 3850; x_wconf 88' lang='lat' dir='ltr'><strong>nec</strong></span> <span class='ocrx_word' id='word_1_641' title='bbox 3460 3793 3647 3849; x_wconf 85' lang='lat' dir='ltr'><strong>mittant</strong></span> <span class='ocrx_word' id='word_1_642' title='bbox 3667 3804 3801 3861; x_wconf 75' lang='lat' dir='ltr'><strong>Imp-</strong></span> 
     </span>
    </p>
   </div>
   <div class='ocr_carea' id='block_1_82' title="bbox 2351 3865 3806 3944">
    <p class='ocr_par' dir='ltr' id='par_1_82' title="bbox 2351 3865 3806 3944">
     <span class='ocr_line' id='line_1_82' title="bbox 2351 3865 3806 3944; baseline 0.012 -23"><span class='ocrx_word' id='word_1_643' title='bbox 2351 3865 2486 3923; x_wconf 91' lang='lat' dir='ltr'><strong>ritas</strong></span> <span class='ocrx_word' id='word_1_644' title='bbox 2511 3878 2641 3927; x_wconf 90' lang='lat' dir='ltr'><strong>ante</strong></span> <span class='ocrx_word' id='word_1_645' title='bbox 2681 3887 2897 3944; x_wconf 88' lang='lat' dir='ltr'><strong>porcos.</strong></span> <span class='ocrx_word' id='word_1_646' title='bbox 2951 3876 3103 3935; x_wconf 87' lang='lat' dir='ltr'><strong>Unde</strong></span> <span class='ocrx_word' id='word_1_647' title='bbox 3141 3887 3196 3936; x_wconf 86' lang='lat' dir='ltr'><strong>et</strong></span> <span class='ocrx_word' id='word_1_648' title='bbox 3223 3882 3426 3942; x_wconf 88' lang='lat' dir='ltr'><strong>Paulus</strong></span> <span class='ocrx_word' id='word_1_649' title='bbox 3450 3884 3604 3941; x_wconf 84' lang='lat' dir='ltr'><strong>dicit:</strong></span> <span class='ocrx_word' id='word_1_650' title='bbox 3627 3882 3707 3937; x_wconf 75' lang='lat' dir='ltr'><strong>Lac</strong></span> <span class='ocrx_word' id='word_1_651' title='bbox 3724 3879 3806 3935; x_wconf 68' lang='lat' dir='ltr'><strong>ubi:</strong></span> 
     </span>
    </p>
   </div>
   <div class='ocr_carea' id='block_1_83' title="bbox 2348 3960 3806 4045">
    <p class='ocr_par' dir='ltr' id='par_1_83' title="bbox 2348 3960 3806 4045">
     <span class='ocr_line' id='line_1_83' title="bbox 2348 3960 3806 4045; baseline 0.015 -35"><span class='ocrx_word' id='word_1_652' title='bbox 2348 3967 2528 4028; x_wconf 86' lang='lat' dir='ltr'><strong>potum</strong></span> <span class='ocrx_word' id='word_1_653' title='bbox 2554 3960 2676 4017; x_wconf 92' lang='lat' dir='ltr'><strong>dedi</strong></span> <span class='ocrx_word' id='word_1_654' title='bbox 2704 3980 2808 4019; x_wconf 88' lang='lat' dir='ltr'><strong>non</strong></span> <span class='ocrx_word' id='word_1_655' title='bbox 2833 3982 3028 4034; x_wconf 86' lang='lat' dir='ltr'><strong>escam,</strong></span> <span class='ocrx_word' id='word_1_656' title='bbox 3056 3970 3283 4028; x_wconf 81' lang='lat' dir='ltr'><strong>necdum</strong></span> <span class='ocrx_word' id='word_1_657' title='bbox 3321 3975 3456 4031; x_wconf 79' lang='lat' dir='ltr'><strong>enim</strong></span> <span class='ocrx_word' id='word_1_658' title='bbox 3493 3990 3649 4045; x_wconf 75' lang='lat' dir='ltr'><strong>capere</strong></span> <span class='ocrx_word' id='word_1_659' title='bbox 3679 3982 3806 4044; x_wconf 72' lang='lat' dir='ltr'><strong>pum-</strong></span> 
     </span>
    </p>
   </div>
   <div class='ocr_carea' id='block_1_84' title="bbox 2351 4049 3805 4132">
    <p class='ocr_par' dir='ltr' id='par_1_84' title="bbox 2351 4049 3805 4132">
     <span class='ocr_line' id='line_1_84' title="bbox 2351 4049 3805 4132; baseline 0.013 -30"><span class='ocrx_word' id='word_1_660' title='bbox 2351 4049 2417 4104; x_wconf 85' lang='lat' dir='ltr'><strong>tis</strong></span> <span class='ocrx_word' id='word_1_661' title='bbox 2447 4049 2501 4122; x_wconf 91' lang='lat' dir='ltr'><strong>(I</strong></span> <span class='ocrx_word' id='word_1_662' title='bbox 2524 4049 2646 4109; x_wconf 87' lang='lat' dir='ltr'><strong>Cor.</strong></span> <span class='ocrx_word' id='word_1_663' title='bbox 2675 4070 2759 4122; x_wconf 83' lang='lat' dir='ltr'><strong>ut,</strong></span> <span class='ocrx_word' id='word_1_664' title='bbox 2781 4056 2859 4127; x_wconf 77' lang='lat'><strong>2).</strong></span> <span class='ocrx_word' id='word_1_665' title='bbox 2904 4057 3216 4132; x_wconf 84' lang='lat' dir='ltr'><strong>Electioque</strong></span> <span class='ocrx_word' id='word_1_666' title='bbox 3244 4063 3416 4131; x_wconf 67' lang='lat' dir='ltr'><strong>ludar,</strong></span> <span class='ocrx_word' id='word_1_667' title='bbox 3439 4076 3491 4122; x_wconf 89' lang='lat' dir='ltr'><strong>et</strong></span> <span class='ocrx_word' id='word_1_668' title='bbox 3523 4060 3805 4122; x_wconf 69' lang='lat' dir='ltr'><strong>Saulisuclio.</strong></span> 
     </span>
    </p>
   </div>
   <div class='ocr_carea' id='block_1_85' title="bbox 2353 4146 3803 4224">
    <p class='ocr_par' dir='ltr' id='par_1_85' title="bbox 2353 4146 3803 4224">
     <span class='ocr_line' id='line_1_85' title="bbox 2353 4146 3803 4224; baseline 0.013 -29"><span class='ocrx_word' id='word_1_669' title='bbox 2353 4155 2462 4196; x_wconf 89' lang='lat' dir='ltr'><strong>non</strong></span> <span class='ocrx_word' id='word_1_670' title='bbox 2490 4154 2723 4214; x_wconf 89' lang='lat' dir='ltr'><strong>arguunt</strong></span> <span class='ocrx_word' id='word_1_671' title='bbox 2743 4146 2909 4204; x_wconf 91' lang='lat' dir='ltr'><strong>Deum</strong></span> <span class='ocrx_word' id='word_1_672' title='bbox 2940 4150 3273 4221; x_wconf 52' lang='lat' dir='ltr'><strong>ignorantiae.</strong></span> <span class='ocrx_word' id='word_1_673' title='bbox 3288 4154 3597 4223; x_wconf 80' lang='lat' dir='ltr'><strong>futurorum,</strong></span> <span class='ocrx_word' id='word_1_674' title='bbox 3628 4154 3700 4212; x_wconf 82' lang='lat' dir='ltr'><strong>sed</strong></span> <span class='ocrx_word' id='word_1_675' title='bbox 3720 4167 3803 4224; x_wconf 68' lang='lat' dir='ltr'><strong>pn-</strong></span> 
     </span>
    </p>
   </div>
   <div class='ocr_carea' id='block_1_86' title="bbox 2349 4233 3803 4324">
    <p class='ocr_par' dir='ltr' id='par_1_86' title="bbox 2349 4233 3803 4324">
     <span class='ocr_line' id='line_1_86' title="bbox 2349 4233 3803 4324; baseline 0.017 -37"><span class='ocrx_word' id='word_1_676' title='bbox 2349 4233 2584 4290; x_wconf 90' lang='lat' dir='ltr'><strong>sentium</strong></span> <span class='ocrx_word' id='word_1_677' title='bbox 2610 4248 2914 4311; x_wconf 84' lang='lat' dir='ltr'><strong>monstrant</strong></span> <span class='ocrx_word' id='word_1_678' title='bbox 2936 4256 3057 4300; x_wconf 88' lang='lat' dir='ltr'><strong>esse</strong></span> <span class='ocrx_word' id='word_1_679' title='bbox 3098 4244 3386 4324; x_wconf 65' lang='lat' dir='ltr'><strong>iudicem]</strong></span> <span class='ocrx_word' id='word_1_680' title='bbox 3428 4253 3467 4323; x_wconf 70' lang='grc' dir='ltr'><strong>-ι-</strong></span> <span class='ocrx_word' id='word_1_681' title='bbox 3500 4245 3803 4315; x_wconf 63' lang='grc' dir='ltr'><strong>Δωῢιοείυβι</strong></span> 
     </span>
    </p>
   </div>
   <div class='ocr_carea' id='block_1_87' title="bbox 2348 4322 3239 4411">
    <p class='ocr_par' dir='ltr' id='par_1_87' title="bbox 2348 4322 3239 4411">
     <span class='ocr_line' id='line_1_87' title="bbox 2348 4322 3239 4411; baseline 0.02 -33"><span class='ocrx_word' id='word_1_682' title='bbox 2348 4322 2590 4396; x_wconf 79' lang='lat' dir='ltr'><strong>Epistula</strong></span> <span class='ocrx_word' id='word_1_683' title='bbox 2616 4330 2687 4384; x_wconf 90' lang='lat' dir='ltr'><strong>ad</strong></span> <span class='ocrx_word' id='word_1_684' title='bbox 2712 4330 2975 4389; x_wconf 85' lang='lat' dir='ltr'><strong>Romanos</strong></span> <span class='ocrx_word' id='word_1_685' title='bbox 2998 4351 3077 4404; x_wconf 79' lang='lat' dir='ltr'><strong>1x,</strong></span> <span class='ocrx_word' id='word_1_686' title='bbox 3102 4337 3192 4411; x_wconf 80' lang='grc' dir='ltr'><strong>Η)</strong></span> <span class='ocrx_word' id='word_1_687' title='bbox 3222 4359 3239 4395; x_wconf 94' lang='lat'><strong>:</strong></span> 
     </span>
    </p>
   </div>
   <div class='ocr_carea' id='block_1_88' title="bbox 2419 4415 3805 4503">
    <p class='ocr_par' dir='ltr' id='par_1_88' title="bbox 2419 4415 3805 4503">
     <span class='ocr_line' id='line_1_88' title="bbox 2419 4415 3805 4503; baseline 0.021 -31"><span class='ocrx_word' id='word_1_688' title='bbox 2419 4415 2786 4491; x_wconf 68' lang='lat' dir='ltr'><strong>[Praescieutia</strong></span> <span class='ocrx_word' id='word_1_689' title='bbox 2826 4424 2921 4481; x_wconf 90' lang='lat' dir='ltr'><strong>Dei</strong></span> <span class='ocrx_word' id='word_1_690' title='bbox 2964 4426 3171 4501; x_wconf 80' lang='lat' dir='ltr'><strong>ﬂagitat</strong></span> <span class='ocrx_word' id='word_1_691' title='bbox 3211 4431 3269 4488; x_wconf 92' lang='lat' dir='ltr'><strong>in</strong></span> <span class='ocrx_word' id='word_1_692' title='bbox 3313 4433 3401 4492; x_wconf 91' lang='lat' dir='ltr'><strong>his</strong></span> <span class='ocrx_word' id='word_1_693' title='bbox 3427 4435 3603 4497; x_wconf 50' lang='lat' dir='ltr'><strong>musis</strong></span> <span class='ocrx_word' id='word_1_694' title='bbox 3642 4440 3805 4503; x_wconf 68' lang='grc'><strong>(11³³³³⁸</strong></span> 
     </span>
    </p>
   </div>
   <div class='ocr_carea' id='block_1_89' title="bbox 2347 4506 3805 4591">
    <p class='ocr_par' dir='ltr' id='par_1_89' title="bbox 2347 4506 3805 4591">
     <span class='ocr_line' id='line_1_89' title="bbox 2347 4506 3805 4591; baseline 0.016 -30"><span class='ocrx_word' id='word_1_695' title='bbox 2347 4506 2492 4564; x_wconf 90' lang='lat' dir='ltr'><strong>aliud</strong></span> <span class='ocrx_word' id='word_1_696' title='bbox 2511 4519 2687 4581; x_wconf 89' lang='lat' dir='ltr'><strong>potest</strong></span> <span class='ocrx_word' id='word_1_697' title='bbox 2706 4515 2945 4581; x_wconf 83' lang='lat' dir='ltr'><strong>evenire,</strong></span> <span class='ocrx_word' id='word_1_698' title='bbox 2958 4532 3120 4587; x_wconf 86' lang='lat' dir='ltr'><strong>quam</strong></span> <span class='ocrx_word' id='word_1_699' title='bbox 3143 4525 3291 4591; x_wconf 90' lang='lat' dir='ltr'><strong>quod</strong></span> <span class='ocrx_word' id='word_1_700' title='bbox 3316 4524 3459 4581; x_wconf 90' lang='lat' dir='ltr'><strong>Deus</strong></span> <span class='ocrx_word' id='word_1_701' title='bbox 3474 4518 3805 4587; x_wconf 41' lang='lat' dir='ltr'><strong>futurum.”</strong></span> 
     </span>
    </p>
   </div>
   <div class='ocr_carea' id='block_1_90' title="bbox 673 4572 3891 4689">
    <p class='ocr_par' dir='ltr' id='par_1_90' title="bbox 673 4572 3891 4689">
     <span class='ocr_line' id='line_1_90' title="bbox 673 4572 3891 4689; baseline -0.011 1"><span class='ocrx_word' id='word_1_702' title='bbox 673 4575 821 4631; x_wconf 48' lang='grc' dir='ltr'><strong>(κη’</strong></span> <span class='ocrx_word' id='word_1_703' title='bbox 852 4576 1300 4651; x_wconf 52' lang='lat' dir='ltr'><strong>Transﬂessoms</strong></span> <span class='ocrx_word' id='word_1_704' title='bbox 1351 4594 1530 4641; x_wconf 67' lang='lat' dir='ltr'><strong>amem</strong></span> <span class='ocrx_word' id='word_1_705' title='bbox 1580 4597 1634 4644; x_wconf 69' lang='grc'><strong>⁸⁸</strong></span> <span class='ocrx_word' id='word_1_706' title='bbox 1687 4572 1881 4662; x_wconf 38' lang='lat' dir='ltr'><strong>impios</strong></span> <span class='ocrx_word' id='word_1_707' title='bbox 1922 4595 2017 4666; x_wconf 71' lang='grc' dir='ltr'><strong>(ἰαί</strong></span> <span class='ocrx_word' id='word_1_708' title='bbox 2062 4597 2243 4653; x_wconf 61' lang='lat' dir='ltr'><strong>cordis</strong></span> <span class='ocrx_word' id='word_1_709' title='bbox 2272 4572 2323 4633; x_wconf 67' lang='grc' dir='ltr'><strong>θ</strong></span> <span class='ocrx_word' id='word_1_710' title='bbox 2348 4599 2475 4654; x_wconf 73' lang='lat' dir='ltr'><strong>dum</strong></span> <span class='ocrx_word' id='word_1_711' title='bbox 2511 4572 2646 4674; x_wconf 48' lang='lat' dir='ltr'><strong>.[al.,</strong></span> <span class='ocrx_word' id='word_1_712' title='bbox 2701 4572 2945 4681; x_wconf 66' lang='lat' dir='ltr'><strong>sciendOj</strong></span> <span class='ocrx_word' id='word_1_713' title='bbox 2975 4572 3352 4685; x_wconf 43' lang='lat' dir='ltr'><strong>leniinjilbod—</strong></span> <span class='ocrx_word' id='word_1_714' title='bbox 3365 4572 3805 4689; x_wconf 41' lang='lat' dir='ltr'><strong>huiushuius</strong></span> <span class='ocrx_word' id='word_1_715' title='bbox 3890 4644 3891 4653; x_wconf 31' lang='grc' dir='ltr'>χ</span> 
     </span>
    </p>
   </div>
   <div class='ocr_carea' id='block_1_91' title="bbox 671 4667 2243 4759">
    <p class='ocr_par' dir='ltr' id='par_1_91' title="bbox 671 4667 2243 4759">
     <span class='ocr_line' id='line_1_91' title="bbox 671 4667 2243 4759; baseline 0.016 -38"><span class='ocrx_word' id='word_1_716' title='bbox 671 4667 868 4724; x_wconf 87' lang='lat' dir='ltr'><strong>duritia</strong></span> <span class='ocrx_word' id='word_1_717' title='bbox 916 4670 972 4724; x_wconf 89' lang='lat' dir='ltr'><strong>in</strong></span> <span class='ocrx_word' id='word_1_718' title='bbox 1021 4671 1176 4728; x_wconf 89' lang='lat' dir='ltr'><strong>malis</strong></span> <span class='ocrx_word' id='word_1_719' title='bbox 1223 4674 1476 4744; x_wconf 90' lang='lat' dir='ltr'><strong>operibus</strong></span> <span class='ocrx_word' id='word_1_720' title='bbox 1514 4692 1883 4749; x_wconf 88' lang='lat' dir='ltr'><strong>perseverant,</strong></span> <span class='ocrx_word' id='word_1_721' title='bbox 1928 4687 2126 4759; x_wconf 85' lang='lat' dir='ltr'><strong>eligam</strong></span> <span class='ocrx_word' id='word_1_722' title='bbox 2174 4690 2243 4748; x_wconf 88' lang='lat' dir='ltr'><strong>de</strong></span> 
     </span>
    </p>
   </div>
   <div class='ocr_carea' id='block_1_92' title="bbox 669 4759 2242 4844">
    <p class='ocr_par' dir='ltr' id='par_1_92' title="bbox 669 4759 2242 4844">
     <span class='ocr_line' id='line_1_92' title="bbox 669 4759 2242 4844; baseline 0.015 -30"><span class='ocrx_word' id='word_1_723' title='bbox 669 4759 825 4817; x_wconf 82' lang='lat' dir='ltr'><strong>vobis</strong></span> <span class='ocrx_word' id='word_1_724' title='bbox 843 4776 948 4816; x_wconf 89' lang='lat' dir='ltr'><strong>non</strong></span> <span class='ocrx_word' id='word_1_725' title='bbox 990 4761 1057 4817; x_wconf 87' lang='lat' dir='ltr'><strong>ad</strong></span> <span class='ocrx_word' id='word_1_726' title='bbox 1089 4764 1491 4833; x_wconf 88' lang='lat' dir='ltr'><strong>possidendum,</strong></span> <span class='ocrx_word' id='word_1_727' title='bbox 1517 4771 1613 4825; x_wconf 92' lang='lat' dir='ltr'><strong>sed</strong></span> <span class='ocrx_word' id='word_1_728' title='bbox 1652 4772 1718 4827; x_wconf 89' lang='lat' dir='ltr'><strong>ad</strong></span> <span class='ocrx_word' id='word_1_729' title='bbox 1770 4772 2151 4844; x_wconf 87' lang='lat' dir='ltr'><strong>abjiciendum.</strong></span> <span class='ocrx_word' id='word_1_730' title='bbox 2176 4780 2242 4836; x_wconf 87' lang='lat' dir='ltr'><strong>Et</strong></span> 
     </span>
    </p>
   </div>
   <div class='ocr_carea' id='block_1_93' title="bbox 668 4850 2245 4926">
    <p class='ocr_par' dir='ltr' id='par_1_93' title="bbox 668 4850 2245 4926">
     <span class='ocr_line' id='line_1_93' title="bbox 668 4850 2245 4926; baseline 0.016 -23"><span class='ocrx_word' id='word_1_731' title='bbox 668 4850 894 4906; x_wconf 89' lang='lat' dir='ltr'><strong>educam</strong></span> <span class='ocrx_word' id='word_1_732' title='bbox 939 4851 1156 4921; x_wconf 88' lang='lat' dir='ltr'><strong>quidem</strong></span> <span class='ocrx_word' id='word_1_733' title='bbox 1208 4867 1303 4911; x_wconf 88' lang='lat' dir='ltr'><strong>eos</strong></span> <span class='ocrx_word' id='word_1_734' title='bbox 1343 4857 1409 4913; x_wconf 91' lang='lat' dir='ltr'><strong>de</strong></span> <span class='ocrx_word' id='word_1_735' title='bbox 1451 4866 1597 4915; x_wconf 86' lang='lat' dir='ltr'><strong>terra</strong></span> <span class='ocrx_word' id='word_1_736' title='bbox 1636 4860 1902 4922; x_wconf 88' lang='lat' dir='ltr'><strong>incolatus</strong></span> <span class='ocrx_word' id='word_1_737' title='bbox 1944 4883 2135 4925; x_wconf 91' lang='lat' dir='ltr'><strong>eorum</strong></span> <span class='ocrx_word' id='word_1_738' title='bbox 2183 4880 2245 4926; x_wconf 88' lang='lat' dir='ltr'><strong>ut</strong></span> 
     </span>
    </p>
   </div>
   <div class='ocr_carea' id='block_1_94' title="bbox 668 4942 2240 5025">
    <p class='ocr_par' dir='ltr' id='par_1_94' title="bbox 668 4942 2240 5025">
     <span class='ocr_line' id='line_1_94' title="bbox 668 4942 2240 5025; baseline 0.015 -29"><span class='ocrx_word' id='word_1_739' title='bbox 668 4942 847 4998; x_wconf 88' lang='lat' dir='ltr'><strong>educti</strong></span> <span class='ocrx_word' id='word_1_740' title='bbox 870 4960 976 4999; x_wconf 89' lang='lat' dir='ltr'><strong>non</strong></span> <span class='ocrx_word' id='word_1_741' title='bbox 1002 4946 1374 5018; x_wconf 84' lang='lat' dir='ltr'><strong>ingrediantur</strong></span> <span class='ocrx_word' id='word_1_742' title='bbox 1401 4958 1603 5007; x_wconf 87' lang='lat' dir='ltr'><strong>terram</strong></span> <span class='ocrx_word' id='word_1_743' title='bbox 1628 4953 1815 5025; x_wconf 86' lang='lat' dir='ltr'><strong>Israel,</strong></span> <span class='ocrx_word' id='word_1_744' title='bbox 1847 4961 1941 5015; x_wconf 89' lang='lat' dir='ltr'><strong>sed</strong></span> <span class='ocrx_word' id='word_1_745' title='bbox 1971 4960 2027 5017; x_wconf 89' lang='lat' dir='ltr'><strong>in</strong></span> <span class='ocrx_word' id='word_1_746' title='bbox 2056 4962 2240 5019; x_wconf 88' lang='lat' dir='ltr'><strong>diver-</strong></span> 
     </span>
    </p>
   </div>
   <div class='ocr_carea' id='block_1_95' title="bbox 670 5034 2244 5110">
    <p class='ocr_par' dir='ltr' id='par_1_95' title="bbox 670 5034 2244 5110">
     <span class='ocr_line' id='line_1_95' title="bbox 670 5034 2244 5110; baseline 0.013 -21"><span class='ocrx_word' id='word_1_747' title='bbox 670 5034 744 5089; x_wconf 90' lang='lat' dir='ltr'><strong>sis</strong></span> <span class='ocrx_word' id='word_1_748' title='bbox 770 5045 993 5105; x_wconf 89' lang='lat' dir='ltr'><strong>pereant</strong></span> <span class='ocrx_word' id='word_1_749' title='bbox 1021 5040 1351 5110; x_wconf 88' lang='lat' dir='ltr'><strong>regionibus.</strong></span> <span class='ocrx_word' id='word_1_750' title='bbox 1397 5052 1452 5099; x_wconf 88' lang='lat' dir='ltr'><strong>et</strong></span> <span class='ocrx_word' id='word_1_751' title='bbox 1482 5045 1828 5105; x_wconf 89' lang='lat' dir='ltr'><strong>distinctione</strong></span> <span class='ocrx_word' id='word_1_752' title='bbox 1874 5051 2139 5109; x_wconf 86' lang='lat' dir='ltr'><strong>bonorum</strong></span> <span class='ocrx_word' id='word_1_753' title='bbox 2187 5064 2244 5110; x_wconf 92' lang='lat' dir='ltr'><strong>et</strong></span> 
     </span>
    </p>
   </div>
   <div class='ocr_carea' id='block_1_96' title="bbox 667 5125 2245 5215">
    <p class='ocr_par' dir='ltr' id='par_1_96' title="bbox 667 5125 2245 5215">
     <span class='ocr_line' id='line_1_96' title="bbox 667 5125 2245 5215; baseline 0.015 -37"><span class='ocrx_word' id='word_1_754' title='bbox 667 5125 929 5182; x_wconf 87' lang='lat' dir='ltr'><strong>malorum</strong></span> <span class='ocrx_word' id='word_1_755' title='bbox 967 5132 1304 5200; x_wconf 87' lang='lat' dir='ltr'><strong>cognoscatis</strong></span> <span class='ocrx_word' id='word_1_756' title='bbox 1343 5133 1487 5204; x_wconf 90' lang='lat' dir='ltr'><strong>quod</strong></span> <span class='ocrx_word' id='word_1_757' title='bbox 1514 5150 1614 5207; x_wconf 89' lang='lat' dir='ltr'><strong>ego</strong></span> <span class='ocrx_word' id='word_1_758' title='bbox 1660 5140 1763 5192; x_wconf 90' lang='lat' dir='ltr'><strong>sim</strong></span> <span class='ocrx_word' id='word_1_759' title='bbox 1811 5137 1935 5212; x_wconf 88' lang='lat' dir='ltr'><strong>[al.,</strong></span> <span class='ocrx_word' id='word_1_760' title='bbox 1979 5144 2104 5214; x_wconf 90' lang='lat' dir='ltr'><strong>quia</strong></span> <span class='ocrx_word' id='word_1_761' title='bbox 2143 5160 2245 5215; x_wconf 86' lang='lat' dir='ltr'><strong>ego</strong></span> 
     </span>
    </p>
   </div>
   <div class='ocr_carea' id='block_1_97' title="bbox 666 5213 1930 5303">
    <p class='ocr_par' dir='ltr' id='par_1_97' title="bbox 666 5213 1930 5303">
     <span class='ocr_line' id='line_1_97' title="bbox 666 5213 1930 5303; baseline 0.013 -35"><span class='ocrx_word' id='word_1_762' title='bbox 666 5213 824 5286; x_wconf 88' lang='lat' dir='ltr'><strong>sum]</strong></span> <span class='ocrx_word' id='word_1_763' title='bbox 873 5216 1130 5275; x_wconf 91' lang='lat' dir='ltr'><strong>Dominus</strong></span> <span class='ocrx_word' id='word_1_764' title='bbox 1164 5221 1252 5291; x_wconf 92' lang='lat' dir='ltr'><strong>qui</strong></span> <span class='ocrx_word' id='word_1_765' title='bbox 1280 5221 1420 5278; x_wconf 85' lang='lat' dir='ltr'><strong>facio</strong></span> <span class='ocrx_word' id='word_1_766' title='bbox 1458 5235 1650 5281; x_wconf 91' lang='lat' dir='ltr'><strong>cuncta</strong></span> <span class='ocrx_word' id='word_1_767' title='bbox 1682 5226 1930 5303; x_wconf 90' lang='lat' dir='ltr'><strong>judicio].</strong></span> 
     </span>
    </p>
   </div>
   <div class='ocr_carea' id='block_1_98' title="bbox 739 5302 2243 5384">
    <p class='ocr_par' dir='ltr' id='par_1_98' title="bbox 739 5302 2243 5384">
     <span class='ocr_line' id='line_1_98' title="bbox 739 5302 2243 5384; baseline 0.015 -25"><span class='ocrx_word' id='word_1_768' title='bbox 739 5302 780 5374; x_wconf 67' lang='grc' dir='ltr'><strong>ἰ-</strong></span> <span class='ocrx_word' id='word_1_769' title='bbox 817 5302 998 5361; x_wconf 88' lang='lat' dir='ltr'><strong>Claret</strong></span> <span class='ocrx_word' id='word_1_770' title='bbox 1053 5307 1230 5378; x_wconf 89' lang='lat' dir='ltr'><strong>itaque</strong></span> <span class='ocrx_word' id='word_1_771' title='bbox 1273 5310 1589 5368; x_wconf 91' lang='lat' dir='ltr'><strong>electionem</strong></span> <span class='ocrx_word' id='word_1_772' title='bbox 1648 5315 1742 5371; x_wconf 90' lang='lat' dir='ltr'><strong>Dei</strong></span> <span class='ocrx_word' id='word_1_773' title='bbox 1790 5302 1955 5374; x_wconf 87' lang='lat' dir='ltr'><strong>etiam</strong></span> <span class='ocrx_word' id='word_1_774' title='bbox 2006 5337 2061 5378; x_wconf 85' lang='grc' dir='ltr'><strong>ιη</strong></span> <span class='ocrx_word' id='word_1_775' title='bbox 2102 5327 2243 5384; x_wconf 91' lang='lat' dir='ltr'><strong>malo</strong></span> 
     </span>
    </p>
   </div>
   <div class='ocr_carea' id='block_1_99' title="bbox 667 5395 2244 5478">
    <p class='ocr_par' dir='ltr' id='par_1_99' title="bbox 667 5395 2244 5478">
     <span class='ocr_line' id='line_1_99' title="bbox 667 5395 2244 5478; baseline 0.016 -30"><span class='ocrx_word' id='word_1_776' title='bbox 667 5395 793 5463; x_wconf 88' lang='lat' dir='ltr'><strong>poni</strong></span> <span class='ocrx_word' id='word_1_777' title='bbox 820 5401 1110 5453; x_wconf 89' lang='lat' dir='ltr'><strong>secundum</strong></span> <span class='ocrx_word' id='word_1_778' title='bbox 1142 5404 1507 5473; x_wconf 90' lang='lat' dir='ltr'><strong>propheticam</strong></span> <span class='ocrx_word' id='word_1_779' title='bbox 1533 5408 1964 5478; x_wconf 89' lang='lat' dir='ltr'><strong>astipulatiouem</strong></span> <span class='ocrx_word' id='word_1_780' title='bbox 1986 5423 2040 5470; x_wconf 91' lang='lat' dir='ltr'><strong>et</strong></span> <span class='ocrx_word' id='word_1_781' title='bbox 2060 5416 2244 5472; x_wconf 91' lang='lat' dir='ltr'><strong>Domi-</strong></span> 
     </span>
    </p>
   </div>
   <div class='ocr_carea' id='block_1_100' title="bbox 668 5482 2240 5578">
    <p class='ocr_par' dir='ltr' id='par_1_100' title="bbox 668 5482 2240 5578">
     <span class='ocr_line' id='line_1_100' title="bbox 668 5482 2240 5578; baseline 0.017 -41"><span class='ocrx_word' id='word_1_782' title='bbox 668 5482 724 5539; x_wconf 90' lang='lat' dir='ltr'><strong>ni</strong></span> <span class='ocrx_word' id='word_1_783' title='bbox 750 5486 1242 5545; x_wconf 89' lang='lat' dir='ltr'><strong>comminationem.</strong></span> <span class='ocrx_word' id='word_1_784' title='bbox 1272 5490 1493 5557; x_wconf 84' lang='lat' dir='ltr'><strong>Verum,</strong></span> <span class='ocrx_word' id='word_1_785' title='bbox 1515 5499 1660 5567; x_wconf 90' lang='lat' dir='ltr'><strong>quod</strong></span> <span class='ocrx_word' id='word_1_786' title='bbox 1689 5504 2069 5572; x_wconf 90' lang='lat' dir='ltr'><strong>temporariam</strong></span> <span class='ocrx_word' id='word_1_787' title='bbox 2105 5523 2240 5578; x_wconf 83' lang='lat' dir='ltr'><strong>quo-</strong></span> 
     </span>
    </p>
   </div>
   <div class='ocr_carea' id='block_1_101' title="bbox 668 5576 2237 5656">
    <p class='ocr_par' dir='ltr' id='par_1_101' title="bbox 668 5576 2237 5656">
     <span class='ocr_line' id='line_1_101' title="bbox 668 5576 2237 5656; baseline 0.018 -30"><span class='ocrx_word' id='word_1_788' title='bbox 668 5588 773 5642; x_wconf 89' lang='lat' dir='ltr'><strong>que</strong></span> <span class='ocrx_word' id='word_1_789' title='bbox 821 5576 1271 5647; x_wconf 85' lang='lat' dir='ltr'><strong>dispensationem</strong></span> <span class='ocrx_word' id='word_1_790' title='bbox 1317 5585 1604 5656; x_wconf 81' lang='lat' dir='ltr'><strong>signiticet,</strong></span> <span class='ocrx_word' id='word_1_791' title='bbox 1636 5600 1902 5648; x_wconf 90' lang='lat' dir='ltr'><strong>testantur</strong></span> <span class='ocrx_word' id='word_1_792' title='bbox 1946 5576 2135 5655; x_wconf 83' lang='lat' dir='ltr'><strong>eximii</strong></span> <span class='ocrx_word' id='word_1_793' title='bbox 2157 5601 2237 5655; x_wconf 87' lang='lat' dir='ltr'><strong>di-</strong></span> 
     </span>
    </p>
   </div>
   <div class='ocr_carea' id='block_1_102' title="bbox 666 5662 2231 5758">
    <p class='ocr_par' dir='ltr' id='par_1_102' title="bbox 666 5662 2231 5758">
     <span class='ocr_line' id='line_1_102' title="bbox 666 5662 2231 5758; baseline 0.02 -43"><span class='ocrx_word' id='word_1_794' title='bbox 666 5662 911 5721; x_wconf 81' lang='lat' dir='ltr'><strong>vlnerum</strong></span> <span class='ocrx_word' id='word_1_795' title='bbox 961 5669 1296 5740; x_wconf 89' lang='lat' dir='ltr'><strong>eloquiorum</strong></span> <span class='ocrx_word' id='word_1_796' title='bbox 1349 5686 1689 5747; x_wconf 87' lang='lat' dir='ltr'><strong>tractatores,</strong></span> <span class='ocrx_word' id='word_1_797' title='bbox 1737 5686 1829 5755; x_wconf 90' lang='lat' dir='ltr'><strong>qui</strong></span> <span class='ocrx_word' id='word_1_798' title='bbox 1876 5703 2148 5758; x_wconf 89' lang='lat' dir='ltr'><strong>nunquam</strong></span> <span class='ocrx_word' id='word_1_799' title='bbox 2201 5707 2231 5746; x_wconf 85' lang='lat' dir='ltr'><strong>a</strong></span> 
     </span>
    </p>
   </div>
   <div class='ocr_carea' id='block_1_103' title="bbox 2347 4692 3804 4777">
    <p class='ocr_par' dir='ltr' id='par_1_103' title="bbox 2347 4692 3804 4777">
     <span class='ocr_line' id='line_1_103' title="bbox 2347 4692 3804 4777; baseline 0.016 -33"><span class='ocrx_word' id='word_1_800' title='bbox 2347 4705 2466 4745; x_wconf 91' lang='lat' dir='ltr'><strong>rum</strong></span> <span class='ocrx_word' id='word_1_801' title='bbox 2497 4692 2672 4761; x_wconf 89' lang='lat' dir='ltr'><strong>qualis</strong></span> <span class='ocrx_word' id='word_1_802' title='bbox 2700 4693 2913 4754; x_wconf 80' lang='lat' dir='ltr'><strong>futurus</strong></span> <span class='ocrx_word' id='word_1_803' title='bbox 2937 4710 3101 4768; x_wconf 87' lang='lat' dir='ltr'><strong>esset,</strong></span> <span class='ocrx_word' id='word_1_804' title='bbox 3134 4703 3272 4761; x_wconf 86' lang='lat' dir='ltr'><strong>dixit</strong></span> <span class='ocrx_word' id='word_1_805' title='bbox 3301 4724 3317 4762; x_wconf 87' lang='lat'><strong>:</strong></span> <span class='ocrx_word' id='word_1_806' title='bbox 3350 4706 3445 4763; x_wconf 81' lang='lat' dir='ltr'><strong>Hic</strong></span> <span class='ocrx_word' id='word_1_807' title='bbox 3473 4708 3568 4764; x_wconf 89' lang='lat' dir='ltr'><strong>erit</strong></span> <span class='ocrx_word' id='word_1_808' title='bbox 3586 4706 3731 4777; x_wconf 70' lang='lat' dir='ltr'><strong>dignas</strong></span> <span class='ocrx_word' id='word_1_809' title='bbox 3750 4695 3804 4768; x_wconf 71' lang='grc' dir='ltr'><strong>(Ιά</strong></span> 
     </span>
    </p>
   </div>
   <div class='ocr_carea' id='block_1_104' title="bbox 2346 4779 3803 4868">
    <p class='ocr_par' dir='ltr' id='par_1_104' title="bbox 2346 4779 3803 4868">
     <span class='ocr_line' id='line_1_104' title="bbox 2346 4779 3803 4868; baseline 0.012 -36"><span class='ocrx_word' id='word_1_810' title='bbox 2346 4779 2452 4834; x_wconf 88' lang='lat' dir='ltr'><strong>erit</strong></span> <span class='ocrx_word' id='word_1_811' title='bbox 2478 4780 2673 4851; x_wconf 89' lang='lat' dir='ltr'><strong>minor,</strong></span> <span class='ocrx_word' id='word_1_812' title='bbox 2704 4793 2759 4839; x_wconf 91' lang='lat' dir='ltr'><strong>et</strong></span> <span class='ocrx_word' id='word_1_813' title='bbox 2802 4788 2894 4857; x_wconf 91' lang='lat' dir='ltr'><strong>qui</strong></span> <span class='ocrx_word' id='word_1_814' title='bbox 2926 4788 3099 4858; x_wconf 86' lang='lat' dir='ltr'><strong>major</strong></span> <span class='ocrx_word' id='word_1_815' title='bbox 3144 4794 3252 4849; x_wconf 89' lang='lat' dir='ltr'><strong>erit</strong></span> <span class='ocrx_word' id='word_1_816' title='bbox 3300 4795 3545 4868; x_wconf 88' lang='lat' dir='ltr'><strong>indignus</strong></span> <span class='ocrx_word' id='word_1_817' title='bbox 3583 4792 3703 4866; x_wconf 76' lang='lat' dir='ltr'><strong>(Ges.</strong></span> <span class='ocrx_word' id='word_1_818' title='bbox 3726 4800 3803 4845; x_wconf 71' lang='grc' dir='ltr'><strong>ων</strong></span> 
     </span>
    </p>
   </div>
   <div class='ocr_carea' id='block_1_105' title="bbox 2345 4866 3804 4971">
    <p class='ocr_par' dir='ltr' id='par_1_105' title="bbox 2345 4866 3804 4971">
     <span class='ocr_line' id='line_1_105' title="bbox 2345 4866 3804 4971; baseline -0.003 -30"><span class='ocrx_word' id='word_1_819' title='bbox 2345 4866 2470 4940; x_wconf 68' lang='lat'><strong>23);</strong></span> <span class='ocrx_word' id='word_1_820' title='bbox 2519 4886 2683 4928; x_wconf 83' lang='lat' dir='ltr'><strong>unum</strong></span> <span class='ocrx_word' id='word_1_821' title='bbox 2734 4874 2894 4944; x_wconf 72' lang='lat' dir='ltr'><strong>elegit</strong></span> <span class='ocrx_word' id='word_1_822' title='bbox 2934 4881 3300 4951; x_wconf 81' lang='lat' dir='ltr'><strong>praescientia,</strong></span> <span class='ocrx_word' id='word_1_823' title='bbox 3336 4894 3394 4941; x_wconf 83' lang='lat' dir='ltr'><strong>et</strong></span> <span class='ocrx_word' id='word_1_824' title='bbox 3422 4866 3638 4940; x_wconf 70' lang='lat' dir='ltr'><strong>alterum</strong></span> <span class='ocrx_word' id='word_1_825' title='bbox 3675 4874 3804 4971; x_wconf 56' lang='lat' dir='ltr'><strong>aruit</strong></span> 
     </span>
    </p>
   </div>
   <div class='ocr_carea' id='block_1_106' title="bbox 2348 4958 3891 5046">
    <p class='ocr_par' dir='ltr' id='par_1_106' title="bbox 2348 4958 3891 5046">
     <span class='ocr_line' id='line_1_106' title="bbox 2348 4958 3891 5046; baseline -0.009 -15"><span class='ocrx_word' id='word_1_826' title='bbox 2348 4958 2503 5031; x_wconf 71' lang='lat' dir='ltr'><strong>(Mal-</strong></span> <span class='ocrx_word' id='word_1_827' title='bbox 2536 4978 2575 5029; x_wconf 72' lang='grc' dir='ltr'><strong>ι»</strong></span> <span class='ocrx_word' id='word_1_828' title='bbox 2606 4963 2695 5036; x_wconf 68' lang='lat' dir='ltr'><strong>2)i</strong></span> <span class='ocrx_word' id='word_1_829' title='bbox 2743 4975 2798 5021; x_wconf 71' lang='grc' dir='ltr'><strong>ει</strong></span> <span class='ocrx_word' id='word_1_830' title='bbox 2826 4966 2879 5021; x_wconf 79' lang='lat' dir='ltr'><strong>ill</strong></span> <span class='ocrx_word' id='word_1_831' title='bbox 2906 4969 2999 5025; x_wconf 82' lang='lat' dir='ltr'><strong>illo</strong></span> <span class='ocrx_word' id='word_1_832' title='bbox 3039 4987 3201 5042; x_wconf 82' lang='lat' dir='ltr'><strong>quem</strong></span> <span class='ocrx_word' id='word_1_833' title='bbox 3234 4973 3419 5046; x_wconf 88' lang='lat' dir='ltr'><strong>elegit,</strong></span> <span class='ocrx_word' id='word_1_834' title='bbox 3446 4972 3723 5046; x_wconf 71' lang='lat' dir='ltr'><strong>propositum</strong></span> <span class='ocrx_word' id='word_1_835' title='bbox 3748 4962 3803 5019; x_wconf 79' lang='lat' dir='ltr'><strong>Dei</strong></span> <span class='ocrx_word' id='word_1_836' title='bbox 3890 4968 3891 5019; x_wconf 66' lang='grc' dir='ltr'><em>ξ</em></span> 
     </span>
    </p>
   </div>
   <div class='ocr_carea' id='block_1_107' title="bbox 2345 5056 3804 5137">
    <p class='ocr_par' dir='ltr' id='par_1_107' title="bbox 2345 5056 3804 5137">
     <span class='ocr_line' id='line_1_107' title="bbox 2345 5056 3804 5137; baseline 0.011 -32"><span class='ocrx_word' id='word_1_837' title='bbox 2345 5062 2548 5120; x_wconf 89' lang='lat' dir='ltr'><strong>manet,</strong></span> <span class='ocrx_word' id='word_1_838' title='bbox 2580 5056 2704 5125; x_wconf 91' lang='lat' dir='ltr'><strong>quia</strong></span> <span class='ocrx_word' id='word_1_839' title='bbox 2730 5057 2875 5114; x_wconf 92' lang='lat' dir='ltr'><strong>aliud</strong></span> <span class='ocrx_word' id='word_1_840' title='bbox 2919 5077 3027 5119; x_wconf 90' lang='lat' dir='ltr'><strong>non</strong></span> <span class='ocrx_word' id='word_1_841' title='bbox 3072 5074 3248 5136; x_wconf 90' lang='lat' dir='ltr'><strong>potest</strong></span> <span class='ocrx_word' id='word_1_842' title='bbox 3301 5069 3480 5125; x_wconf 89' lang='lat' dir='ltr'><strong>venire</strong></span> <span class='ocrx_word' id='word_1_843' title='bbox 3522 5080 3657 5137; x_wconf 88' lang='lat' dir='ltr'><strong>quam</strong></span> <span class='ocrx_word' id='word_1_844' title='bbox 3682 5059 3804 5117; x_wconf 64' lang='grc' dir='ltr'><strong>δάιε</strong></span> 
     </span>
    </p>
   </div>
   <div class='ocr_carea' id='block_1_108' title="bbox 2342 5146 3804 5229">
    <p class='ocr_par' dir='ltr' id='par_1_108' title="bbox 2342 5146 3804 5229">
     <span class='ocr_line' id='line_1_108' title="bbox 2342 5146 3804 5229; baseline 0.009 -32"><span class='ocrx_word' id='word_1_845' title='bbox 2342 5146 2624 5214; x_wconf 90' lang='lat' dir='ltr'><strong>proposuit</strong></span> <span class='ocrx_word' id='word_1_846' title='bbox 2644 5148 2698 5202; x_wconf 91' lang='lat' dir='ltr'><strong>in</strong></span> <span class='ocrx_word' id='word_1_847' title='bbox 2725 5148 2840 5216; x_wconf 87' lang='lat' dir='ltr'><strong>illo,</strong></span> <span class='ocrx_word' id='word_1_848' title='bbox 2862 5160 2920 5205; x_wconf 90' lang='lat' dir='ltr'><strong>ut</strong></span> <span class='ocrx_word' id='word_1_849' title='bbox 2942 5153 3115 5209; x_wconf 86' lang='lat' dir='ltr'><strong>salute</strong></span> <span class='ocrx_word' id='word_1_850' title='bbox 3135 5157 3329 5229; x_wconf 88' lang='lat' dir='ltr'><strong>dignus</strong></span> <span class='ocrx_word' id='word_1_851' title='bbox 3352 5159 3441 5214; x_wconf 86' lang='lat' dir='ltr'><strong>sit.</strong></span> <span class='ocrx_word' id='word_1_852' title='bbox 3472 5158 3534 5214; x_wconf 84' lang='lat' dir='ltr'><strong>Et</strong></span> <span class='ocrx_word' id='word_1_853' title='bbox 3551 5158 3598 5213; x_wconf 89' lang='lat' dir='ltr'><strong>in</strong></span> <span class='ocrx_word' id='word_1_854' title='bbox 3614 5154 3804 5220; x_wconf 66' lang='lat' dir='ltr'><strong>illoque!</strong></span> 
     </span>
    </p>
   </div>
   <div class='ocr_carea' id='block_1_109' title="bbox 2343 5237 3804 5337">
    <p class='ocr_par' dir='ltr' id='par_1_109' title="bbox 2343 5237 3804 5337">
     <span class='ocr_line' id='line_1_109' title="bbox 2343 5237 3804 5337; baseline 0.012 -48"><span class='ocrx_word' id='word_1_855' title='bbox 2343 5238 2552 5306; x_wconf 78' lang='lat' dir='ltr'><strong>Spernit</strong></span> <span class='ocrx_word' id='word_1_856' title='bbox 2578 5237 2697 5310; x_wconf 90' lang='lat' dir='ltr'><strong>[al.,</strong></span> <span class='ocrx_word' id='word_1_857' title='bbox 2728 5242 2971 5316; x_wconf 86' lang='lat' dir='ltr'><strong>sprevit],</strong></span> <span class='ocrx_word' id='word_1_858' title='bbox 3004 5245 3168 5302; x_wconf 89' lang='lat' dir='ltr'><strong>simili</strong></span> <span class='ocrx_word' id='word_1_859' title='bbox 3196 5249 3357 5305; x_wconf 87' lang='lat' dir='ltr'><strong>modo</strong></span> <span class='ocrx_word' id='word_1_860' title='bbox 3384 5242 3804 5337; x_wconf 84' lang='lat' dir='ltr'><strong>manet</strong></span> 
     </span>
    </p>
   </div>
   <div class='ocr_carea' id='block_1_110' title="bbox 2344 5327 3805 5411">
    <p class='ocr_par' dir='ltr' id='par_1_110' title="bbox 2344 5327 3805 5411">
     <span class='ocr_line' id='line_1_110' title="bbox 2344 5327 3805 5411; baseline 0.007 -30"><span class='ocrx_word' id='word_1_861' title='bbox 2344 5327 2489 5397; x_wconf 92' lang='lat' dir='ltr'><strong>quod</strong></span> <span class='ocrx_word' id='word_1_862' title='bbox 2510 5332 2787 5402; x_wconf 89' lang='lat' dir='ltr'><strong>proposuit</strong></span> <span class='ocrx_word' id='word_1_863' title='bbox 2808 5332 2873 5388; x_wconf 91' lang='lat' dir='ltr'><strong>de</strong></span> <span class='ocrx_word' id='word_1_864' title='bbox 2902 5333 3016 5402; x_wconf 93' lang='lat' dir='ltr'><strong>illo,</strong></span> <span class='ocrx_word' id='word_1_865' title='bbox 3038 5337 3166 5406; x_wconf 86' lang='lat' dir='ltr'><strong>quia</strong></span> <span class='ocrx_word' id='word_1_866' title='bbox 3190 5339 3441 5411; x_wconf 88' lang='lat' dir='ltr'><strong>indignus</strong></span> <span class='ocrx_word' id='word_1_867' title='bbox 3464 5342 3576 5396; x_wconf 87' lang='lat' dir='ltr'><strong>erit.</strong></span> <span class='ocrx_word' id='word_1_868' title='bbox 3602 5327 3805 5402; x_wconf 61' lang='lat' dir='ltr'><strong>Hocqlﬂ&#39;</strong></span> 
     </span>
    </p>
   </div>
   <div class='ocr_carea' id='block_1_111' title="bbox 2347 5418 3806 5503">
    <p class='ocr_par' dir='ltr' id='par_1_111' title="bbox 2347 5418 3806 5503">
     <span class='ocr_line' id='line_1_111' title="bbox 2347 5418 3806 5503; baseline 0.005 -30"><span class='ocrx_word' id='word_1_869' title='bbox 2347 5421 2607 5488; x_wconf 86' lang='lat' dir='ltr'><strong>praescius</strong></span> <span class='ocrx_word' id='word_1_870' title='bbox 2654 5437 2761 5478; x_wconf 91' lang='lat' dir='ltr'><strong>non</strong></span> <span class='ocrx_word' id='word_1_871' title='bbox 2808 5440 3157 5495; x_wconf 87' lang='lat' dir='ltr'><strong>personarum</strong></span> <span class='ocrx_word' id='word_1_872' title='bbox 3205 5441 3455 5503; x_wconf 87' lang='lat' dir='ltr'><strong>acceptor</strong></span> <span class='ocrx_word' id='word_1_873' title='bbox 3490 5430 3714 5503; x_wconf 73' lang='lat' dir='ltr'><strong>(Romx,</strong></span> <span class='ocrx_word' id='word_1_874' title='bbox 3736 5418 3806 5487; x_wconf 62' lang='lat' dir='ltr'><strong>l5)»</strong></span> 
     </span>
    </p>
   </div>
   <div class='ocr_carea' id='block_1_112' title="bbox 2344 5511 3805 5593">
    <p class='ocr_par' dir='ltr' id='par_1_112' title="bbox 2344 5511 3805 5593">
     <span class='ocr_line' id='line_1_112' title="bbox 2344 5511 3805 5593; baseline 0.016 -29"><span class='ocrx_word' id='word_1_875' title='bbox 2344 5525 2471 5565; x_wconf 87' lang='lat' dir='ltr'><strong>nam</strong></span> <span class='ocrx_word' id='word_1_876' title='bbox 2498 5514 2768 5569; x_wconf 90' lang='lat' dir='ltr'><strong>neminem</strong></span> <span class='ocrx_word' id='word_1_877' title='bbox 2810 5516 3031 5573; x_wconf 87' lang='lat' dir='ltr'><strong>damnat</strong></span> <span class='ocrx_word' id='word_1_878' title='bbox 3077 5530 3365 5592; x_wconf 83' lang='lat' dir='ltr'><strong>antequam</strong></span> <span class='ocrx_word' id='word_1_879' title='bbox 3392 5530 3583 5593; x_wconf 71' lang='lat' dir='ltr'><strong>peccet,</strong></span> <span class='ocrx_word' id='word_1_880' title='bbox 3607 5511 3805 5575; x_wconf 58' lang='lat' dir='ltr'><strong>etwa&quot;</strong></span> 
     </span>
    </p>
   </div>
   <div class='ocr_carea' id='block_1_113' title="bbox 2342 5602 3891 5682">
    <p class='ocr_par' dir='ltr' id='par_1_113' title="bbox 2342 5602 3891 5682">
     <span class='ocr_line' id='line_1_113' title="bbox 2342 5602 3891 5682; baseline 0.008 -26"><span class='ocrx_word' id='word_1_881' title='bbox 2342 5613 2566 5658; x_wconf 86' lang='lat' dir='ltr'><strong>coronat</strong></span> <span class='ocrx_word' id='word_1_882' title='bbox 2588 5615 2875 5676; x_wconf 87' lang='lat' dir='ltr'><strong>antequam</strong></span> <span class='ocrx_word' id='word_1_883' title='bbox 2902 5610 3081 5667; x_wconf 89' lang='lat' dir='ltr'><strong>vincat</strong></span> <span class='ocrx_word' id='word_1_884' title='bbox 3100 5610 3184 5682; x_wconf 82' lang='lat' dir='ltr'><strong>(Il</strong></span> <span class='ocrx_word' id='word_1_885' title='bbox 3214 5611 3348 5667; x_wconf 83' lang='lat' dir='ltr'><strong>Tim.</strong></span> <span class='ocrx_word' id='word_1_886' title='bbox 3373 5628 3433 5679; x_wconf 82' lang='grc' dir='ltr'><strong>ιι,</strong></span> <span class='ocrx_word' id='word_1_887' title='bbox 3460 5612 3529 5682; x_wconf 90' lang='lat'><strong>9).</strong></span> <span class='ocrx_word' id='word_1_888' title='bbox 3544 5602 3805 5678; x_wconf 67' lang='grc' dir='ltr'><strong>Ηοορεηίηα</strong></span> <span class='ocrx_word' id='word_1_889' title='bbox 3890 5602 3891 5679; x_wconf 47' lang='grc' dir='ltr'>ξ</span> 
     </span>
    </p>
   </div>
   <div class='ocr_carea' id='block_1_114' title="bbox 2340 5695 3891 5779">
    <p class='ocr_par' dir='ltr' id='par_1_114' title="bbox 2340 5695 3891 5779">
     <span class='ocr_line' id='line_1_114' title="bbox 2340 5695 3891 5779; baseline 0.012 -31"><span class='ocrx_word' id='word_1_890' title='bbox 2340 5695 2407 5748; x_wconf 83' lang='lat' dir='ltr'><strong>ad</strong></span> <span class='ocrx_word' id='word_1_891' title='bbox 2435 5711 2650 5752; x_wconf 87' lang='lat' dir='ltr'><strong>causam</strong></span> <span class='ocrx_word' id='word_1_892' title='bbox 2674 5696 2980 5757; x_wconf 62' lang='lat' dir='ltr'><strong>Iudaeorum</strong></span> <span class='ocrx_word' id='word_1_893' title='bbox 3004 5704 3096 5772; x_wconf 87' lang='lat' dir='ltr'><strong>qui</strong></span> <span class='ocrx_word' id='word_1_894' title='bbox 3120 5704 3221 5761; x_wconf 86' lang='lat' dir='ltr'><strong>sibi</strong></span> <span class='ocrx_word' id='word_1_895' title='bbox 3251 5705 3587 5778; x_wconf 65' lang='lat' dir='ltr'><strong>pramgativa</strong></span> <span class='ocrx_word' id='word_1_896' title='bbox 3610 5700 3804 5774; x_wconf 56' lang='grc' dir='ltr'><strong>[ειηιπξ</strong></span> <span class='ocrx_word' id='word_1_897' title='bbox 3890 5766 3891 5779; x_wconf 19' lang='grc' dir='ltr'>χ</span> 
     </span>
    </p>
   </div>
   <div class='ocr_carea' id='block_1_115' title="bbox 668 5758 3802 5867">
    <p class='ocr_par' dir='ltr' id='par_1_115' title="bbox 668 5758 3802 5867">
     <span class='ocr_line' id='line_1_115' title="bbox 668 5758 3802 5867; baseline 0.016 -55"><span class='ocrx_word' id='word_1_898' title='bbox 668 5758 941 5813; x_wconf 85' lang='lat' dir='ltr'><strong>contrario</strong></span> <span class='ocrx_word' id='word_1_899' title='bbox 1002 5769 1114 5828; x_wconf 91' lang='lat' dir='ltr'><strong>tuo,</strong></span> <span class='ocrx_word' id='word_1_900' title='bbox 1161 5764 1256 5822; x_wconf 90' lang='lat' dir='ltr'><strong>sed</strong></span> <span class='ocrx_word' id='word_1_901' title='bbox 1292 5782 1324 5822; x_wconf 89' lang='lat' dir='ltr'><strong>a</strong></span> <span class='ocrx_word' id='word_1_902' title='bbox 1360 5772 1639 5842; x_wconf 85' lang='lat' dir='ltr'><strong>temporali</strong></span> <span class='ocrx_word' id='word_1_903' title='bbox 1661 5777 1892 5845; x_wconf 89' lang='lat' dir='ltr'><strong>quadam</strong></span> <span class='ocrx_word' id='word_1_904' title='bbox 1928 5779 2020 5835; x_wconf 86' lang='lat' dir='ltr'><strong>Dei</strong></span> <span class='ocrx_word' id='word_1_905' title='bbox 2053 5781 2232 5853; x_wconf 88' lang='lat' dir='ltr'><strong>dispo-</strong></span> <span class='ocrx_word' id='word_1_906' title='bbox 2336 5787 2657 5863; x_wconf 74' lang='lat' dir='ltr'><strong>rogativam]</strong></span> <span class='ocrx_word' id='word_1_907' title='bbox 2681 5790 2994 5861; x_wconf 85' lang='lat' dir='ltr'><strong>defendunt,</strong></span> <span class='ocrx_word' id='word_1_908' title='bbox 3020 5758 3456 5867; x_wconf 29' lang='lat' dir='ltr'><strong>quodjlilrii‘s&#39;iuto</strong></span> <span class='ocrx_word' id='word_1_909' title='bbox 3471 5758 3802 5859; x_wconf 52' lang='lat' dir='ltr'><strong>Antulla</strong></span> 
     </span>
    </p>
   </div>
  </div>
