4010 6352
124 333 247 390 1185

943 330 1028 383 DE
1065 326 1731 385 PRIEDESTINATIONE
1767 327 2048 387 CONTRA
2083 332 2132 388 J.
2177 332 2476 391 SCOTUM.

3198 344 3339 400 1186

119 450 176 514 8,
221 444 313 512 59,
359 443 494 517 40);
546 441 836 514 Apostolus
879 452 1057 496 autem
1101 441 1408 497 consolatur
1449 456 1536 508 se,
1578 450 1666 508 ut,
1696 451 1744 510 Α
1772 445 2063 501 admissum
2109 449 2305 514 scelus,
2350 450 2658 519 poenitentia
2709 460 2887 509 motus
2936 455 3126 528 laQueo
3170 461 3335 518 vitam

120 537 232 609 quia
261 535 543 600 dilexerat,
574 535 812 589 dolorem
843 534 1042 588 habere
1089 549 1147 588 se
1178 533 1376 596 cordis,
1413 534 1666 589 continuo

120 645 319 686 causam
341 627 457 700 [al.,
481 628 791 682 continuum
819 626 1004 699 causa]
1035 627 1424 682 incredulitatis
1455 626 1668 681 illorum

119 737 328 794 quorum
375 722 588 790 adoptio
629 727 745 775 erat
790 719 1046 784 ﬁliorum,
1077 729 1132 774 et
1175 719 1310 790 legis
1349 719 1665 775 constitutio

118 816 284 887 (Rom.
307 830 380 881 ix,
403 814 553 886 2,4),
581 823 635 868 et
656 829 722 868 ex
745 813 940 882 quibus
962 812 1210 867 Christus
1238 812 1504 877 Salvator,
1529 813 1668 866 sicut

116 920 169 964 et
213 910 342 978 ipse,
387 907 464 960 ait
504 924 516 960 :
557 905 694 971 Quia
737 903 880 958 salus
929 920 994 957 ea:
1028 903 1233 958 ludatis
1277 914 1350 958 est
1366 921 1384 968 ;
1438 912 1666 957 tractata

117 998 226 1068 lege
254 996 448 1051 invenit
475 995 597 1066 quia
627 1011 730 1048 non
756 1009 930 1047 omnes
950 993 1038 1064 qui
1058 1009 1122 1047 ea:
1135 992 1306 1046 Israel
1329 1001 1467 1056 sunt,
1501 991 1669 1045 credi-

115 1089 215 1142 turi
255 1096 400 1150 sunt;
440 1101 601 1156 neque
640 1084 729 1154 qui
771 1083 1017 1137 dicuntur
1055 1084 1154 1154 ﬁlii
1189 1084 1449 1149 Abrahae,
1489 1100 1666 1138 omnes

113 1178 324 1232 Abrahu:
354 1176 493 1231 ﬁlios
515 1176 771 1230 dicendos
807 1192 820 1228 :
862 1175 1002 1230 sicut
1025 1191 1187 1246 supra
1217 1175 1507 1231 memoravi
1544 1175 1662 1248 [al.,

115 1267 558 1342 commemoravi].
583 1267 772 1323 Minuit
796 1284 926 1340 ergo
951 1269 1186 1325 dolorem
1211 1285 1363 1324 suum
1389 1269 1666 1324 inveniens

113 1360 234 1414 olim
271 1359 578 1428 praedictum
621 1361 762 1428 quod
807 1373 914 1414 non
967 1371 1150 1415 essent
1180 1377 1368 1415 omnes
1409 1361 1664 1416 credituri

113 1451 282 1520 (Joan.
301 1451 468 1522 iv),ut
492 1450 546 1504 hi
575 1451 674 1506 soli
697 1450 909 1506 doleant
927 1451 1048 1525 [al.,
1070 1453 1154 1507 his
1184 1453 1310 1508 solis
1337 1452 1666 1526 doleat],qqui

111 1560 202 1612 per
238 1544 487 1598 invidiam
509 1543 886 1600 incredulitate
915 1544 1163 1600 laborant
1190 1564 1202 1600 :
1231 1555 1457 1616 possunt
1486 1555 1664 1604 tamen

108 1641 336 1705 credere,
361 1639 500 1710 quod
529 1655 595 1694 ex
619 1640 885 1712 subjectis
906 1641 1080 1710 aperit
1117 1658 1129 1694 :
1166 1642 1456 1698 incredulis
1483 1651 1663 1700 tamen

107 1729 382 1798 praedictis,
413 1744 520 1784 non
561 1728 718 1784 valde
761 1729 1044 1785 dolendum
1075 1740 1178 1797 est,
1207 1733 1333 1802 quia
1380 1749 1486 1788 non
1538 1744 1666 1790 sunt

1768 537 1940 591 ﬁnivit
1967 537 2184 609 (Matth.
2210 556 2377 605 xxvii,
2407 541 2486 611 5).
2530 542 2644 596 Non
2671 544 2812 598 enim
2853 555 3029 616 potest
3063 551 3113 603 in
3160 552 3340 622 aliquo

1765 640 1926 682 omne
1956 627 2152 682 bonum
2184 631 2394 698 penitus
2419 631 2716 687 oblitterari
2738 636 2982 707 ;quippe,
3002 653 3121 693 cum
3142 649 3337 698 natura

1767 731 1872 770 non
1900 717 2070 787 possit
2095 718 2394 785 immutari,
2418 722 2510 776 sed
2536 723 2816 790 voluntas;
2857 742 2963 782 non
3006 728 3059 782 in
3087 732 3339 789 omnibus

1766 814 1946 861 tamen
1979 809 2178 875 causis,
2207 811 2331 879 quia
2360 823 2601 868 remanet
2628 815 2680 868 in
2713 825 2904 871 natura
2929 821 3069 888 quod
3096 823 3340 879 testimo-

1766 899 1856 954 nio
1881 901 1951 954 sit
1977 900 2267 976 Creatori.]
3259 897 3265 906 ’

1839 991 1877 1060 1-
1915 991 2011 1048 His
2038 995 2288 1051 omnibus
2333 998 2612 1054 evidenter
2654 1003 2957 1059 ostenditur
2990 1015 3205 1064 sanctos
3237 1009 3340 1066 Pa-

1767 1092 1878 1139 tres
1931 1093 2036 1140 tuae
2065 1089 2464 1147 contrarietatis
2494 1094 2710 1149 modum
2759 1097 2812 1150 in
2856 1107 3162 1155 sanctarum
3195 1100 3338 1158 Scri-

1763 1183 2046 1244 pturarum
2098 1179 2566 1250 eXplanationibus
2618 1185 2840 1240 minime
2899 1198 3152 1257 secutos,
3204 1192 3334 1258 sed,

1767 1267 2070 1337 ubicunque
2116 1272 2410 1328 necessitas
2448 1275 2753 1344 postulavit,
2807 1293 2902 1348 per
2943 1289 3155 1351 tr0pum
3194 1283 3338 1338 anti-

1767 1358 2005 1428 phrasim
2058 1377 2177 1430 qua:
2223 1363 2434 1419 fuerant
2481 1367 2796 1424 elueidanda
2837 1370 3074 1440 locutos;
3119 1374 3172 1428 in
3227 1376 3340 1433 suis

1770 1467 1896 1506 vero
1926 1451 2283 1510 locutiouibus
2317 1472 2412 1512 eos
2467 1457 2570 1514 isto
2612 1459 2864 1530 loquendi
2915 1467 3073 1521 modo
3101 1483 3338 1537 unquam

1766 1559 1894 1599 usos
1925 1543 2112 1610 fuisse,
2142 1563 2362 1616 prorsus
2393 1551 2533 1605 ratio
2570 1553 2894 1610 contradicit
2921 1572 2934 1610 :
2967 1559 3219 1627 quoniam
3247 1561 3340 1631 qui

1767 1633 1834 1686 ad
1894 1635 1997 1688 hec
2039 1635 2269 1692 obscura
2316 1638 2619 1694 divinorum
2671 1642 3006 1712 eloquiorum
3059 1649 3340 1705 tractanda

1769 1732 2116 1792 susceperant
2140 1736 2199 1780 ut
2222 1741 2408 1781 eorum
2437 1731 2693 1798 mysteria
2719 1733 2831 1786 suis
2857 1734 3192 1792 auditoribus
3221 1753 3344 1808 ape-

107 1819 460 1888 przedestinati
511 1820 576 1874 ad
605 1819 802 1886 vitam;
836 1821 1175 1890 praescientia
1223 1822 1366 1877 enim
1407 1824 1502 1878 Dei
1532 1823 1660 1878 olim
1692 1809 1738 1868 Β
1766 1814 1954 1880 rirent,
1989 1817 2135 1873 nullo
2161 1820 2320 1874 modo
2352 1821 2490 1876 ratio
2521 1821 2649 1876 sinit
2689 1838 2782 1878 eos
2824 1823 3068 1894 ﬁguratis
3096 1828 3341 1883 dictioni-

107 1911 202 1964 bos
231 1923 331 1963 non
358 1908 642 1964 salvandos
671 1909 928 1964 decrevit.
965 1909 1095 1977 Quis
1121 1911 1264 1965 enim
1291 1912 1509 1983 plangat
1539 1929 1662 1968 eum

105 2006 195 2074 qui
219 2005 339 2059 olim
386 2013 630 2066 mortuus
660 2006 906 2072 habetur,
931 2005 1025 2061 sed
1075 2007 1504 2062 subintrantibus
1530 2022 1664 2076 gen-

106 2097 242 2152 tibus
271 2112 384 2166 qute
411 2097 528 2152 sine
557 2096 669 2151 Deo
715 2097 864 2167 prius
891 2104 1046 2152 erant
1083 2095 1241 2168 (Eph.
1281 2114 1342 2163 ιι,
1373 2098 1450 2170 5),
1482 2106 1536 2154 et
1573 2115 1663 2154 sa-

101 2187 282 2253 lutem,
310 2203 468 2258 quam
515 2187 592 2242 illi
639 2187 1011 2258 perdiderunt,
1048 2189 1460 2258 accipientibus,
1498 2205 1662 2244 exsu-

100 2279 320 2333 scitatur
347 2279 525 2344 dolor;
561 2279 655 2333 sed
695 2279 912 2344 iterum,
945 2279 1069 2348 quia
1101 2279 1202 2350 ipsi
1216 2279 1316 2334 sibi
1346 2280 1664 2349 perditionis

100 2387 256 2426 causa
282 2380 421 2440 sunt,
448 2371 673 2442 sopitur.
697 2371 964 2425 Praescius
986 2371 1168 2441 itaque
1199 2372 1339 2426 Deus
1368 2372 1521 2426 malae
1543 2372 1663 2429 illos

97 2464 382 2520 voluntatis
409 2463 637 2530 futuros,
668 2479 774 2520 non
805 2463 925 2518 illos
955 2464 1143 2518 habuit
1168 2464 1220 2518 in
1241 2480 1467 2520 numero
1495 2466 1664 2539 bono-

97 2572 251 2622 rum;
282 2555 521 2625 quamvis
547 2554 692 2608 dicat
720 2553 967 2608 Salvator
994 2553 1099 2609 illis
1143 2555 1482 2625 septuaginta
1525 2555 1663 2610 duo-

96 2648 198 2701 bus
235 2645 526 2716 discipulis,
554 2659 688 2714 quos
729 2643 965 2715 elegerat
992 2645 1225 2700 secunda
1252 2646 1453 2713 classe,
1475 2647 1564 2716 qui
1594 2646 1662 2701 ab

97 2739 189 2794 illo
217 2746 396 2808 postea
429 2746 770 2792 recesserunt
799 2756 812 2791 :
848 2737 1082 2792 Nomina
1120 2748 1287 2792 vestra
1313 2741 1506 2812 scripta
1540 2749 1660 2794 sunt

93 2830 153 2882 in
194 2829 314 2883 caelo
356 2827 506 2900 (Luc.
555 2843 622 2894 χ,
656 2827 768 2898 20).
805 2828 910 2883 Sed
955 2829 1058 2884 hoc
1111 2837 1328 2900 propter
1373 2829 1659 2900 justitiam,

93 2921 222 2990 quia
243 2921 340 2975 hoc
365 2927 451 2975 est
470 2920 672 2990 justum
698 2928 757 2974 ut
783 2919 1070 2988 unicuique
1097 2936 1194 2990 pro
1219 2921 1411 2976 merito
1434 2935 1660 2991 respon-

94 3011 314 3075 deatur;
359 3009 485 3078 quia
512 3009 656 3064 enim
678 3009 804 3064 boni
831 3018 1004 3074 erant,
1037 3009 1193 3065 electi
1231 3020 1356 3065 sunt
1401 3012 1470 3068 ad
1501 3012 1662 3066 mini-

92 3103 338 3166 sterium,
370 3109 424 3157 et
452 3109 605 3156 erant
648 3103 847 3172 scripta
891 3103 1105 3158 nomina
1157 3102 1366 3158 illorum
1411 3104 1466 3158 in
1523 3104 1661 3160 coelo

92 3202 312 3266 propter
368 3192 631 3263 justitiam
658 3234 672 3260 ,
718 3194 856 3248 sicut
905 3194 1014 3248 dixi

91 3285 371 3341 scientiam
428 3299 557 3340 vero
605 3285 659 3339 in
723 3300 948 3340 numero
1009 3293 1166 3340 erant
1228 3286 1511 3341 malorum.
1585 3288 1659 3342 De

92 3378 299 3448 iustitia
345 3377 488 3433 enim
545 3379 689 3434 Deus
732 3378 970 3448 judicat,
1014 3394 1119 3434 non
1159 3379 1226 3435 de
1275 3381 1656 3450 praescientia,

91 3471 238 3525 unde
281 3477 334 3523 et
372 3470 505 3524 Mosi
555 3469 728 3524 dicit:
767 3469 825 3524 Si
877 3471 994 3538 quis
1046 3473 1336 3540 peccaverit
1384 3481 1503 3526 ante
1555 3489 1655 3537 me,

91 3562 293 3615 deleam
315 3577 431 3615 eum
449 3561 513 3615 de
535 3560 665 3615 libro
681 3579 790 3616 meo
821 3561 1016 3633 (Exod.
1047 3579 1180 3628 xxu,
1214 3563 1306 3629 52,
1334 3565 1446 3634 55).
1478 3564 1549 3620 Ut
1576 3581 1660 3620 se-

91 3652 332 3706 cundum
378 3650 642 3720 justitiam
686 3651 888 3722 judicis
916 3661 1042 3708 tunc
1073 3655 1318 3709 videatur
1345 3656 1508 3711 deleri
1537 3671 1658 3711 cum

91 3749 302 3810 peccat,
333 3739 488 3810 juxta
522 3743 909 3812 pmscientiarn
937 3760 1100 3811 vero,
1134 3761 1403 3816 nunquam
1435 3747 1488 3802 in
1521 3748 1660 3803 libro

91 3830 216 3884 vita:
245 3828 429 3886 fuisse.
455 3830 590 3887 Hinc
613 3841 669 3887 et
695 3833 967 3903 apostolus
995 3834 1229 3890 Joannes
1260 3836 1326 3890 de
1349 3835 1657 3905 hujusmodi

91 3922 168 3976 ait
195 3939 208 3974 :
241 3919 328 3977 Ea:
354 3923 499 3978 nobis
527 3925 781 3992 exierunt,
811 3926 900 3980 sed
931 3943 1031 3980 non
1074 3929 1286 3996 fuerunt
1314 3945 1378 3982 ea:
1403 3929 1546 3983 nobis
1573 3945 1591 3982 :
1613 3929 1660 3982 si

91 4013 228 4067 enim
258 4013 476 4082 fuissent
519 4030 583 4068 ea:
631 4016 797 4080 nobis,
834 4011 1236 4085 permansis'sent
1281 4019 1456 4087 utique
1507 4018 1656 4071 nobi-

91 4123 236 4160 scum
266 4105 319 4177 (ι
343 4105 506 4162 Joan.
539 4123 598 4175 ιι,
633 4109 744 4179 19).
772 4107 887 4163 Non
913 4118 995 4164 est
1037 4125 1392 4180 personarum
1419 4111 1659 4180 acceptio

92 4218 141 4254 in
172 4202 510 4270 przescientia
550 4203 644 4257 Dei
689 4203 826 4273 (Col.
862 4219 956 4268 ιιι,
985 4203 1077 4272 25)
1112 4222 1124 4256 :
1157 4205 1492 4274 praescientia
1532 4220 1659 4260 vero

92 4301 171 4347 est
211 4309 333 4363 qua:
365 4293 492 4366 [al.,
524 4295 669 4349 enim
727 4297 819 4350 Dei
851 4305 933 4350 est
981 4294 1112 4368 qua]
1164 4297 1442 4352 deﬁnitum
1495 4298 1660 4353 habet

92 4385 264 4456 qualis
290 4387 712 4458 uniuscujusque
753 4387 931 4442 futura
991 4388 1236 4443 voluntas
1280 4389 1417 4454 erit,
1467 4390 1520 4443 iu
1553 4405 1658 4460 qua

92 4492 383 4534 mansurus
407 4487 509 4544 est,
535 4493 632 4548 per
660 4495 822 4550 quam
854 4488 948 4534 aut
993 4480 1280 4534 damnetur
1309 4489 1402 4536 aut
1431 4497 1656 4538 corone-

92 4585 192 4623 .nr.
222 4569 470 4640 Denique
493 4585 631 4640 quos
650 4570 753 4625 scit
777 4571 996 4651 incbono
1013 4587 1320 4639 mansuros,
1350 4571 1660 4644 frequenter

91 4668 212 4714 inte
239 4668 372 4715 sunt
399 4660 550 4725 mali,
573 4669 628 4714 et
653 4675 788 4729 quos
821 4661 992 4716 malos
1025 4663 1128 4718 scit
1158 4679 1539 4732 permansuros
1565 4666 1662 4720 ali-

91 4752 300 4822 luoties
336 4757 488 4820 prius
527 4760 654 4806 sunt
689 4752 814 4808 boni
846 4771 860 4806 :
893 4753 1033 4810 unde
1059 4767 1236 4811 cesset
1268 4758 1506 4828 querela,
1534 4760 1659 4828 quia

91 4842 223 4896 Deus
268 4858 614 4911 personarum
655 4853 894 4914 acceptor
940 4862 1042 4899 non
1077 4856 1150 4900 est
1189 4846 1399 4918 (Ibid.).
1442 4848 1575 4902 Nam
1609 4857 1663 4904 et

91 4933 232 4999 Saul,
259 4942 317 4990 et
345 4931 510 4990 Judas
540 4934 822 4991 lscariotes
850 4945 976 4992 ante
997 4937 1212 4992 fuerunt
1255 4940 1401 5004 boni,
1449 4941 1660 4996 dicente

91 5027 372 5096 Scriptura
400 5028 463 5082 de
495 5026 626 5082 Saul
653 5043 672 5082 :
707 5027 840 5082 Erat
874 5029 954 5082 vir
991 5029 1154 5084 bonus
1187 5041 1234 5085 et
1272 5047 1376 5084 non
1420 5042 1530 5086 erat
1569 5033 1660 5087 illo

91 5117 268 5170 nelior
293 5119 352 5170 in
381 5118 506 5187 ﬁliis
541 5118 710 5173 Israel
733 5119 784 5191 (1
802 5119 925 5191 Reg.
959 5137 1036 5186 ix,
1063 5123 1140 5192 2).
1177 5122 1244 5176 Et
1266 5124 1331 5178 de
1351 5123 1496 5178 Juda
1525 5125 1664 5179 lsca-

97 5207 215 5260 iote
241 5207 381 5262 dicit
409 5207 602 5264 Petrus
627 5210 898 5278 apostolus
929 5228 941 5264 :
976 5211 1078 5276 Qui
1111 5214 1326 5267 sortitus
1365 5223 1438 5267 est
1471 5224 1662 5268 sortem

91 5296 366 5353 ministerii
390 5299 548 5369 hujus
573 5300 627 5353 in
649 5301 812 5369 signis
835 5319 897 5355 ac
921 5303 1170 5373 prodigiis
1191 5304 1447 5374 faciendis
1470 5304 1605 5376 (Act.
1621 5321 1660 5371 1,

99 5387 186 5458 7).
211 5387 502 5455 Quomodo
525 5389 688 5459 igitur
713 5390 1071 5445 ministerium
1095 5392 1335 5448 salutare
1356 5393 1662 5460 sortiretur,

91 5477 175 5532 uisi
204 5489 362 5534 esset
391 5479 609 5534 bonus?
638 5479 690 5532 in
722 5488 867 5535 sorte
907 5481 1048 5535 enim
1090 5483 1184 5538 Dei
1216 5482 1476 5551 judicium
1521 5483 1623 5540 fuit
1646 5525 1662 5550 ,

101 5571 303 5639 ignum
341 5570 488 5624 illum
528 5569 694 5625 fuisse
736 5579 976 5640 tempore
1007 5589 1113 5642 quo
1140 5568 1345 5629 electus
1372 5584 1473 5630 est.
1511 5575 1664 5631 Sicut

101 5669 120 5714 t
161 5660 243 5714 illi
281 5661 627 5731 septuaginta
662 5664 786 5727 duo,
811 5678 944 5733 quos
973 5679 1132 5733 supra
1164 5667 1455 5720 memoravi
1479 5666 1660 5737 (Joan.

97 5773 136 5822 ι,
177 5753 298 5825 67).
343 5755 482 5812 llinc
527 5766 611 5812 est
655 5758 794 5813 unde
830 5765 884 5812 et
929 5757 1132 5826 Judas,
1171 5769 1292 5831 post
1327 5760 1452 5814 mali
1499 5763 1662 5817 totius

1689 4529 1736 4592 D

1765 1905 1868 1961 bus
1898 1907 2199 1975 insudasse,
2231 1911 2424 1979 quibus
2459 1913 2733 1969 auditores
2787 1929 2912 1971 suos
2951 1933 3057 1972 non
3110 1909 3360 1974 instrue?

1767 2006 1909 2063 rent,
1941 1999 2069 2067 quin
2106 2001 2285 2068 potius
2313 2003 2685 2059 obscurareut.
2720 2005 2987 2072 Quocirca
3037 2009 3340 2067 nullatenus

1765 2090 1954 2144 eadem
1980 2089 2181 2147 locutio
2202 2096 2436 2162 putanda
2465 2105 2566 2162 est,
2591 2098 2826 2166 quandiu
2849 2098 3044 2168 legitur
3066 2102 3342 2170 praedesti-

1764 2189 1923 2235 natos
1960 2182 2027 2234 ad
2060 2197 2320 2251 poenam;
2353 2184 2436 2239 vel
2469 2185 2768 2253 interitum,
2810 2203 2928 2257 qua:
2957 2197 3042 2243 est
3087 2204 3208 2244 cum
3261 2191 3343 2245 di-

1765 2271 1906 2326 citur
1932 2272 2135 2328 electus
2169 2273 2333 2330 Judas
2365 2315 2379 2340 ,
2433 2277 2558 2345 quia
2584 2277 2864 2333 electionis
2889 2280 3106 2334 nomine
3134 2289 3334 2336 sanctae

1765 2359 2081 2430 Scripturte,
2131 2377 2426 2433 earumque
2465 2364 2762 2420 ﬁdelissimi
2809 2375 3158 2435 tractatores,
3187 2384 3337 2436 raro,
3368 2396 3370 2398 τ

1763 2455 1866 2510 nisi
1893 2457 1945 2509 in
1971 2456 2109 2511 bono
2135 2457 2217 2509 vel
2241 2465 2444 2512 :eterno
2474 2458 2554 2512 vel
2587 2461 2889 2530 temporali,
2917 2463 2997 2516 usi
3040 2462 3205 2518 fuisse
3253 2478 3341 2517 re—

1762 2545 2063 2615 periuntur.
2103 2545 2598 2603 Przedestinationis
2625 2565 2754 2604 vero
2780 2551 3167 2619 signiﬁcatione
3197 2553 3338 2608 bifa-

1765 2636 1900 2688 riam
1947 2651 2312 2706 smpenumero
2357 2638 2568 2706 publice
2614 2640 2995 2710 privatimque,
3041 2642 3124 2696 vel
3149 2643 3203 2696 in
3232 2658 3342 2698 ser-

1763 2725 2011 2782 monibus
2038 2727 2285 2783 videlicet
2337 2729 2404 2784 ad
2461 2730 2734 2799 populum,
2780 2730 2864 2784 vel
2910 2733 2964 2786 in
3023 2735 3339 2790 tractatibus

1763 2819 1983 2873 minime
2030 2819 2084 2872 in
2134 2820 2352 2890 vulgum
2392 2822 2708 2887 enuntiatis,
2745 2830 2893 2876 tanta
2921 2822 3226 2893 frequentia
3259 2825 3337 2880 uti

1762 2910 2070 2966 maluerunt
2091 2921 2151 2966 ut
2181 2929 2343 2983 super
2371 2929 2436 2969 eo
2462 2915 2592 2969 nulli
2627 2915 2892 2983 studioso,
2925 2917 3030 2971 nisi
3053 2917 3340 2974 inﬁdeliter

1762 3003 2044 3072 pertinaci,
2075 3004 2236 3062 liceat
2263 3005 2527 3063 dubitare.
2560 3007 2754 3064 Dicens
2791 3010 2972 3080 itaque
3005 3029 3018 3065 :

2305 3116 2530 3157 JOANNES
2567 3117 2782 3158 SCOTUS.

1078 3212 1091 3248 :
1149 3196 1446 3251 secundum
1515 3211 1655 3266 prae-
1687 3161 1734 3226 ο
1837 3191 1989 3262 (Cap.
2023 3192 2107 3257 15,
2134 3208 2284 3247 num.
2306 3193 2360 3259 5,
2382 3204 2512 3249 sect.
2538 3195 2617 3266 2.)
2647 3205 2688 3251 Θ
2718 3195 2779 3250 Si
2803 3213 2922 3268 ergo
2943 3196 3198 3253 Dominus
3217 3177 3340 3270 pro-

1766 3280 1988 3336 ditorem
2015 3299 2168 3335 suum
2202 3299 2304 3336 non
2335 3283 2538 3338 erubuit
2558 3284 2818 3356 appellare
2846 3287 3082 3354 electum,
3109 3305 3202 3342 cur
3225 3290 3338 3360 ejus

1766 3373 2000 3425 imitator
2026 3384 2236 3428 sanctus
2266 3375 2590 3445 Augustinus
2618 3378 2936 3432 erubesceret
2967 3381 3202 3434 eumdem
3231 3383 3335 3435 sci-

1766 3462 1881 3518 licet
1912 3465 2228 3534 proditorcm
2258 3483 2440 3522 vocare
2483 3469 2911 3540 prwdestinatum
2935 3511 2950 3536 ,
3001 3472 3338 3543 similiterque

1765 3554 2049 3610 Iudaicum
2074 3559 2567 3628 populum,invidite
2592 3561 2809 3630 perﬁdia
2835 3562 3103 3629 refertum,
3125 3563 3337 3618 Domini

1767 3649 1930 3701 nostri
1959 3649 2086 3703 Jesu
2133 3647 2327 3704 Christi
2371 3651 2674 3705 traditorem
2725 3668 2786 3704 ac
2839 3669 2930 3721 per
2969 3653 3066 3706 hoc
3097 3659 3339 3706 interem-

1764 3749 1962 3808 ptorem
1991 3781 2006 3806 ,
2037 3757 2130 3794 cur
2171 3742 2433 3796 litesitaret
2473 3743 2896 3811 prwdestinatum
2939 3743 3110 3798 dicere
3150 3744 3220 3798 ad
3257 3745 3339 3800 in-

1765 3830 1971 3882 teritum
1995 3830 2021 3884 ?

2383 3939 2698 3980 CORRECTIO.

1835 4022 1876 4093 ’ζ-
1901 4022 2036 4090 Quia
2069 4023 2212 4078 aliud
2241 4025 2456 4080 nomine
2489 4027 2962 4096 prtedestinationis
2989 4069 3002 4094 ,
3055 4029 3196 4084 aliud
3241 4031 3340 4086 ele-

1767 4114 1952 4167 ctionis
1980 4115 2241 4170 vocabulo
2287 4115 2567 4170 intellexit.
2620 4117 2948 4172 Electionem
2997 4120 3192 4190 quippe
3244 4122 3336 4175 Dei

1765 4203 1938 4258 noluit
1977 4205 2080 4259 nisi
2117 4206 2168 4260 in
2215 4206 2354 4260 bono
2406 4208 2616 4278 accipi,
2673 4210 3160 4279 prmdestinaliouis
3209 4229 3337 4268 vero

1767 4283 2235 4365 signiﬁcationem,
2262 4298 2400 4350 sicut
2423 4296 2645 4365 justitite
2673 4307 2834 4370 atque
2861 4301 3048 4369 judicii
3076 4302 3191 4370 ejus
3212 4344 3226 4366 ,
3257 4303 3336 4357 bi-

1765 4385 1958 4440 fariam
1987 4385 2318 4456 praedicavit.
2349 4385 2416 4441 Et
2444 4387 2562 4443 ideo
2595 4404 2702 4442 non
2739 4389 2956 4445 erubuit
3005 4391 3184 4447 dicere
3233 4407 3335 4446 sae-

1765 4475 1885 4546 pius
1914 4516 1929 4542 ,
1977 4476 2370 4546 prwdestinatos
2417 4478 2487 4531 ad
2524 4494 2727 4548 pennam
2765 4479 2850 4534 vel
2877 4481 3174 4548 interitum,
3205 4498 3339 4552 quo-

1763 4567 1905 4620 niam
1938 4576 2164 4621 noverat
2192 4567 2242 4621 id
2273 4569 2486 4623 veritati
2519 4568 2849 4639 justititeque
2885 4571 3209 4648 judiciorum
3239 4574 3336 4630 Dei

1761 4672 1859 4727 per
1887 4659 2068 4713 omnia
2103 4659 2408 4715 convenire.
2455 4661 2613 4716 Aliud
2661 4671 2744 4718 est
2787 4672 2968 4719 autem
3005 4665 3205 4718 electos
3253 4665 3337 4720 vel

1764 4751 1902 4805 ﬁlios
1935 4751 2029 4806 Dei
2059 4766 2155 4821 per
2183 4761 2442 4806 aeternam
2487 4753 2909 4810 misericordiam
2933 4795 2948 4820 ,
2985 4763 3145 4824 atque
3194 4756 3338 4811 aliud

1765 4843 1849 4898 vel
1883 4858 1980 4913 per
2015 4844 2343 4898 creationem
2392 4843 2476 4899 vel
2527 4859 2624 4914 per
2667 4845 3012 4915 temporalem
3063 4845 3334 4914 aliquam,

1766 4935 2073 4990 nullomodo
2113 4944 2292 4990 autem
2341 4935 2530 4991 falsam
2583 4937 2669 4992 vel
2699 4937 2904 5002 ﬁctam,
2933 4937 3335 5007 dispositionem

1761 5026 2036 5096 appellari.
2061 5026 2197 5093 Quia
2219 5037 2274 5082 et
2297 5044 2416 5082 cum
2443 5030 2655 5084 venitur
2675 5032 2741 5084 ad
2770 5045 2941 5084 sacra:
2970 5029 3335 5099 regeneratio-

1762 5121 1846 5174 nis
1876 5120 2213 5191 mysterium,
2246 5137 2583 5192 nequaquam
2623 5123 2746 5176 ﬁcte
2772 5130 2864 5176 aut
2891 5121 3074 5176 dolose
3103 5124 3338 5191 peccatis

1762 5210 2013 5265 omnibus
2039 5212 2410 5284 absolvuntur,
2442 5215 2541 5268 etsi
2571 5215 2912 5283 postmodum
2955 5214 3187 5284 propriae
3231 5211 3338 5268 ini-

1765 5302 1986 5370 quitatis
2029 5283 2401 5374 inquinatione
2455 5305 2695 5375 ejusdem
2746 5314 2945 5359 sanctae
2990 5283 3339 5361 absolutionis

1772 5400 1932 5463 atque
1952 5395 2218 5451 unctionis
2239 5410 2462 5450 munere
2484 5395 2778 5465 priventur.
2807 5395 2990 5465 Itaque
3012 5396 3055 5450 si
3079 5395 3339 5450 absolutio

1770 5489 2096 5543 sacrosancti
2126 5488 2462 5558 baptismatis
2487 5488 2536 5540 in
2565 5487 2840 5555 abolendis
2871 5489 3186 5542 criminibus
3212 5501 3338 5540 vera

1768 5579 1890 5644 fuit,
1919 5594 2136 5635 necesse
2157 5590 2239 5633 est
2261 5591 2319 5633 ut
2349 5580 2536 5650 gratia:
2567 5580 2975 5650 regeneratricis
3005 5579 3190 5633 ﬁliatio
3215 5593 3337 5632 vera

1769 5669 1948 5726 fuerit.
1981 5671 2213 5726 Proinde
2272 5672 2412 5724 sicut
2456 5669 2581 5724 mali
2619 5669 2710 5724 ﬁlii
2745 5669 3041 5724 secundum
3065 5679 3332 5723 terrenam

1768 5763 2186 5836 generationem,
2206 5762 2248 5816 si
2284 5778 2312 5816 a
2341 5762 2584 5832 paternis
2609 5760 2848 5816 moribus
2865 5760 3186 5827 exorbitent,
3211 5757 3338 5834 jure
