4010 6352
671 336 806 394 1187

1675 323 1733 380 S.
1773 318 2152 383 PRUDENTII
2191 312 2570 371 'l'liECENSlS
2607 316 2915 375 EPISCOPI

3676 332 3765 395 1ὶῆ

665 444 1100 509 exhaeredantur,
1130 455 1252 497 cum
1296 446 1474 494 tamen
1500 435 1594 492 ﬁlii
1625 451 1728 491 non
1760 450 1879 491 esse
1904 447 2241 504 nequaquam
2270 434 2323 496 Α
2345 429 2672 503 Augustinus
2694 430 2778 503 (de
2800 430 3036 503 Corrept.
3058 441 3111 487 et
3130 432 3293 500 Crat,
3330 452 3434 507 cap.
3457 439 3522 511 8),
3537 440 3621 513 [vel
3635 445 3766 507 electa

663 541 877 615 possint
910 557 923 593 :
952 538 1025 593 ita
1049 542 1105 591 et
1132 533 1184 588 hi
1208 548 1342 604 quos
1366 528 1536 602 gratia
1571 535 1853 600 regenerat
1875 567 1888 591 ,
1923 525 2063 580 haud
2088 523 2242 579 falla-

661 614 798 687 citer
825 633 1086 684 vocantur
1122 622 1213 679 ﬁlii
1240 662 1254 687 ,
1297 618 1544 692 quamvis
1570 633 1599 673 a
1621 618 1858 689 parentis
1884 615 2121 673 moribus
2141 614 2244 669 ini-

654 722 926 800 quissime
975 716 1336 773 desciscentes
1364 752 1379 778 ,
1411 710 1555 766 illius
1602 723 1721 765 sese
1754 706 2066 763 muneribus
2110 705 2243 760 adeo

656 794 913 884 indignos
955 804 1230 866 eﬂiciant.
1286 810 1343 856 ut
1386 798 1719 856 haereditatis
1766 804 1966 852 sortem
2020 794 2243 851 minime

660 902 1069 960 nanciscantur.
1094 894 1254 960 Nam,
1282 892 1496 947 dicente
1520 889 1770 956 Domino,
1803 884 1973 941 Filios
1996 885 2150 957 genui
2192 892 2242 939 et

659 990 889 1048 exaltari
913 1028 930 1057 ,
976 985 1078 1061 ipsi
1122 992 1299 1039 autem
1327 998 1409 1036 me
1438 987 1735 1051 spreverunt
1764 975 1900 1048 (Isa.
1937 993 1977 1042 1,
2009 976 2089 1049 2),
2120 974 2242 1045 quis

662 1088 776 1136 tam
822 1091 1013 1135 vecors
1050 1074 1137 1131 sit‘
1165 1081 1225 1128 ut
1259 1070 1455 1127 audeat
1493 1068 1681 1123 saltem
1733 1074 1925 1137 putare
1953 1063 2241 1119 Dominum

663 1186 771 1228 non
807 1170 914 1226 hoc
947 1166 1237 1231 veraciter,
1267 1162 1362 1219 sed
1389 1177 1423 1221 a
1460 1159 1734 1216 contrario
1767 1158 1967 1214 dixisse
1997 1171 2097 1228 pro
2132 1169 2240 1211 non

658 1263 817 1336 genui
853 1261 1036 1317 ﬁlios?
1074 1273 1268 1329 nempe
1313 1256 1359 1312 si
1406 1254 1611 1310 dixeris
1651 1251 1793 1323 ﬁlios
1837 1249 1991 1321 genui
2037 1263 2139 1320 pro
2176 1260 2243 1303 eo

660 1355 807 1424 quod
834 1363 918 1410 est
940 1368 1047 1408 non
1078 1350 1216 1407 ﬁlios
1236 1347 1417 1422 genui,
1441 1345 1525 1401 vel
1553 1345 1691 1400 ﬁlios
1715 1359 1818 1399 non
1842 1342 2023 1415 genui,
2038 1339 2165 1411 quid
2184 1339 2241 1393 in

666 1443 832 1500 dictis
874 1439 1224 1514 sequentibus
1270 1434 1495 1507 intelligi
1537 1434 1755 1499 valeat,
1789 1432 1971 1487 dicere
1999 1443 2106 1484 non
2143 1441 2240 1499 po—

665 1536 819 1592 teris.
852 1535 911 1591 Si
933 1536 1076 1591 enim
1100 1532 1193 1587 ﬁlii
1224 1545 1331 1587 non
1360 1528 1599 1593 fuerunt,
1626 1538 1964 1596 nequaquam
2003 1535 2098 1578 eos
2143 1533 2237 1591 ge-

657 1629 793 1693 nuit,
846 1634 938 1681 aut
989 1625 1033 1680 si
1084 1638 1192 1679 non
1241 1620 1453 1694 genuit,
1486 1616 1631 1674 nullo
1660 1615 1820 1671 modo
1858 1613 1953 1670 ﬁlii
1998 1611 2235 1676 fuerunt,

657 1719 929 1789 quomodo
971 1731 1102 1788 ergo
1144 1713 1413 1786 sprevisse
1461 1720 1672 1782 patrem
1720 1708 2134 1782 gignentemque
2161 1702 2238 1760 di-

610 1870 615 1877 ,
664 1818 882 1874 cuntur,
914 1807 1006 1878 qui
1036 1805 1119 1862 vel
1147 1804 1241 1859 ﬁlii
1261 1802 1346 1858 vel
1374 1803 1540 1874 geniti
1569 1815 1675 1855 non
1704 1798 1919 1854 fuerunt
1946 1793 1971 1847 ?

735 1896 1013 1968 Siquidem
1050 1894 1145 1950 ﬁlii
1175 1894 1229 1948 in
1262 1890 1559 1962 Scripturis
1600 1888 1803 1944 sanctis
1839 1885 2026 1943 multis
2061 1884 2238 1941 modis

661 1988 915 2060 appellari
959 1988 1155 2053 solent,
1185 2000 1414 2057 quorum
1452 1983 1765 2039 usitatiores
1802 1989 1967 2047 sunt,
1998 1987 2189 2035 natura
2220 2020 2236 2046 ,

656 2079 945 2151 adoptione
1000 2077 1341 2142 imitatione,
1395 2076 1657 2132 doctrina.
1714 2072 1917 2128 Natura
1982 2071 2134 2127 Isaac
2183 2079 2238 2127 et

656 2171 855 2228 lsmael
899 2170 992 2225 ﬁlii
1040 2169 1351 2235 Abraham;
1410 2167 1540 2223 item
1590 2166 1684 2221 ﬁlii
1732 2166 1921 2231 Isaae,
1965 2163 2133 2220 Iacob
2183 2172 2239 2219 et

662 2262 830 2319 Esau.
874 2261 1113 2330 Quorum
1167 2258 1359 2315 lsmael
1406 2269 1460 2315 et
1505 2257 1648 2313 Esau
1707 2257 1953 2327 quamvis
1999 2265 2239 2326 paterna:

658 2353 824 2410 sortis
879 2350 1149 2407 funiculos
1183 2365 1251 2404 ex
1299 2348 1713 2420 repromissione
1779 2347 2002 2403 minime
2049 2362 2238 2417 perce-

657 2447 906 2520 pisseut,
956 2459 1295 2515 nequaquam
1348 2451 1526 2497 tamen
1578 2441 1671 2496 ﬁlii
1721 2456 1841 2498 esse
1894 2438 2233 2497 destiterunt.

657 2538 980 2609 Adoptione,
1008 2536 1148 2591 sicut
1187 2544 1241 2589 et
1280 2534 1529 2588 humana:
1564 2531 1969 2588 consuetudinis
2002 2530 2239 2587 affectio-

660 2624 819 2682 nibus
843 2626 959 2681 ﬁeri
984 2625 1205 2689 assolet,
1231 2633 1305 2689 et,
1332 2620 1474 2692 quod
1505 2631 1587 2676 est
1634 2621 1801 2676 multo
1842 2619 2194 2677 excellentius
2220 2662 2234 2689 ,

663 2720 880 2793 quando
903 2733 1000 2790 per
1025 2716 1315 2773 indebitam
1344 2714 1574 2785 gratiam
1598 2714 1948 2783 adoptantur,
1980 2721 2040 2767 ut
2068 2713 2236 2767 simus

662 2813 759 2870 ﬁlii
812 2813 905 2868 Dei
960 2830 974 2867 :
1026 2810 1181 2868 Unde
1223 2808 1352 2863 dicit
1393 2805 1680 2876 Apostolus
1734 2822 1747 2859 :
1801 2805 1925 2861 Non
1959 2804 2095 2859 enim
2149 2821 2238 2859 ac-

660 2904 865 2976 cepistis
893 2903 1137 2974 spiritum
1177 2898 1442 2955 servitutis
1471 2897 1658 2951 iterum
1692 2896 1747 2950 in
1777 2896 1999 2961 timore;
2028 2895 2119 2950 sed
2149 2912 2238 2950 ac-

660 2999 866 3070 cepistis
903 2997 1150 3068 spiritum
1194 2992 1491 3064 adoptionis
1535 2989 1789 3061 filiorum,
1822 2990 1877 3043 in
1904 3005 2007 3059 quo
2037 2987 2236 3043 clama-

659 3105 776 3145 mus
815 3087 959 3141 Abba
999 3083 1196 3151 Pater;
1228 3087 1402 3154 itaque
1436 3081 1553 3152 jam
1597 3098 1700 3134 non
1727 3094 1906 3132 sumus
1950 3078 2105 3142 servi,
2146 3077 2236 3133 sed

2344 522 2428 577 vel
2450 522 2589 579 ﬁlios
2617 522 2721 578 dici
2746 539 2777 577 a
2803 523 3162 580 nescientibus
3190 526 3309 596 quid
3335 527 3478 584 futuri
3502 544 3706 599 sunt,non
3725 543 3767 597 ab
3868 590 3869 593 η

2343 613 2437 670 illo
2463 615 2553 685 qui
2583 628 2676 670 eos
2697 614 2846 670 novit
2870 631 2976 688 non
3003 616 3199 672 habere
3222 625 3613 687 perseverantiam
3629 632 3768 698 quid
3868 648 3869 655 ‘

2342 704 2554 760 beatam
2608 704 2773 760 vitam
2818 706 3063 777 perducit
3106 705 3326 776 electos;
3356 727 3507 783 neque
3531 715 3624 772 illos
3644 696 3767 793 bstare,
3868 696 3869 755 Ῐ

2341 804 2403 850 ut
2447 794 2748 866 praescierit
2792 809 2912 852 esse
2962 812 3201 853 casuros.
3234 798 3335 854 Nec
3377 817 3459 857 vos
3488 816 3653 862 moveat
3682 814 3769 879 quod

2342 883 2467 941 ﬁliis
2497 886 2608 941 suis
2633 886 2952 956 quibusdam
2999 888 3141 945 Deus
3180 904 3281 943 non
3319 891 3401 946 dat
3439 892 3572 950 istam
3601 913 3770 968 ponere

2341 979 2596 1033 rantiam.
2627 978 2785 1034 Absit
2823 979 2968 1035 enim
3002 987 3063 1034 ut
3107 978 3177 1034 ita
3226 990 3399 1047 esset,
3444 983 3482 1038 si
3518 987 3571 1040 de
3596 986 3672 1042 illis
3688 1005 3771 1059 pra-

2343 1068 2627 1125 destinatis
2656 1077 2859 1136 essent,
2891 1076 2944 1124 et
2971 1069 3259 1125 secundum
3303 1072 3587 1142 propositum
3612 1080 3769 1134 vocatis!

2341 1160 2443 1230 Qui
2478 1176 2609 1217 vero
2651 1177 2757 1217 non
2799 1169 2925 1217 sunt
2973 1160 3065 1215 ﬁlii
3096 1162 3466 1232 promissionis,
3482 1162 3576 1233 jam
3598 1165 3679 1231 isti,
3698 1184 3770 1223 cum

2339 1255 2429 1328 pie
2453 1255 2662 1321 vivunt,
2694 1254 2947 1310 dicuntur
2988 1252 3084 1308 ﬁlii
3114 1252 3239 1318 Dei;
3292 1255 3379 1309 sed
3414 1257 3622 1325 quoniam
3650 1258 3770 1313 victuri

2340 1353 2467 1402 sunt
2493 1346 2678 1417 impie,
2700 1353 2755 1401 et
2782 1345 2837 1400 in
2864 1345 3052 1401 eadem
3080 1344 3347 1414 impietate
3381 1347 3606 1413 morituri,
3628 1364 3771 1405 noneos

2338 1438 2469 1494 dicit
2494 1436 2635 1494 ﬁlios
2664 1437 2755 1493 Dei
2783 1435 3123 1509 praescientia
3170 1434 3308 1508 Dei.]
3335 1435 3628 1509 Nequaquam
3649 1440 3771 1497 intelli-

2340 1530 2545 1603 gendus
2577 1538 2663 1585 est
2706 1528 2980 1601 prredictis
3028 1527 3267 1583 ﬁlietatis
3295 1528 3486 1593 modis,
3520 1545 3628 1600 quos
3648 1540 3772 1587 tamse

2340 1634 2504 1692 quam
2538 1619 2673 1674 alios
2702 1619 2921 1689 adaeque
2954 1616 3250 1673 catholicos
3291 1615 3465 1674 Patres
3503 1630 3676 1675 noverat
3702 1621 3771 1676 dili-

2337 1718 2526 1783 genter
2553 1707 2718 1766 fuisse
2743 1707 3069 1780 complexos,
3087 1706 3252 1762 alium
3281 1708 3596 1777 superaddere
3607 1708 3771 1777 voluisse,

2262 1812 2312 1874 Β
2339 1801 2431 1856 sed
2462 1804 2721 1871 quantum
2749 1800 2983 1855 humana
3014 1796 3320 1863 inﬁrmitas,
3348 1813 3409 1854 ac
3428 1813 3514 1868 per
3533 1800 3772 1873 δοκημ-

2340 1891 2537 1957 rantia,
2566 1906 2596 1945 a
2623 1890 2801 1946 divina
2836 1890 3061 1945 scientia
3104 1898 3311 1946 remota
3360 1890 3425 1947 sit
3448 1892 3772 1967 .intimassemi

2340 1980 2644 2038 divinorum
2697 1978 3041 2035 consiliorum
3099 1988 3262 2049 atque
3306 1978 3591 2049 iudiciorum
3636 1981 3773 2035 minime

2337 2085 2488 2148 patet
2532 2076 2779 2132 intuitus.
2832 2074 3095 2130 Dicuntur
3121 2089 3251 2146 ergo
3277 2090 3307 2129 a
3334 2074 3479 2129 nobis
3507 2072 3582 2129 ﬁlii
3606 2072 3685 2135 Dei,
3714 2087 3772 2127 nec

2339 2176 2519 2225 tamen
2551 2168 2900 2232 mendaciter,
2947 2175 3173 2237 propter
3208 2175 3494 2236 susceptam
3524 2163 3773 2235 temponliter

2341 2261 2571 2335 gratiam
2620 2275 2725 2333 qua
2767 2275 2872 2316 non
2917 2260 3185 2315 fallaciter
3225 2255 3317 2315 sed
3359 2257 3773 2328 veracitergeneran-

2340 2361 2450 2418 tur,
2479 2351 2727 2422 quamvis
2760 2364 2866 2405 non
2908 2351 3016 2406 sint
3046 2350 3114 2406 ad
3152 2352 3255 2407 hoc
3278 2349 3427 2406 electi
3454 2346 3773 2404 uthaireditatcm

2339 2456 2462 2498 cum
2490 2440 2925 2512 repromissionis
2953 2440 3079 2497 ﬁliis
3103 2448 3504 2512 consequantur.
3537 2438 3645 2495 Sunt
3665 2438 3774 2508 itaque

2340 2528 2455 2595 ﬁlii,
2482 2532 2574 2585 sed
2601 2529 3004 2600 temporaliter;
3040 2545 3146 2586 non
3174 2540 3295 2586 sunt
3340 2530 3428 2585 ﬁlii
3453 2571 3467 2595 ,
3507 2529 3584 2584 sed
3605 2525 3775 2582 tetermﬁ-

2342 2628 2445 2674 ter.
2480 2618 2539 2675 Si
2584 2621 2727 2676 enim
2768 2621 3036 2677 veraciter
3082 2630 3430 2693 generantur,
3472 2618 3682 2675 veraciter
3703 2622 3777 2671 sunt

2340 2709 2457 2778 ﬁlii,
2487 2711 2613 2768 licet
2645 2712 2822 2767 minus
2850 2713 2904 2767 in
2937 2714 3125 2769 eadem
3174 2713 3506 2785 generatione
3531 2706 3775 2781 permansuti.

2338 2817 2441 2857 nec
2472 2802 2537 2858 ad
2565 2803 2936 2859 haereditatem
2957 2804 3388 2875 permanentium
3410 2799 3679 2874 perventuri.
3697 2797 3777 2852 Sunt

2339 2909 2467 2968 ergo
2507 2895 2604 2951 ﬁlii
2649 2896 3071 2967 regenerationis
3097 2937 3115 2964 ,
3196 2897 3289 2952 sed
3341 2892 3683 2966 temporaliter.
3717 2902 3778 2942 ιω
3868 2934 3869 2947 κ

2339 2997 2465 3044 sunt
2492 2989 2586 3044 ﬁlii
2612 2989 3065 3060 repromissionis,
3088 2989 3181 3045 sed
3208 2988 3597 3062 perpetualiter:
3619 2983 3780 3038 Eam!
3868 2976 3869 2983 “

2338 3098 2404 3136 ex
2440 3080 2585 3135 nobis
2633 3078 2683 3153 (1
2710 3081 2870 3135 Joan.
2913 3096 2975 3147 tt,
3004 3080 3090 3151 19)
3120 3081 3248 3137 ﬁdei
3294 3079 3657 3139 communione,
3682 3084 3778 3144 qm

659 3179 791 3250 ﬁlii;
823 3177 962 3252 quod
997 3178 1040 3232 si
1070 3176 1191 3247 ﬁlii,
1232 3185 1281 3230 et
1321 3174 1575 3237 hwredes,
1608 3172 1838 3225 ha’redes
1867 3168 2075 3241 quidem
2100 3168 2198 3223 Dei
2219 3210 2234 3237 ,
2266 3173 2313 3235 C
2343 3171 2409 3227 ad
2443 3180 2652 3242 tempus
2675 3169 2951 3227 nobiscum
2980 3181 3341 3257 perceperant
3370 3168 3499 3227 :Sed
3518 3184 3602 3223 non
3624 3172 3724 3220 erant
3745 3174 3781 3214 es

661 3269 956 3325 cohwredes
990 3277 1163 3321 autem
1193 3264 1386 3320 Christi
1415 3263 1587 3337 (Rom.
1613 3278 1705 3317 vm
1724 3303 1736 3327 ,
1776 3260 1844 3316 15
1872 3262 2035 3333 seq.).
2058 3259 2240 3315 Imita-

667 3361 815 3415 tione
848 3367 909 3413 ut
936 3358 1076 3413 idem
1122 3356 1410 3429 Apostolus
1454 3357 1707 3411 admonet
1742 3369 1757 3409 :
1788 3353 2088 3409 Imitatores
2140 3352 2240 3408 Dei

661 3461 822 3508 estote
851 3451 983 3507 sicut
1030 3448 1131 3519 ﬁlii
1168 3447 1461 3502 charissimi
1505 3446 1664 3518 (Eph.
1696 3462 1751 3513 v,
1784 3443 1860 3517 1),
1887 3452 1942 3501 et
1967 3445 2105 3499 sicut
2135 3443 2239 3499 Do-

658 3545 839 3601 minus
868 3539 1068 3597 Judaeis
1109 3538 1409 3595 naturalem
1437 3538 1669 3593 Abt-alue
1707 3535 2112 3608 generationem
2143 3533 2239 3587 ob-

659 3636 1021 3701 tendentibus,
1052 3631 1383 3706 proindeque
1405 3645 1525 3686 sese
1554 3628 1843 3701 superbius
1861 3625 2235 3694 ell'ereutibus,

654 3725 830 3784 dixit:
864 3724 968 3781 Vos
1014 3740 1080 3779 ea:
1119 3733 1268 3795 patre
1316 3720 1526 3775 diabolo
1566 3721 1688 3775 estis
1724 3719 1921 3795 (Joan.
1961 3734 2079 3784 vni,
2118 3717 2232 3792 Η),

642 3808 802 3891 quod
839 3831 947 3888 quo
979 3794 1139 3872 sensu
1180 3812 1398 3877 dixerit,
1441 3811 1614 3883 aperit
1653 3794 1774 3865 cu'm
1822 3809 2100 3881 subiungit
2125 3827 2137 3863 :
2164 3807 2235 3863 Et

652 3910 914 3966 desideria
962 3907 1128 3978 patris
1179 3904 1335 3960 vestri
1385 3903 1537 3959 vultis
1581 3902 1753 3971 facere
1803 3900 2011 3974 (lbid.).
2065 3899 2234 3957 Judaei

653 4000 851 4073 quippe
898 3995 1236 4061 imitatione,
1273 4008 1378 4049 non
1427 4001 1621 4046 natura
1673 3998 1829 4045 erant
1873 3990 1967 4044 ﬁlii
2012 3989 2230 4045 diaboli.

652 4093 725 4146 At
748 4106 873 4146 cum
901 4084 1083 4145 essent
1116 4096 1308 4142 natura
1338 4084 1433 4139 ﬁlii
1462 4083 1725 4149 Abrahae,
1760 4082 1915 4154 longe
1955 4096 1985 4136 a
2022 4097 2233 4136 morum

654 4181 799 4235 illius
820 4180 1120 4252 imitatione
1146 4177 1529 4234 discesserant.
1572 4173 1726 4230 Unde
1760 4182 1818 4228 et
1847 4174 1927 4228 eis
1972 4172 2233 4229 Dominus

652 4272 1016 4342 exprobrabat
1042 4288 1055 4323 :
1086 4267 1144 4325 Si
1175 4269 1353 4323 essetis
1378 4266 1477 4337 ﬁlii
1504 4265 1751 4331 Abrahae,
1795 4279 1954 4334 opera
2005 4261 2232 4319 Abrahae

655 4364 904 4434 fecissetis
950 4361 1168 4435 (Ibid.,
1213 4360 1355 4430 39),
1396 4359 1485 4413 ubi
1521 4374 1625 4412 non
1670 4364 1919 4411 naturam
1976 4356 2227 4426 negavit,

655 4457 750 4515 sed
772 4455 1125 4511 imitationem
1159 4452 1474 4508 dissimilem
1504 4449 1809 4521 objurgavit
1849 4448 2127 4515 doctrinae,
2169 4456 2231 4503 ut

2344 3262 2490 3319 nobis
2540 3261 2802 3318 electione
2842 3261 3031 3334 gratia:
3081 3252 3529 3334 perseverantiam
3570 3252 3779 3328 largientis:

2341 3355 2600 3415 Exierunt
2632 3372 2696 3411 ex
2721 3356 2866 3411 nobis
2900 3357 3315 3428 participatione
3354 3354 3571 3429 mysterii
3591 3351 3693 3425 quod
3713 3362 3781 3420 per-

2340 3456 2628 3519 ceperant;
2682 3449 2778 3505 sed
2816 3466 2919 3505 non
2947 3459 3185 3504 erantex
3222 3451 3369 3505 nobis
3404 3449 3645 3520 adoptione
3669 3442 3779 3514 regni,

2340 3555 2441 3609 qua
2469 3554 2527 3595 sc
2549 3555 2713 3611 prave
2734 3541 2963 3597 vivendo
2987 3541 3241 3613 indignos
3266 3540 3551 3599 effecerant.
3570 3538 3692 3594 Erant
3708 3546 3779 3603 ergo

2339 3628 2440 3700 ﬁlii
2469 3629 2837 3703 temporaliter
2864 3633 3315 3704 regenerationis,
3346 3641 3592 3690 non-erant
3624 3630 3694 3698 ﬁﬁi
3711 3640 3780 3698 pro-

2340 3723 2518 3779 missae
2546 3723 2872 3780 teternaliter
2894 3725 3243 3782 haereditatis.

2409 3814 2673 3883 Quocirca
2702 3831 2823 3871 cum
2852 3812 2989 3873 dicis
3018 3816 3157 3889 (cap.
3194 3816 3285 3886 15,
3314 3836 3455 3874 num.
3481 3817 3529 3885 ﬁ,
3550 3811 3705 3883 δορα)
3726 3824 3782 3861 It!

2337 3919 2447 3959 esse
2481 3902 2619 3973 ﬁlios
2643 3903 2738 3959 Dei
2759 3916 2949 3977 printer
2968 3904 3182 3962 elecetos
3225 3908 3360 3979 ejus,
3386 3925 3535 3980 neque
3570 3900 3782 3968 electostjlt

2333 4006 2524 4066 printer
2543 3996 2606 4049 ab
2630 4013 2689 4050 eo
2709 3996 3102 4066 prwdestinatos
3118 4009 3204 4064 ;et
3227 4002 3499 4057 conversim
3520 4015 3605 4053 non
3621 4006 3783 4061 εεκρτετ·

2336 4084 2623 4141 destinatos
2645 4096 2837 4158 praeter
2866 4087 3071 4154 electos,
3098 4107 3267 4165 neque
3290 4094 3471 4148 electos
3497 4098 3651 4160 prater
3672 4077 3780 4153 ﬁlias].

2336 4176 2537 4233 Verum
2559 4184 2663 4245 est,
2679 4179 2724 4234 si
2747 4179 2811 4234 de
2832 4180 2917 4236 his
2942 4185 3318 4240 tantummodo
3338 4183 3425 4255 qui
3450 4182 3510 4237 ad
3528 4190 3697 4251 regnum
3709 4183 3785 4242 ll"

2335 4267 2588 4322 destinati
2626 4277 2770 4333 sunt,
2796 4269 3144 4342 intelligatur.
3177 4272 3333 4341 Nam,
3365 4275 3495 4329 sicut
3532 4270 3781 4326 diximusnm

2333 4358 2683 4423 mendaciter,
2709 4373 2884 4431 neque
2906 4377 2936 4415 a
2964 4364 3262 4431 contrario,
3286 4364 3380 4420 sed
3402 4362 3651 4425 veraciter,
3673 4354 3783 4423 lilii“
3868 4354 3869 4431 ἦ

2334 4448 2571 4518 loquitur
2587 4450 2756 4507 Deus:
2776 4450 2949 4507 Filius
2972 4470 3115 4509 meus
3127 4457 3505 4528 primogenitae
3514 4450 3652 4509 Israel
3664 4442 3783 4519 (εαόι

653 4549 943 4624 Apostolus
969 4548 1045 4602 ait
1077 4564 1090 4601 :
1128 4543 1313 4599 Filioli
1338 4544 1459 4609 mei,
1489 4558 1619 4615 quos
1644 4544 1832 4596 iterum
1869 4541 2106 4611 parturio
2131 4540 2227 4594 do—
2254 4527 2308 4588 Β
2333 4538 2677 4612 tv,22),cum
2696 4540 2801 4598 hoc
2821 4542 2886 4598 de
2900 4543 3095 4613 populo
3109 4527 3785 4619 Egyptiiscsementedieem;

653 4661 746 4700 nec
772 4643 1029 4715 formetur
1059 4638 1298 4695 Christus
1340 4637 1395 4690 in
1428 4635 1567 4691 vobis
1601 4633 1745 4705 (Gal.
1779 4648 1852 4700 tv,
1885 4631 1977 4705 29)
2001 4648 2018 4699 ;
2040 4640 2095 4688 et
2114 4647 2233 4687 rur-

652 4750 773 4792 sum
809 4753 823 4788 :
855 4731 995 4788 Nam
1029 4746 1123 4804 per
1148 4726 1488 4799 Evangelium
1514 4727 1567 4779 in
1588 4724 1796 4780 Christo
1819 4722 1948 4778 Jesu
1968 4764 1983 4790 ,
2018 4738 2110 4795 ego
2144 4738 2231 4776 vos

652 4828 807 4901 genui
844 4826 896 4900 (Ι
922 4824 1047 4882 Cor.
1082 4841 1155 4890 tv,
1195 4821 1303 4893 15).
1356 4821 1617 4877 Dicuntur
1653 4820 1817 4876 etiam
1850 4860 1866 4885 ,
1923 4815 2022 4889 lilii
2066 4816 2234 4889 Regni

655 4920 870 4995 (Matth.
894 4934 1012 4982 vm,
1046 4916 1159 4990 l2),
1188 4925 1243 4972 et
1269 4915 1370 4986 ﬁlii
1396 4913 1528 4970 lucis
1551 4913 1735 4988 (Joan.
1775 4931 1872 4982 xu,
1903 4914 2024 4989 36),
2049 4924 2104 4972 et
2130 4914 2234 4986 ﬁlii

655 5011 1047 5066 resurrectionis
1100 5009 1284 5081 (Joan.
1332 5023 1478 5073 xvu,
1523 5007 1657 5076 12):
1701 5007 1843 5063 sicut
1882 5023 1913 5063 e
1957 5008 2233 5064 contrario

653 5100 754 5173 ﬁlii
796 5102 1145 5166 tenebrarum,
1169 5107 1223 5154 et
1247 5096 1347 5169 ﬁlii
1381 5094 1718 5168 perditionis,
1748 5106 1804 5153 et
1829 5095 1931 5167 ﬁlii
1950 5097 2231 5170 gehennae,

656 5211 765 5252 non
790 5195 859 5250 ab
886 5209 947 5249 ea
974 5191 1161 5264 geniti,
1184 5190 1279 5247 sed
1313 5188 1381 5245 ad
1409 5204 1529 5245 eam
1560 5187 1835 5245 destinati.
1864 5178 2073 5243 Dieitur
2099 5202 2235 5259 quo-

657 5304 765 5364 que
790 5286 934 5358 ﬁlius
979 5282 1267 5357 iniquitatis
1309 5281 1526 5356 (Matth.
1564 5295 1733 5359 xxnt,
1780 5278 1890 5353 15),
1926 5295 2034 5336 non
2064 5280 2132 5336 ab
2169 5294 2234 5336 ea
2272 5324 2277 5329 .

655 5387 965 5457 generatus,
989 5377 1083 5433 sed
1108 5375 1158 5431 ei
1186 5372 1618 5444 inseparabiliter
1648 5370 1907 5436 sociatus,
1944 5385 2080 5442 quos
2116 5385 2234 5427 om-

661 5486 759 5529 nes
789 5484 911 5526 cum
947 5465 1265 5523 auctoritate
1290 5463 1585 5536 Scriptores
1616 5478 1787 5520 sacra:
1822 5462 2044 5541 Patrum
2071 5463 2238 5519 tradi-

661 5560 810 5616 tione
859 5557 1299 5632 perceperimus,
1357 5570 1623 5627 nusquam
1682 5563 1788 5611 tute
1832 5555 2239 5615 contrarietatis

663 5652 880 5708 modum
905 5651 1231 5720 accepimus.

735 5736 1272 5811 Quamobrem,un
1285 5739 1361 5796 ait
1379 5739 1431 5794 in
1455 5740 1729 5808 superiore
1752 5738 2017 5796 sententia
2049 5739 2239 5793 beatus

2333 4640 2389 4689 et
2423 4630 2565 4702 ﬁilos
2601 4634 2756 4704 genui
2785 4642 2835 4689 et
2863 4635 3091 4691 σεπαίτωί
3108 4678 3125 4705 ,
3152 4636 3256 4708 ipsi
3287 4649 3454 4694 autem
3479 4640 3714 4708 spreuerant
3741 4636 3786 4677 ⁸⁸

2333 4723 2524 4796 (Isa.t,
2550 4724 2935 4796 2).Etrursum
2963 4747 2976 4782 :
3008 4727 3264 4802 Nunquid
3279 4748 3383 4785 non
3404 4730 3787 4802 ipseestpotertw,

2330 4825 2421 4896 qui
2442 4825 2667 4895 possedit
2684 4833 2751 4891 te,
2767 4836 2817 4880 et
2831 4826 2952 4896 fecit
2970 4836 3018 4882 et
3033 4828 3226 4881 creavit
3241 4839 3291 4882 te
3305 4828 3331 4882 ?
3345 4828 3511 4900 (Deut.
3527 4808 3787 4885 munisti)

2334 4916 2502 4972 Deum
2542 4919 2631 4989 qui
2658 4926 2707 4972 te
2735 4918 2913 4989 genuit
2942 4918 3291 4990 dereliquisti,
3321 4931 3368 4975 et
3399 4918 3569 4975 oblitus
3587 4933 3630 4972 es
3660 4900 3789 4967 M

2337 5009 2586 5063 creatoris
2607 5009 2685 5062 tui
2699 5006 2874 5063 :Vidit
2900 5007 3152 5065 Dominus
3172 5052 3187 5077 ,
3217 5021 3268 5065 et
3290 5011 3361 5066 ad
3383 5008 3665 5065 iracundiam
3685 4992 3790 5055 τοιό-

2338 5112 2477 5159 tatus
2496 5113 2593 5169 est,
2605 5102 2729 5160 auia
2743 5117 3144 5174 prouocauerunt
3160 5122 3281 5160 eum
3296 5105 3397 5178 ﬁlii
3411 5105 3487 5160 sui
3509 5113 3549 5158 et
3564 5098 3687 5172 ﬁliai
3697 5102 3789 5164 θίν’

2339 5197 2473 5251 ratio
2486 5196 2620 5251 enim
2638 5212 2876 5267 perversa
2901 5204 2999 5263 est,
3022 5205 3069 5251 et
3084 5196 3324 5266 inﬁdeles
3347 5197 3448 5269 [itii
3463 5198 3603 5269 (vers.
3620 5188 3683 5245 i8.
3698 5180 3788 5237 etei.

2339 5286 2472 5344 Cum
2494 5289 2677 5359 itaque
2692 5286 2805 5344 sola
2831 5286 2995 5344 etiam
3023 5289 3303 5345 creatione
3319 5289 3557 5345 dicantur
3574 5290 3718 5338 omnes
3733 5271 3788 5324 δυ’

2338 5379 2513 5436 mines
2553 5378 2674 5435 Filii
2705 5376 2818 5445 Dei,
2846 5380 3110 5452 nunquid,
3132 5380 3258 5453 quia
3287 5397 3392 5438 non
3430 5387 3544 5435 sunt
3563 5365 3793 5432 omnes”

2338 5470 2622 5526 titudinem
2646 5470 2975 5541 percepturi,
3009 5470 3127 5526 ideo
3152 5452 3188 5524 γα
3225 5471 3486 5525 contrario
3530 5457 3696 5521 dicendi
3719 5452 3790 5506 sua

2339 5559 2589 5632 appellati
2620 5548 2717 5614 ﬁlii
2746 5558 2879 5616 Dei?
2906 5557 2986 5627 Si,
3016 5560 3254 5631 inquam,
3282 5570 3437 5630 pater
3472 5554 3672 5614 omnium
3702 5551 3793 5632 cmf

2344 5629 2489 5708 tione
2529 5651 2728 5707 dicitur
2769 5651 2935 5718 Deus,
2965 5660 3021 5706 et
3046 5629 3153 5707 non
3180 5667 3212 5705 α
3249 5629 3520 5712 contrario,
3548 5629 3792 5718 sequitur

2347 5742 2440 5797 ﬁlii
2468 5756 2680 5812 quoque
2718 5741 2993 5797 creatione
3036 5754 3139 5796 non
3169 5758 3200 5794 a
3245 5738 3504 5795 contrario
3534 5730 3634 5791 lieti
3672 5710 3796 5780 ἥδ’
