4010 6352
228 324 370 382 1189

1075 323 1160 380 DE
1196 323 1870 380 PREDESTINATIONE
1907 325 2186 384 CONTRA
2223 326 2273 384 I.
2318 327 2617 384 SCOTUM.

3331 329 3468 389 1190

225 445 442 510 gantur.
471 432 624 501 Quod
652 432 697 488 si
733 440 788 488 et
814 431 952 488 ﬁlios
987 443 1040 489 et
1066 445 1272 505 patrem
1303 454 1334 488 a
1358 438 1620 490 contrario
1647 437 1800 491 intel-
1831 442 1880 500 Α
1904 441 2169 508 quomodo
2205 439 2297 493 ﬁlii
2325 439 2570 494 dicantur
2602 439 2700 508 ﬁlii
2725 440 3032 510 perditionis
3059 441 3342 498 adversum
3373 460 3470 502 eos

227 527 366 598 ligas
387 563 402 590 ,
433 524 680 594 sequitur
702 531 780 589 ut,
804 525 1212 580 et‘creationem
1241 534 1294 580 et
1321 525 1586 582 facturam
1615 546 1646 580 a
1677 545 1800 581 con-

229 618 396 672 trario
424 614 744 684 intelligens,
767 623 1066 670 creatorem
1097 617 1375 672 hominum
1405 618 1569 672 Deum
1600 632 1798 689 neges:

229 709 324 779 qui
370 707 514 762 enim
565 721 670 760 non
721 707 1004 771 veraciter,
1039 707 1132 761 sed
1159 725 1191 761 a
1241 711 1506 763 contrario
1553 710 1805 764 dicuntur

226 809 386 872 pater
438 799 736 862 hominum,
777 797 860 851 vel
898 797 991 852 ﬁlii
1039 798 1134 853 Dei
1187 815 1322 869 quos
1355 801 1467 871 ipse
1513 801 1802 864 creaverit,

230 895 628 956 consequenter
655 895 871 943 creator
897 897 953 942 et
993 889 1168 942 factor
1198 891 1535 958 a,contrario
1585 890 1802 945 dicitur.

229 979 350 1049 Ipse
372 979 540 1033 etiam
566 977 826 1033 Dominus
851 978 904 1032 in
942 978 1236 1047 Evangelio
1263 979 1391 1034 dicit
1421 999 1432 1034 :
1467 979 1597 1034 Filii
1633 991 1806 1036 autem

230 1071 379 1142 regni
400 1069 673 1139 ejicientur
693 1071 745 1123 in
765 1070 1001 1126 tenebras
1023 1073 1300 1126 exteriores
1319 1071 1532 1143 (Matth.
1547 1089 1666 1139 v1tt,
1690 1075 1800 1142 12).

229 1161 485 1232 Nunquid
510 1171 566 1216 et
605 1161 695 1218 hic
724 1162 968 1218 dicturus
995 1179 1055 1218 es
1084 1179 1114 1218 a
1145 1165 1420 1220 nesciente
1471 1166 1607 1222 ﬁlios
1656 1168 1805 1238 regni

230 1251 564 1324 appellatos?
607 1252 746 1322 quod
773 1252 899 1322 quia
943 1253 1410 1321 absurdissimum,
1439 1256 1548 1312 itno
1596 1257 1804 1327 impiis-

231 1345 432 1400 simum
457 1354 559 1410 est,
589 1359 811 1400 necesse
839 1355 1006 1400 estut
1039 1344 1313 1401 fateamur
1341 1363 1446 1402 non
1476 1367 1508 1402 a
1541 1352 1808 1405 contrario

232 1437 376 1494 ﬁlios
428 1437 541 1504 Dei,
563 1438 728 1492 etiam
763 1438 853 1508 qui
904 1449 1213 1495 sanctorum
1265 1439 1406 1496 illius
1447 1451 1647 1498 sortem
1684 1453 1806 1498 sunt

232 1527 457 1583 minime
485 1527 807 1598 percepturi.

307 1618 505 1674 Verum
531 1634 601 1674 ne
638 1626 824 1674 nostra
850 1634 948 1674 nos
972 1620 1026 1674 id
1053 1619 1362 1690 conjectura
1387 1624 1662 1676 aestimare
1681 1637 1808 1678 cau-

232 1712 404 1776 seris,
438 1710 622 1780 accipe
651 1711 777 1780 quid
827 1711 940 1780 ipse
967 1727 1180 1783 quoque
1221 1723 1401 1768 contra
1429 1715 1806 1782 :adversarium

1907 531 1998 599 qui
2045 529 2230 584 volunt
2271 530 2512 586 diversas
2537 545 2658 586 esse
2685 539 2902 586 naturas
2949 550 2962 585 :
3019 531 3177 588 aliam
3207 549 3323 604 quae
3354 551 3475 606 pero

1904 619 2014 674 dita
2046 621 2115 674 sit
2142 627 2196 673 et
2225 619 2381 684 mala,
2411 629 2465 674 et
2487 620 2682 673 salvari
2709 630 2964 690 nequeat,
2987 630 3040 675 et
3065 622 3223 676 aliam
3251 623 3470 693 bonam,

1906 726 2024 779 quae
2053 711 2230 780 perire
2256 725 2360 764 non
2399 711 2584 779 possit.
2629 709 2684 764 Si
2720 710 2881 774 enim,
2913 719 2971 765 ut
3001 710 3074 766 illi
3121 721 3330 780 putant,
3379 715 3472 769 ﬁlii

1906 804 2220 874 perditionis
2264 811 2471 858 natura:
2521 803 2768 872 pessima:
2805 811 2952 868 sunt,
2989 806 3254 872 quomodo
3294 807 3477 861 inven—

1907 903 2017 947 tum
2061 904 2134 947 est
2183 893 2320 964 quod
2369 893 2513 963 prius
2558 893 2816 962 perditum
2855 894 3079 963 fuerat?
3129 897 3366 968 Denique
3418 897 3472 952 in

1907 982 2179 1055 parabolis
2215 985 2587 1055 ptenitentium
2636 995 2691 1039 et
2741 986 2848 1039 ovis
2900 987 3115 1054 perdita:
3155 988 3221 1043 de
3257 996 3472 1044 centum

1908 1077 2098 1132 ovibus
2121 1076 2250 1146 (Luc
2278 1092 2366 1141 xv,
2394 1075 2469 1147 4),
2502 1085 2548 1130 et
2579 1076 2828 1130 drachma
2853 1092 2973 1146 quae
2997 1077 3063 1133 de
3091 1078 3271 1134 decem
3293 1081 3474 1148 perie-

1909 1176 1993 1221 rat
2021 1167 2183 1238 (vers.
2212 1167 2245 1221 8
2271 1167 2410 1236 seq.)
2432 1167 2802 1238 reperiuntur,
2827 1178 2874 1222 et
2906 1170 3137 1238 perditus
3157 1169 3298 1238 ﬁlius
3327 1172 3476 1227 inve-

1909 1259 2056 1313 nitur
2081 1259 2244 1328 (vers.
2277 1258 2344 1312 12
2373 1273 2524 1328 seq.;
2552 1273 2692 1313 vers.
2719 1258 2809 1327 52)
2835 1277 2848 1312 ;
2877 1260 2942 1314 de
2977 1276 3082 1330 quo
3113 1262 3181 1316 ad
3214 1260 3472 1330 majorem

1911 1355 2039 1401 natu
2069 1347 2280 1401 dixerat
2321 1354 2474 1416 pater
2523 1361 2538 1400 :
2587 1345 2693 1401 Iste
2719 1347 2881 1415 frater
2909 1358 3028 1402 tuus
3057 1350 3282 1419 perierat
3305 1360 3353 1405 et
3397 1353 3474 1406 in.

1911 1451 2087 1495 ventus
2122 1451 2226 1505 est,
2263 1449 2497 1493 mortuus
2522 1448 2654 1504 erat,
2678 1448 2725 1494 et
2751 1441 2964 1504 revixit;
3016 1457 3290 1512 nunquam
3331 1442 3475 1498 enim

1912 1533 2054 1602 perit
2081 1533 2182 1586 nisi
2211 1531 2354 1602 quod
2389 1533 2538 1602 prius
2566 1531 2770 1587 salvum
2799 1531 2920 1596 fuit,
2945 1541 3000 1586 et
3025 1548 3294 1602 nunquam
3319 1534 3482 1589 mori—

1915 1630 2001 1674 tur
2029 1622 2129 1676 nisi
2160 1621 2300 1692 quod
2320 1630 2443 1676 ante
2469 1622 2697 1676 vixerat.
2725 1619 2871 1692 Ergo
2894 1621 2982 1676 isti
3011 1622 3103 1692 qui
3125 1637 3268 1678 nunc
3290 1623 3476 1693 appel-

1915 1713 2092 1768 lantur
2115 1714 2212 1782 [ilii
2258 1714 2595 1785 perditionis,
2638 1715 2753 1770 sive
2799 1715 3095 1786 iniquitatis
3144 1730 3208 1771 ac
3257 1716 3477 1772 sceleris

231 1803 370 1874 legis
390 1816 443 1857 et
473 1804 858 1873 prophetarum
902 1804 1147 1860 scribens
1174 1806 1303 1860 hinc
1333 1807 1386 1860 in
1432 1807 1800 1863 defensionem
1831 1793 1886 1854 Β
1910 1804 2041 1875 (Isa.
2069 1821 2108 1869 1,
2137 1804 2215 1875 4),
2242 1805 2458 1874 proprio
2484 1805 2613 1859 vitio
2652 1804 3054 1874 dereliquerunt
3085 1805 3273 1872 Deum,
3325 1815 3380 1861 et
3411 1808 3478 1863 de

229 1896 478 1951 veritatis
506 1895 787 1964 protulerit
823 1895 1154 1968 Augustinus
1179 1899 1392 1967 (contra
1435 1900 1805 1955 adversarium

231 1989 362 2061 legis
391 1999 436 2043 et
467 1990 733 2059 proptrea,
765 1987 801 2042 Ι.
827 2005 877 2054 ι,
909 2005 1027 2060 cap.
1064 1991 1178 2061 22).
1210 1989 1310 2062 [De
1346 1992 1656 2046 testimonio
1679 2007 1810 2062 quo—

232 2095 342 2150 que
362 2079 511 2134 Isaiae
547 2080 821 2150 propheta:
850 2080 1211 2135 calumniatur
1241 2091 1402 2150 atque
1444 2080 1806 2152 blasphemat,

231 2185 304 2228 eo
327 2171 470 2241 quod
494 2170 692 2226 dixerit
715 2188 728 2224 :
762 2168 928 2226 Filios
949 2172 1104 2242 genui
1132 2181 1180 2226 et
1200 2171 1427 2227 exaltari
1442 2190 1461 2238 ,°
1502 2174 1600 2244 ipsi
1638 2183 1810 2228 autem

233 2280 320 2318 me
352 2273 650 2334 spreverunt
696 2261 832 2335 (Isa.
862 2279 902 2328 1,
928 2264 982 2329 2,
1013 2264 1094 2336 4).
1142 2265 1208 2320 Ει
1241 2265 1456 2321 eosdem
1488 2266 1648 2337 paulo
1693 2282 1791 2336 pos

236 2351 596 2425 appellaverit
617 2367 792 2406 semen
823 2353 1122 2422 pessimum,
1159 2362 1418 2423 tanquam
1447 2370 1504 2411 se
1525 2356 1784 2412 ostenden

234 2444 534 2516 genitorem
551 2441 626 2514 [al
633 2482 671 2508 .,
688 2442 1086 2515 generatorem]
1103 2443 1386 2511 malorum,
1401 2445 1550 2514 cujus
1571 2445 1662 2502 ﬁlii
1686 2463 1789 2502 sun

232 2553 409 2591 semen
458 2535 763 2602 pessimum,
795 2534 1044 2589 nesciens
1086 2535 1156 2590 ob
1205 2536 1309 2590 hoc
1357 2551 1450 2591 eos
1502 2536 1607 2592 dici
1641 2553 1814 2592 semen

233 2625 538 2696 pessimum,
569 2623 822 2694 quoniam
852 2625 1038 2694 gratia:
1074 2625 1190 2690 Dei,
1215 2640 1320 2694 qua
1353 2625 1447 2680 ﬁlii
1472 2624 1603 2682 facti
1633 2636 1808 2694 erant,

235 2716 511 2787 peccando
564 2716 858 2786 degeneres
911 2701 1255 2781 exstiterant,
1281 2731 1467 2770 eorum
1525 2717 1617 2772 ﬁlii
1678 2718 1808 2776 facti

235 2824 469 2878 quorum
514 2808 814 2863 imitatores
843 2809 1312 2864 essevoluerunt.
1366 2809 1516 2865 Unde
1551 2811 1659 2867 illis
1708 2811 1811 2867 alio

237 2904 358 2959 loco
380 2902 574 2958 dicitur
599 2919 610 2956 :
640 2898 800 2954 Pater
821 2911 940 2955 tuus
963 2900 1322 2967 Amorrltazus,
1349 2909 1397 2956 et
1418 2911 1585 2957 mater
1605 2914 1695 2956 tua
1720 2902 1804 2958 Ce-

237 2995 378 3048 tlttea
411 2991 624 3063 (Ezeclt.
655 3008 770 3057 xw,
800 2991 856 3062 '5)
885 3010 896 3045 :
926 3007 1153 3061 quarum
1183 2993 1420 3061 gentium
1451 3002 1575 3048 sunt
1621 2993 1813 3064 impie-

241 3093 408 3140 tatem
450 3083 817 3153 malitiamque
864 3083 1079 3148 sectati,
1103 3099 1167 3137 ex
1199 3084 1394 3152 quibus
1425 3094 1602 3139 tamen
1634 3083 1815 3140 carnis

239 3176 506 3246 originem
522 3190 626 3228 non
645 3174 931 3228 ducebant.
957 3173 1062 3228 Sed
1089 3173 1329 3229 solvebat
1348 3175 1448 3229 iste
1461 3175 1814 3244 quazstionem
1842 3145 1888 3209 C

240 3269 628 3340 evangelicam,
671 3268 759 3320 ubi
793 3267 1050 3321 Dominus
1097 3267 1228 3322 dicit
1263 3282 1277 3320 :
1310 3267 1367 3321 Si
1402 3258 1510 3332 vos,
1535 3284 1651 3321 cum
1701 3269 1814 3322 sitis

240 3365 394 3428 mali,
419 3365 582 3418 nostis
621 3363 752 3416 bona
784 3363 913 3416 data
944 3362 1071 3416 dare
1099 3362 1227 3432 filiis
1253 3364 1454 3425 vestris,
1479 3373 1815 3430 quantoma-

241 3455 324 3528 gis
347 3454 504 3510 Pater
524 3463 707 3518 vester,
729 3455 818 3524 qui
840 3455 895 3508 in
917 3452 1056 3510 caelis
1076 3464 1169 3517 est,
1201 3454 1346 3508 dabit
1372 3455 1505 3546 bima
1527 3454 1816 3524 petentibus

241 3549 337 3607 se!
365 3549 514 3620 (Luc.
558 3564 636 3614 ιι,
682 3546 804 3618 15.)
851 3547 1004 3602 Dicat
1047 3548 1494 3616 quemadmodum
1536 3549 1607 3602 sit
1646 3549 1819 3603 bonus

244 3641 410 3705 Deus,
436 3639 703 3694 malorum
724 3645 879 3708 pater
905 3653 918 3689 :
947 3645 1235 3706 utrumque
1260 3637 1404 3691 enim
1431 3636 1631 3691 veritas
1659 3636 1816 3691 dixit.

241 3731 439 3785 Annon
465 3737 622 3784 erant
651 3727 776 3783 mali
805 3727 1000 3796 quibus
1030 3729 1128 3793 ait,
1159 3725 1216 3782 Si
1249 3743 1369 3796 ergo
1412 3743 1517 3792 vos,
1563 3744 1679 3780 cum
1704 3727 1820 3782 sitis

243 3820 420 3875 mali?
452 3835 630 3875 annon
681 3818 950 3874 habebant
993 3818 1164 3874 Deum
1204 3820 1403 3874 bonum
1432 3827 1673 3887 patrem,
1703 3819 1821 3886 qui-

243 3913 350 3967 bus
370 3912 446 3966 ait
485 3928 498 3964 :
542 3909 750 3976 Quanto
774 3910 938 3978 magis
971 3906 1131 3963 Pater
1158 3919 1340 3972 vester,
1367 3909 1525 3978 quiin
1555 3908 1692 3962 caelis
1722 3914 1818 3970 est,

244 4001 392 4056 dabit
423 4002 554 4056 bona
572 4000 860 4070 petentibus
885 3999 980 4053 se?
999 3998 1168 4054 Porro
1196 3999 1242 4052 si
1269 3998 1393 4052 mali
1423 3996 1672 4066 appellati
1700 4004 1824 4052 sunt

245 4103 470 4167 propter
501 4102 720 4162 peccata
749 4092 864 4148 sine
896 4091 1090 4160 quibus
1120 4108 1226 4146 non
1253 4099 1338 4146 est
1363 4091 1417 4146 in
1461 4091 1564 4144 hac
1600 4089 1825 4144 inﬁrmi-

248 4193 360 4241 tate
408 4184 714 4239 mortalium
761 4181 1126 4251 quorumlibct
1166 4181 1327 4234 etiam
1378 4180 1486 4234 vita
1530 4178 1820 4248 justorum,

245 4289 452 4350 quanto
505 4279 916 4336 convenientius
979 4293 1153 4332 semen
1211 4277 1492 4342 pessimum
1555 4275 1826 4330 diceretur

245 4370 396 4440 quod
423 4377 738 4426 nasceretur
778 4369 942 4438 impia
987 4367 1286 4433 voluntate,
1315 4376 1372 4422 et
1397 4367 1639 4421 moribus
1670 4381 1824 4420 exse-

1911 1896 2036 1951 ﬁliis
2062 1895 2296 1962 Domini,
2325 1895 2415 1949 ﬁlii
2447 1895 2760 1966 perditionis
2780 1910 2899 1952 esse
2927 1905 3226 1966 cmperunt,
3267 1897 3480 1954 dicente

1912 1989 1976 2042 ad
2001 2003 2095 2042 eos
2118 1988 2218 2042 hoc
2241 1987 2427 2042 eodem
2457 1987 2717 2056 propheta
2743 2004 2756 2040 :
2789 1986 3146 2056 Dereliquistis
3178 1987 3478 2054 Dominum,

1911 2089 1958 2132 et
2005 2079 2073 2131 ad
2125 2077 2454 2132 iracundiam
2501 2078 2816 2147 prouocastis
2859 2089 3098 2133 sanctum
3144 2079 3313 2134 Israel
3339 2079 3474 2151 (Isa.

1912 2185 2034 2233 va,
2070 2168 2178 2238 ll).
2212 2169 2252 2238 -ι-
2275 2167 2592 2223 Ambrosius
2623 2167 2676 2222 in
2709 2167 2945 2238 Epistola
2972 2169 3038 2223 ad
3064 2169 3346 2238 Ephesios.

1983 2259 2212 2315 Eramus
2240 2267 2429 2314 natura
2455 2257 2554 2326 ﬁlii
2583 2259 2696 2326 irtc,
2727 2259 2862 2314 sicut
2888 2269 2936 2313 et
2983 2261 3156 2314 cteteri
3183 2259 3376 2331 (Epist.
3408 2259 3478 2314 ad

1913 2350 2129 2422 Ephes.,
2157 2365 2204 2404 c.
2249 2349 2303 2414 2,
2331 2349 2385 2419 5)
2420 2367 2433 2403 :
2469 2349 2685 2406 Natura:
2720 2351 2866 2406 enim
2905 2365 3028 2406 cura
3064 2349 3204 2404 mala
3237 2350 3482 2407 voluntas

1914 2441 2252 2511 supponitur,
2279 2441 2338 2492 ﬁt
2377 2448 2567 2493 natura
2597 2440 2710 2506 irae,
2741 2441 2792 2494 id
2819 2449 2900 2496 est
2939 2456 3071 2509 quae.
3101 2441 3287 2496 ultioni
3317 2440 3484 2511 subji-

1914 2533 2100 2587 cienda
2121 2532 2214 2597 sit,
2236 2531 2516 2585 immutata
2542 2546 2646 2585 non
2669 2532 2990 2597 substantia,
3013 2531 3107 2587 sed
3133 2533 3272 2588 mala
3293 2533 3480 2588 volun-

1918 2630 2023 2676 tate
2055 2639 2067 2674 :
2100 2621 2201 2676 hoc
2243 2620 2388 2676 enim
2429 2621 2714 2690 deputatur
2757 2630 2965 2678 natura:
3005 2623 3148 2692 quod
3193 2623 3477 2694 sequitur:

1921 2713 2069 2770 Unde
2093 2713 2169 2766 ait
2217 2713 2272 2767 in
2321 2711 2459 2767 Isaia
2511 2729 2683 2768 semen
2729 2714 3006 2783 pessimam
3049 2714 3182 2786 (Isa.
3215 2709 3263 2780 ἰ,
3306 2715 3384 2786 4),
3429 2723 3485 2772 et

1917 2820 2084 2874 quare
2105 2805 2176 2860 sit
2195 2819 2379 2858 semen
2410 2805 2700 2874 pessimum
2723 2803 2948 2873 subjecit
2981 2822 2994 2859 :
3021 2804 3317 2877 Reliquistis
3347 2806 3484 2861 enim

1915 2899 2222 2965 Dominum,
2252 2901 2342 2963 ait,
2373 2909 2420 2953 et
2446 2899 2514 2953 ad
2541 2901 2869 2954 iracundiam
2894 2903 3208 2971 prouocastis
3245 2911 3486 2956 sanctum

1918 2989 2087 3045 Israel
2125 2989 2333 3062 (Ibid),
2385 2999 2444 3043 ut
2478 2998 2670 3045 natura
2714 3007 2834 3061 qua:
2877 2991 3075 3048 deserit
3108 2993 3276 3047 Deum
3325 2993 3487 3062 pessi-

1918 3101 2060 3138 mum
2125 3100 2298 3137 semen
2357 3082 2568 3138 dicatur
2623 3101 2636 3138 z
2695 3084 3020 3155 degenerare
3069 3083 3213 3140 enim
3267 3091 3352 3138 est
3415 3085 3486 3140 ab

1920 3183 2138 3230 auctore
2163 3174 2434 3238 recedere,
2467 3181 2666 3229 etcum
2697 3174 2893 3228 malum
2923 3174 3224 3244 exemplum
3277 3175 3490 3230 caeteris

1919 3268 2142 3337 praebet,
2188 3265 2384 3320 malum
2428 3273 2513 3320 est
2554 3279 2757 3332 semen,
2790 3264 2997 3320 fructus
3039 3265 3184 3320 enim
3225 3266 3490 3336 pessimos
3554 3333 3566 3345 .

1921 3361 2050 3414 facit
2079 3359 2290 3430 (Matth.
2320 3375 2400 3423 111,
2437 3359 2554 3429 10);
2606 3360 2651 3415 si
2683 3374 2809 3414 vero
2851 3359 3036 3415 redeat
3074 3359 3142 3414 ad
3190 3367 3488 3426 auctorem,

1921 3454 2063 3507 bona
2099 3454 2204 3509 erit
2229 3460 2422 3507 natura
2456 3452 2749 3508 secundum
2779 3451 3110 3524 Apostolum,
3160 3454 3251 3524 qui
3297 3455 3493 3510 immu-

1922 3552 2066 3598 tatus
2093 3543 2219 3598 dum
2244 3544 2518 3613 cognoscit
2559 3544 2868 3599 Creatorem
2899 3559 3074 3608 suum,
3114 3560 3202 3598 vas
3231 3543 3492 3600 electionis

1924 3635 2064 3707 (Act.
2099 3651 2175 3700 ιχ,
2207 3633 2294 3704 15)
2321 3634 2664 3706 appellatur.]
2694 3636 2734 3704 -ι-
2756 3633 2896 3690 Beda
2934 3635 2989 3689 in
3023 3635 3356 3704 expositione
3399 3651 3495 3705 pa-

1922 3726 2229 3781 rabolarum
2260 3725 2566 3780 Salomonis
2591 3727 2667 3796 (in
2703 3723 2862 3780 Prov.
2891 3725 3120 3792 Salom.,
3159 3726 3195 3780 l.
3229 3742 3314 3794 tu,
3342 3742 3394 3784 c.
3424 3729 3491 3786 5i

1923 3821 2022 3873 sub
2042 3817 2248 3887 linem).

1996 3909 2180 3963 Multa:
2207 3908 2332 3976 ﬁlim
2363 3917 2799 3980 congregaverant
2826 3908 3056 3975 divitias,
3087 3917 3143 3962 tu
3163 3925 3496 3980 supergressa

1924 4018 1977 4056 es
2007 4001 2274 4056 universas
2322 3996 2504 4068 (Prov.
2555 4016 2594 4064 1,
2641 3999 2754 4069 29).
2798 3999 2992 4055 Multas
3040 3999 3180 4056 ﬁlias
3223 3999 3499 4056 Ecclesias

1927 4096 2057 4151 dicit
2082 4094 2456 4149 hmreticorum
2483 4101 2538 4146 et
2565 4092 2828 4147 malorum
2857 4092 3042 4148 turbas
3080 4093 3494 4161 catholicorum,

1926 4204 2046 4259 qua:
2075 4187 2196 4241 ﬁlia:
2225 4186 2473 4240 dicuntur
2498 4184 2582 4237 vel
2632 4183 2832 4239 Christi
2881 4184 2964 4239 vel
3011 4185 3264 4241 Ecclesiae
3309 4203 3325 4240 :
3373 4188 3499 4258 quia

1926 4281 2087 4336 etiam
2119 4280 2245 4349 ipsae
2268 4284 2391 4332 sunt
2423 4275 2716 4331 Dominicis
2759 4287 2960 4331 renatae
3007 4276 3394 4344 Sacramentis,
3443 4289 3499 4336 et

1928 4371 2266 4442 adoptionem
2295 4369 2547 4434 ﬁliorum,
2584 4383 2745 4438 quam
2793 4383 2902 4423 non
2953 4369 3270 4435 custodiere,
3319 4385 3500 4440 perce-

246 4455 545 4518 erabit’iius
571 4461 891 4530 pullularet!
925 4459 944 4532 ]
977 4460 1014 4529 ‘l‘
1044 4458 1404 4526 Hieronymus
1445 4457 1498 4511 in
1531 4456 1664 4511 Isaia
1693 4471 1822 4526 Pm-
1848 4496 1902 4557 D
1925 4472 2122 4537 perunt
2150 4462 2310 4535 (unde
2337 4471 2393 4516 et
2431 4460 2668 4516 Joannes
2693 4461 2768 4514 ait
2793 4475 2808 4513 :
2837 4459 2917 4514 De
2949 4459 3094 4515 nobis
3125 4461 3382 4528 exierunt,
3408 4462 3499 4517 sed

287 4555 436 4620 heta,
463 4553 558 4608 lib.
589 4569 628 4607 1.

245 4572 436 4627 pneta,
463 4572 558 4608 nn.
589 4572 628 4607 1.

325 4645 682 4716 Hieronymus
709 4644 786 4713 (in
809 4642 1031 4705 Isaiam,
1058 4657 1106 4696 c.
1130 4641 1240 4708 18).
1265 4639 1372 4695 Nec
1395 4639 1590 4694 mirum
1621 4639 1666 4693 si
1693 4639 1822 4696 Sion

245 4737 551 4810 appelletur
577 4736 704 4802 ﬁlia,
745 4751 869 4790 cum
898 4735 1061 4790 etiam
1107 4733 1348 4805 Babylon
1393 4733 1687 4802 saepissime
1717 4733 1824 4787 ﬁlia

246 4835 597 4898 nuncupetur
627 4845 640 4881 :
671 4841 860 4881 omnes
891 4825 1035 4881 enim
1074 4833 1270 4880 natura
1305 4824 1398 4878 Dei
1431 4823 1523 4877 lilii
1558 4831 1681 4878 sunt
1705 4823 1824 4895 [al.,

249 4919 500 4992 sumus],
528 4919 622 4974 sed
647 4927 832 4973 nostro
853 4917 984 4971 vitio
1009 4915 1170 4970 alieni
1192 4914 1493 4970 elliciuntur
1517 4913 1638 4987 [al.,
1655 4914 1826 4970 efﬁci-

250 5007 424 5082 mur].
449 5009 644 5080 j-ldem
661 5009 715 5063 in
737 5007 873 5064 Isaia
895 5007 986 5062 lib.
1006 5023 1115 5073 xvr,
1137 5005 1270 5078 (Isa.
1288 5021 1418 5071 ιγι-ι,
1440 5005 1495 5075 5)
1516 5019 1531 5058 :
1549 5004 1828 5076 [Nunquid

251 5116 368 5158 non
397 5116 482 5155 vos
503 5100 602 5171 ﬁlii
625 5099 849 5166 scelesti,
875 5115 1045 5155 semen
1076 5097 1323 5163 mendax,
1363 5097 1445 5152 vel
1481 5096 1641 5167 juxta
1664 5096 1826 5164 LXX,

258 5189 361 5263 ﬁlii
376 5191 700 5260 perditionis,
730 5207 905 5246 semen
931 5191 1168 5260 iniquum
1195 5187 1379 5258 (Joan.
1411 5205 1546 5255 xvu,
1572 5189 1682 5260 12),
1711 5205 1823 5255 vos,

256 5283 456 5353 inquit,
482 5283 585 5338 ista
608 5281 835 5348 fecistis,
867 5297 987 5352 qua:
1015 5282 1318 5352 prseteritos
1344 5295 1524 5337 sermo
1563 5282 1824 5347 narravit,

258 5376 357 5446 qui
389 5375 518 5432 estis
541 5375 634 5430 ﬁlii
674 5374 921 5430 scelerati
947 5389 1042 5428 seu
1068 5373 1410 5442 perditionis,
1440 5372 1616 5441 qualis
1641 5371 1744 5428 fuit
1771 5382 1826 5428 et

260 5467 431 5524 Judas
452 5469 714 5538 proditor,
741 5467 834 5538 qui
885 5466 1182 5537 appellatus
1206 5475 1288 5522 est
1328 5466 1471 5535 ﬁlius
1498 5467 1828 5536 perditionis,

262 5568 316 5616 et
345 5575 514 5614 semen
539 5559 775 5629 iniquum
796 5557 909 5612 sive
937 5557 1164 5612 mendax
1193 5563 1353 5625 atque
1377 5556 1640 5612 mendacii
1670 5575 1683 5613 :
1710 5573 1832 5612 cum

265 5665 408 5721 ergo
426 5649 706 5705 manifesta
751 5649 823 5703 sit
866 5648 1110 5711 historia,
1163 5646 1304 5716 quod
1341 5645 1438 5701 ﬁlii
1491 5656 1614 5702 sunt
1664 5649 1833 5703 inter-

251 5721 500 5796 ofectores
546 5739 748 5796 Christi
790 5739 890 5794 ista
939 5739 1275 5804 facientium,
1323 5739 1560 5794 occurrit
1614 5743 1835 5811 quaestio

1931 4574 2033 4610 non
2063 4566 2207 4609 erant
2235 4571 2299 4608 ea:
2339 4553 2506 4623 nobis)
2538 4551 2590 4624 (Ι
2616 4552 2776 4606 Joan.
2802 4567 2863 4619 11,
2891 4551 3001 4622 19).
3046 4552 3178 4618 Qua:
3221 4571 3502 4626 congrega-
3557 4551 3562 4556 ’

1930 4653 2109 4698 verunt
2157 4643 2392 4706 divitias,
2443 4641 2697 4696 videlicet
2739 4642 3003 4697 bonorum
3031 4658 3253 4713 operum
3313 4659 3500 4712 opera-

1934 4738 2125 4804 tiones,
2166 4734 2364 4806 jejunia
2387 4775 2403 4801 ,
2449 4735 2847 4808 eleemosynas,
2875 4734 3213 4790 aﬁlictionem
3243 4743 3298 4789 et
3339 4736 3504 4790 casti-

1934 4831 2167 4885 moniam
2192 4829 2396 4894 carnis,
2428 4828 2812 4883 continentiam
2851 4829 3070 4898 linguae,
3101 4827 3502 4883 meditationem

1937 4921 2361 4992 Scripturarum,
2390 4931 2444 4974 et
2469 4927 2664 4974 caetera
2686 4919 3017 4991 hujusmodi,
3045 4932 3166 4986 quae
3191 4933 3332 4972 verte
3379 4928 3506 4974 sunt

1937 5013 2134 5069 divitias
2159 5012 2405 5083 spiritus,
2447 5011 2537 5067 ubi
2568 5027 2700 5082 pura
2729 5013 2924 5067 mentis
2964 5010 3273 5066 sinceritate
3301 5025 3502 5082 gerun-

1937 5114 2044 5159 tur.
2072 5102 2174 5160 Ubi
2199 5110 2378 5158 autem
2401 5102 2518 5157 sine
2541 5103 2666 5170 ﬁde,
2689 5119 2806 5174 qute
2839 5117 2932 5172 per
2954 5101 3283 5155 dilectionem
3321 5117 3506 5171 Opera-

1936 5204 2042 5259 tur,
2071 5193 2222 5262 ﬁunt,
2258 5191 2389 5246 nihil
2415 5193 2694 5264 agentibus
2717 5200 2943 5262 prosunt
2979 5208 2992 5245 :
3033 5191 3125 5245 sed
3167 5199 3223 5244 et
3251 5189 3354 5244 illae
3387 5189 3507 5244 tiliae

1939 5286 2137 5340 frustra
2167 5295 2560 5356 congregarunt
2589 5284 2802 5339 divitias
2852 5301 2866 5337 :
2907 5283 2972 5337 de
3013 5282 3206 5352 quibus
3251 5281 3508 5338 Dominus

1939 5379 2016 5432 ait
2041 5394 2056 5432 :
2091 5375 2245 5430 Multi
2270 5376 2439 5431 dicent
2464 5376 2592 5430 mihi
2620 5376 2675 5428 in
2711 5374 2805 5428 illa
2842 5374 2927 5430 die
2955 5393 2968 5429 :
2999 5373 3240 5439 Domine,
3266 5373 3507 5439 Domine,

1941 5483 2109 5521 nonne
2139 5467 2192 5520 in
2217 5468 2422 5521 nomine
2460 5475 2549 5518 tuo
2574 5464 3013 5535 prophetavimus,
3037 5473 3086 5518 et
3107 5465 3160 5517 in
3183 5472 3273 5516 tuo
3306 5462 3510 5516 nomine

1940 5561 2199 5615 dmonia
2229 5561 2493 5631 ejecimus,
2517 5567 2567 5611 et
2593 5559 2647 5612 in
2692 5568 2782 5612 tuo
2817 5560 3024 5613 nomine
3057 5559 3271 5612 virtutes
3315 5556 3509 5612 multas

1945 5652 2198 5722 fecimus?
2223 5653 2290 5706 Et
2325 5662 2445 5704 tunc
2475 5652 2757 5720 conﬁtebor
2797 5651 2902 5706 illis
2939 5653 3065 5722 quia
3100 5665 3361 5721 nunquam
3395 5649 3513 5704 noui

1946 5761 2030 5798 vos
2086 5742 2297 5815 (Matth.
2355 5758 2461 5807 v11,
2514 5741 2618 5808 22,
2663 5742 2778 5813 25).
2833 5741 2938 5799 Sed
2981 5758 3169 5798 omnes
3212 5738 3513 5797 istiusmodi
