4010 6352
633 290 764 348 1191

1629 288 1690 345 s.
1732 284 2101 344 PRUDENTII
2142 259 2520 341 TRECENSIS
2553 286 2869 345 EPISCOPI

3657 298 3752 358 im

624 410 763 465 ﬁlias
790 405 1030 462 Ecclesia
1078 403 1343 460 catholica
1381 401 1785 474 supergreditur
1839 420 1851 455 :
1899 416 2037 471 quaz,
2095 398 2197 452 ﬁde
2224 402 2278 460 Α
2303 387 2478 468 ipsos,
2509 401 2810 455 aberrando
2835 400 3174 470 pessimeque
3201 399 3429 464 vivendo,
3455 403 3651 475 indignos
3668 412 3752 468 elle-

624 509 776 557 casta
824 505 880 553 et
928 511 1092 554 onere
1129 495 1391 565 perlecta,
1434 493 1790 563 redemptoris
1841 493 1923 547 sui
1974 491 2200 562 vestigia

623 596 831 646 sectatu
839 603 866 641 ι’

695 682 735 752 -ι-
769 679 1068 750 Negabisne
1109 677 1416 748 quempiam
1451 691 1480 728 a
1510 674 1650 729 bono
1686 673 1960 744 proposito
1993 671 2206 727 exorbi-

625 773 880 835 tantium,
902 769 983 824 vel
1005 771 1205 824 bonum
1233 767 1314 822 vel
1339 767 1393 821 in
1414 767 1555 821 bono
1579 765 1744 820 fuisse
1765 766 1788 818 ?
1813 763 2020 833 Nempe
2035 763 2203 818 multo

624 864 768 918 aliud
803 861 1055 917 Dominus
1085 875 1182 931 per
1219 859 1536 930 prophetam
1575 857 1770 912 clamat
1803 874 1816 910 :
1868 854 2078 921 Justus,
2123 855 2207 910 in-

624 956 834 1028 quiens,
867 955 913 1008 si
939 956 1179 1007 averterit
1207 968 1262 1006 se
1289 969 1320 1006 a
1355 951 1567 1022 justitia
1605 965 1724 1012 sua,
1767 963 1942 1002 omnes
1981 947 2206 1016 justitite

624 1047 739 1118 ejus
789 1061 893 1099 non
940 1041 1357 1097 recordabuntur
1401 1039 1618 1110 (Ezech.
1669 1052 1824 1100 xvm,
1867 1035 1981 1106 24).
2032 1034 2100 1089 Et
2149 1035 2204 1089 in

623 1133 944 1206 Apocalypsi
989 1130 1212 1187 Joannis
1247 1148 1258 1183 :
1301 1129 1424 1185 Scio
1465 1144 1622 1196 Opera
1661 1135 1752 1180 tua
1801 1135 1848 1180 et
1894 1125 2125 1178 laborem
2157 1134 2204 1178 et

621 1228 926 1299 patientiam
956 1234 1124 1289 tuam,
1154 1233 1200 1278 et
1229 1222 1354 1294 quia
1397 1237 1498 1274 non
1533 1228 1675 1290 potes
1729 1219 1986 1272 sustinere
2035 1216 2203 1271 malos

621 1317 914 1376 et'tentasti
944 1332 1028 1370 eos
1076 1315 1162 1386 qui
1209 1330 1264 1367 se
1309 1313 1490 1366 dicunt
1531 1308 1791 1379 apostolos
1841 1323 1952 1362 esse
1998 1317 2045 1360 et
2099 1323 2205 1359 non

620 1417 765 1474 sunt,
815 1415 864 1462 et
911 1404 1152 1460 invenisti
1198 1419 1283 1457 eos
1330 1400 1602 1455 mendaces
1639 1397 1819 1469 (Apoc.
1872 1413 1935 1462 ll,
1984 1396 2040 1469 2)
2088 1395 2204 1450 :Et

621 1497 925 1569 patientiam
961 1493 1138 1560 habes,
1166 1502 1214 1546 et
1257 1489 1552 1546 sustinuisti
1581 1498 1789 1559 propter
1815 1503 2001 1542 nomen
2033 1501 2203 1540 meum

619 1598 794 1658 etnon
826 1583 1060 1652 defecisti
1095 1597 1113 1634 :
1141 1582 1230 1637 sed
1283 1581 1446 1636 habeo
1493 1579 1739 1634 adversus
1789 1589 1837 1633 te
1891 1577 2029 1648 quod
2080 1577 2206 1631 cha-

620 1681 827 1733 ritatem
876 1686 1020 1730 tuam
1080 1677 1305 1746 primam
1355 1673 1631 1744 reliquisti.
1695 1671 1899 1726 Mentor
1942 1681 2052 1725 esto
2101 1669 2205 1723 ita-

2303 490 2475 544 cerint
2503 501 2558 544 et
2579 501 2845 561 expertes.
2891 491 3156 558 Quocirca
3195 491 3432 560 quidquid
3459 494 3504 546 in
3539 498 3753 556 conclusio-

2303 583 2461 637 nibus
2495 590 2548 638 et
2575 583 3020 639 conversionibus
3043 583 3146 637 tuis
3184 599 3334 654 agere
3357 585 3648 650 macbinaris,
3667 593 3754 648 side

2304 675 2390 731 his
2413 683 2640 742 tantum,
2660 685 2719 730 ut
2745 677 3000 742 diximus,
3031 677 3122 746 qui
3149 677 3215 731 ad
3242 692 3446 747 regnum
3465 681 3752 749 prtedestinati,

2305 765 2461 820 electi
2520 776 2684 834 atque
2733 767 2972 836 adoptati
3018 774 3142 820 sunt
3192 766 3378 837 agitur,
3419 784 3577 824 verum
3611 783 3684 828 est.
3717 775 3754 831 Si

2303 871 2434 912 vero
2477 857 2531 912 in
2562 858 2668 913 hoc
2697 857 2930 923 laboras,
2961 857 3126 912 veluti
3158 866 3385 927 apparet,
3431 867 3484 912 ut
3506 863 3755 929 predestina-

2307 950 2508 1004 tionem
2536 948 2822 1019 impiorum
2847 957 2902 1003 et
2919 963 3203 1018 ptenarum
3234 947 3333 1003 illis
3359 947 3615 1006 debitarum
3633 970 3756 1025 neges,

2304 1040 2526 1095 omnino
2564 1038 2758 1094 falsum
2803 1048 2904 1095 est.
2941 1038 3278 1110 Quapropter
3309 1042 3681 1109 quemadmodum
3698 1044 3756 1100 lu-

2306 1129 2406 1184 diei
2446 1129 2659 1198 perﬁdi,
2693 1129 2888 1199 quibus
2915 1128 3164 1184 Salvator
3190 1130 3266 1183 ait
3293 1147 3306 1183 :
3339 1127 3434 1184 Vos
3468 1148 3522 1184 ea:
3555 1142 3666 1202 patre
3681 1135 3757 1188 dia.

2307 1219 2421 1273 bolo
2444 1223 2565 1274 estis
2593 1219 2774 1291 (Joan.
2805 1237 2924 1285 vm,
2951 1219 3069 1290 44),
3091 1235 3118 1273 a
3149 1221 3256 1274 Deo
3277 1220 3594 1291 prtedestinati
3617 1235 3703 1278 sunt
3716 1229 3756 1280 ad

2306 1313 2607 1378 interitum,
2635 1314 2876 1368 invenire
2914 1313 3168 1368 facillime
3194 1314 3411 1383 quisque
3433 1315 3674 1371 catholicus
3699 1335 3757 1387 pc

2307 1413 2434 1473 test,
2461 1406 2554 1476 qui
2575 1406 2724 1461 novit
2751 1406 2843 1460 Dei
2883 1405 3176 1480 justitiam,
3206 1413 3260 1459 et
3288 1406 3495 1470 ratione,
3533 1416 3576 1460 et
3599 1411 3758 1462 auctori-

2307 1504 2417 1552 tate
2445 1498 2812 1568 perpendere;
2839 1497 3096 1566 quoniam
3130 1511 3266 1566 quos
3292 1497 3535 1566 prmscivit
3567 1497 3608 1552 in
3645 1514 3758 1553 massa

2302 1589 2622 1658 perditionis
2653 1597 2913 1659 perpetuo
2937 1589 3272 1652 interituros,
3295 1587 3430 1657 ipsos
3449 1588 3756 1656 praedestinavit,

2307 1680 2410 1734 hoc
2439 1689 2522 1736 est
2559 1680 2902 1750 praeparavit,
2954 1679 3233 1749 deputavit
3275 1686 3427 1748 atque
3465 1677 3674 1748 disposuit
3700 1693 3758 1735 suo

617 1788 716 1840 que
767 1769 904 1823 unde
953 1767 1226 1832 excideris,
1277 1777 1323 1821 et
1369 1783 1464 1837 age
1515 1765 1891 1836 paenitentiam,
1935 1774 1985 1818 et
2032 1763 2200 1834 prima
2229 1755 2278 1814 B
2300 1767 2670 1839 justojudicio
2689 1771 3006 1841 puniendos.

620 1879 777 1932 opera
806 1860 911 1931 fac.
942 1859 1042 1915 Sin
1085 1869 1278 1925 autem,
1315 1857 1460 1913 venio
1505 1857 1620 1922 tibi,
1657 1865 1707 1910 et
1748 1856 1956 1910 movebo
2004 1855 2197 1908 cande-

621 1953 827 2008 labrum
879 1964 1026 2008 tuum
1069 1955 1132 2008 de
1185 1953 1297 2008 loco
1347 1971 1477 2018 suo,
1525 1953 1626 2007 nisi
1683 1952 2034 2022 paenitentiam
2084 1965 2202 2020 ege-

625 2046 721 2100 ris.
781 2044 884 2100 Sed
915 2047 1011 2102 hoc
1050 2045 1206 2101 habes
1243 2046 1367 2118 quia
1409 2043 1563 2099 odisti
1605 2042 1746 2113 facta
1792 2039 2200 2107 Nicolaitarum,

623 2157 742 2212 qua:
777 2150 824 2194 et
861 2157 952 2211 ego
985 2140 1071 2194 odi
1109 2139 1294 2211 (Ibid.,
1331 2139 1395 2201 2,
1427 2139 1489 2202 5,
1519 2137 1587 2204 4,
1615 2137 1648 2190 5
1669 2180 1683 2204 ,
1712 2136 1788 2207 6).
1821 2134 2014 2189 Petrus
2039 2135 2203 2188 etiam

622 2232 909 2304 Apostolus
938 2251 951 2286 :
980 2231 1130 2287 Sicut
1152 2239 1201 2284 et
1226 2232 1282 2285 in
1305 2231 1445 2285 vobis
1470 2238 1620 2284 erunt
1643 2227 1884 2298 magistri
1907 2227 2200 2291 mendaces,

623 2327 711 2396 qui
733 2326 1060 2380 introducent
1087 2334 1251 2379 sectas
1277 2323 1602 2394 perditionis,
1631 2331 1677 2375 et
1714 2337 1831 2374 eum
1859 2321 1949 2391 qui
1971 2321 2090 2374 emit
2113 2335 2198 2374 eos

624 2418 909 2472 Dominum
937 2425 1123 2488 negant
1149 2415 1237 2486 (II
1255 2413 1398 2469 Petr.
1416 2404 1589 2484 ἰι,1);
1621 2420 1676 2468 et
1705 2410 1844 2466 infra
1875 2411 2048 2480 (vers.
2075 2408 2201 2479 20):

625 2505 687 2562 Si
719 2507 855 2560 enim
889 2515 1206 2576 resurgentes
1251 2502 1385 2576 [al.,
1426 2499 1787 2574 refugientes]
1819 2501 2201 2571 coinquinatio-

624 2613 714 2651 nes
743 2596 925 2650 mundi
955 2597 1010 2650 in
1032 2595 1324 2666 cognitione
1353 2594 1566 2648 Domini
1614 2592 1777 2647 nostri
1821 2603 1868 2646 et
1911 2590 2202 2646 Saluatoris

625 2689 754 2745 Iesu
783 2687 996 2755 Christi,
1027 2689 1107 2743 his
1135 2705 1344 2742 rursum
1388 2687 1641 2759 implicati
1685 2696 2025 2759 superantur,
2061 2687 2205 2758 facta

625 2791 745 2836 sunt
781 2781 854 2836 eis
877 2780 1164 2850 posteriora
1206 2779 1464 2834 deteriora
1507 2780 1788 2851 prioribus.
1831 2779 2022 2834 Melius
2067 2779 2203 2832 enim

624 2881 739 2927 erat
785 2873 859 2926 eis
901 2887 1004 2925 non
1057 2887 1361 2942 cognoscere
1407 2871 1546 2925 viam
1582 2871 1840 2941 justitite,
1891 2887 2048 2942 quam
2089 2877 2204 2940 post

627 2963 943 3034 agnitionem
966 2970 1250 3016 retrorsum
1287 2963 1512 3016 converti
1552 2962 1616 3016 ab
1648 2979 1708 3017 eo
1736 2961 1875 3032 quod
1902 2961 2010 3016 illis
2041 2961 2206 3015 tradi-

627 3061 738 3105 tum
767 3061 841 3104 est
870 3060 1050 3105 sancto
1076 3052 1324 3106 mandato
1351 3051 1518 3123 (vers.
1551 3053 1642 3122 21)
1672 3069 1689 3108 :
1713 3051 1941 3122 Contigit
1965 3053 2100 3106 enim
2131 3051 2203 3104 eis

2376 1863 2628 1926 Attende,
2684 1879 2886 1934 quaeso,
2935 1863 3252 1934 Apostolum
3299 1863 3540 1918 dicentem
3577 1880 3588 1915 :
3626 1863 3759 1918 Scimus

2306 1956 2551 2026 quoniam
2582 1954 2914 2024 diligentibus
2941 1954 3107 2008 Deum
3131 1954 3309 2008 omnia
3348 1964 3641 2024 cooperantur
3659 1955 3762 2008 iniu

2309 2062 2452 2111 num,
2484 2045 2564 2098 his
2592 2045 2681 2114 qui
2700 2044 2980 2098 secundum
2999 2045 3324 2115 propositum
3339 2045 3492 2097 vocati
3513 2056 3609 2099 sunt
3626 2047 3760 2098 uncti:

2308 2151 2432 2189 nam
2457 2152 2584 2206 quos
2623 2135 2880 2205 prwscivit
2909 2144 2956 2190 et
2998 2136 3382 2206 praedestinavit
3430 2137 3662 2204 confertim
3692 2137 3762 2203 ﬁeri

2307 2228 2552 2299 imaginis
2591 2225 2722 2282 Filii
2753 2229 2858 2294 sui,
2899 2238 2954 2284 ut
2979 2231 3046 2284 sit
3089 2231 3201 2301 ipse
3233 2229 3636 2301 primogenitusiu
3651 2230 3761 2282 multis

2309 2322 2593 2392 fratribus;
2627 2341 2756 2394 quos
2804 2334 2978 2380 autem
3005 2327 3413 2397 praedestinavit,
3439 2328 3521 2380 hos
3556 2335 3594 2380 et
3610 2325 3763 2383 vocarit:

2308 2422 2356 2467 et
2379 2431 2508 2483 quos
2542 2416 2759 2482 vocavit,
2785 2416 2879 2470 hos
2920 2426 2967 2470 et
2991 2417 3340 2486 justiﬁcavit;
3373 2435 3490 2488 quos
3517 2416 3763 2485 autemjatti-

2307 2504 2500 2573 ﬂcavit,
2549 2504 2666 2560 illos
2710 2516 2756 2560 et
2783 2507 3094 2576 gloriﬁcavit
3118 2508 3297 2578 (Rom.
3348 2525 3459 2575 vm,
3493 2508 3570 2573 28,
3599 2506 3766 2574 29,50):

2309 2590 2378 2646 Et
2420 2593 2488 2647 ad
2542 2594 2885 2650 Timotheum
2938 2613 2950 2650 :
3006 2595 3133 2651 Noli
3188 2599 3479 2652 erubescere
3522 2596 3765 2651 testimoniis

2310 2683 2523 2740 Domini
2553 2689 2741 2754 nostri,
2769 2705 2930 2759 neque
2952 2705 3031 2744 me
3057 2691 3288 2745 vinctum
3315 2690 3444 2760 ejus,
3489 2691 3564 2745 sed
3593 2689 3766 2742 collabort

2310 2771 2596 2844 Evangelia
2639 2779 2924 2832 secundum
2953 2781 3194 2834 virtutem
3237 2780 3356 2847 Dei,
3394 2781 3474 2852 qui
3507 2796 3584 2833 nos
3615 2777 3766 2830 liberant

2309 2875 2355 2919 et
2403 2868 2599 2921 vocavit
2623 2871 2888 2924 vocatione
2911 2882 3115 2925 sancta.
3149 2871 3322 2926 Audis
3341 2874 3593 2927 secundum
3618 2868 3768 2940 propon-

2309 2970 2422 3015 tum
2449 2962 2642 3015 vocatis
2680 2960 2763 3033 (II
2797 2961 2930 3016 Tim.
2969 2963 3126 3035 1-9)?
3163 2963 3337 3020 Audis
3370 2981 3489 3034 quos
3524 2973 3658 3016 autem
3688 2975 3768 3029 prc-

2309 3051 2607 3119 destinavit,
2629 3052 2747 3107 illos
2777 3063 2823 3108 et
2848 3054 3067 3121 vocavit,
3091 3065 3140 3108 et
3169 3072 3304 3126 quos
3326 3055 3512 3109 vocavit
3531 3095 3543 3120 ,
3562 3053 3652 3107 illos
3667 3062 3699 3105 et
3713 3050 3769 3119 js-

629 3141 763 3196 illud
789 3144 892 3196 veri
919 3142 1175 3212 proverbii
1205 3159 1216 3171 ·
1249 3140 1408 3198 Canis
1457 3159 1687 3198 reversus
1728 3143 1796 3196 ad
1843 3160 1994 3197 suum
2036 3143 2200 3196 vomi-
2231 3109 2276 3172 Ο
2308 3143 2587 3212 stiﬁcavit?
2610 3142 2778 3197 Audis
2804 3143 2895 3213 qui
2933 3142 3166 3197 liberavit
3189 3160 3308 3208 nos,
3331 3154 3376 3198 et
3405 3143 3578 3197 vocavit
3599 3139 3769 3194 vocatione

630 3243 763 3297 tum,
793 3241 840 3286 et
861 3248 950 3287 sus
980 3232 1086 3286 lota
1109 3234 1161 3287 in
1181 3233 1448 3288 volutabro
1469 3234 1567 3287 luti
1592 3236 1755 3305 (vers.
1778 3234 1891 3306 εἳ).
1912 3233 2045 3288 Item
2065 3233 2203 3288 Pau-

626 3325 716 3380 lus
757 3341 770 3376 :
805 3323 1132 3394 Impossibile
1183 3334 1256 3379 est
1303 3326 1439 3379 enim
1473 3342 1580 3390 eos,
1633 3326 1721 3396 qui
1747 3324 1901 3398 semel
1927 3333 2048 3379 sunt
2076 3325 2203 3378 illu—

627 3419 816 3471 minati
828 3457 844 3483 ,
883 3426 1216 3488 gustaverunt
1247 3418 1406 3471 etiam
1432 3419 1626 3472 donum
1647 3417 1866 3483 caeleste,
1898 3427 1945 3472 et
1983 3417 2204 3488 partici-

623 3526 711 3580 pes
749 3517 871 3563 sunt
901 3507 1028 3578 facti
1067 3506 1297 3578 Spiritus
1340 3510 1532 3575 sancti,
1565 3518 1898 3580 gustaverunt
1939 3507 2204 3561 nihilomi-

625 3617 722 3654 nus
757 3601 948 3654 bonum
991 3598 1088 3654 Dei
1137 3599 1364 3666 verbum,
1420 3600 1732 3668 virtutesque
1771 3598 1948 3653 steculi
1975 3601 2198 3665 venturi,

624 3699 671 3745 et
715 3689 950 3760 prolapsi
983 3698 1147 3756 sunt,
1189 3691 1428 3744 renovari
1479 3705 1662 3744 rursus
1703 3689 1772 3742 ad
1807 3689 2200 3759 paenitentiam;

625 3798 832 3836 rursum
846 3783 1205 3852 crucifigentes
1221 3782 1550 3853 sibimetipsis
1564 3781 1765 3836 Filium
1785 3765 1904 3848 Dei,
1919 3791 1966 3836 et
1982 3782 2203 3836 ostentui

623 3873 864 3928 habentes
897 3872 1082 3945 (Hebr.
1120 3891 1204 3940 v1,
1240 3874 1306 3941 4,
1345 3875 1409 3941 5,
1442 3874 1522 3945 6.)
1559 3873 1857 3928 Voluntarie
1899 3875 2036 3928 enim
2077 3890 2200 3944 pec-

623 3968 860 4022 cantibus
889 3967 1035 4021 nobis
1065 3976 1176 4037 post
1219 3975 1485 4038 acceptam
1521 3967 1758 4020 notitiam
1800 3959 2060 4030 vei'itatis,
2083 3965 2201 4035 jam

624 4059 729 4110 non
759 4057 1072 4128 relinquitur
1101 4073 1193 4127 pro
1225 4058 1450 4128 peccatis
1480 4055 1652 4110 hostia
1677 4072 1696 4110 :
1726 4055 1976 4110 terribilis
2027 4065 2200 4109 autem

628 4160 702 4204 est
753 4148 994 4219 quasdam
1037 4149 1347 4218 exspectatio
1381 4148 1594 4217 judicii,
1637 4158 1683 4201 et
1726 4147 1861 4218 ignis
1911 4146 2198 4212 aemulatio,

625 4257 742 4312 quw
786 4252 1156 4311 consumptura
1215 4250 1289 4296 est
1337 4225 1685 4296 adversarios;
1736 4240 1954 4293 Irritam
1984 4240 2098 4311 quis
2123 4240 2203 4309 {a-

625 4335 765 4388 ciens
797 4332 956 4403 legem
1000 4331 1169 4402 Moysi
1210 4333 1322 4385 sine
1367 4331 1476 4385 ulla
1503 4332 1836 4386 miseratione
1875 4331 2076 4384 duobus
2125 4329 2202 4384 vel

625 4423 794 4478 tribus
849 4421 1062 4476 testibus
1108 4422 1328 4475 moritur
1365 4432 1603 4492 :quanto
1641 4422 1808 4492 magis
1835 4423 2030 4491 putatis
2067 4421 2202 4475 dete-

626 4515 768 4568 riora
793 4513 978 4567 mereri
1003 4512 1258 4583 supplicia
1276 4529 1296 4579 ,'
1317 4514 1407 4582 qui
1430 4511 1481 4565 F
1483 4513 1632 4567 ilium
1667 4513 1763 4567 Dei
1801 4513 2196 4579 conculcaverit,

622 4614 670 4659 et
708 4603 1012 4675 sanguinem
1067 4603 1363 4657 testamenti
1418 4602 1672 4674 pollutum
1718 4604 1965 4669 duxerit,
2011 4605 2067 4657 in
2099 4618 2200 4673 quo

623 4697 981 4766 sanctiﬁcatus
1009 4703 1103 4760 est,
1132 4704 1179 4748 et
1203 4695 1408 4764 spiritui
1445 4696 1630 4766 gratia:
1656 4695 2025 4748 contumeliam
2067 4694 2200 4764 [ece-

625 4789 689 4842 rit
713 4789 738 4842 ?
768 4787 975 4843 Scimus
995 4787 1151 4851 enim,
1185 4786 1274 4857 qui
1297 4786 1450 4852 dixit,
1472 4785 1600 4839 mihi
1629 4785 1931 4849 vindictam,
1968 4801 2060 4854 ego
2085 4781 2203 4838 red-

624 4883 748 4936 dam
777 4880 962 4953 (Hebr.
1012 4896 1068 4946 x,
1106 4879 1318 4952 26-29).
1367 4879 1434 4934 Et
1476 4879 1672 4933 iterum
1710 4893 1725 4932 :
1771 4878 1910 4943 Quia
1937 4878 2200 4947 judicabit

623 4973 878 5026 Dominus
923 4969 1169 5041 populum
1211 4987 1382 5024 suum.
1420 4967 1754 5023 Horrendum
1789 4979 1862 5022 est
1895 4968 2121 5022 incidere
2145 4968 2200 5022 in

623 5077 808 5115 manus
835 5059 934 5113 Dei
959 5060 1164 5114 viventis
1189 5058 1352 5129 (vers.
1383 5059 1450 5111 50
1469 5098 1483 5124 ,
1508 5057 1621 5128 51).

693 5154 799 5206 Aut
842 5152 1022 5222 igitur,
1074 5152 1188 5206 lucc
1229 5158 1283 5206 et
1334 5151 1532 5206 similia
1572 5150 1866 5220 denegans,
1903 5159 2006 5204 tua:
2041 5149 2201 5204 modo

622 5243 1024 5299 contrarietatis
1077 5241 1130 5296 in
1174 5257 1486 5312 perversum
1527 5247 1813 5311 detorque,
1858 5248 1972 5306 aut,
2017 5242 2061 5296 si
2098 5242 2202 5297 hoc

624 5331 848 5402 impium
877 5340 980 5398 est,
1025 5331 1140 5386 sine
1167 5340 1368 5396 castos,
1403 5331 1650 5400 pudicos,
1692 5331 1903 5385 sobrios
1928 5339 1984 5386 et
2021 5329 2195 5384 humi-

625 5426 724 5492 les,
757 5425 1152 5492 misericordes,
1187 5424 1382 5494 justos,
1425 5426 1584 5492 ﬁlios,
1643 5426 1859 5490 electos,
1893 5423 2196 5480 sanctiﬁca-

627 5529 732 5583 tos,
763 5519 1110 5584 illuminatos,
1155 5527 1362 5588 emptos
1405 5534 1510 5573 non
1540 5517 1898 5588 phantastice,
1949 5531 2048 5571 nec
2072 5530 2196 5586 per-

629 5611 894 5666 functorie
943 5624 1114 5680 neque
1147 5607 1428 5674 fallaciter,
1482 5608 1576 5663 sed
1607 5608 1873 5662 veraciter
1900 5608 1954 5661 in
1997 5605 2195 5661 divinis

628 5701 854 5771 eloquiis
897 5703 1215 5774 nuncupari,
1245 5703 1489 5773 quamvis
1539 5702 1703 5757 tantis
1751 5699 2063 5756 muneribus
2113 5713 2196 5754 se-

2224 4465 2278 4526 D

2307 3253 2403 3290 sua
2431 3235 2658 3288 sancta?
2702 3233 2842 3289 Audi
2890 3236 3018 3305 quid
3066 3235 3331 3292 Dominus
3357 3236 3492 3291 dicat
3521 3253 3532 3288 :
3568 3231 3770 3288 Multier

2305 3326 2496 3392 vocati,
2547 3325 2702 3394 pauci
2741 3341 2858 3380 vero
2887 3326 3036 3380 electi
3083 3325 3305 3397 (Matth.
3336 3342 3425 3392 xx,
3466 3327 3562 3396 16).
3603 3322 3770 3388 Quanam

2307 3423 2390 3470 est
2413 3417 2550 3481 haec,
2582 3429 2733 3484 rogo,
2764 3415 2925 3471 unius
2973 3416 3216 3487 ejusdem
3259 3416 3491 3472 vocabuli
3523 3422 3642 3469 tanta
3662 3411 3770 3465 diter-

2306 3508 2473 3564 sitas?
2504 3523 2694 3564 servus
2722 3507 2894 3564 ﬁdelis
2921 3509 3088 3564 dicit:
3120 3506 3422 3563 Secundum
3453 3506 3771 3578 propositurum-

2305 3611 2447 3655 catos
2500 3609 2728 3663 sanctos,
2783 3609 2830 3653 et
2884 3616 3013 3665 quos
3062 3598 3499 3670 prcedestinaverit
3543 3605 3715 3655 vocatos,
3739 3597 3769 3644 ct

2305 3705 2440 3761 quos
2464 3690 2740 3746 vocaverit
2761 3688 3104 3759 justiﬁeatos,
3137 3697 3195 3744 et.
3226 3690 3357 3745 item
3385 3696 3570 3743 vocatos
3595 3685 3770 3738 vocatim

2304 3791 2508 3848 sancta,
2543 3790 2599 3838 et
2629 3783 2889 3838 Dominus
2923 3782 3138 3849 clamat,
3173 3781 3330 3836 multi
3359 3791 3471 3836 sunt
3499 3777 3656 3842 vocati,
3677 3769 3771 3844 puti

2303 3891 2421 3931 vero
2441 3873 2586 3930 electi
2617 3873 2831 3945 (Matth.
2857 3890 2995 3941 xx",
3024 3875 3112 3945 li)
3141 3890 3157 3929 :
3183 3876 3542 3946 putandumne
3559 3880 3626 3927 est
3649 3866 3771 3922 ﬁdelis

2304 3965 2500 4020 simum
2529 3979 2748 4019 servum
2790 3963 3018 4020 Domino
3065 3980 3162 4020 suo
3200 3965 3470 4021 contraria
3508 3952 3770 4033 praedicasse?

2304 4072 2372 4112 an
2403 4055 2506 4111 alia
2558 4057 2733 4126 potuit
2777 4057 2831 4111 in
2859 4057 3160 4113 ministerio
3191 4059 3300 4113 sibi
3347 4057 3542 4112 credito
3571 4051 3770 4108 seminam

2303 4161 2464 4216 quam
2494 4162 2523 4200 a
2550 4146 2756 4202 ccelesti
2782 4156 3112 4217 praeceptore
3140 4150 3490 4220 perceperat?
3515 4145 3646 4200 absit.
3670 4134 3770 4206 Atqui

2301 4238 2416 4307 ipse
2465 4252 2585 4293 sese
2623 4253 2732 4292 non
2783 4239 2850 4293 ab
2893 4239 3202 4295 hominibus
3252 4257 3426 4311 neque
3456 4254 3541 4310 per
3585 4234 3770 4291 hominem

2301 4329 2532 4384 electum
2559 4327 2644 4383 vel
2675 4329 2916 4395 doctum,
2945 4331 3040 4388 sed
3065 4345 3095 4384 a
3132 4331 3244 4386 Deo
3273 4341 3426 4402 patre
3455 4328 3686 4384 Dominum
3716 4334 3772 4372 no-

2304 4431 2474 4476 strum
2501 4421 2683 4478 Jesum
2718 4421 2994 4480 Christum
3019 4423 3295 4478 liberrima
3327 4424 3600 4479 assertione
3626 4421 3774 4471 tesulur

2308 4510 2450 4583 (θαίο
2477 4528 2517 4578 ιν
2549 4511 2623 4583 ¹)ο
2655 4510 2792 4578 Quia
2814 4527 2943 4584 ergo
2967 4513 3111 4567 nulla
3137 4515 3313 4584 potuit
3339 4513 3503 4568 ﬁdelis
3532 4511 3773 4578 dispensator

2303 4619 2544 4674 erogare,
2572 4603 2676 4657 nisi
2703 4618 2881 4672 qute‘a
2925 4605 3194 4660 creditore
3240 4612 3557 4676 susceperat,
3584 4595 3772 4654 latendum

2303 4704 2386 4750 est
2414 4709 2679 4763 nusquam
2710 4694 2937 4750 Domino
2965 4710 3063 4750 suo
3097 4696 3180 4750 vel
3223 4697 3456 4752 sensisse
3501 4693 3574 4746 vel
3610 4684 3773 4744 docuisse

2303 4786 2593 4842 contraria.
2616 4785 2848 4842 Proinde
2871 4787 2975 4841 alia
2997 4789 3208 4843 vocatio
3224 4786 3555 4860 intelligenda
3573 4791 3654 4846 est,
3673 4785 3774 4848 quam

2304 4877 2563 4932 Dominus
2587 4877 2826 4945 protulit,
2853 4877 2959 4932 alia
3005 4893 3170 4948 quam
3215 4893 3406 4934 servus
3431 4874 3634 4932 edocuit.
3667 4865 3774 4921 Aliter

2303 4968 2446 5024 enim
2494 4974 2757 5022 vocantur
2802 4961 3096 5023 secundum
3124 4969 3455 5039 propositam
3493 4959 3774 5032 Dei,quisot'

2305 5066 2412 5112 tem
2463 5066 2864 5128 consequantur
2904 5068 3186 5126 aeternam,
3225 5061 3389 5115 aliter
3425 5074 3524 5115 non
3568 5046 3774 5110 mundum

2304 5149 2662 5219 propositum,
2721 5149 2814 5218 qui
2871 5165 3086 5220 poenam
3148 5151 3415 5220 recipiant
3463 5145 3774 5216 sempiternam-

2305 5240 2460 5294 Sicut
2486 5240 2668 5308 itaque
2703 5240 2804 5294 alia
2845 5251 2929 5296 est
2959 5245 3172 5298 vocatio
3209 5241 3519 5305 electorum,
3549 5237 3634 5291 alia
3658 5237 3778 5296 rei)”

2301 5334 2516 5398 borum,
2548 5333 2622 5386 ita
2653 5332 2755 5386 alia
2796 5333 3114 5406 intelligitur
3139 5335 3476 5406 prtescientia
3500 5339 3550 5387 et
3581 5313 3777 5398 prmdesli'
3874 5345 3875 5356 ι

2301 5423 2452 5480 natio
2472 5424 2708 5493 piorum,
2747 5424 2850 5478 alia
2906 5405 3230 5496 impiorum;
3269 5429 3383 5498 qui,
3415 5427 3544 5481 sicut
3569 5412 3710 5473 vocari

2302 5525 2500 5570 cuntur
2548 5516 2728 5582 electi,
2769 5515 2864 5570 sed
2889 5521 3171 5574 vocatione
3217 5496 3426 5582 sancta,
3457 5517 3524 5571 ita
3567 5502 3709 5564 vocari
3733 5496 3778 5549 δί’

2303 5615 2500 5661 cuntur
2528 5607 2680 5661 multi
2709 5606 2800 5676 qui
2841 5623 2948 5662 non
2981 5618 3106 5664 sum
3130 5610 3304 5664 electi.
3339 5608 3493 5662 Certe
3526 5600 3648 5658 nullo
3674 5586 3777 5647 mod"

2304 5697 2529 5753 dixisset
2572 5698 2860 5769 Apostolus
2892 5716 2904 5752 :
2935 5698 3229 5755 Secundum
3287 5697 3588 5769 propositum
3637 5685 3776 5741 mil“
