4010 6352
174 389 315 446 1195

1018 393 1106 449 DE
1138 393 1811 456 PREDESTINATIONE
1849 395 2128 455 CONTRA
2161 396 2212 453 J.
2255 397 2562 459 SCOTUM.

3284 415 3420 472 1194

171 512 377 558 vocatos
399 500 646 572 ("'Tim.
674 518 713 567 ι,
742 501 820 574 8),
866 513 922 559 et
950 506 1229 562 vocatione
1259 518 1468 576 sancta,
1497 509 1600 564 nisi
1626 511 1739 565 dis-
1770 522 1816 582 Α
1845 508 2048 580 Nempe
2077 517 2172 565 aut
2217 527 2326 566 non
2375 514 2557 568 vidisti
2608 513 2862 573 interiore
2906 529 3126 590 aspectu
3157 526 3298 594 quod
3336 529 3426 583 vi~

170 593 427 648 cretionis
462 595 631 665 gratia
664 595 732 650 ab
759 611 822 649 ea
855 598 1135 653 vocatione
1171 614 1273 668 qua
1299 611 1560 656 vocamur
1590 603 1744 658 multi

167 685 260 755 qui
285 701 388 740 non
412 697 535 740 sunt
558 687 733 740 electi.
764 688 903 758 Ergo
923 691 1380 758 quemadmodum
1412 694 1596 763 negari
1638 711 1742 748 non

167 785 344 848 potest
398 778 682 832 diversitas
734 780 1054 842 vocationis,
1109 781 1183 835 ita
1231 782 1536 837 nullatenus
1582 785 1745 840 debet

165 867 330 924 abnui
359 868 642 924 diversitas
670 871 1046 938 prtescientiaa,
1087 871 1334 940 justitiaz,
1378 871 1590 942 judicii,
1631 876 1742 930 cle-

162 957 362 1014 ctionis
388 966 441 1012 et
482 957 990 1030 praedestinationis.
1023 961 1132 1016 Aut
1179 961 1346 1032 igitur
1374 963 1741 1020 diversitatem

163 1048 461 1104 vocationis
486 1065 646 1120 nega,
673 1059 785 1118 aut,
815 1051 860 1106 si
906 1053 1010 1108 hoc
1035 1052 1408 1124 blasphemum
1436 1057 1744 1122 est,'varie-

164 1147 330 1194 tatem
358 1141 848 1211 praedestinationis
873 1145 1114 1202 admitte.
1149 1146 1265 1201 Non
1291 1163 1440 1219 ergo,
1473 1157 1530 1203 ut
1561 1150 1736 1220 impu-

163 1232 353 1286 denter
402 1234 678 1303 prascipis,
733 1238 932 1292 tacebit
981 1238 1293 1296 ﬁdelissima
1356 1242 1639 1314 integritas
1686 1253 1742 1299 et

161 1321 452 1391 purissima
512 1324 747 1382 charitas
811 1329 1260 1397 orthodoxorum,
1297 1334 1426 1402 quin
1472 1334 1741 1390 veraciter

161 1412 415 1481 praedicet
448 1413 540 1470 Dei
589 1417 1138 1487 praedestinationem,
1183 1424 1325 1479 sicut
1365 1424 1628 1494 judicium
1652 1426 1740 1496 ju-

161 1503 458 1558 stissimum
501 1508 856 1576 perditorum.
891 1510 1073 1582 Neque
1116 1515 1523 1583 przedestinatos
1545 1537 1578 1572 α
1614 1536 1739 1574 con-

160 1593 345 1660 trario,
369 1610 466 1664 pro
500 1611 566 1650 eo
593 1600 735 1668 quod
759 1608 843 1654 est
885 1616 992 1656 non
1028 1603 1438 1672 praedestinatos
1465 1607 1735 1676 admittet,

160 1695 219 1738 ut
243 1687 442 1757 desipis
466 1690 607 1754 ;'sed
644 1690 737 1746 Dei
761 1691 1040 1750 inflexibili
1063 1695 1279 1765 justitia
1314 1701 1500 1756 credet
1537 1701 1738 1759 irrevo-

159 1778 408 1835 cabiliter
439 1782 762 1851 puniendos.

742 1920 968 1978 CAPUT
1005 1922 1147 1980 XIV.

159 2021 478 2080 Testimonia
526 2029 696 2110 saancti
735 2030 1015 2101 Augustini
1051 2035 1220 2110 simul
1267 2036 1501 2110 collecta,
1549 2041 1736 2110 quibus

227 2106 402 2164 aperte
431 2099 706 2178 conﬁcitur
725 2099 834 2154 non
861 2119 970 2178 esse
1009 2105 1108 2178 nisi
1133 2123 1290 2160 unam
1314 2099 1731 2178 prwdestinatio-

228 2182 364 2230 nem,
387 2183 602 2239 eamque
622 2171 948 2228 solummodo
973 2175 1042 2228 ad
1063 2186 1270 2231 sanctos
1297 2171 1572 2248 pertinere.

226 2277 424 2344 Quarta
479 2281 687 2337 decima
739 2282 1173 2353 phantasmatum
1221 2295 1434 2344 tuorum
1481 2291 1734 2362 periodos

151 2368 258 2424 hoc
282 2369 485 2425 habet:

691 2499 921 2543 JOANNES
960 2505 1180 2546 SCOTUS.

224 2592 404 2656 (Num.
429 2593 482 2661 1,
515 2595 570 2652 in
601 2595 667 2652 Τ.
691 2613 809 2670 cap.
845 2601 932 2667 M,
967 2604 1189 2669 num.2,
1213 2615 1346 2661 sect.
1376 2607 1452 2679 1.)
1488 2619 1528 2666 Θ
1561 2609 1730 2665 Testi-

149 2687 327 2740 monia
361 2688 531 2742 sancti
551 2689 832 2761 Augustini
865 2694 1022 2747 simul
1063 2696 1300 2764 collecta,
1340 2699 1526 2770 quibus
1557 2712 1732 2772 aperte

149 2779 428 2848 con/icitur
455 2797 559 2835 non
587 2799 696 2838 esse
719 2785 819 2840 nisi
842 2803 1000 2841 unam
1026 2791 1559 2862 prwdestinationem,
1589 2813 1729 2851 eam-

147 2886 250 2940 que
273 2869 598 2928 solummodo
620 2879 688 2928 ad
723 2888 928 2933 sanctos
947 2883 1224 2949 pertinere.
1251 2882 1321 2939 Et
1347 2903 1410 2941 ne
1432 2888 1550 2957 quis
1572 2888 1727 2958 forte,

147 2959 434 3029 inquiens,
487 2981 580 3019 nos
629 2967 849 3024 aestimet
907 2982 1082 3028 nostro
1129 2991 1284 3030 sensu
1334 2979 1546 3048 proprio
1598 2981 1728 3036 talia
1773 2992 1782 2998 ‘

147 3050 363 3118 dixisse,
393 3053 588 3110 nullius
619 3059 944 3115 auctoritatis
972 3063 1226 3132 gravitate
1263 3065 1489 3134 su/l'ulti,
1529 3066 1729 3137 placuit

148 3142 297 3198 nobis
327 3146 621 3201 testimonia
663 3151 831 3204 sancti
866 3149 1045 3208 Patris
1079 3153 1359 3226 Augustini
1384 3158 1543 3213 simul
1585 3162 1729 3215 colli-

1845 599 2078 654 dendum
2108 610 2249 667 erat,
2279 611 2372 656 aut
2404 613 2454 658 te
2481 620 2585 659 non
2613 606 2795 661 videre
2821 609 3048 677 tinxisti,
3088 615 3420 688 perindeque

1845 691 1912 745 ad
1937 707 2030 746 eas
2052 692 2353 749 calumnias
2377 697 2682 766 prterupisti
2707 709 2764 753 ut
2791 699 3007 756 beatum
3033 704 3416 773 Augustinum,

1843 781 1986 850 quod
2016 799 2286 853 nunquam
2318 786 2594 856 cogitavit,
2619 789 2820 845 dixisse
2846 793 3202 865 confingeres,
3245 809 3300 854 et
3329 810 3420 857 tua

1842 868 2139 942 legentibus
2184 875 2259 929 ita
2305 876 2556 932 illuderes
2605 894 2670 934 ac
2717 880 2760 934 si
2791 896 2854 936 ea
2895 883 3190 956 intelligere
3230 893 3420 961 nequi-

1843 961 2061 1015 vissent.
2083 962 2158 1017 Te
2187 964 2361 1018 solum
2382 967 2622 1022 omnium
2640 971 3012 1028 acutissimum
3035 975 3222 1032 Gallia:
3246 989 3424 1038 trans-

1840 1050 1988 1104 misit
2034 1051 2310 1120 Hibernia,
2361 1064 2421 1109 ut
2461 1072 2578 1126 quae
2607 1060 2784 1117 nullus
2830 1064 3033 1134 absque
3077 1077 3128 1122 te
3155 1070 3297 1126 scire
3327 1089 3422 1144 po-

1845 1147 2002 1205 terat,
2058 1143 2163 1197 tuis
2199 1145 2596 1204 eruditionibus
2649 1152 2920 1208 obtineret
2966 1173 2979 1210 :
3021 1162 3114 1212 sed
3150 1162 3293 1216 absit
3329 1143 3418 1231 ut,

1839 1229 2042 1305 Celtica
2069 1233 2376 1304 eloquentia
2415 1247 2494 1294 tot
2543 1242 2812 1312 tantisque
2847 1245 3132 1304 fluviorum
3176 1229 3418 1309 exunda;

1842 1322 2076 1380 tionibus
2103 1326 2345 1382 debriata
2387 1338 2506 1386 tuas
2528 1334 2886 1392 nubilationes
2924 1339 3197 1409 admittat,
3225 1359 3418 1414 quam-

1839 1415 1920 1470 vis
1945 1416 2267 1473 Christianae
2291 1419 2611 1479 humilitatis
2638 1427 2952 1494 eminentia,
2987 1431 3252 1490 alterutro
3285 1437 3416 1490 cha-

1838 1506 2015 1561 ritatis
2037 1507 2216 1563 ofﬁcio
2241 1510 2479 1567 vicissim
2508 1517 2840 1584 suppeditari
2863 1520 3084 1576 minime
3105 1525 3412 1592 prohibeat:

1839 1597 1966 1664 imo,
1999 1600 2352 1672 undecunque
2402 1609 2744 1663 commodum
2791 1611 3027 1678 duxerit,
3086 1614 3416 1686 alternatim,

1838 1704 1957 1758 quas
1979 1700 2124 1746 recta
2151 1703 2294 1759 sunt,
2321 1697 2563 1752 exhiberi
2592 1711 2928 1768 percenseat.

1907 1780 2091 1852 itaque
2118 1784 2407 1854 puritatem
2435 1791 2631 1845 mentis
2656 1792 2871 1860 adhibe,
2918 1803 2972 1850 et
3012 1797 3414 1868 simplicitatem

1687 1921 1698 1932 ,
1767 1874 1816 1935 B
1843 1871 2131 1930 charitatis
2151 1876 2482 1946 benignitate
2509 1881 2813 1940 intellectus
2841 1890 3084 1956 ostende,
3123 1907 3229 1962 qua
3254 1891 3412 1960 duce,

1840 1979 1960 2034 qua:
1999 1965 2089 2035 pie
2133 1977 2260 2023 sunt
2288 1970 2428 2026 dicta
2459 1973 2548 2041 pie
2598 1975 2882 2047 intelligas,
2915 1988 2969 2034 et
2995 1983 3211 2050 pietatis
3241 1986 3415 2040 abun--

1837 2053 2022 2110 dantia
2055 2057 2268 2126 piorum
2309 2061 2756 2121 instructionibus
2797 2069 2972 2124 cultor
3014 2073 3230 2139 pietatis
3264 2077 3419 2131 exhi-

1837 2146 1968 2201 beas
1994 2149 2170 2217 :quod
2198 2150 2264 2215 si,
2282 2153 2496 2220 quando
2527 2155 2630 2210 ista
2660 2157 2921 2224 dictabas,
2947 2177 3106 2232 agere
3130 2165 3414 2233 voluisses,

1835 2236 2079 2306 profecto
2127 2239 2353 2297 vidisses
2401 2245 2528 2312 quia
2571 2261 2676 2301 non
2729 2248 2974 2305 absolute
3021 2251 3104 2322 (ut
3155 2255 3416 2327 somnias)

1834 2328 2026 2386 beatus
2053 2330 2387 2403 Augustinus
2424 2336 2594 2392 solam
2635 2355 2754 2395 esse
2801 2340 3094 2398 electorum
3143 2348 3392 2416 prazdesti

1835 2422 2112 2478 nationem
2142 2423 2228 2479 vel
2256 2428 2553 2494 asseruerit
2579 2429 2665 2484 vel
2704 2431 3128 2502 confirmaverit,
3165 2437 3261 2492 sed
3294 2453 3416 2494 eam

1840 2502 2046 2568 tantum
2077 2515 2157 2597 de.
2180 2532 2287 2586 qua
2311 2520 2580 2589 agendum
2619 2533 2954 2592 susceperat,
3003 2524 3310 2594 defendere,
3362 2537 3418 2584 et

1834 2615 2024 2661 contra
2052 2607 2427 2665 haereticorum
2460 2615 2724 2670 versutias
2749 2617 2962 2670 munire
2982 2618 3247 2674 catholica
3271 2621 3414 2675 veri-

1838 2705 1949 2752 tate
1970 2699 2257 2755 studuerit.
2302 2701 2509 2772 Agebat
2556 2705 2753 2774 quippe
2799 2707 3057 2762 adversus
3113 2724 3281 2765 novos
3331 2711 3412 2766 sui

1838 2789 2095 2858 temporis
2141 2791 2443 2857 hmreticos,
2495 2795 2748 2852 videlicet
2779 2797 3131 2869 Pelagianos,
3163 2803 3254 2873 qui
3286 2819 3411 2858 san-

1833 2889 2044 2935 ctorum
2089 2881 2616 2952 prmdestinationem
2660 2887 2984 2945 omnimodis
3041 2892 3410 2964 denegabant;

1833 2971 2074 3027 dicentes
2101 2974 2267 3027 Deum
2288 2989 2408 3030 esse
2430 2992 2784 3047 personarum
2807 2989 3164 3049 acceptorem,
3183 2983 3228 3038 si
3247 2999 3412 3052 quos-

1835 3063 1958 3118 dam
2003 3073 2058 3118 et
2106 3081 2214 3120 non
2264 3081 2454 3124 omnes
2509 3069 2755 3124 homines
2783 3071 3106 3139 generaliter
3147 3074 3213 3126 ad
3243 3075 3409 3132 vitam

1833 3155 2275 3224 praedestinasset
2307 3166 2604 3225 teternam;
2637 3175 2868 3229 quorum
2909 3162 3191 3218 dementia:
3224 3166 3414 3221 doctor

142 3251 266 3306 gere
307 3250 325 3288 :
364 3246 418 3291 ut
441 3239 668 3307 prudens
712 3242 927 3314 quisque
951 3257 1224 3316 cognoscat
1263 3249 1565 3305 nullomodo
1607 3269 1726 3307 eum
1755 3234 1800 3297 C
1830 3245 2196 3314 beatissimus,
2229 3250 2541 3307 orthodoxa:
2577 3252 2697 3308 fidei
2749 3255 2915 3310 armis
2948 3256 3268 3324 instructus,
3316 3259 3411 3313 ob—

146 3328 284 3383 duas
304 3328 788 3400 pratdestina‘tiones
809 3335 1067 3403 docuisse,
1106 3355 1198 3393 nec
1223 3356 1384 3395 unam
1413 3341 1727 3412 bipertitam,

143 3439 240 3476 nec
267 3423 481 3493 duplam
513 3435 570 3480 ut
593 3425 985 3485 Gottescalchus
1019 3432 1219 3489 edocet.
1267 3434 1336 3489 Et
1378 3436 1526 3490 illam
1567 3456 1730 3494 unam

141 3511 380 3567 videlicet
409 3514 639 3570 divinam
668 3535 770 3572 non
816 3519 919 3574 nisi
951 3521 1020 3575 ad
1045 3533 1255 3578 sanctos
1290 3528 1566 3594 pertinere.
1613 3527 1727 3582 Im-

137 3603 350 3674 piorum
391 3621 507 3660 vero
556 3607 856 3665 nullomodo
895 3630 1043 3682 posse
1080 3631 1208 3670 esse.
1259 3617 1328 3672 In
1353 3618 1484 3673 libro
1505 3621 1569 3674 de
1599 3622 1729 3676 Cor-

143 3697 372 3765 reptione
419 3709 466 3752 et
511 3695 694 3756 Gratia
744 3703 884 3774 (cap.
915 3705 1002 3777 12)
1055 3725 1069 3761 :
1119 3706 1378 3781 [Sanctis,
1432 3712 1627 3782 inquit,
1670 3715 1724 3770 in

139 3803 368 3860 regnum
416 3791 510 3848 Dei
553 3809 651 3864 per
677 3797 905 3866 gratiam
955 3797 1052 3856 Dei
1101 3803 1498 3873 praedestinatis
1523 3806 1725 3862 donum

138 3884 560 3952 perseverantia:
607 3885 788 3954 datur,
835 3904 942 3944 non
997 3890 1170 3946 solum
1218 3902 1274 3948 ut
1305 3895 1423 3950 sine
1453 3897 1558 3953 isto
1585 3900 1724 3954 dono

134 3981 552 4040 perseverantes
591 3988 711 4030 esse
731 3991 839 4030 non
864 3978 1090 4046 possint,
1119 3995 1305 4034 verum
1341 3983 1503 4038 etiam
1535 3993 1592 4038 ut
1627 4002 1726 4055 per

137 4059 246 4115 hoc
286 4060 481 4116 donum
514 4080 618 4118 non
667 4065 770 4120 nisi
825 4077 1236 4136 perseverantes
1277 4071 1384 4130 sint
1446 4071 1565 4144 [al.,
1616 4091 1724 4132 non

137 4157 351 4203 tantum
405 4151 509 4207 tale
560 4151 886 4222 adjutorium
940 4159 1360 4226 perseverantia:
1387 4162 1570 4228 datur,
1625 4166 1719 4220 sed

135 4238 250 4293 tale
278 4249 334 4294 ut
357 4242 436 4297 eis
467 4246 865 4312 perseverantia
893 4246 1008 4317 ipsa
1035 4248 1310 4322 donetur].
1344 4249 1409 4304 Et
1458 4263 1571 4323 post
1619 4255 1719 4309 ali-

130 4343 356 4400 quanta,
408 4333 520 4404 ipse
562 4335 726 4406 igitur
771 4352 866 4392 eos
899 4335 1030 4392 facit
1073 4354 1426 4410 perseverare
1467 4345 1520 4399 in
1553 4346 1720 4415 bono,

57 4491 62 4494 _
130 4421 232 4492 qui
262 4421 385 4478 fecit
423 4423 544 4497 [al.,
586 4425 738 4500 facit]
783 4429 955 4484 bonos
1003 4444 1018 4484 :
1067 4430 1160 4502 qui
1189 4441 1369 4488 autem
1423 4437 1622 4491 cadunt
1667 4446 1724 4494 et

127 4523 390 4585 pereunt,
427 4516 478 4571 in
505 4520 1011 4588 prmdestinatorum
1037 4538 1266 4580 numero
1296 4541 1402 4583 non
1451 4529 1715 4606 fuerunt.]

1829 3337 1980 3392 viare
2008 3337 2312 3407 festinans,
2364 3357 2578 3413 semper
2634 3345 2700 3400 de
2750 3357 3047 3401 memorata
3101 3359 3408 3405 sanctorum
3487 3356 3504 3373 ‘

1829 3430 2302 3498 prredestinatione
2351 3449 2655 3491 sermonem
2702 3437 2901 3504 intulit,
2955 3443 3408 3510 quemadmodum

1828 3520 1883 3574 in
1923 3522 2041 3592 ejus
2071 3525 2270 3590 verbis,
2323 3527 2566 3596 quisquis
2613 3529 2792 3586 sobrie
2835 3534 3086 3598 attendit,
3139 3536 3407 3606 intelligit.

1826 3611 1970 3666 Dicit
1991 3614 2134 3668 enim
2161 3613 2475 3686 frequenter
2518 3619 2584 3674 de
2629 3635 2691 3674 ea
2733 3636 2895 3690 quam
2937 3622 3294 3692 defendimus,
3327 3626 3412 3680 vel

1827 3718 1988 3774 quam
2009 3705 2398 3761 defendendam
2421 3711 2776 3778 suscepimus,
2797 3713 2876 3766 vel
2900 3728 3064 3782 quam
3092 3716 3405 3783 asserimus;

1825 3801 1880 3847 et
1910 3795 2132 3850 stultqu
2163 3807 2302 3862 erat,
2334 3800 2699 3866 praetermissa
2725 3817 2789 3855 ea
2818 3803 2905 3857 cui
2934 3805 3412 3862 contradicebatur

1826 3898 2052 3953 quaeque
2073 3888 2502 3956 oppugnabatur,
2539 3890 2605 3944 ad
2644 3890 2806 3946 aliam
2849 3895 3141 3962 transilire,
3183 3899 3269 3952 cui
3313 3915 3410 3954 ne-

1825 3975 2013 4042 ganda:
2035 3974 2116 4028 vel
2139 3975 2517 4045 impugnanda:
2539 3981 2768 4034 necdum
2785 3982 2980 4054 aliquis
3002 3985 3404 4044 insurrexerat:

1825 4077 1950 4116 nam
1979 4062 2044 4118 de
2082 4065 2478 4132 praedestinantis
2503 4069 2571 4124 ad
2592 4084 2809 4140 pinnam
2839 4073 3057 4130 Patrum
3077 4081 3408 4148 temporibus

1825 4152 2030 4208 nullam
2077 4154 2244 4210 fuisse
2297 4167 2496 4238 motam
2526 4162 2876 4229 quaestionem
2926 4167 3158 4222 evidenti
3202 4168 3407 4238 judicio

1825 4249 2248 4318 comprobatur?
2290 4251 2435 4320 quod
2462 4252 2642 4310 nullus
2665 4271 2762 4326 pro
2808 4273 2872 4312 ea
2920 4270 3106 4315 contra
3159 4263 3274 4333 ejus
3323 4266 3407 4320 vel

1824 4350 2123 4396 assertores
2144 4341 2230 4424 vel
2251 4352 2538 4414 negatores
2553 4347 2852 4418 scripserit,
2875 4361 3072 4422 praeter
3087 4353 3404 4424 Monimum,

1823 4433 1936 4502 qui,
1965 4418 2268 4490 nullatenus
2285 4437 2746 4505 reprehendendo,
2777 4418 2968 4498 verum
2995 4418 3406 4520 intelligentiam

1828 4522 1970 4579 illius
1995 4525 2082 4594 pie
2112 4527 2462 4596 requirendo,
2511 4539 2755 4585 sanctum
2789 4532 3135 4606 Fulgentium
3190 4541 3257 4596 ad
3305 4542 3407 4597 hoc

123 4604 360 4658 Attende
386 4622 542 4677 quam
571 4608 806 4662 absolute
846 4612 1003 4679 dixit,
1051 4615 1142 4684 qui
1177 4617 1375 4672 cadunt
1413 4629 1468 4675 et
1496 4602 1726 4692 pereunt

1833 4628 1925 4668 sua
1957 4615 2306 4684 inquisitione
2342 4618 2554 4690 impulit
2581 4628 2657 4687 ut,
2693 4602 2926 4694 qualiter
2964 4643 2994 4681 a
3025 4628 3184 4685 beato
3224 4631 3406 4702 Augu-

124 4695 194 4753 in
221 4697 725 4765 prtedestinatorum
759 4719 986 4760 numero
1034 4721 1141 4761 non
1171 4706 1411 4764 fuerunt.
1445 4711 1718 4776 Quomodo

124 4786 250 4842 lucc
308 4785 542 4854 diceret,
597 4791 643 4842 si
694 4790 770 4845 vel
837 4791 970 4848 duas
1037 4797 1522 4868 prtedestinutiones
1575 4804 1785 4886 vellet‘

128 4893 392 4942 asserere,
419 4877 496 4933 vel
537 4897 694 4934 unam
740 4882 954 4940 induas
1000 4897 1174 4951 partes
1218 4889 1461 4957 divisam,
1509 4893 1586 4947 vel
1620 4895 1722 4949 du-

126 4966 313 5038 plam,
347 4985 506 5024 unam
537 4972 746 5042 quidem
784 4984 1109 5042 sanctorum,
1159 4977 1380 5034 alteram
1405 4998 1522 5038 vero
1549 4984 1721 5056 impiis

126 5058 460 5130 deputatam.

761 5154 1081 5196 CORRECTIO.

127 5338 365 5406 diceret,
398 5356 573 5411 neque
621 5359 743 5398 cum
792 5344 1080 5402 Aristotele
1126 5349 1394 5406 calamum
1438 5352 1492 5406 in
1541 5362 1720 5409 mente

124 5428 405 5499 tingebat,
445 5447 620 5502 neque
664 5449 786 5488 cum
840 5434 1101 5493 Dominici
1148 5442 1384 5509 pectoris
1425 5446 1623 5498 recubo
1651 5445 1718 5500 de

125 5520 287 5574 fonte
311 5536 452 5576 verae
479 5524 756 5594 sapientia:
791 5523 990 5582 fluenta
1012 5529 1274 5586 doctrinae
1307 5532 1564 5589 salutaris
1586 5536 1719 5589 bau-

129 5613 347 5666 ricbat!
403 5613 667 5671 Nimirum
719 5618 882 5672 etiam
936 5620 989 5674 in
1041 5629 1092 5675 te
1146 5622 1391 5680 videmus
1434 5626 1712 5697 impletum

121 5703 281 5774 quod
311 5703 600 5774 Apostolus
622 5707 856 5778 loquitur
881 5727 893 5762 :
925 5711 1152 5765 Perdam
1178 5715 1488 5784 sapientiam
1515 5719 1718 5788 sapien-

121 5798 285 5866 tium,
303 5812 350 5854 et
364 5800 692 5871 prudentiam
709 5803 1040 5872 prudentium
1058 5807 1338 5876 reprobabo
1351 5807 1402 5879 (1
1418 5808 1541 5865 Cor.
1557 5828 1595 5876 ι,
1609 5812 1712 5880 l9).

455 5893 728 5954 Punon.
790 5894 978 5958 CXV.

1828 4704 1971 4759 stino
1988 4704 2256 4760 intellecta
2273 4705 2433 4762 fuerit
2455 4709 2568 4764 sive
2589 4710 2795 4779 prolata
2810 4714 3080 4772 volumine
3097 4719 3164 4772 ad
3188 4719 3290 4773 hoc
3313 4736 3405 4776 so-

1828 4795 1936 4850 lum
1961 4797 2346 4870 permagnifice
2384 4800 2528 4855 edito
2557 4801 2640 4856 vir
2666 4817 2766 4873 per
2807 4806 2988 4860 omnia
3031 4809 3405 4878 suspiciendas

1825 4884 2123 4942 intimaret.

1899 4974 2009 5031 Sed
2036 4983 2092 5031 et
2119 4975 2172 5030 in
2207 4987 2505 5032 memorata
2541 4982 2808 5036 sententia
2849 4982 3042 5039 beatus
3075 4982 3406 5056 Augustinus

1824 5068 1967 5122 unde
1993 5067 2186 5124 dixerit
2211 5070 2492 5140 perspicue
2533 5071 2793 5140 declarat,
2829 5087 2993 5143 quam
3025 5075 3099 5129 ita
3141 5075 3400 5132 inchoat:

1745 5219 1760 5238 δ
1826 5155 2084 5230 [Sanctis,
2127 5157 2324 5228 inquit,
2370 5160 2425 5214 in
2451 5163 2700 5232 ‘regnum
2756 5162 2853 5218 Dei
2899 5178 2997 5232 per
3035 5166 3266 5238 gratiam
3307 5167 3400 5224 Dei

207 5242 251 5314 -ι-
294 5243 339 5299 0
368 5244 760 5317 disputatorem
804 5253 1237 5321 subtilissimum,
1282 5257 1406 5326 qui,
1438 5273 1562 5314 cum
1605 5260 1721 5317 hrec
1769 5329 1780 5336 ,

1823 5251 2220 5322 prtedestinatis
2249 5252 2432 5325 (Aug.,
2454 5254 2518 5308 de
2541 5253 2776 5324 Corrept.
2805 5264 2854 5308 et
2877 5251 3026 5310 Crat.
3059 5271 3178 5328 cap.
3211 5259 3404 5332 i2).Et

1825 5343 1998 5398 infra:
2031 5345 2148 5414 Ipse
2170 5345 2334 5414 igitur
2359 5360 2454 5400 eos
2484 5345 2616 5399 facit
2656 5360 3007 5414 perseverare
3041 5348 3096 5402 in
3137 5350 3280 5408 bono
3307 5353 3399 5423 qui

1825 5436 1950 5492 fecit
1975 5437 2173 5502 bonus;
2203 5438 2293 5507 qui
2321 5445 2500 5492 autem
2523 5437 2726 5491 eadunt
2751 5445 2807 5493 et
2829 5447 3078 5508 pereunt,
3103 5441 3156 5495 in
3194 5445 3403 5512 praede-

1821 5532 2141 5586 stinatorum
2165 5547 2392 5586 numero
2415 5547 2518 5585 non
2535 5531 2799 5605 fuerunt.]
2820 5532 2958 5600 Quid
2985 5535 3244 5604 apertius,
3270 5537 3398 5606 quid

1821 5623 2195 5677 manifestius?
2236 5623 2311 5676 De
2361 5623 2562 5677 sanctis
2615 5623 2759 5678 enim
2797 5624 2850 5678 in
2883 5640 3105 5696 regnum
3155 5626 3251 5682 Dei
3303 5643 3399 5697 per

1820 5712 2049 5783 gratiam
2077 5713 2168 5767 Dei
2200 5712 2598 5781 praedestinatis
2622 5713 2764 5783 loqui
2792 5724 3052 5786 coeperat,
3076 5717 3247 5786 deque
3268 5719 3396 5786 ipsis

1821 5807 2048 5877 subjecit
2097 5808 2240 5876 quod
2274 5807 2385 5876 ipse
2413 5823 2506 5862 eos
2540 5808 2702 5862 faciat
2742 5825 3088 5878 perseverare
3139 5810 3190 5864 in
3231 5811 3394 5876 bono,

2920 5903 2999 5970 38

3981 707 3983 716 ‹

3981 753 3983 770 l

3981 775 3983 788 l

3982 795 3983 804 l

3982 811 3983 822 l

3982 849 3983 870 l

3981 873 3983 888 l

3982 893 3983 904 l

3982 919 3983 928 l

3982 947 3983 966 l
