4010 6352
680 366 819 427 1195

1572 364 1587 373 ’
1666 361 1723 418 8.
1765 358 2137 418 PRUDENTII
2179 355 2564 413 TBEGENSlS
2603 355 2918 415 EPISCOPI

676 481 772 553 qui
796 477 1137 543 fedtbonos;
1163 472 1257 546 qui
1274 479 1450 531 autem
1477 436 1674 528 cadunt
1698 479 1753 527 et
1777 481 2004 541 pereunt
2033 470 2088 524 in
2118 485 2259 540 prae-
2287 472 2333 531 Α
2362 469 2519 536 diem,
2541 479 2591 524 et
2610 480 2899 535 annum,ut
2921 470 3209 527 occiderent
3223 472 3414 528 tertiam
3431 480 3597 546 partem
3611 476 3785 537 honin-

678 572 1069 631 destinatorum
1097 567 1429 642 (earumdem
1458 564 1707 619 videlicet
1740 572 2050 619 sanctorum
2097 571 2261 634 atque

682 665 977 737 bonorum)
1030 677 1254 719 numero
1290 674 1397 714 non
1448 657 1680 713 fuerunt.
1739 656 1852 712 Nisi
1906 654 2045 711 forte
2092 669 2263 710 novas
2328 722 2341 731 ~

679 766 957 817 oratorum
1003 754 1418 813 declamationes
1458 749 1715 806 inducere
1743 764 1921 820 paras,
1972 757 2033 804 ut
2075 763 2165 804 res
2196 747 2265 803 de

682 866 791 924 qua
827 851 1005 921 agitur
1050 860 1321 915 nunquam
1364 843 1468 899 nisi
1500 842 1689 898 crebra
1739 842 1847 896 imo
1891 840 2150 896 continua
2177 838 2264 895 sui

684 940 1008 1013 repetitione
1049 938 1310 1008 signetur,
1339 944 1396 991 et
1442 948 1562 1005 quae
1588 932 1776 996 semel,
1818 932 1902 987 vel
1928 932 2142 1002 quoties
2169 945 2262 1001 op-

684 1034 988 1108 portunitas
1031 1030 1253 1100 expetit,
1307 1035 1607 1083 memorata
1650 1026 1947 1091 sufficeret,
1995 1023 2263 1095 frequenti

683 1123 973 1181 iteratione
1022 1120 1297 1175 fastidium
1338 1119 1452 1174 suis
1508 1116 1848 1172 auditoribus
1895 1115 2128 1187 ingerat.
2181 1113 2266 1168 In-

683 1220 1004 1271 cunctanter
1028 1212 1208 1281 itaque
1233 1210 1355 1266 dico
1393 1209 1517 1280 quia
1543 1208 1588 1263 si
1615 1207 1699 1263 vel
1734 1215 1808 1272 te,
1839 1206 1926 1261 vel
1953 1204 2264 1274 quempiam

686 1305 870 1370 alium,
914 1304 1031 1360 sive
1079 1302 1323 1357 hebetem
1364 1316 1457 1356 seu
1490 1310 1641 1356 certe
1674 1297 2071 1354 calumniosum
2108 1294 2269 1350 intelo

686 1400 942 1455 lectorem
968 1396 1290 1466 scriptorum
1314 1406 1556 1458 suorum,
1588 1393 1641 1447 in
1672 1392 1773 1447 hac
1810 1390 2077 1446 duntaxat
2101 1402 2267 1442 causa

687 1490 929 1545 futurum
986 1488 1321 1559 putavisset,
1382 1486 1602 1542 omnino
1666 1492 1813 1540 tanta
1879 1482 2269 1555 perspicuitate

691 1582 1001 1653 scripsisset
1037 1588 1111 1643 ut,
1140 1593 1475 1650 quaecunque
1516 1576 1996 1633 calumniatoribus
2027 1588 2267 1643 congrua

688 1674 1043 1748 prazvidisset,
1071 1671 1426 1743 opportunius
1450 1668 1772 1739 expedisset.

787 1813 906 1869 dem
943 1810 1129 1881 utique
1173 1807 1405 1878 Prosper
1442 1813 1497 1861 et
1541 1803 1776 1859 Hilarius
1827 1806 1958 1859 satis
2005 1799 2267 1865 iudicant,
2300 1835 2351 1896 Β

691 1904 808 1977 qui,
867 1916 1031 1973 super
1065 1897 1483 1953 oblatratoribus
1523 1893 1640 1963 eius
1679 1895 1746 1950 ad
1766 1908 1892 1948 eum
1934 1907 2032 1965 pro
2058 1891 2265 1949 -studio

694 1995 1026 2058 scribentes,
1055 1991 1122 2046 de
1166 1998 1475 2045 sanctorum
1525 1986 1862 2043 solummodo
1906 1983 2267 2055 praedestina-

696 2070 843 2143 tione
899 2085 1061 2140 motis
1108 2082 1492 2155 quaestionibus
1545 2078 1861 2152 responderi
1919 2079 2267 2157 petiverunt;

698 2196 927 2255 quorum
991 2178 1340 2250 petitionibus
1399 2175 1739 2233 satisfaciens
1803 2174 1870 2228 ad
1939 2173 2271 2245 interrogata

699 2272 1075 2343 responsiones
1105 2283 1372 2340 congruas
1391 2267 1647 2336 elimavit,
1673 2279 1902 2338 quorum
1925 2263 2007 2321 vel
2038 2264 2273 2320 maxima

699 2364 766 2420 de
804 2372 1109 2419 sanctorum
1136 2359 1606 2433 praedestinatione
1639 2356 1971 2421 vertebatur,
2020 2354 2106 2410 cui
2148 2369 2274 2429 enu-_

697 2454 938 2509 cleanda:
959 2454 1147 2509 doctor
1164 2450 1516 2508 suavissimus
1556 2465 1621 2506 ac
1664 2448 2063 2512 veracissimus,
2109 2461 2267 2519 quan-

700 2555 812 2602 tum
838 2546 972 2601 satis
990 2543 1200 2616 putavit
1221 2558 1443 2614 cperam
1476 2542 1757 2613 impendit,
1791 2556 1892 2597 nec
1933 2548 2113 2594 tamen
2140 2538 2276 2592 adeo

699 2638 1000 2708 suppressit
1036 2636 1280 2699 alteram,
1334 2634 1460 2703 quin
1505 2631 1679 2687 sicubi
1724 2638 2087 2707 opportunum
2129 2626 2274 2705 judif

698 2732 864 2798 cavit,
894 2730 1038 2786 illam
1069 2730 1235 2784 etiam
1264 2725 1687 2805 commendaret.

772 2864 934 2932 Quasi
966 2876 1094 2918 vero
1134 2862 1187 2916 in
1216 2859 1418 2916 sanctis
1461 2866 1572 2912 tam
1602 2856 1874 2912 veteribus
1914 2869 2075 2925 quam
2123 2854 2277 2909 novis

698 2957 999 3029 Scripturis
1049 2968 1279 3026 nequam
1328 2953 1433 3009 iste
1476 2952 1669 3007 modus
1714 2950 2002 3006 locutionis
2049 2948 2279 3004 inveniri

700 3052 889 3122 possit,
918 3064 1038 3105 cum
1070 3048 1213 3102 dicat
1230 3044 1545 3101 Psalmista:
1573 3038 1773 3097 Panem
1797 3040 2101 3112 angelorum
2126 3055 2279 3093 man—

702 3143 908 3221 ducavit
939 3141 1092 3195 homo
1135 3136 1252 3211 (Ps.
1280 3152 1482 3201 Lxxvu,
1510 3134 1627 3206 25),
1667 3133 1759 3189 ubi
1795 3148 1899 3188 non
1929 3132 2032 3188 nisi
2065 3140 2282 3187 sancto-

703 3214 822 3287 rum
854 3198 1164 3300 angelorum
1200 3226 1420 3296 intelligi
1451 3198 1626 3280 debet.
1662 3221 1796 3277 Nam
1831 3237 1954 3278 cum
1993 3220 2166 3291 angeli
2195 3220 2280 3275 di-
2308 3198 2354 3264 (ἶ

704 3331 895 3379 cantur
932 3330 985 3377 et
1012 3320 1135 3375 boni
1176 3326 1232 3373 et
1260 3316 1422 3381 mali,
1465 3314 1708 3369 crebrius
1747 3326 1868 3367 cum
1912 3311 2281 3366 additamenta

702 3412 933 3485 propriae
981 3408 1343 3466 distinctionis
1378 3405 1506 3477 poni
1553 3403 1747 3469 solent,
1791 3412 1852 3456 ut
1878 3419 1891 3455 :
1916 3400 2126 3472 Angelis
2172 3401 2280 3454 suis

703 3503 951 3558 mandaui
977 3502 1038 3555 de
1060 3509 1108 3555 te
1134 3496 1259 3573 (Ps.
1284 3510 1371 3563 xc,
1396 3497 1515 3566 11).
1540 3493 1953 3560 Er,‘Benedicite
1972 3491 2275 3557 Dominum,

702 3594 875 3667 angeli
910 3594 1026 3664 ejus
1073 3600 1301 3662 potentes
1344 3589 1555 3652 virtute,
1598 3586 1851 3656 facientes
1889 3585 2097 3640 verbum
2141 3585 2277 3654 ejus,

704 3686 773 3741 ad
807 3684 1125 3740 audiendam
1152 3697 1323 3739 vocent
1349 3696 1645 3737 sermonum
1675 3680 1808 3748 ejus.
1853 3678 2151 3733 Benedicite
2172 3677 2280 3731 Do-

704 3776 843 3834 mino
877 3790 1052 3831 omnes
1085 3776 1303 3829 virtutes
1327 3773 1466 3844 ejus,
1509 3771 1737 3826 ministri
1782 3770 1933 3841 ejus,
1977 3770 2067 3840 qui
2105 3768 2281 3839 facitis

702 3867 1017 3923 voluntatem
1034 3865 1152 3936 ejus
1173 3862 1291 3937 (Ps.
1310 3878 1404 3926 cn,
1429 3862 1519 3928 30,
1541 3861 1653 3931 21).
1673 3860 1768 3915 Et:
1789 3857 1892 3925 Qui
1915 3858 2045 3928 facit
2067 3857 2281 3929 angelos

701 3976 823 4014 suos
869 3959 1104 4029 spiritus,
1147 3965 1195 4013 et
1224 3957 1491 4011 ministros
1535 3969 1657 4008 suos
1694 3953 1865 4024 ignem
1899 3962 2131 4006 urentem
2157 3947 2277 4022 (Ps.

700 4067 816 4115 cut,
841 4050 919 4121 4).
962 4050 1031 4104 Et
1061 4065 1075 4103 :
1102 4048 1340 4103 Laudate
1378 4063 1514 4109 eum,
1546 4044 1718 4117 angeli
1752 4045 1890 4116 ejus,
1917 4043 2130 4098 laudate
2160 4059 2278 4097 eum

703 4158 880 4195 omnes
928 4142 1138 4196 virtutes
1170 4139 1284 4209 ejus
1315 4135 1434 4209 (Ps.
1463 4152 1688 4203 cxnvm,
1715 4132 1796 4206 2).
1838 4136 1905 4190 Et
1933 4135 2193 4191 Dominus
2222 4136 2278 4190 in

704 4233 993 4304 Evangelio
1034 4249 1052 4287 :
1098 4231 1268 4287 Hittet
1294 4229 1467 4285 Filius
1504 4231 1726 4285 hominis
1781 4228 1991 4300 angelos
2040 4246 2185 4296 suos,
2230 4240 2280 4284 et

703 4327 959 4394 separabit
997 4324 1162 4390 malos
1192 4325 1256 4379 de
1291 4323 1464 4378 medio
1488 4324 1787 4393 justorum,
1828 4331 1873 4374 et
1904 4321 2071 4375 mittet
2104 4338 2192 4375 eos
2225 4321 2281 4375 in

705 4414 965 4467 caminum
1012 4414 1144 4483 ignis
1184 4411 1403 4484 (Matth.
1436 4410 1693 4480 mm“).
1740 4410 1815 4463 De
1859 4410 2017 4465 malis
2062 4418 2275 4464 autem:

704 4502 929 4573 Angelus
956 4503 1180 4556 crudelis
1201 4503 1433 4557 mittetur
1451 4510 1633 4555 contra
1656 4517 1773 4554 eum
1798 4499 1980 4571 (Prov.
2004 4517 2139 4567 xv",
2162 4501 2272 4571 11).

702 4596 771 4651 Et
795 4614 807 4649 :
834 4594 1217 4649 Immissionem
1241 4611 1332 4664 per
1352 4593 1560 4663 angelos
1581 4592 1747 4647 malos
1779 4590 1896 4663 (Ps.
1922 4609 2122 4657 Lxxvn,
2160 4592 2272 4662 49).

701 4686 790 4750 Ει,
817 4684 1047 4753 Spiritus
1084 4685 1291 4739 Domini
1336 4683 1544 4750 malus;
1589 4692 1644 4738 et
1674 4699 1887 4739 rursum
1926 4685 2042 4740 sine
2069 4685 2277 4739 addita-

2369 560 2551 631 (Apoc.
2578 578 2656 627 lx,
2684 561 2792 629 15).

2437 650 2711 722 Nunquid,
2756 653 3062 723 ubicunque
3114 654 3311 724 absque
3336 654 3639 714 additamenta
3658 675 3790 731 ponun-

2369 750 2479 810 tur,
2506 743 2629 798 ideo
2657 743 2844 798 licebit
2871 743 3174 813 cuicunque
3197 759 3292 814 pro
3317 744 3455 800 libita
3480 762 3578 812 suo,
3600 747 3662 802 vel
3685 750 3790 808 malas

2367 852 2470 908 pro
2493 835 2670 899 bonis,
2701 835 2788 890 vel
2823 834 2996 890 bonos
3021 850 3120 904 pro
3148 834 3301 891 malis
3324 837 3566 907 accipere?
3595 838 3707 894 Absit
3731 842 3791 897 hu

2369 928 2568 999 quippe
2599 927 2875 998 aspiraute
2900 926 3152 991 Domino,
3174 927 3275 998 piis
3297 928 3609 985 intellectibus
3639 946 3791 986 resem-

2369 1030 2461 1077 tur
2502 1029 2585 1085 ut,
2629 1035 2897 1092 perpensa
2944 1019 3175 1076 ﬁdeliter
3215 1035 3279 1075 ac
3304 1021 3538 1077 veraciter
3575 1022 3655 1077 loci
3682 1024 3791 1094 reiqse

2371 1110 2778 1169 circumstantia
2798 1151 2814 1176 ,
2841 1109 2973 1181 quid
2995 1109 3227 1181 qualiter
3262 1111 3418 1181 accipi
3451 1111 3610 1166 debeat
3633 1126 3792 1182 persen-

2371 1212 2536 1260 tetur.
2577 1202 2691 1259 Hoc
2734 1202 2895 1258 modo
2924 1212 2981 1258 et
3003 1204 3260 1258 Dominus
3305 1204 3356 1258 in
3396 1203 3635 1275 Evangelia
3665 1205 3792 1260 locitas

2371 1303 2479 1363 est,
2510 1310 2635 1351 cum
2660 1296 2734 1350 ait
2759 1311 2775 1349 :
2801 1295 2993 1351 Omnia
3022 1312 3142 1368 qua:
3171 1294 3324 1351 sultis
3359 1306 3411 1351 ut
3443 1296 3607 1367 faciant
3627 1296 3793 1351 solitis

2372 1392 2558 1458 ntines,
2602 1403 2651 1448 et
2685 1410 2776 1449 vos
2816 1392 2974 1463 facite
3013 1390 3122 1447 illis
3161 1390 3391 1446 similiter
3424 1390 3603 1463 (κακὴ.
3633 1407 3701 1456 vn,
3724 1393 3792 1464 l2):

2373 1484 2627 1556 Nunquid
2657 1485 2748 1542 hic
2772 1484 3110 1558 perversitas
3151 1482 3500 1539 malivolorum
3520 1482 3698 1555 gestiens
3714 1484 3794 1539 diui

2375 1593 2407 1632 ιι
2433 1577 2661 1632 Domino
2706 1576 2808 1632 sibi
2853 1584 3182 1646 praeceptum
3235 1580 3313 1639 ut,
3359 1572 3623 1629 libidinibus
3656 1572 3794 1644 aliisque

2375 1668 2673 1725 sceleribus
2715 1667 2997 1739 implicati,
3029 1678 3361 1737 quascunque
3390 1665 3551 1721 volunt
3571 1666 3624 1720 ab
3642 1665 3794 1720 aliistiii

2376 1760 2628 1830 nequiter
2672 1759 2812 1826 ﬁeri,
2855 1763 3045 1815 eadem
3089 1769 3149 1814 et
3190 1758 3289 1829 ipsi
3333 1757 3430 1813 illis
3464 1756 3654 1811 iaciam?
3679 1757 3796 1810 ethoc

2376 1851 2556 1907 absit!
2603 1850 2784 1906 Pietas
2836 1851 3034 1922 quippe
3081 1848 3455 1907 benevoiorum
3494 1847 3621 1904 modo
3658 1847 3795 1917 quodin

2377 1944 2597 2016 proprio
2632 1943 2684 1998 id
2714 1943 3000 1999 Dominum
3041 1943 3245 1998 dixisse
3290 1940 3535 2012 intelligit,
3560 1950 3621 2003 ut,
3641 1954 3796 2009 quacun-

2379 2050 2484 2107 que
2522 2034 2659 2091 bona
2706 2045 2762 2092 et
2801 2037 3028 2091 honesta
3058 2051 3123 2091 ac
3155 2033 3442 2091 secundum
3468 2031 3549 2087 Dei
3571 2029 3795 2089 voluntatem.

2380 2128 2648 2187 charitate
2676 2143 2782 2183 non
2807 2126 2956 2190 ﬁcta,
2988 2126 3149 2183 nobis
3179 2125 3297 2182 ﬁeri
3320 2125 3562 2189 volumus,
3584 2121 3715 2177 eadem
3732 2118 3798 2172 aliis

2380 2224 2674 2289 faciamus;
2722 2231 2776 2279 et
2809 2222 2979 2278 multa
3010 2221 3114 2278 alia
3143 2236 3265 2293 quae
3297 2217 3506 2292 exsequi
3543 2227 3796 2272 nonm-

2380 2314 2520 2370 rium
2545 2313 2870 2385 iudicamus.
2905 2312 3061 2381 Quod
3088 2329 3223 2386 ergo
3250 2313 3381 2369 dlCiS
3408 2329 3422 2367 :

2934 2421 3162 2462 JOANNES
3200 2420 3411 2462 SCOTUS.

2454 2495 2606 2567 (Cap.
2634 2494 2720 2559 1-1,
2752 2511 2900 2551 num.
2928 2496 2984 2562 5,
3010 2505 3145 2552 sect.
3173 2496 3249 2568 1.)
3293 2505 3334 2553 Θ
3371 2493 3535 2550 Omnis
3554 2489 3797 2547 hmani:-

2384 2603 2504 2653 nus,
2538 2595 2628 2641 aut
2651 2586 2821 2642 malus
2848 2596 2960 2653 est;
3000 2585 3245 2642 similiter
3263 2587 3326 2641 de
3361 2584 3543 2656 angelo.

3019 2691 3341 2733 CORBEC'HO.

2450 2768 2493 2840 -ιο
2520 2768 2589 2824 Et
2629 2782 2747 2833 nos,
2775 2770 3021 2825 eamdem
3064 2768 3423 2824 deﬁnitionem
3461 2772 3666 2825 tenentes.
3687 2775 3798 2816 secut-

2382 2860 2510 2916 dum
2553 2860 2930 2917 auctoritatem
2963 2861 3390 2932 Scripturarum,
3419 2858 3684 2926 Petrumque
3707 2866 3798 2907 rene-

2383 2950 2677 3005 randorum
2705 2951 3074 3017 concordiam,
3099 2950 3336 3007 dicimus
3358 2951 3513 3007 bonos
3534 2944 3800 3019 prndeslinata

2384 3042 2451 3096 ad
2479 3041 2668 3106 vitam,
2700 3041 2873 3098 malos
2909 3043 2976 3099 ad
3004 3057 3262 3115 plenam;
3293 3042 3415 3115 quia
3438 3042 3539 3098 haec
3562 3034 3800 3105 ειιιιῑεορσι

2386 3132 2598 3188 Domini
2638 3150 2850 3206 magna,
2889 3136 3149 3207 exquisita
3193 3136 3250 3191 in
3285 3152 3451 3191 omnes
3485 3132 3705 3190 voluntates
3728 3127 3798 3196 tiu

2384 3225 2744 3281 misericordia
2766 3226 3018 3283 videlicet
3046 3236 3095 3283 et
3107 3228 3371 3299 judicium
3396 3225 3501 3300 (Ps.
3521 3240 3594 3287 cx,
3612 3224 3670 3294 2).
3694 3220 3800 3275 0m

2382 3318 2520 3381 Quint
2564 3333 2659 3372 nos
2692 3318 3024 3389 manifestari
3071 3329 3275 3390 oportet
3309 3330 3424 3375 ante
3464 3314 3650 3373 tribunal
3671 3309 3799 3369 Claui;

2383 3419 2443 3462 ut
2474 3408 2668 3479 referat
2702 3409 3057 3482 unusquisque
3086 3413 3303 3484 prapria
3338 3412 3566 3484 corporis,
3591 3414 3701 3478 ρνοιι
3718 3400 3799 3473 μέν

2382 3503 2488 3558 sive
2510 3502 2699 3556 bonum
2719 3502 2825 3557 sive
2844 3501 3044 3558 malum
3067 3501 3155 3576 (11
3178 3501 3302 3560 Cor.
3324 3519 3376 3570 v,
3400 3502 3500 3575 10).
3525 3500 3573 3557 Si
3589 3511 3683 3570 ergo
3697 3504 3799 3549 ωδ

2382 3592 2854 3649 manifestabimur
2898 3601 3026 3650 ante
3072 3594 3311 3652 tribunal
3334 3592 3536 3659 Christi,
3573 3602 3708 3647 omnes
3727 3580 3798 3657 ire

2383 3684 2647 3741 cabimur.
2703 3683 2761 3740 Si
2795 3700 2985 3742 omnes
3026 3686 3411 3758 judicabimur,
3452 3684 3715 3745 deomnibes
3729 3690 3798 3751 1³⁸

2387 3774 2716 3831 destinatum
2741 3785 2826 3833 est
2855 3778 3090 3848 quaiiter
3116 3778 3441 3849 iudicemur.
3470 3778 3529 3834 Et
3546 3778 3629 3833 hoc
3648 3780 3705 3830 est
3722 3764 3797 3842 qi“

2381 3864 2459 3920 ait
2480 3864 2769 3936 Apostolus
2791 3885 2805 3922 :
2833 3866 2901 3923 Ut
2929 3869 3123 3940 referat
3152 3873 3497 3943 unusquisqu
3511 3867 3677 3941 propria
3698 3875 3798 3927 corr

2382 3954 2478 4021 ris,
2505 3966 2657 4027 prout
2681 3959 2836 4029 gessit
2880 3960 2984 4014 sive
3023 3960 3221 4017 bonum
3260 3962 3365 4018 sive
3402 3960 3590 4017 malum.
3627 3955 3706 4012 Non
3723 3949 3799 4006 enin

2381 4046 2748 4105 celebrabitur
2771 4049 3051 4107 fortuitum
3073 4053 3358 4125 judicium,
3388 4062 3441 4111 et
3460 4054 3582 4126 quod
3600 4048 3722 4107 anuus
3735 4052 3801 4096 ult

2381 4140 2697 4209 Ρηθεείθτίι,
2748 4142 2833 4197 vel
2872 4142 3210 4212 praeﬁniet-it.
3261 4146 3519 4202 Praescivit
3561 4151 3607 4199 et
3630 4131 3801 4213 prsidii!

2381 4239 2544 4301 atque
2570 4233 2855 4303 disposuit,
2882 4235 2965 4290 vel
2991 4238 3411 4306 praedestinavit,
3437 4248 3578 4308 atque
3596 4228 3801 4306 praeordi-

2380 4324 2454 4378 vit
2479 4322 2744 4391 judicium
2785 4341 2938 4380 suum
2974 4327 3113 4384 Deus
3142 4328 3533 4387 tantummodo:
3569 4320 3726 4397 angelus
3750 4328 3799 4368 κ·

2382 4424 2489 4470 tem
2541 4424 2596 4472 et
2640 4417 2802 4473 homo
2844 4421 3150 4490 praescivit,
3202 4437 3309 4478 non
3349 4423 3499 4477 etiam
3539 4404 3801 4490 praedestimﬁl

2379 4522 2559 4578 neque
2594 4510 2878 4581 disposuit.
2911 4511 3046 4580 Quia
3091 4514 3259 4586 igitur
3281 4514 3525 4587 judicium
3556 4508 3633 4564 Dei
3662 4504 3799 4560 lutum

2385 4603 2573 4674 negari
2609 4617 2713 4658 non
2741 4612 2923 4674 potest
2952 4607 3218 4663 bonorum
3250 4615 3408 4680 atque
3446 4604 3685 4663 malorum;
3706 4602 3801 4680 neti?

2383 4694 2808 4765 pmdestinatio,
2856 4696 2906 4750 id
2942 4706 3026 4754 est
3049 4678 3337 4770 dispositio
3358 4678 3507 4765 illius,
3536 4693 3730 4750 ullatenus
3747 4678 3799 4735 υἱέ

698 4786 888 4879 ruente
907 4778 974 4833 de
1004 4778 1160 4879 bonis
1185 4776 1399 4879 quidem
1428 4790 1443 4829 :
1469 4775 1597 4829 Cum
1620 4777 1827 4879 .venerit
2048 4776 2275 4879 hominis
2385 4782 2676 4841 inﬁdeliter
2699 4785 3016 4860 denegatur,
3053 4786 3317 4875 ξθηῑιιυίι
3343 4792 3524 4865 quippe
3545 4786 3600 4842 ad
3620 4776 3798 4855 pascit}

697 4878 754 4923 tn
778 4868 1052 4938 majestate
1074 4883 1191 4956 sua,
1215 4875 1261 4919 et
1285 4881 1458 4920 omnes
1481 4865 1791 4949 angelicum
1811 4883 1872 4921 eo
1895 4865 2110 4938 (Matth.
2143 4880 2271 4932 xxv,
2385 4877 2513 4932 riam
2546 4876 2642 4933 Dei
2681 4887 2743 4933 ut
2780 4879 2835 4935 in
2865 4896 2928 4937 ea
2956 4861 3273 4954 disponeret
3311 4861 3508 4956 ipseﬂac
3530 4871 3799 4952 praedatum!

697 4957 809 5031 3i).
840 4958 912 5013 Et
940 4959 1100 5013 item:
1129 4955 1384 5011 Messores
1422 4956 1593 5027 angeli
1616 4967 1736 5011 sunt
1768 4956 1981 5029 (Matth.
2011 4973 2133 5024 xm,
2156 4956 2269 5028 39).
2381 4968 2522 5040 quod
2552 4969 2730 5027 fuerat
2754 4971 3013 5030 facturus,
3053 4955 3346 5031 Habitum;
3372 4984 3449 5031 es;
3477 4974 3624 5042 imque
3641 4959 3799 5038 judicium

696 5047 765 5103 Et
789 5049 921 5104 item
946 5067 958 5103 :
987 5047 1090 5115 Qui
1108 5048 1253 5103 sedes
1274 5064 1430 5117 super
1446 5046 1747 5102 Cherubim.
1781 5048 1848 5103 Et
1881 5064 2097 5104 rursum
2134 5065 2147 5101 ε
2176 5048 2279 5102 Cui
2379 5059 2435 5116 ιη
2475 5077 2584 5132 quo
2606 5063 2949 5133 judimws
2991 5075 3073 5122 αι
3100 5067 3270 5125 bonos
3296 5075 3353 5127 ει
3374 5065 3544 5129 malos,
3565 5070 3610 5117 οι
3638 5056 3799 5120 δαμω-

696 5140 836 5195 enim
864 5139 1167 5211 angelorum
1207 5140 1344 5193 dixit
1365 5155 1384 5194 :
1418 5137 1590 5193 Filius
1631 5155 1777 5193 meus
1813 5154 1865 5193 es
1902 5148 1979 5203 tu,
2006 5155 2099 5209 ego
2121 5140 2281 5194 hodie
2346 5153 2691 5219 ,ἀρειεηεινίμ
2722 5156 2827 5211 hoc
2851 5163 2937 5212 εει
2961 5157 3245 5230 disposuit,
3274 5157 3327 5213 in
3355 5171 3416 5213 ea
3446 5145 3711 5229 micatis

696 5233 853 5301 99”“5
872 5234 959 5285 ⁸⁸⁷
976 5231 1163 5303 (Πεθνο
1182 5247 1222 5297 'o
1248 5231 1360 5303 i35-)
1385 5232 1448 5286 Et
1472 5232 1598 5286 ίῑθηι
1619 5249 1631 5284 ³
1651 5231 1717 5284 El
1740 5232 1809 5285 αά
1830 5231 2042 5303 αηθείοε
2063 5234 2273 5304 quidem
2332 5290 2339 5297 .
2378 5258 2476 5299 nec
2503 5242 2615 5298 falli
2639 5244 2817 5299 valeat
2846 5261 2947 5302 nec
2972 5225 3189 5303 mutari.
3218 5247 3274 5303 Si
3303 5261 3429 5318 ergo
3447 5225 3543 5301 non
3568 5246 3662 5295 sunt
3677 5225 3798 5303 prcit-L

696 5323 819 5378 ἄειδε
852 5323 1065 5394 (Ibid)
1098 5322 1166 5380 Et
1198 5336 1414 5379 rursum
1457 5343 1469 5378 :
1504 5323 1793 5379 Latuerunt
1834 5324 2049 5395 quidam
2077 5325 2277 5396 angelis
2375 5333 2559 5389 stinati
2595 5335 2723 5391 mali
2762 5336 2827 5392 ad
2858 5338 2910 5392 id
2939 5338 3080 5409 quod
3109 5349 3401 5405 merentur,
3429 5325 3799 5407 consequent”?

697 5415 923 5482 hospites
950 5414 1161 5485 receptis
1184 5413 1371 5487 (Hebr.
1400 5431 1517 5481 xm,
1543 5416 1621 5486 2).
1662 5414 1739 5470 De
1766 5415 1923 5469 malis
1947 5424 2126 5470 autem
2155 5435 2169 5469 ς
2202 5416 2270 5471 In
2369 5422 2777 5492 judicabumur,
2845 5398 3236 5486 δυάξωδυηωι·
3297 5398 3503 5492 aufem;
3555 5398 3799 5492 plenam

698 5504 901 5559 Cherub
944 5516 1201 5575 extentus,
1244 5516 1294 5562 et
1335 5520 1604 5579 protegens
1650 5510 1704 5562 in
1747 5517 1920 5562 monte
1966 5517 2147 5562 sancto
2174 5507 2273 5563 Dei
2376 5522 2502 5569 sunt
2531 5530 2662 5587 ergo
2681 5514 2977 5586 iudicandi.
3023 5516 3116 5575 Est
3150 5519 3314 5590 igitur
3343 5492 3798 5589 praedestinatum”

700 5593 916 5664 (Esech.
942 5611 1136 5663 lXVstl,
1159 5595 1267 5669 14).
1291 5596 1388 5652 Et:
1418 5595 1645 5653 Nescitis
1670 5598 1810 5668 quod
1835 5596 2044 5666 angelos
2059 5597 2272 5667 judica-

666 5760 673 5773 ‘
700 5684 837 5773 Ditis,
854 5696 1053 5765 quanto
1081 5689 1244 5773 magis
1275 5688 1551 5743 scecularia
1568 5690 1593 5742 Ρ
1613 5688 1664 5751 (1
1690 5689 1814 5744 Cor.
1838 5704 1914 5753 vt,
1939 5688 2020 5744 ὅ.)
2051 5689 2146 5743 Et:
2171 5687 2272 5744 So-

2375 5620 2513 5669 rum,
2544 5604 2683 5671 Quia
2710 5605 2800 5662 ille
2823 5606 2999 5663 reddet
3022 5610 3298 5681 unicuique
3316 5604 3568 5664 secundum
3584 5610 3680 5668 ορω
3694 5596 3796 5681 ηυξ
3868 5596 3869 5653 Τ

2375 5696 2465 5765 qui
2492 5710 2681 5753 omnes
2700 5697 3039 5767 iudicaturus
3066 5710 3169 5766 est,
3197 5680 3388 5771 cuique
3412 5694 3539 5753 dedit
3563 5689 3686 5745 Patet
3706 5680 3797 5732 ουκ

708 5767 812 5830 alii
848 5772 1090 5847 quatuor’
1116 5782 1340 5851 angelis,
1366 5800 1456 5853 qui
1496 5786 1671 5851 parati
1710 5794 1857 5839 erant
1896 5800 1951 5838 m
1976 5785 2181 5851 horam,
2214 5795 2260 5839 et
2368 5785 2642 5856 judicium
