4010 6352
107 337 260 422 “97'

962 360 1051 416 DE
1080 355 1753 414 rmEDESTIMTiox;
1795 356 2070 412 CONTRA
2109 359 2158 416 ι.
2203 341 2504 418 SCOTUM.

3224 364 3361 421 “98

177 476 358 529 Porro
402 472 542 544 quod
582 469 850 527 cavillaris
885 469 1038 540 (cap.
1074 468 1162 535 Η,
1202 483 1350 531 nutu,
1377 467 1409 519 4
1441 474 1573 520 sect.
1616 464 1691 528 2),
1727 471 1769 528 Λ
1801 465 1916 534 ejus
1939 470 2363 538 przecedentibus
2383 471 2696 534 meritis;ct
2721 456 3109 545 investigabilis
3138 478 3363 542 veritas,

107 565 172 622 Β.
206 564 562 633 Augustinum
614 578 716 615 non
770 561 962 614 dixisse
1002 559 1056 613 in
1097 558 1584 625 pra’destinatorum
1626 556 1693 607 ad

106 658 271 710 vitam
322 669 537 707 numero
564 667 664 704 non
688 650 922 719 fuerunt,
961 648 1050 703 sed
1072 647 1325 711 absolute,
1354 647 1409 700 in
1429 645 1696 715 prtedesti-

106 759 360 802 natorum
405 760 618 798 numero
673 759 775 796 non
817 741 1051 812 fuerunt,
1109 739 1362 795 Sullicere
1399 739 1502 808 piis
1540 753 1692 792 men-

106 839 260 892 tibus
283 835 466 900 debet,
493 834 634 904 quod
667 833 776 888 dixi
807 847 931 886 eum
963 847 992 886 a
1021 831 1222 886 sanctis
1265 838 1319 883 et
1347 829 1503 884 bonis
1524 828 1577 882 in
1603 842 1692 882 re-

107 943 280 998 gnum
316 925 412 979 Dei
449 939 544 995 per
571 925 800 993 gratiam
846 921 938 976 Dei
993 921 1392 994 prtedestinatis
1439 920 1691 990 cmpisse,

107 1023 289 1089 deque
341 1019 472 1088 ipsis
515 1030 818 1071 sermonem
865 1013 1278 1068 saluberrimum
1331 1011 1691 1076 conseruisse,

107 1127 215 1166 nec
240 1125 381 1182 opus
424 1108 588 1164 fuisse
616 1114 676 1162 ut
716 1106 900 1160 itidem
940 1105 1183 1160 crebrius
1229 1119 1294 1158 ac
1326 1118 1422 1174 per
1447 1104 1550 1158 hoc
1595 1112 1698 1158 ta:-

108 1203 345 1268 diosius,
378 1201 742 1256 inculcaretur
770 1196 912 1268 quod
949 1199 1095 1252 sanis
1122 1197 1378 1253 cordibus
1407 1197 1573 1252 semel
1614 1197 1696 1251 in-

109 1296 350 1350 hibitum
384 1292 675 1346 haberetur
706 1307 718 1342 :
762 1288 904 1358 quod
940 1287 1097 1344 facile
1136 1288 1383 1358 quisquis
1411 1287 1498 1355 pie
1546 1286 1692 1357 legit,

112 1383 371 1439 advertit.
403 1382 747 1449 Cognoscens
790 1379 1040 1434 videlicet
1083 1379 1329 1432 eumdem
1369 1377 1561 1430 librum
1612 1377 1694 1430 id-

109 1477 265 1531 circo
318 1475 560 1536 editum;
604 1472 882 1542 quoniam,
920 1486 1041 1524 cum
1073 1477 1247 1538 coepta
1290 1476 1433 1522 esset
1485 1476 1672 1521 sancto

113 1586 237 1624 rum
279 1566 681 1638 praedestinatio
727 1564 1029 1636 pmdicari,
1073 1563 1415 1633 insurgentes
1450 1562 1692 1630 quidam,

111 1670 171 1713 et
229 1659 464 1714 maxime
508 1657 802 1728 Pelagiani,
855 1665 1134 1726 cmperuut
1164 1670 1378 1709 omnem
1429 1653 1697 1708 Ecclesia-

111 1750 312 1803 sticam
365 1746 702 1816 disciplinam
765 1756 928 1815 atque
993 1746 1388 1814 correptionem
1445 1743 1695 1797 funditus

1797 573 1900 628 qua
1923 576 2072 630 quem
2107 560 2208 614 vult
2240 561 2480 615 obdurat.
2523 563 2650 633 Ejus
2689 565 2901 633 quidem
2942 569 3370 636 praecedentibus

1799 651 2028 715 meritis,
2087 652 2180 704 sed
2226 667 2346 706 cum
2395 669 2459 707 eo
2512 654 2665 723 cujus
2713 657 2999 711 miseretur
3052 659 3369 730 plerumque

1798 741 2211 797 communibus:
2265 744 2405 798 sicut
2454 745 2678 800 duorum
2729 749 3082 818 geminorum,
3139 765 3368 819 quorum

1796 841 1936 889 unus
1959 837 2281 900 assumitur,
2323 852 2458 890 unus
2485 837 2825 906 relinquitur,
2856 839 3039 908 dispar
3059 849 3141 893 est
3165 841 3366 905 exitus,

1796 924 1990 979 merita
2037 926 2374 992 communia;
2407 926 2458 979 in
2497 927 2694 995 quibus
2743 937 2917 982 tamen
2950 929 3030 984 sic
3072 929 3207 985 alter
3256 948 3370 987 ma-

1795 1031 1900 1089 gna
1929 1017 2024 1071 Dei
2062 1017 2303 1072 bonitate
2333 1018 2611 1085 liberatur,
2643 1028 2702 1073 ut
2747 1021 2888 1076 alter
2927 1022 3068 1076 nulla
3111 1022 3225 1092 ejus
3259 1025 3361 1079 ini-

1795 1109 2002 1180 quitate
2023 1109 2326 1164 damnetur.
2355 1108 2608 1182 Nunquid
2649 1113 2788 1166 enim
2813 1115 3064 1184 iniquitas
3105 1126 3180 1169 est
3225 1118 3365 1186 apud

1796 1200 1962 1254 Deum
1987 1202 2011 1254 ?
2037 1201 2206 1254 absit!
2227 1201 2316 1255 sed
2337 1201 2712 1272 investigabiles
2740 1214 2860 1257 sunt
2888 1205 2984 1258 aia:
3003 1205 3164 1272 ipsius
3190 1205 3362 1276 (Rom.

1797 1309 1872 1358 ιι,
1905 1293 2014 1364 14).
2042 1293 2227 1362 Itaque
2261 1295 2682 1349 misericordiam
2712 1294 2828 1362 ejus
2868 1297 2921 1350 in
2962 1297 3050 1351 his
3102 1299 3192 1367 qui
3235 1298 3370 1355 libe-

1797 1389 2008 1447 rantur,
2039 1391 2094 1437 et
2134 1383 2413 1437 veri:atem
2454 1383 2509 1437 in
2541 1384 2625 1438 his
2656 1385 2744 1454 qui
2773 1386 3086 1455 puniuntur,
3124 1387 3241 1441 sine
3276 1388 3370 1442 du-

1797 1475 2057 1530 bitatione
2078 1475 2384 1540 credamus,
2407 1490 2580 1544 neque
2605 1476 2976 1531 inscrutabilia
3011 1479 3241 1532 scrutari
3276 1486 3371 1534 aut

1799 1564 1918 1638 [al.,
1944 1565 2142 1639 neque]
2173 1567 2562 1636 investigabilia
2585 1568 2853 1639 vestigare
2883 1569 3188 1642 conemur.]

1807 1685 1810 1688 η
1869 1659 1908 1728 ἰ-
1932 1658 2120 1714 Cernis
2147 1658 2395 1714 frustrari
2420 1673 2517 1728 per
2533 1661 2712 1714 omnia
2738 1661 3085 1716 collectiones
3103 1670 3240 1728 tuas,
3255 1664 3372 1734 qui-

1796 1752 1898 1807 bus
1911 1766 2069 1822 agere
2079 1751 2360 1806 conaberis
2373 1751 2893 1820 praedestinationem
2907 1753 3107 1810 nullam
3121 1755 3368 1817 esse,nisi

109 1851 386 1905 evertere,
445 1840 722 1894 dicentes:
760 1836 968 1892 Nullam
1021 1836 1136 1891 fore
1189 1835 1552 1891 necessariam
1591 1836 1692 1889 ob-

1796 1844 2139 1900 sanctorum?
2163 1857 2288 1898 ecce
2309 1844 2495 1898 doctor
2527 1844 2905 1900 veracissimus
2943 1846 2996 1900 in
3021 1861 3128 1901 uno
3153 1847 3369 1902 eodem-

104 1931 504 2003 jurgatiouem,
536 1931 626 1985 ubi
653 1939 822 1984 totum
850 1928 944 1984 Dei
981 1929 1156 2000 gratia
1184 1936 1542 1996 operaretur;
1576 1926 1690 1990 sed,

111 2033 314 2094 agente
367 2035 689 2094 unoquoque
741 2021 961 2090 impune
1013 2020 1154 2089 quod
1201 2018 1380 2083 vellet,
1421 2018 1594 2087 gratia
1640 2015 1694 2068 in

111 2116 198 2169 eis
225 2122 542 2183 operaretur
579 2123 638 2167 ut
680 2113 807 2168 boni
847 2121 1047 2177 essent,
1081 2111 1166 2167 cui
1219 2109 1466 2179 quaerela:
1507 2109 1696 2163 doctor

111 2206 534 2262 facundissimus
559 2204 822 2260 catholica
847 2205 1113 2259 suavitate
1139 2199 1494 2273 respondens,
1525 2215 1697 2269 quan-

114 2307 234 2351 tum
272 2297 640 2367 correptiones
670 2308 722 2350 et
755 2296 1047 2367 disciplinae
1073 2293 1451 2350 ecclesiastica:
1478 2307 1576 2362 per
1603 2289 1696 2345 Dei

113 2389 349 2460 gratiam
400 2387 452 2441 in
500 2402 720 2459 regnum
776 2387 1172 2457 praedestinatis
1225 2387 1431 2442 sanctis
1477 2387 1698 2457 prodes-

113 2489 275 2545 sent,
327 2478 559 2534 edocuit.
616 2479 683 2533 Et
731 2479 881 2545 ideo,
931 2479 1141 2548 quoties
1193 2478 1698 2547 pmdcstinalorum

115 2571 325 2625 mentio
347 2569 649 2624 adhibenda
682 2569 801 2634 fuit,
827 2568 1114 2638 superﬂue,
1145 2569 1340 2622 iterato
1367 2549 1700 2638 repeteretur

115 2667 286 2734 quod,
332 2663 442 2734 jam
496 2665 707 2736 piorum
764 2663 1012 2718 sensibus
1060 2663 1402 2725 inculcatum,
1457 2661 1588 2715 satis
1633 2657 1699 2714 ad

115 2757 322 2822 omnia,
367 2771 486 2825 quae
529 2769 691 2828 super
737 2754 924 2808 eadem
964 2770 1022 2808 re
1065 2754 1288 2809 dicenda
1331 2753 1562 2813 fuerant,
1607 2766 1701 2804 ex-

118 2847 366 2901 stitisset.
419 2843 572 2912 Quod
622 2845 899 2900 evidenter
943 2843 996 2898 in
1043 2843 1324 2899 sententiis
1370 2841 1516 2910 ejus,
1565 2853 1700 2910 quas

117 2937 396 3008 ponendas
442 2935 719 3004 iudicasti,
764 2935 1070 2990 ostenditur
1097 2949 1220 2989 cum
1265 2933 1464 2988 dicitur
1491 2949 1502 2984 :
1533 2931 1701 3004 [Haec

123 3039 208 3085 est
255 3029 650 3100 przedestinatio
707 3035 1054 3092 sanctorum,
1109 3033 1164 3080 et
1200 3025 1334 3081 nihil
1383 3025 1525 3079 aliud
1566 3039 1703 3094 prte-

125 3121 350 3177 scientia
405 3120 614 3174 scilicet
669 3131 722 3174 et
769 3117 1094 3189 prmparatio
1151 3116 1536 3172 beneﬁciorum
1581 3114 1695 3181 Dei,

1799 1951 1902 2007 que
1931 1935 2068 1990 libro
2087 1934 2612 2005 pra-destinationem
2647 1936 2856 2004 piorum
2880 1945 3042 2007 atque
3083 1937 3368 2008 impiorum

1797 2029 1970 2083 docet.
1998 2025 2336 2081 Manifestum
2367 2035 2449 2081 est
2477 2027 2620 2080 enim
2653 2027 2794 2097 quod
2822 2027 2971 2093 dicit,
3003 2037 3058 2082 et
3077 2029 3372 2096 majoribus

1797 2119 1958 2175 etiam
1981 2118 2064 2172 his
2089 2133 2223 2186 quos
2249 2117 2514 2187 pnevidit,
2539 2118 2584 2171 si
2614 2118 2752 2187 apud
2768 2133 2861 2173 eos
2879 2119 3020 2173 facta
3045 2128 3227 2174 essent
3254 2121 3370 2175 suis

1798 2209 2072 2264 miraculis
2093 2208 2409 2270 credituros,
2441 2209 2635 2277 quibus
2659 2223 2763 2262 non
2794 2209 2910 2263 vult
2929 2209 3236 2274 subvenire,
3263 2225 3366 2263 non

1798 2299 2068 2363 subvenit,
2099 2298 2166 2352 de
2193 2298 2390 2368 quibus
2420 2298 2473 2351 in
2515 2312 2610 2352 sua
2649 2299 3122 2368 pra-destinatione
3157 2297 3370 2354 occulte

1798 2392 2032 2464 quidem,
2065 2392 2158 2446 sed
2180 2389 2325 2458 juste
2361 2391 2505 2445 aliud
2531 2389 2810 2460 judicavit,
2840 2391 2968 2459 quid
2999 2384 3236 2460 apertius
3265 2390 3368 2444 dici

1798 2483 2006 2555 potuit?
2055 2481 2213 2536 Certe
2268 2481 2471 2550 absque
2527 2480 2632 2534 ulla
2668 2479 2895 2551 caligine
2948 2481 3112 2534 totius
3151 2480 3372 2535 nebulo-

1800 2574 1980 2629 sitatis
2018 2571 2432 2643 praedestinasse
2477 2585 2599 2624 eum
2649 2570 2845 2639 quibus
2875 2584 2980 2626 non
3014 2569 3128 2623 vult
3173 2571 3370 2624 subve-

1800 2665 1936 2728 nire,
1963 2672 2020 2716 ut
2040 2662 2310 2734 puniatur,
2345 2661 2598 2713 insinuat.

1870 2755 2014 2809 Idem
2041 2753 2094 2808 in
2119 2753 2308 2808 eodem
2335 2750 2607 2823 (August.,
2633 2750 2695 2803 de
2723 2749 2865 2803 Dono
2881 2763 3097 2820 parum,
3121 2765 3238 2822 cap.
3258 2751 3369 2823 £5).

1802 2843 1952 2918 [Sed
1995 2843 2175 2906 aiunt,
2226 2842 2432 2911 inquit,
2469 2849 2524 2894 ut
2578 2839 2846 2904 scribitis,
2891 2841 3158 2896 neminem
3215 2856 3372 2911 posse

1801 2935 2156 3004 correptionis
2178 2933 2411 2988 stimulis
2437 2931 2686 2996 excitari,
2711 2932 2755 2985 si
2783 2931 2996 2986 dicatur
3021 2934 3073 2987 iu
3105 2943 3370 2990 conventu

1802 3027 2056 3083 Ecclesia:
2092 3025 2432 3080 audientibus
2474 3025 2696 3080 multis:
2733 3025 2803 3078 ita
2835 3040 2892 3080 se
2939 3026 3103 3080 habet
3139 3027 3208 3080 de
3236 3042 3374 3096 prae-

1805 3119 2164 3175 destinatione
2217 3117 2436 3172 deﬁnita
2481 3118 2746 3172 sententia
2793 3105 3086 3173 voluntatis
3133 3119 3260 3181 Dei,
3317 3128 3374 3173 ut

123 3213 318 3282 quibus
362 3211 663 3266 certissime
708 3209 1010 3264 liberantur
1039 3208 1349 3278 quicunque
1398 3205 1697 3260 liberantur
1723 3201 1768 3267 C
1799 3210 1888 3265 alii
1923 3225 1991 3265 ex
2031 3209 2185 3264 vobis
2228 3209 2294 3263 de
2337 3208 2651 3263 inﬁdelitate
2697 3219 2937 3280 accepta.
2968 3210 3252 3264 obediemn
3276 3225 3372 3264 νο..

125 3301 332 3372 (Aug,
377 3300 440 3354 de
463 3299 610 3353 Dono
644 3315 838 3368 persev.
873 3313 922 3352 c.
963 3297 1082 3368 M).
1115 3297 1184 3352 Et
1226 3312 1322 3368 per
1361 3304 1527 3350 totam
1574 3293 1697 3348 libri

121 3394 359 3464 ejusdem
395 3392 589 3448 seriem
636 3406 698 3445 ea
750 3390 1121 3446 moderatione
1169 3388 1487 3444 disserentis
1517 3401 1697 3442 sermo

127 3487 370 3551 libratur,
403 3495 462 3539 ut
497 3484 560 3540 de
587 3499 815 3554 quorum
843 3481 1316 3554 prtedestinatione
1359 3488 1525 3534 tanta:
1566 3492 1695 3550 pro-

127 3579 347 3634 lixitatis
377 3591 625 3632 sermone
663 3573 909 3643 subjecit,
941 3573 1060 3629 luce
1094 3573 1295 3628 clarius
1318 3572 1584 3627 videatur.

205 3671 582 3725 Verumtamen
614 3667 858 3723 miranda
886 3676 966 3722 est
1000 3666 1084 3722 vel
1134 3666 1310 3736 potius
1333 3665 1603 3720 horrenda
1634 3677 1699 3719 ac

130 3760 434 3818 detestanda
490 3761 850 3816 versutiarum
899 3769 1110 3815 tuarum
1157 3760 1373 3825 astutia,
1427 3774 1556 3827 qua,
1615 3765 1694 3810 ta-

130 3854 252 3907 citis
297 3852 543 3906 omnibus
593 3867 713 3921 qua:
768 3851 834 3905 de
897 3850 1370 3922 prmdestinatione
1432 3847 1698 3902 malorum

130 3945 277 4014 (licet
301 3943 349 3997 id
377 3958 498 3998 raro
519 3943 824 4012 contigerit)
856 3943 1052 4011 posuit,
1089 3943 1160 3995 ita
1183 3957 1246 3996 ea
1279 3940 1452 3995 solum
1483 3953 1605 4008 quas
1631 3939 1698 3992 de

1799 3303 2029 3368 luntate,
2079 3301 2340 3356 veniretis
2377 3301 2444 3356 ad
2495 3301 2675 3366 ﬁdem,
2726 3301 2805 3356 vel
2856 3311 3077 3373 accepta
3118 3317 3370 3371 perseve-

1797 3394 1973 3450 rantia
2003 3393 2267 3448 maneatis
2315 3393 2369 3447 in
2406 3392 2543 3459 ﬁde;
2573 3393 2751 3448 caeteri
2798 3408 2928 3448 vero
2962 3395 3054 3464 qui
3085 3395 3137 3449 in
3175 3409 3370 3464 pecca-

1800 3494 1978 3545 torum
2027 3484 2384 3540 delectatione
2423 3486 2791 3550 remoramini,
2839 3487 2959 3540 ideo
3007 3488 3246 3540 nondum
3289 3503 3374 3542 re-

1802 3577 2136 3642 surrexistis,
2170 3577 2294 3646 quia
2329 3578 2556 3631 necdum
2581 3592 2676 3631 vos
2704 3577 3029 3645 adiutorium
3051 3578 3238 3647 gratia:
3273 3578 3374 3646 mi-

1800 3668 2034 3723 serantis
2055 3667 2224 3722 erexit
2259 3685 2271 3719 :
2319 3677 2694 3720 verumtamen
2737 3667 2784 3720 si
2827 3667 2918 3736 qui
2962 3667 3094 3720 estis
3135 3668 3372 3736 nondum

1799 3760 1997 3822 vocati,
2048 3772 2186 3826 quos
2226 3755 2396 3822 gratia
2441 3771 2535 3810 sua
2586 3757 3050 3826 pmdestinaverit
3077 3757 3370 3829 eligendos,

1800 3848 2076 3917 accipietis
2133 3847 2378 3900 eamdem
2433 3847 2692 3917 gratiam,
2742 3862 2848 3917 qua
2900 3847 3095 3913 velitis,
3150 3859 3205 3904 et
3255 3850 3376 3906 sitis

1800 3939 1996 3994 electi:
2031 3947 2086 3993 et
2127 3940 2169 3992 si
2200 3939 2291 4007 qui
2320 3938 2572 4001 obeditis,
2615 3939 2660 3993 si
2702 3940 3069 4010 pmdestinati
3111 3942 3244 3998 estis
3283 3957 3372 3996 re-

129 4045 432 4090 sanctorum
478 4035 948 4106 praedestinatione
994 4033 1274 4096 disseruit,
1329 4029 1697 4100 decerpseris,
1795 4030 2016 4100 jiciendi
2045 4069 2059 4094 ,
2113 4028 2495 4083 subtrahentur
2539 4030 2825 4086 obediendi
2888 4031 3074 4097 vires,
3136 4042 3194 4086 ut
3247 4034 3375 4088 obe-

125 4145 193 4183 ac
232 4129 273 4182 si
303 4129 430 4183 nihil
459 4129 523 4184 de
554 4128 639 4182 illa
677 4126 838 4180 fuerit
868 4125 1110 4182 elocutus
1134 4126 1274 4196 (cap.
1316 4124 1416 4189 M,
1447 4138 1598 4178 num.
1630 4122 1698 4188 5,

123 4231 254 4276 sect.
283 4221 355 4292 2).
407 4221 542 4275 Audi
593 4221 757 4291 igitur
807 4219 936 4290 quid
971 4218 1131 4272 etiam
1183 4217 1249 4272 de
1291 4216 1380 4271 illa
1406 4217 1460 4271 in
1506 4215 1696 4270 eodem

123 4313 267 4364 libro
291 4320 605 4381 prosecutus
634 4311 703 4365 sit
730 4310 1084 4381 (August.,de
1108 4308 1254 4362 Dono
1270 4325 1465 4378 persev.
1493 4323 1542 4362 c.
1567 4307 1654 4379 ll)
1682 4325 1694 4362 :

126 4401 404 4476 [Proinde,
427 4402 696 4472 inquiens,
727 4402 865 4456 sicut
891 4400 1179 4470 Apostolus
1207 4399 1302 4463 ait,
1331 4416 1431 4453 non
1459 4398 1694 4462 volentis,

124 4513 292 4565 neque
312 4496 588 4560 currentis,
612 4495 702 4549 sed
731 4493 1021 4548 miserantis
1050 4503 1123 4547 est
1154 4493 1248 4547 Dei
1277 4492 1453 4562 (Rom.
1478 4507 1556 4555 Ix,
1593 4490 1698 4560 l6),

123 4587 220 4658 qui
262 4595 314 4641 et
361 4586 598 4656 parvulis
624 4587 817 4656 quibus
867 4586 998 4650 vult,
1032 4586 1196 4640 etiam
1250 4599 1355 4640 non
1391 4585 1698 4639 volentibus
1727 4559 1777 4618 D

124 4693 304 4749 neque
348 4679 688 4732 currentibus
720 4676 992 4742 subvenit,
1035 4691 1169 4746 quos
1195 4684 1321 4730 ante
1359 4676 1699 4730 constitutio-

126 4785 251 4825 nem
281 4768 462 4823 mundi
495 4766 656 4839 elegit
705 4768 758 4822 in
791 4766 1026 4832 Christo,
1077 4766 1301 4821 daturus
1349 4765 1429 4820 eis
1470 4766 1696 4834 gratiam

124 4864 316 4936 gratis,
347 4861 450 4916 hoc
490 4869 575 4914 est
617 4859 777 4914 nullis
827 4873 1013 4914 eorum
1057 4857 1142 4912 vel
1191 4856 1314 4912 ﬁdei
1361 4855 1443 4910 vel
1472 4869 1696 4926 operum

126 4953 337 5010 meritis
380 4951 831 5024 praecedentibus,
891 4957 946 5006 et
1003 4949 1299 5018 majoribus
1354 4949 1514 5003 etiam
1575 4947 1694 5011 bis,

128 5062 265 5116 quos
287 5045 551 5116 praevidit,
594 5047 636 5100 si
679 5045 818 5115 apud
846 5059 938 5100 eos
973 5043 1119 5098 facta
1167 5050 1347 5098 essent
1381 5043 1494 5097 suis
1533 5042 1698 5096 mira-

129 5136 268 5192 culis
312 5136 632 5199 credituros,
675 5138 870 5206 quibus
917 5151 1022 5191 non
1063 5135 1174 5190 vult
1230 5135 1538 5199 subvenire,
1589 5148 1696 5188 non

134 5229 420 5295 subvenit,
458 5231 522 5286 de
569 5230 765 5300 quibus
811 5227 865 5282 in
927 5245 1022 5284 sua
1078 5227 1550 5298 praedestinatione
1602 5237 1716 5278 oc-.

134 5321 274 5376 culte
315 5321 553 5390 quidem,
586 5320 680 5376 sed
725 5320 868 5390 juste
914 5319 1056 5374 aliud
1098 5317 1401 5388 judicavit:
1453 5315 1576 5370 Non
1625 5323 1698 5368 est

131 5417 268 5473 enim
291 5416 537 5487 iniquitas
562 5416 699 5486 apud
721 5413 886 5467 Deum
920 5410 1095 5481 (Rom.
1129 5427 1206 5477 Ix,
1231 5410 1338 5481 ll),
1372 5409 1465 5466 sed
1496 5410 1700 5464 inseru-

135 5507 313 5562 tabilia
337 5517 455 5560 sunt
495 5507 700 5576 judicia
750 5505 883 5576 ejus,
939 5512 987 5556 et
1033 5502 1411 5572 investigabiles
1457 5503 1550 5556 uite
1588 5501 1700 5571 ejus

139 5596 314 5666 (Rom.
341 5613 419 5660 XI,
449 5597 538 5666 5'5)
574 5615 585 5648 :
629 5597 884 5648 universa:
944 5604 1115 5646 autem
1158 5595 1251 5647 vim
1302 5592 1509 5646 Domini
1551 5592 1703 5646 mise-

145 5689 363 5742 ricordia
411 5697 456 5742 et
484 5688 668 5742 ven'tas
692 5681 808 5758 (Ps.
834 5701 980 5756 xstv,
1007 5681 1116 5754 10).
1155 5683 1540 5754 Investigabilis
1575 5699 1704 5755 ergo

145 5790 226 5832 est
264 5777 648 5842 misericordia,
687 5789 810 5845 ‘qua
856 5778 1006 5843 cuius
1058 5777 1161 5831 t'ult
1208 5779 1495 5840 miseretur,
1546 5759 1706 5832 nullis

1801 4124 1920 4179 dire
1947 4121 2190 4176 cessetis.
2214 4119 2320 4175 Ista
2351 4136 2474 4176 cum
2501 4121 2708 4186 dicunt,
2765 4123 2840 4176 ita
2877 4138 2977 4178 nos
3003 4138 3034 4177 a
3062 4123 3372 4180 conﬁtenda

1801 4231 1931 4270 vera
1959 4215 2049 4268 Dei
2086 4215 2281 4284 gratia,
2327 4213 2379 4268 id
2411 4222 2494 4270 est
2537 4230 2658 4284 qua:
2684 4230 2790 4270 non
2837 4217 3132 4271 secundum
3179 4219 3372 4274 merita

1802 4314 1986 4362 nostra
2013 4306 2191 4371 datur,
2209 4314 2260 4358 et
2286 4321 2315 4360 a
2350 4305 2654 4361 conﬁtenda
2675 4322 2736 4362 ea
2761 4306 2880 4380 [al.,
2913 4309 3206 4365 secundum
3229 4312 3372 4386 eam]

1802 4397 2273 4468 praedestinatione
2315 4407 2628 4453 sanctorum
2675 4399 2950 4456 deterrere
2984 4417 3088 4457 non
3137 4404 3371 4459 debent:

1806 4492 1945 4546 sicut
1971 4506 2077 4544 non
2108 4490 2445 4544 deterremur
2467 4505 2496 4544 a
2527 4491 2829 4546 conﬁtenda
2877 4495 3216 4562 prtescientia
3253 4497 3371 4566 Dei,

1803 4585 1846 4639 si
1883 4583 2004 4652 quis
2037 4583 2103 4637 de
2151 4583 2235 4636 illa
2273 4583 2469 4654 populo
2510 4585 2589 4639 sic
2624 4584 2893 4654 loquatur,
2942 4595 3002 4641 ut
3026 4589 3210 4643 dicat:
3261 4590 3376 4644 sive

1806 4689 1948 4727 nunc
1981 4682 2126 4728 recte
2154 4674 2346 4728 vivatis
2387 4676 2500 4729 sive
2525 4691 2630 4730 non
2663 4686 2832 4741 recte,
2857 4677 2990 4732 tales
3009 4679 3161 4732 eritis
3188 4690 3372 4750 postea

1804 4764 1990 4833 quales
2017 4779 2114 4818 vos
2143 4764 2283 4819 Deus
2317 4763 2527 4822 futuros
2561 4781 2685 4823 esse
2713 4771 3004 4838 praescivit,
3048 4771 3130 4825 vel
3169 4773 3294 4828 boui
3329 4776 3373 4830 si

1803 4855 1992 4921 bonos,
2015 4856 2099 4910 vel
2119 4856 2243 4910 mali
2272 4857 2316 4911 si
2342 4857 2528 4912 malos.
2557 4857 2982 4930 Nunquidenim,
3005 4863 3048 4916 si
3077 4862 3177 4918 hoc
3191 4866 3374 4922 audito

1805 4949 2043 5004 nonnulli
2091 4950 2142 5003 in
2175 4958 2444 5020 torporem
2473 4951 2868 5022 segnitiamque
2914 4962 3217 5020 vertantur,
3257 4965 3314 5011 et
3339 4973 3371 5012 a

1803 5041 1988 5096 labore
2021 5041 2288 5111 proclives
2336 5041 2404 5096 ad
2444 5041 2719 5098 libidinem
2745 5053 2867 5112 post
2910 5047 3373 5114 concupiscentias

1806 5148 1933 5187 suas
1981 5140 2137 5196 eant,
2190 5139 2471 5201 propterea
2521 5133 2587 5187 de
2650 5133 2983 5201 prtescientia
3032 5134 3126 5190 Dei
3176 5136 3372 5194 falsum

1803 5223 2098 5290 putandum
2121 5228 2203 5274 est
2232 5235 2351 5275 esse
2379 5221 2521 5290 quod
2548 5221 2750 5274 dictum
2781 5222 2900 5276 est?
2931 5221 3118 5279 Nonne
3150 5227 3196 5280 si
3229 5226 3373 5284 Deus

1806 5316 1926 5370 illos
1968 5317 2135 5370 bonos
2183 5313 2395 5370 futuros
2433 5328 2552 5368 esse
2579 5315 2868 5384 praescivit,
2922 5317 3048 5372 boni
3095 5329 3274 5387 erunt,
3313 5321 3373 5376 in

1767 5405 2139 5477 quantalibet
2187 5419 2327 5460 nunc
2365 5404 2702 5473 malignitate
2751 5419 3071 5473 versentur;
3099 5411 3141 5465 si
3192 5417 3371 5469 autem

1759 5498 2014 5562 ‘malos‘,
2065 5498 2189 5552 mali
2245 5487 2404 5551 erunt
2426 5498 2477 5552 in
2543 5500 2872 5570 quantalibet
2935 5518 3078 5558 nunc
3135 5505 3375 5562 bonitate

1759 5605 1762 5608 '
1807 5589 2133 5647 cernantur?
2182 5588 2304 5642 Fuit
2343 5590 2560 5658 quidam
2604 5591 2656 5644 in
2689 5602 2874 5646 nostro
2910 5597 3236 5654 monasterio
3281 5600 3374 5668 qui

1757 5703 1764 5712 ·
1809 5679 2221 5752 corripientibus
2269 5679 2524 5736 fratribus
2572 5699 2670 5736 cur
2709 5685 2951 5752 quaedam
2993 5699 3097 5744 nou
3133 5686 3373 5754 facienda

1755 5801 1760 5807 ~
1795 5760 2033 5842 taceret,
2059 5783 2112 5830 et
2139 5773 2380 5828 facienda
2414 5789 2517 5828 non
2551 5775 2772 5837 faceret,
2807 5779 3164 5831 t-csoondabat
3193 5822 3202 5832 .
3233 5783 3376 5838 Ona-
