4010 6352
122 4683 128 4844 l

687 349 823 413 1799
1566 343 1572 349 ’
1697 344 1758 404 8.
1792 345 2165 406 PRUDENTII
2202 345 2591 406 TRECENSIS’
2620 347 2928 431 EPISCOPI
3727 369 3812 430 mo

685 451 968 534 liscunqiie
988 475 1133 518 nunc
1168 456 1293 526 sint,
1322 458 1441 516 talis
1477 467 1582 515 ero'
1602 460 1818 531 qualem
1858 461 1999 517 Deus
2045 478 2132 518 me
2182 461 2263 517 fu-
2289 467 2341 528 Α
2367 472 2601 518 mentem
2641 465 3029 521 recensendum
3076 468 3356 537 quemdam
3387 472 3759 547 pseudographum
3781 484 3814 536 li-

688 566 871 612 torum
923 568 1044 608 esse
1082 551 1369 622 praescivit.
1413 551 1502 620 qui
1533 551 1776 621 profecto
1815 560 1870 604 et
1901 567 2088 606 verum
2120 553 2268 608 dice-

691 649 802 704 bat.
834 647 1006 700 ethoc
1027 659 1154 699 vero
1174 660 1279 699 non
1303 641 1616 713 proﬁciebat
1641 643 1693 698 in
1719 643 1918 698 bonum
1947 661 1958 696 :
1986 645 2078 699 sed
2098 631 2270 714 usque

690 742 829 796 adeo
874 738 1103 812 profecit
1149 737 1203 792 in
1253 736 1488 800 malum;
1545 743 1624 802 ut,
1671 736 1884 792 deserta
1947 737 2270 793 monasterii

691 833 970 894 societate,
1010 829 1162 883 ﬁeret
1211 829 1357 882 canis
1406 844 1638 884 reversus
1689 827 1760 882 ad
1816 845 1970 882 suum
2019 830 2271 884 vomitum

693 925 782 997 (Il
810 921 958 978 Petr.
988 938 1051 986 ιι,
1071 922 1196 991 2|);
1231 930 1288 976 et
1321 930 1499 976 tamen
1554 921 1732 976 adhuc
1762 920 1937 990 qualis
1958 920 2030 975 sit
2059 919 2274 976 futurus

697 1018 968 1073 incertum
1011 1022 1112 1069 est.
1161 1013 1412 1084 Nunquid
1460 1028 1589 1083 ergo
1631 1021 1856 1083 propter
1902 1010 2272 1080 hujuscemodi

691 1111 934 1174 animas,
975 1124 1036 1164 ea
1074 1123 1193 1178 quae
1233 1109 1299 1164 de
1339 1109 1680 1180 praescientia
1707 1109 1802 1163 Dei
1853 1123 1980 1163 vera
2021 1109 2275 1164 dicuntur

689 1201 777 1258 vel
798 1200 1043 1272 neganda
1081 1206 1207 1254 sunt
1229 1198 1313 1255 vel
1354 1199 1600 1263 tacenda,
1633 1207 1761 1253 tunc
1801 1198 2008 1254 scilicet
2034 1197 2270 1269 quando,

693 1294 740 1350 si
773 1309 879 1349 non
923 1291 1192 1354 dicantur,
1225 1291 1278 1345 in
1320 1289 1453 1344 alios
1483 1289 1591 1343 itur
1615 1289 1887 1362 errores?]

756 1383 797 1453 -ι-
811 1383 942 1438 ltem
956 1389 1075 1452 post
1087 1380 1252 1435 multa
1275 1379 1520 1452 (August.
1533 1420 1548 1443 ,
1562 1379 1626 1434 de
1643 1379 1790 1434 Dono
1804 1395 2132 1450 persev.cap.
2150 1379 2270 1451 22):

703 1473 986 1547 [Quamvis
1033 1487 1164 1543 ergo
1209 1472 1282 1526 ita
1324 1487 1384 1528 se
1444 1471 1641 1527 habeat
1685 1472 1752 1527 de
1804 1473 2276 1541 prtedestinatione

692 1565 913 1620 deﬁnita
949 1563 1216 1620 sententia
1259 1563 1552 1620 voluntatis
1599 1563 1717 1630 Dei,
1744 1574 1805 1619 ut
1849 1565 1939 1620 alii
1974 1581 2040 1621 ex
2091 1567 2275 1622 intide-

691 1655 868 1720 litate,
899 1663 1120 1726 accepta
1149 1652 1422 1710 voluntate
1454 1652 1758 1718 obediendi,
1791 1663 2180 1710 convertantur
2208 1654 2277 1710 ad

691 1747 881 1814 ﬁdem,
903 1746 988 1803 vel
1016 1755 1366 1819 perseverent
1404 1747 1459 1802 in
1496 1745 1644 1814 ﬁde;
1677 1749 1858 1804 caeteri
1882 1764 2034 1814 vero,
2087 1749 2179 1820 qui
2221 1749 2276 1804 in

2372 556 2574 612 bellum
2608 559 2698 628 qui
2732 558 2868 614 falso
2896 559 3344 632 llypomnestieon
3370 562 3616 635 Augustini
3653 572 3816 627 inscribi-

2376 655 2484 710 tur,
2517 661 2679 716 quem
2722 664 2829 703 non
2883 665 3004 704 esse
3056 650 3347 706 beatissimi
3390 653 3633 723 Augustini
3668 661 3815 728 plurima

2375 739 2699 795 documenta
2728 750 2855 796 sunt
2881 758 2896 807 ;
2925 742 3177 798 videlicet
3200 745 3326 813 quia
3372 761 3462 801 nec
3489 762 3592 801 cum
3615 755 3816 809 caterisli-

2373 828 2488 886 bris
2525 831 2638 886 suis
2685 831 2756 886 ab
2797 832 2915 902 ipso
2966 840 3288 887 retractatus
3334 844 3431 898 est,
3480 851 3627 906 neque
3649 839 3690 892 in
3713 841 3817 897 indice

2377 937 2708 988 sermonum,
2761 921 3019 978 librorum
3047 963 3063 988 ,
3111 922 3547 995 epistolarumque
3588 927 3699 984 illius
3732 947 3751 985 ι
3784 935 3815 988 5.

2377 1011 2623 1070 Possidio
2663 1014 2935 1085 episcOpo,
2963 1014 3229 1084 discipulo
3269 1013 3403 1084 ejus,
3427 1023 3818 1078 enumeratusinre-

2377 1105 2546 1171 nitur,
2583 1121 2761 1177 neque
2803 1107 3214 1178 quibuscunque
3261 1107 3378 1178 ejus
3410 1108 3554 1164 dictis
3579 1123 3746 1167 concors
3776 1115 3816 1168 li-

2378 1195 2578 1252 cillime
2624 1198 3026 1268 comprobatur.
3079 1197 3200 1268 Ipsa
3255 1212 3458 1269 quoque
3501 1199 3703 1270 loquendi
3739 1202 3818 1257 facie

2377 1287 2622 1357 quisquis
2649 1288 2783 1342 tanti
2817 1287 2996 1344 Patris
3028 1289 3226 1345 litteris
3249 1288 3364 1362 jugi
3403 1291 3693 1347 meditatione
3711 1297 3818 1362 pssu-

2378 1385 2468 1433 tur
2491 1386 2547 1434 et
2572 1376 2928 1434 delectatione
2978 1379 3242 1446 nutritur,
3267 1379 3512 1450 perfacile
3553 1381 3724 1436 alterius
3750 1400 3818 1438 esse

2377 1469 2694 1540 perpendit;
2745 1471 2860 1540 qui,
2914 1470 3040 1527 licet
3087 1471 3244 1543 juxta
3301 1473 3439 1542 quod
3487 1473 3583 1544 ipse
3618 1473 3816 1536 conﬁtetur.

2377 1560 2722 1630 proﬁcientcr
2748 1562 3047 1632 scripserit,
3089 1571 3145 1619 et
3185 1571 3337 1620 tanto
3373 1565 3544 1636 gratia:
3570 1565 3644 1618 Dei
3679 1581 3817 1619 munere

2379 1649 2609 1708 donatus
2645 1653 2716 1707 sit
2747 1663 2806 1707 tit
2832 1653 3092 1709 librorum
3141 1670 3364 1710 suorum
3407 1666 3590 1726 partem
3632 1657 3817 1710 maxima

2381 1749 2719 1808 retracturet,
2744 1742 3076 1814 perindeque
3104 1759 3389 1815 perperam
3441 1745 3568 1799 dicta
3611 1745 3817 1815 corrigeret

692 1847 1050 1909 peccatorum
1081 1837 1470 1893 damnabilium
1515 1836 1869 1894 delectatione
1914 1849 2274 1905 remorantur,
2306 1823 2353 1884 Β
2381 1845 2655 1901 nunquam
2691 1831 2746 1886 in
2771 1847 2874 1912 una
2900 1833 3200 1902 eademque
3227 1848 3306 1898 re,
3331 1833 3486 1888 tantis
3514 1832 3715 1886 librorum
3752 1848 3818 1885 ser-

695 1930 736 1986 ti
767 1937 823 1985 et
861 1930 962 2002 ipsi
1004 1928 1374 2000 praedestinati
1431 1935 1582 1995 sunt,
1629 1927 1752 1985 ideo
1803 1929 2040 1984 nondum
2095 1945 2279 1985 surre-

689 2029 888 2077 xerunt
935 2020 1061 2090 quia
1111 2019 1348 2074 nondum
1389 2034 1484 2074 eos
1513 2016 1837 2088 adiutorium
1879 2019 2068 2091 gratiae
2115 2021 2278 2076 mise-

692 2111 867 2168 rantis
898 2110 1093 2166 erexit.
1119 2108 1178 2164 Si
1202 2109 1294 2180 qui
1321 2109 1465 2165 enim
1493 2110 1730 2165 nondum
1755 2119 1884 2165 sunt
1915 2109 2110 2176 vocati,
2139 2125 2276 2180 quos

687 2203 861 2275 gratia
877 2217 972 2257 sua
989 2199 1397 2272 praedestinavit
1418 2199 1718 2271 eligendos.
1738 2200 2005 2271 accipient
2025 2203 2274 2257 eamdem

691 2295 940 2368 gratiam,
999 2309 1104 2364 qua
1162 2292 1319 2348 electi
1369 2305 1490 2348 esse
1533 2293 1738 2360 velint,
1786 2302 1841 2348 et
1886 2294 2028 2360 sint;
2078 2294 2124 2349 si
2179 2295 2272 2365 qui

691 2393 869 2442 autem
916 2384 1198 2451 obediunt,
1256 2385 1351 2440 sed
1396 2384 1449 2439 in
1499 2399 1724 2456 regnum
1772 2385 1890 2456 ejus
1938 2395 1994 2441 et
2047 2386 2272 2458 gloriam

689 2477 1056 2550 praedestinati
1088 2491 1195 2532 non
1233 2485 1378 2542 sunt,
1409 2477 1731 2548 temporales
1753 2489 1901 2544 sunt,
1949 2493 2048 2534 nec
2098 2493 2271 2549 usque

689 2581 746 2623 tu
763 2567 927 2624 ﬁnem
956 2567 1010 2622 in
1045 2567 1234 2623 eadem
1267 2565 1574 2623 obedientia
1617 2571 2030 2639 permanebunt.
2067 2570 2270 2638 Quam-

687 2657 766 2714 vis
794 2669 925 2730 ergo
950 2658 1067 2713 lucc
1093 2671 1222 2713 vera
1265 2657 1397 2724 sint,
1440 2673 1547 2714 non
1595 2667 1773 2714 tamen
1823 2661 1927 2717 isto
1973 2664 2136 2718 modo
2182 2663 2268 2719 di-

685 2749 854 2806 cenda
899 2757 1024 2804 sunt
1071 2747 1418 2804 audientibus
1458 2747 1641 2804 multis
1688 2759 1746 2802 ut
1790 2764 1970 2806 sermo
2011 2752 2078 2806 ad
2121 2751 2305 2823 ipsos'

691 2840 847 2898 :tiam
899 2848 1286 2906 convertatur,
1339 2838 1530 2909 eisque
1599 2837 1851 2894 dicantur
1898 2841 1984 2896 illa
2038 2841 2265 2897 istorum

685 2934 850 2990 verba
880 2949 1003 3003 qua:
1023 2931 1220 2988 vestris
1248 2929 1449 2986 litteris
1475 2929 1765 2996 indidistis,
1791 2938 1846 2985 et
1871 2946 1991 3002 qua:
2017 2932 2266 3002 superius

685 3029 1033 3104 interposui.]

755 3123 794 3193 τ
817 3121 886 3176 Et
923 3129 1119 3176 caetera
1155 3133 1276 3190 qua:
1327 3117 1396 3174 de
1441 3115 1600 3172 modo
1641 3115 1999 3188 praedicandam:
2057 3115 2262 3186 praede-

2378 1935 2704 1991 menumque
2734 1937 2952 1976 suorum
2975 1921 3210 1993 speculis
3238 1921 3425 1988 indita,
3467 1937 3561 1976 uno
3595 1921 3818 1975 solummodo

2377 2009 2558 2067 libello
2595 2013 2732 2067 adeo
2769 2013 3072 2069 contrarius
3095 2014 3411 2080 exstitisset,
3450 2014 3532 2084 qui
3558 2022 3636 2078 tot,
3671 2022 3713 2067 ut
3743 2014 3816 2074 dixi,

2379 2102 2638 2158 librorum
2661 2118 3078 2175 sermonumque
3103 2105 3252 2161 illius
3275 2105 3651 2178 magnitudinem
3664 2119 3730 2158 sua
3742 2119 3815 2157 eoa-

2377 2195 2654 2250 trarietate
2702 2195 2966 2262 fuscaret;
3028 2197 3156 2262 imo,
3224 2197 3366 2252 inter
3415 2196 3733 2252 retractandum
3764 2210 3816 2247 sua

2378 2285 2659 2356 opuscula,
2691 2286 2820 2341 illud
2865 2287 3087 2343 minime
3115 2287 3458 2359 praeterisset,
3514 2285 3620 2356 quin
3665 2286 3815 2339 censoria

2383 2376 2693 2441 severitate,
2721 2375 3138 2446 Christianaque
3163 2377 3464 2432 humilitate
3504 2384 3554 2430 et
3596 2381 3762 2428 notasset
3787 2381 3816 2425 et

2377 2470 2723 2525 correxisset.
2755 2469 2890 2524 Nam
2905 2479 2961 2524 et
2985 2470 3040 2524 iu
3069 2469 3208 2526 libro
3237 2468 3599 2536 Quzestiouum,
3633 2464 3815 2518 voluminis

2372 2561 2514 2633 quod
2541 2561 2788 2616 Judicum
2816 2562 3116 2616 vocitamus
3155 2575 3283 2615 cum
3323 2573 3532 2629 quaeque
3577 2555 3740 2627 ﬁgurata
3769 2553 3813 2604 rel

2369 2652 2599 2708 obscura
2624 2652 2959 2714 dissolveret,
2993 2653 3089 2717 ita,
3117 2651 3264 2707 sicut
3287 2660 3342 2706 et
3366 2665 3514 2720 supra
3547 2643 3812 2719 posuimus,de

2369 2744 2555 2799 eadem
2584 2743 3053 2814 przedestinatione
3085 2741 3301 2797 locutus
3327 2749 3428 2804 est,
3477 2740 3585 2794 dum
3626 2735 3806 2791 historian

2369 2833 2676 2905 factumque
2695 2832 2887 2904 Jephte
2903 2833 3100 2904 judicis
3115 2818 3486 2903 pertractaret.

2437 2947 2768 3018 Augustinus
2787 2946 3169 3017 (Quaestionum
3199 2945 3260 2999 in
3291 2943 3492 3014 Heptat.
3517 2937 3809 3008 lili.'vu,q.i9).

2369 3039 2556 3112 [Quod
2587 3053 2736 3104 vero,
2767 3039 2959 3108 inquit,
2983 3046 3170 3093 contra
3199 3036 3342 3092 ﬁlios
3375 3036 3581 3090 Ammon
3615 3033 3692 3087 diu
3725 3045 3810 3098 que-

2368 3131 2590 3186 rebatur
2606 3128 2799 3201 Jepbte
2827 3128 3025 3200 (Judic.
3050 3143 3128 3193 ιιι,
3149 3127 3233 3196 8),
3259 3126 3450 3198 quibus
3472 3124 3604 3180 victis
3625 3123 3808 3176 liberaren-

686 3211 994 3270 stinationis
1029 3210 1368 3280 exsequitur.
1399 3208 1468 3264 Et
1491 3224 1704 3264 rursum
1738 3208 1792 3262 in
1835 3223 1922 3276 eo,
1958 3206 2102 3278 quod
2141 3215 2267 3262 ante
2294 3212 2340 3278 ο
2373 3231 2480 3287 (ur,
2504 3221 2594 3291 qui
2619 3235 2684 3276 ευ
2713 3221 2848 3276 duce
2871 3220 3132 3275 adversus
3182 3219 3310 3274 ίιιοε
3362 3216 3546 3272 bellare
3589 3211 3806 3283 cupidum:

687 3301 852 3358 ﬁnem
897 3301 1018 3356 libri
1048 3298 1288 3368 ejusdem
1317 3315 1441 3354 eum
1468 3300 1714 3370 posuisse
1749 3299 1936 3356 dixisti
1981 3302 2125 3371 (cap.
2170 3299 2258 3366 14,

687 3411 836 3452 num.
867 3393 900 3448 6
941 3401 1074 3448 sect.
1111 3391 1206 3462 ὅ).
1249 3390 1509 3465 [Nullum
1534 3398 1619 3446 est
1667 3391 1967 3463 (inquam)
2005 3391 2268 3448 illustrius

687 3483 1181 3558 praedestinationis
1225 3480 1532 3552 exemplum
1574 3496 1738 3552 quam
1793 3481 1908 3552 ipse
1965 3480 2227 3536 Mediator
2251 3522 2267 3548 ,

690 3579 945 3654 quisquis
974 3577 1150 3634 ﬁdelis
1177 3577 1294 3632 vult
1333 3591 1455 3631 eam
1491 3575 1630 3631 bene
1673 3573 1992 3646 intelligere,
2031 3574 2272 3629 attendat

688 3674 866 3744 ipsum
897 3680 1061 3742 atque
1094 3670 1150 3725 in
1179 3669 1271 3724 illo
1296 3667 1530 3724 inveniet
1561 3675 1615 3722 et
1651 3667 1886 3738 seipsum
1911 3665 2186 3738 (August.,
2208 3666 2272 3720 de

687 3767 842 3822 Dono
874 3781 1072 3836 ρετ-εσυ.
1102 3779 1222 3834 cap.
1248 3761 1442 3836 ult.).]
1479 3762 1750 3832 Quidquid
1798 3761 1883 3817 vel
1925 3761 2096 3817 multo
2145 3769 2271 3816 ante

688 3859 830 3913 hanc
868 3855 1270 3920 sententiolam,
1315 3853 1402 3909 vel
1447 3862 1570 3925 post
1597 3868 1769 3923 usque
1811 3852 1866 3907 in
1922 3851 2087 3908 ﬁnem
2145 3851 2271 3907 libri

691 3950 904 4006 locutus
938 3953 1042 4013 est,
1083 3961 1306 4018 prorsus
1333 3945 1399 4001 de
1442 3955 1754 4000 sanctorum
1794 3943 2272 4015 praedestinatione

691 4038 1064 4097 tantummodo
1088 4037 1350 4100 locutum,
1379 4036 1625 4106 quisquis
1670 4035 1790 4106 pius
1843 4035 2155 4091 intellector
2185 4049 2273 4090 ac-

693 4133 852 4198 cedit,
887 4132 1093 4202 absque
1140 4129 1391 4200 scrupulo
1435 4128 1726 4184 dubietatis
1771 4128 2035 4198 agnoscit.
2066 4127 2146 4181 Ac
2175 4141 2274 4196 per

695 4239 798 4280 uoc
860 4222 1066 4278 nullum
1121 4228 1226 4276 tute
1273 4217 1559 4275 assertioni
1613 4216 1980 4287 adjumentum
2027 4215 2274 4273 conferre

696 4314 974 4387 probatur,
1000 4311 1154 4383 quasi
1181 4310 1353 4367 solam
1385 4318 1697 4364 sanctorum
1741 4307 2274 4378 przedestinationem

2371 3311 2627 3383 quoniam
2653 3311 3044 3381 interpretatur
3070 3309 3311 3364 Ammon
3337 3307 3473 3362 ﬁlius
3491 3303 3640 3376 populi
3658 3301 3742 3360 mei,
3758 3311 3807 3350 seu

2371 3404 2599 3476 populus
2642 3405 2911 3467 maeroris,
2963 3401 3209 3474 profecto
3235 3401 3313 3456 illi
3336 3398 3661 3472 signiﬁcantur
3676 3389 3807 3450 inimici,

2371 3495 2464 3564 qui
2491 3509 2556 3548 ex
2591 3493 2705 3564 ipsa
2728 3501 2888 3564 gente
2914 3499 3328 3563 perseverantes
3355 3490 3410 3544 in
3456 3485 3709 3542 inﬁdelitate
3733 3492 3806 3564 prtf

2373 3563 2499 3640 dicti
2528 3563 2684 3650 sunt;
2707 3563 2800 3637 aut
2825 3582 3043 3637 omnino
3068 3595 3261 3636 omnes
3311 3581 3552 3652 gehennzr
3588 3563 3806 3646 [αιηραωδξ

2374 3672 2760 3743 ριωάεειίιιιιιί,
2815 3671 2916 3727 Ubi
2967 3671 3063 3730 erit
3113 3671 3194 3726 eis
3234 3673 3388 3742 fletus
3411 3679 3455 3724 et
3497 3666 3656 3721 stridor
3673 3661 3806 3714 datin

2377 3763 2590 3835 (Matth.
2619 3779 2748 3829 xxv,
2770 3762 2851 3836 5),
2901 3771 3156 3833 tanquam
3192 3761 3394 3833 popqu
3447 3756 3672 3814 maeroris.
3707 3750 3810 3816 QN-

2376 3870 2538 3925 quam
2561 3855 2789 3926 p0pulus
2817 3854 3066 3909 maeroris
3091 3854 3259 3909 etiam
3287 3851 3520 3908 diabolus
3542 3858 3588 3905 et
3605 3845 3731 3916 angeli
3745 3839 3807 3906 ei”

2377 3963 2483 4004 non
2504 3949 2947 4006 inconvenienter
2967 3944 3357 4017 intelliguntur,
3386 3945 3493 3999 sive
3510 3940 3618 4012 quia
3651 3941 3807 3990 sternam

2377 4043 2652 4100 miseriam
2680 4043 2761 4098 eis
2781 4057 2918 4112 quos
2943 4041 3235 4112 decipiunt,
3258 4037 3562 4112 acquirunt;
3589 4032 3675 4088 sive
3694 4026 3808 4112 quiut

2378 4136 2480 4207 ipsi
2509 4145 2726 4191 aeternae
2752 4110 2984 4191 miseria:
3016 4110 3256 4208 deputati
3280 4110 3420 4187 sunt.
3449 4129 3469 4202 ]
3525 4127 3559 4198 ἰ’
3585 4123 3703 4179 Vides
3733 4110 3809 4186 ιιιιοδ

2379 4237 2434 4284 et
2462 4227 2710 4284 homines
2736 4235 2792 4283 et
2814 4225 3084 4283 diabolum
3111 4207 3238 4282 cum
3267 4224 3468 4296 angelis
3501 4221 3598 4277 suis
3638 4207 3808 4286 ρηάθθιί·

2379 4329 2536 4375 natos
2561 4328 2614 4374 et
2646 4320 2926 4390 deputatas
2955 4319 3213 4389 gehennae
3263 4327 3565 4385 aeternusque
3583 4301 3810 4366 miseriam

696 4404 1027 4478 probaverit,
1063 4401 1436 4470 malorumque
1475 4399 1794 4470 negaverit;
1841 4399 1925 4454 bis
1963 4400 2038 4453 ita
2081 4413 2140 4454 se
2182 4399 2275 4452 ha—
2379 4409 2774 4474 ceaheian‘ers
2809 4409 3290 4466 contradiciorium
3339 4407 3438 4473 sui,
3483 4403 3606 4475 quod
3643 4404 3809 4463 nunquam

695 4495 948 4552 Dentibus
971 4534 987 4560 ο
1038 4492 1263 4548 divertis
1314 4490 1380 4545 ad
1428 4499 1615 4560 θρθτιθ
1668 4489 1949 4545 mendae“
1971 4529 1986 4555 ν
2027 4498 2083 4544 ει
2118 4488 2274 4560 Pollis
2305 4561 2347 4570 _
2380 4501 2536 4566 dixit,
2560 4515 2830 4569 nunquam
2855 4499 3205 4570 scripsit:sed
3220 4507 3276 4553 et
3291 4498 3392 4552 hoc
3406 4478 3809 4557 notandumquottiio

694 4585 1022 4644 sententiam
1051 4583 1269 4640 nomine
1287 4579 1570 4652 Augustini
1600 4595 1705 4650 qua
1733 4581 2112 4636 ostenderetur
2130 4582 2273 4651 quod
2302 4561 2356 4624 Β
2381 4561 2848 4646 secundum-mam
2891 4561 3162 4642 ῆοίίοηεω
3194 4586 3420 4659 ﬁgurate
3457 4580 3646 4649 intelligi
3668 4574 3810 4659 deleret.

695 4680 838 4736 Deus
884 4675 1157 4732 neminem
1205 4671 1643 4744 praedestinasset
1671 4669 1738 4725 ad
1772 4685 2009 4740 poenam,
2054 4685 2274 4741 poenam
2380 4678 2600 4735 omnino
2622 4677 2677 4732 in
2703 4675 3038 4746 expositione
3069 4653 3421 4746 quaestionum
3435 4653 3811 4742 etﬁgunmmnullo

695 4783 826 4825 vero
853 4771 1234 4840 praeparasset,
1283 4763 1387 4818 hoc
1433 4769 1519 4817 est
1565 4760 2035 4831 praedestinasset,
2084 4762 2278 4817 merito
2382 4770 2545 4826 modo
2571 4769 2795 4838 ηευηιο
2823 4767 2969 4839 loqui
3001 4767 3306 4839 delegisset,
3334 4765 3422 4821 ubi
3445 4770 3608 4835 apem
3632 4754 3811 4813 ειίιωηοι

699 4860 1043 4918 damnandis.
1094 4856 1195 4914 Ubi
1230 4854 1407 4926 primo
1449 4853 1744 4908 notandum
1773 4853 1930 4908 video
1978 4862 2178 4924 quanta
2224 4861 2279 4909 te
2385 4858 2726 4925 dissolveret,
2741 4857 3060 4930 sedligaret.
3089 4841 3812 4922 PradestinasseigiturJocﬁ‘

697 4957 875 5027 ipsum
897 4949 1254 5024 repugnantia
1283 4947 1552 5002 dictorum
1594 4954 1808 4999 tuorum
1844 4943 2135 4999 ludibrium
2177 4961 2277 5000 au-
2387 4951 2719 5021 disposuisse
2733 4949 3069 5021 eijudicasse
3101 4949 3269 5004 Deum
3284 4955 3575 5020 ρεοωιοηε
3591 4930 3812 5027 supplic-ibti

706 5025 971 5109 ίίθηῑῖδυε
988 5056 1249 5113 exponas»
1278 5038 1370 5109 (ιιιί
1393 5052 1516 5093 cum
1555 5036 1707 5107 Ρτίυδ
1733 5048 1922 5105 IN”nas
1951 5050 1982 5090 ³
2009 5035 2122 5091 Deo
2144 5050 2280 5106 PFG-‘-
2383 5041 2645 5113 supplicia
2683 5040 3078 5112 peccatoribus,
3132 5046 3245 5094 tum
3286 5035 3575 5096 auctoritas,
3620 5025 3812 5113 tutnut‘tl’t0

699 5140 886 5204 scitas,
914 5108 1324 5207 praedestinatas
1359 5129 1440 5186 vel
1474 5136 1804 5199 praeparatas
1833 5128 2137 5196 negaveris,
2161 5128 2278 5198 jam
2383 5108 2700 5204 persuadet,
2722 5129 2975 5202 quoniam
2995 5130 3175 5201 justus
3199 5129 3453 5184 Dominus
3463 5120 3661 5195 justiﬁes
3692 5108 3811 5164 άὶιαίίι

701 5228 1076 5288 asseverandis
1103 5234 1265 5296 atque
1292 5220 1682 5280 conﬁrmandis
1712 5219 2106 5275 sententiarum
2129 5221 2281 5277 testi-
2384 5225 2682 5295 aequitatem
2709 5222 2834 5277 uidit
2865 5223 3037 5278 vultus
3063 5223 3196 5293 ejus.
3220 5220 3320 5289 Qui
3344 5226 3642 5290 nequaquam
3658 5209 3811 5262 κλωπ·

713 5323 909 5381 Ιιιοηίὶε
935 5320 1148 5376 munire
1166 5317 1450 5374 adoriaris-
2385 5319 2553 5374 trario
2602 5317 2742 5374 idem
2781 5317 3101 5374 vocabulum
3152 5317 3392 5388 posuisse
3433 5308 3698 5367 manifestat,

777 5414 911 5471 Dein
954 5408 1219 5468 sententia
1243 5421 1349 5478 qua
1385 5406 1440 5461 id
1466 5405 1723 5461 roborare
1757 5402 1910 5458 nisus
1932 5416 1994 5459 es
2020 5406 2164 5474 (cap.
2191 5402 2279 5469 lt,

2227 5403 2279 5469 ι,
2387 5422 2663 5480 exponens
2682 5407 2845 5463 verba
2869 5407 3081 5463 Domini
3104 5387 3359 5463 dicentis:
3379 5403 3520 5458 Nunc
3531 5387 3810 5480 princepset”

709 5523 856 5568 num.
890 5506 945 5571 7,
972 5510 1104 5561 sect.
1132 5499 1214 5572 ι),
1255 5473 1362 5556 non
1397 5506 1481 5556 est
1527 5496 1830 5570 Augustini,
1884 5510 2060 5569 neque
2083 5473 2150 5554 ex
2176 5495 2285 5554 ullo
2387 5473 2572 5554 mundi
2601 5498 2878 5570 judicatus
2905 5509 3000 5565 est,
3031 5498 3160 5570 quid
3189 5498 3243 5553 in
3263 5493 3481 5566 judicati
3506 5473 3811 5572 vocabulo-ddi“

708 5567 993 5660 librorum,
1040 5567 1409 5664 epistolarum,
1458 5567 1837 5646 sermonumve
1880 5567 2052 5660 ipsius
2100 5602 2288 5645 excer-
2391 5600 2475 5647 ret
2496 5567 2668 5663 accipi
2687 5591 3027 5663 explanando
3043 5567 3524 5660 subjecit(Aug.,in
3537 5567 3810 5670 Evaﬂtl°_1"f:'_’

710 5692 832 5754 pro;
870 5684 938 5739 do
961 5655 1219 5754 qua'cum
1246 5655 1447 5749 anceps
1475 5678 1678 5734 diutius
1704 5655 2035 5743 limitarem,
2064 5677 2286 5733 ubinam
2389 5684 2533 5738 hom.
2564 5655 2655 5756 95)
2690 5702 2704 5738 :
2737 5655 2962 5758 [iltique
3003 5655 3273 5755 judicatus
3294 5655 3301 5657 ﬁ
3323 5687 3397 5734 ια
3413 5695 3432 5743 ἰ
3460 5670 3667 5758 (ﬁmum

710 5749 998 5853 dictorum-
1026 5772 1143 5870 ejus
1194 5772 1419 5861 reperiri
1465 5779 1686 5841 posset,
1742 5780 1964 5844 repente
2013 5772 2177 5829 subiit
2229 5773 2286 5830 in
2390 5774 2532 5846 ignis
2550 5749 3186 5834 aeterni-irrevocabiliter
3220 5770 3498 5830 destinatus
3526 5749 3809 5824 cst-1’5"".
