4010 6352
102 352 218 408 1201

916 347 1006 408 DE
1039 347 1716 410 PREDESTINATIONE
1749 349 2029 415 CONTRA
2065 355 2118 417 1.
2157 349 2456 418 SCOTUM.

3187 362 3328 422 1203

101 473 226 540 Quos
253 467 431 525 dedisti
454 463 585 522 mihi
611 466 888 534 custodiri,
927 477 974 522 et
1005 484 1154 523 nemo
1176 484 1242 523 ea:
1268 469 1342 522 eis
1365 469 1518 540 periit
1547 469 1650 524 nisi
1671 470 1728 531 Α
1749 487 1971 532 auream
2000 475 2192 533 edictis
2235 479 2400 550 regiis
2436 476 2648 535 censuit
2683 475 3040 545 adoranaam,
3081 481 3320 551 interpoe

101 563 224 631 ﬁlius
265 558 580 630 perditionis.
633 556 808 614 Filius
836 559 1144 630 perditionis
1191 559 1368 615 dictus
1396 568 1482 616 est
1535 568 1646 616 tra-

101 657 222 712 ditor
251 653 459 718 Christi,
495 651 780 723 perditioni
823 652 1284 727 praede‘stinatus.]

156 749 193 818 -ε-
221 746 336 815 Qure
363 745 430 812 si,
465 753 525 799 ut
573 743 791 815 desipis,
825 759 854 798 a
882 743 1154 799 contrario
1206 743 1368 800 vellet
1401 745 1647 818 intelligi,

101 837 312 912 profecto
352 852 455 893 non
518 835 751 892 obscura
785 835 995 906 populis
1041 835 1298 906 aperiret,
1345 837 1438 892 sed
1487 853 1649 909 aper-

101 941 140 986 ta
181 929 369 1003 magnis
403 927 826 984 obscuritatibus
874 927 1180 983 innodaret.
1236 927 1430 984 Mirum
1483 930 1648 986 etiam

101 1023 229 1080 valde
265 1031 342 1078 est
383 1021 526 1093 quod
575 1035 644 1077 ex
701 1020 880 1076 Patris
927 1018 1211 1092 Augustini
1266 1021 1428 1078 dictis
1477 1022 1646 1080 Deum

101 1118 151 1171 td
205 1128 407 1186 pennam
463 1113 609 1169 nullo
670 1111 829 1168 modo
885 1121 1176 1182 peccantes
1231 1113 1648 1184 praedestinasse

101 1210 245 1276 licis;
291 1209 378 1266 sed
423 1209 537 1265 suis
601 1208 811 1265 meritis
877 1208 1136 1280 supplicia
1197 1210 1461 1282 condigna
1508 1227 1648 1283 pra:-

101 1301 325 1356 Iestinata
370 1301 451 1356 eis
509 1299 578 1356 ab
631 1315 696 1356 eo
757 1315 896 1356 esse.
935 1301 1088 1368 Quod
1137 1317 1260 1358 cum
1312 1303 1645 1360 creberrime

101 1392 300 1460 lixeris,
342 1400 401 1448 ut
443 1402 620 1448 tamen
649 1392 936 1450 veritatem
975 1393 1470 1464 praedestinationis
1509 1396 1643 1452 abo-

101 1499 200 1547 eas,
233 1483 331 1539 alio
357 1484 609 1550 verteris,
638 1493 693 1539 et
719 1499 863 1540 nunc
893 1485 1018 1550 isto,
1045 1501 1188 1541 nunc
1217 1485 1309 1542 illo
1339 1487 1497 1543 modo
1521 1502 1645 1543 sen-

101 1575 248 1631 iendo
275 1575 536 1630 divaricas
560 1592 574 1640 ;
615 1575 691 1630 ita
724 1583 783 1631 ut
808 1591 928 1647 quae
957 1577 1108 1647 prius
1135 1586 1470 1645 astruxeras,
1493 1576 1641 1650 post-

101 1669 280 1724 nodmn
303 1683 499 1740 negare
529 1669 848 1735 contendas,
871 1669 1326 1739 quemadmodum
1356 1671 1639 1741 sequentia

101 1757 199 1812 atis
237 1757 568 1814 indicabunt.
617 1757 772 1826 Quod
820 1766 1002 1814 autem
1051 1759 1414 1814 humanarum
1459 1759 1637 1832 legum

1748 567 1852 622 sita
1887 555 2052 638 paena
2093 569 2526 628 inobedientibus
2559 568 2798 628 fornacis
2839 571 3118 628 ardentis?
3147 571 3323 642 (Dan.

1748 673 1832 724 ιιι,
1859 658 1941 732 5.)
1982 659 2097 716 Hoc
2122 661 2297 732 ipsum
2323 663 2577 720 statuisse
2596 663 2812 730 Darius,
2827 661 3106 719 Medorum
3136 662 3329 720 Persa-

1750 766 1979 823 rumque
2006 753 2234 810 ducibus
2277 765 2537 820 aretatus,
2584 754 2820 828 legitur:
2859 756 3002 813 unde
3037 765 3094 812 et
3138 754 3328 811 Daniel

1749 843 2013 914 propheta
2041 843 2432 902 malitiosorum
2478 845 2712 902 factione
2747 845 2992 901 leonibus
3017 846 3326 917 exponitur,

1750 933 1845 988 sed
1867 931 1964 988 Dei
1993 935 2108 990 veri
2136 936 2378 1007 potentia
2415 936 2737 992 mirabiliter
2763 936 3024 992 liberatur
3049 935 3220 1008 (Dan.
3252 953 3328 1002 vl,

1751 1021 1842 1088 16,
1871 1023 1982 1096 22).
2013 1023 2190 1082 JElius
2209 1026 2480 1084 Adrianus
2509 1036 2658 1083 tanta
2688 1028 2946 1084 catamito
2969 1043 3068 1084 suo
3095 1027 3332 1084 Antinoo

1750 1114 2082 1185 turpitudine
2108 1117 2354 1184 adhaesit,
2393 1127 2451 1174 ut
2490 1119 2540 1175 ei
2588 1129 2802 1177 mortuo
2839 1121 3121 1192 templum,
3150 1135 3334 1190 sacer-

1747 1204 1905 1262 dotes
1943 1214 2000 1260 et
2044 1223 2198 1262 sacra
2239 1209 2401 1263 etiam
2433 1209 2642 1282 legibus
2676 1210 2931 1266 sanciret.
2973 1211 3111 1279 Quid
3141 1211 3330 1267 Antio-

1745 1294 1925 1351 chus?
1961 1294 2149 1352 Nonne
2172 1312 2270 1368 pro
2297 1299 2577 1356 abolendis
2598 1301 2693 1356 Dei
2719 1303 2832 1357 veri
2853 1302 3026 1358 sacris
3045 1311 3100 1358 et
3128 1302 3332 1372 legibus

1743 1401 1851 1442 non
1879 1387 2052 1444 solum
2087 1389 2303 1446 decreta
2331 1391 2522 1456 edidit,
2551 1408 2738 1448 verum
2769 1394 2932 1449 etiam
2962 1393 3322 1457 calamitates,

1743 1481 2147 1549 persecutiones
2171 1489 2226 1537 et
2265 1493 2470 1538 mortes
2492 1483 2588 1539 Dei
2617 1483 2915 1540 cultoribus
2956 1484 3200 1542 invexit?
3231 1485 3292 1557 (1
3300 1485 3328 1538 Ι

1746 1567 1926 1624 Much.
1957 1587 2008 1626 vl
2029 1613 2044 1637 ,
2078 1572 2230 1644 etc.).
2262 1572 2453 1630 Omnis
2481 1573 2677 1629 divinae
2702 1574 2836 1647 legis
2873 1590 3100 1632 censura
3138 1591 3332 1632 usuras

1741 1667 1976 1726 resecat,
2015 1660 2085 1717 ab
2115 1662 2296 1718 usuris
2332 1663 2616 1734 prohibet,
2661 1677 2956 1736 earumque
3001 1666 3331 1737 appetitores

1743 1751 1966 1808 damnat
1995 1753 2174 1825 (Deut.
2223 1771 2391 1823 χχιιι,
2423 1756 2520 1824 19,
2552 1757 2686 1830 20):
2737 1757 2818 1812 lex
2869 1768 3050 1813 autem
3100 1757 3329 1814 Romani

101 1846 362 1918 onjectura
407 1849 491 1906 vis
534 1849 835 1921 approbare
859 1891 874 1915 ,
905 1849 1215 1906 nullatenus
1241 1850 1489 1906 homines
1517 1865 1643 1921 sup-
1670 1837 1880 1912 Bjuris
1907 1859 2095 1900 earum
2141 1845 2288 1902 lucra
2335 1848 2500 1904 certis
2537 1848 2702 1902 etiam
2747 1848 3170 1904 dimensionihus
3213 1850 3332 1905 exi-

106 1942 236 1999 liciis
281 1942 609 2008 destinatos,
657 1942 752 1998 sed
795 1942 1102 2013 peccaturis
1129 1957 1321 2014 pinnas
1348 1941 1636 1998 definitas:

107 2035 166 2090 isi
201 2051 365 2092 caecus
405 2051 574 2102 esses,
607 2034 852 2106 profecto
885 2035 1114 2091 vidisses
1159 2034 1409 2090 homines
1434 2033 1641 2105 legibus

102 2126 280 2182 I‘dicari
307 2137 466 2198 atque
503 2127 771 2194 damnari,
811 2135 870 2182 ut
911 2128 1089 2198 poenis
1133 2127 1326 2198 cuique
1357 2127 1641 2199 condignis

102 2227 339 2274 itereant.
365 2218 502 2287 Quid
533 2220 678 2274 enim
711 2220 892 2290 agitur
915 2227 996 2276 tot
1025 2228 1338 2276 senatorum
1369 2218 1641 2287 judicum-

101 2328 162 2368 ne
189 2312 448 2379 conciliis,
479 2313 583 2368 nisi
607 2322 667 2368 ut
693 2313 971 2369 discussus
1011 2322 1174 2383 atque
1201 2312 1485 2368 convictus
1513 2325 1640 2381 pec-

102 2418 208 2462 IlO!‘
236 2406 423 2462 debitae
452 2419 629 2476 poenae
657 2416 975 2462 cunctorum
997 2405 1202 2476 judicio
1232 2405 1536 2461 destinatus
1574 2419 1640 2460 ac

101 2497 318 2552 ndicatus
360 2497 686 2552 addicatur?
721 2497 876 2566 prius
915 2497 1114 2567 quippe
1152 2495 1426 2567 iudicatur
1454 2510 1518 2550 ac
1545 2495 1640 2550 de-

107 2590 508 2645 inatnr'merito
552 2587 850 2658 supplicio,
881 2603 946 2643 ac
977 2587 1317 2658 postmodum
1362 2585 1635 2658 plectitur.

101 2698 128 2736 a
161 2697 290 2738 sane
314 2682 469 2739 dicis.

611 2809 838 2852 JOANNES
864 2807 1084 2851 SCOTUS.

124 2905 278 2980 (Cap.
314 2907 401 2974 14,
433 2922 582 2962 ιιιιιιι.
612 2907 666 2973 9,
695 2916 826 2964 sect.
859 2906 939 2979 5.)
987 2917 1028 2964 Θ
1079 2905 1247 2961 Nulla
1275 2907 1414 2962 enim
1443 2916 1639 2980 tempo-

101 2998 188 3054 zlia
203 2999 331 3070 jura
357 2999 622 3056 hominem
651 3000 908 3070 deﬁniunt
938 3002 1007 3054 ad
1033 2999 1376 3072 peccandum.

676 3127 995 3169 CORRECTIO.

1741 1937 1911 2010 genda
1937 1938 2114 1994 sancit
2136 1951 2185 1994 ι.
2215 1939 2626 1996 Valentinianus
2654 1942 2841 2006 etiam,
2866 1940 3206 1996 Christianus
3227 1941 3330 1997 im-

1739 2037 1984 2099 perator,
2025 2029 2248 2086 libidine
2286 2039 2604 2102 superatus,
2643 2031 2810 2102 priori
2855 2031 3068 2103 conjngi
3099 2032 3329 2088 alteram

1739 2121 2190 2192 superinducens,
2218 2123 2392 2195 legem
2423 2125 2738 2190 constituit,
2775 2140 3152 2194 quemcunque
3178 2125 3330 2179 viro-

1739 2228 1859 2268 rum
1882 2212 2088 2268 duabus
2103 2229 2202 2285 pro
2222 2214 2376 2270 libitu
2401 2216 2603 2287 pariter
2625 2217 2700 2272 uti
2726 2215 3044 2287 conjugibus
3059 2216 3327 2287 (Socratis

1739 2303 1883 2359 Hist.
1908 2321 1963 2360 IV
2005 2321 2128 2376 cap.
2154 2306 2266 2380 26).
2292 2306 2422 2374 Quae
2446 2323 2569 2363 cum
2594 2317 2741 2363 tanta
2769 2309 2878 2362 sint
2901 2317 2955 2362 et
2980 2319 3088 2363 tam
3112 2307 3332 2362 eviden-

1741 2395 1834 2459 tia,
1870 2405 1931 2450 ut
1957 2411 1986 2450 a
2015 2411 2099 2451 me
2125 2397 2209 2452 vel
2233 2397 2504 2467 superfluo
2530 2397 2875 2463 refricentur,
2903 2397 2984 2452 vel
3007 2414 3111 2452 non
3141 2413 3330 2454 neces—

1738 2490 1882 2545 sarie
1904 2499 2313 2557 recenseantur,
2337 2502 2554 2549 cassato
2583 2495 2726 2564 quod
2749 2495 2964 2550 dixeras
2989 2511 3002 2547 :
3039 2493 3326 2564 Nunquam

1737 2581 1873 2634 enim
1911 2581 2201 2653 respublica
2245 2583 2480 2639 homines
2525 2587 2749 2640 decrevit
2788 2603 3034 2657 peccare,
3083 2585 3325 2640 animum

1737 2674 1986 2730 videndis
2014 2677 2390 2747 sequentibus,
2421 2679 2557 2736 duce
2585 2679 2796 2736 Domini
2822 2681 2996 2737 nostri
3025 2679 3153 2737 Jesu
3175 2680 3330 2740 Chri-

1738 2765 1806 2821 sti
1839 2766 2033 2838 gratia,
2072 2766 2432 2826 intendamus.

1808 2856 2014 2913 lnterea
2044 2874 2386 2931 nequaquam
2414 2860 2748 2933 negligenter
2773 2864 3204 2935 praetereundum
3236 2863 3323 2919 vi-

1735 2949 1898 3005 detur
1918 2951 2081 3021 quod,
2111 2953 2469 3021 quorumdam
2497 2953 2685 3010 favens
2735 2955 3192 3025 improbitatibus,
3252 2955 3326 3010 ad

1737 3041 1841 3097 hoc
1859 3050 2122 3098 terrorem
2148 3041 2325 3114 legum
2353 3044 2714 3100 lnnnanarum
2739 3045 3040 3102 adhibitum
3063 3055 3322 3116 peccatu-

1736 3132 1814 3187 ris
1839 3132 2044 3200 dixisti,
2082 3141 2140 3188 ut
2166 3134 2550 3206 suppliciorum
2577 3137 2864 3194 atrocitate
2887 3137 3064 3192 territi
3101 3136 3323 3194 cohibe-

118 3223 160 3293 -ι-
191 3223 354 3290 Quasi
400 3231 548 3279 tanta
595 3223 716 3294 quis
752 3224 1004 3280 vecordia
1035 3223 1355 3292 hebetetur,
1381 3233 1441 3280 ut
1465 3225 1635 3282 Deum
1662 3196 1710 3264 (ἶ
1738 3232 1958 3292 rentur;
1991 3196 2056 3280 ac
2079 3241 2174 3296 per
2198 3196 2300 3282 hoc
2331 3227 2500 3297 magis
2527 3229 2914 3286 misericordiae
2938 3245 3102 3301 quam
3142 3229 3322 3286 vindi-

102 3317 378 3386 Iempiam,
410 3315 494 3371 vel
521 3316 856 3387 angelorum,
885 3316 971 3372 vel
997 3317 1277 3373 hominum
1309 3317 1377 3374 ad
1407 3333 1634 3388 peccan-

101 3421 170 3460 tm
215 3405 512 3476 prafinisse
546 3407 766 3463 dixerit.
799 3403 880 3463 De
913 3422 1020 3477 qua
1051 3423 1111 3462 re
1135 3407 1262 3478 quia
1295 3408 1430 3464 satis
1471 3423 1634 3478 supra

102 3506 222 3552 tum
253 3497 495 3563 videtur,
544 3506 738 3554 cwtera
765 3498 1065 3554 videamus.
1095 3498 1243 3554 Inter
1280 3515 1400 3570 qua:
1444 3500 1633 3556 mirari

101 3607 146 3645 in
178 3590 372 3645 desino
401 3589 674 3644 hominem
720 3591 1128 3653 acutissimum,
1179 3600 1234 3647 et
1278 3607 1438 3662 quem
1485 3591 1630 3647 nulla

105 3679 121 3732 l
152 3679 334 3750 legum
364 3678 724 3733 humanarum
751 3679 834 3734 vel
872 3679 1222 3736 historiarum
1258 3681 1634 3755 pagina-fuge-

102 3815 128 3840 .,
156 3771 404 3842 potuisse
430 3769 548 3842 ejus
573 3771 660 3827 vel
689 3772 974 3828 scientiam
1015 3773 1099 3830 vel
1141 3776 1460 3830 memoriam
1494 3792 1632 3846 pra:-

102 3866 220 3931 -ire,
259 3865 481 3921 labente
509 3865 778 3935 quondam
821 3866 1026 3931 multis,
1063 3867 1174 3922 imo
1207 3865 1428 3939 jugibus
1465 3868 1634 3924 bello-

101 3970 155 4009 m
187 3955 597 4010 incursionibus
639 3963 782 4010 statu
808 3954 1134 4025 reipublicae,
1165 3957 1632 4012 senatusconsulto

101 4045 572 4117 tmwproletarios
605 4046 908 4112 institutos,
940 4062 1172 4117 quorum
1198 4063 1298 4103 usu
1338 4048 1390 4102 in
1425 4048 1632 4118 quasli-

101 4146 119 4192 t
149 4135 390 4194 feminas
413 4137 673 4194 continuo
691 4135 947 4207 juventus
973 4137 1226 4194 bellicosa
1254 4147 1418 4209 atque
1442 4139 1628 4194 multi-

101 4227 190 4281 tda
232 4227 550 4300 reipublicae
591 4228 860 4301 gigneret.

101 4314 168 4369 Et
203 4317 354 4386 quod
392 4325 617 4374 sanctus
643 4316 977 4388 Augustinus
1015 4317 1068 4374 in
1107 4318 1246 4376 libro
1295 4319 1362 4376 de
1401 4318 1630 4376 Civitate

103 4409 120 4462 i
163 4409 336 4466 tertio
387 4411 533 4468 inter
573 4423 772 4471 cratera
815 4420 1082 4468 memorat
1123 4411 1266 4484 (cap.
1308 4413 1422 4486 Si).
1460 4411 1629 4486 [Nam

102 4515 189 4568 rc,
244 4501 466 4574 inquit,
527 4503 582 4560 id
627 4509 714 4559 est
761 4503 904 4559 inter
946 4503 1274 4560 exstinctum
1330 4506 1625 4562 secundum

145 4564 496 4662 postremum
563 4592 765 4652 bellum
828 4591 1259 4667 Carthaginense
1288 4635 1306 4663 ,
1369 4595 1478 4651 lata
1541 4605 1624 4653 est
1651 4564 1706 4628 D

101 4703 189 4742 am
236 4687 332 4744 lex
378 4687 470 4742 illa
509 4687 780 4754 Voconia,
813 4702 882 4744 ne
911 4688 1036 4759 quis
1062 4689 1331 4745 heredem
1366 4689 1623 4746 feminam

103 4786 256 4843 eret,
290 4791 396 4832 nec
430 4777 646 4832 unicam
673 4777 837 4833 filiam
858 4819 875 4843 ,
907 4793 1011 4849 qua
1057 4778 1174 4852 lege
1212 4779 1342 4850 quid
1387 4779 1626 4850 iniquius

102 4870 124 4923 vi
157 4877 258 4922 aut
290 4867 522 4941 cogitari
549 4868 742 4940 possit,
770 4866 1014 4942 ignoro.]
1043 4868 1084 4940 -ι-
1105 4867 1240 4925 lllud
1264 4869 1452 4934 etiam,
1478 4878 1537 4924 ut
1557 4870 1624 4926 de

101 4961 238 5015 teris
267 4959 487 5026 sileam,
513 4961 659 5030 quod
686 4969 808 5031 post
830 4961 1138 5033 passionem
1167 4961 1380 5017 Domini
1405 4969 1626 5018 senatus

101 5053 264 5116 usuit,
299 5052 509 5107 nullum
539 5052 644 5108 nisi
673 5053 757 5108 sui
781 5053 999 5110 decreto
1025 5054 1249 5110 deorum
1277 5069 1506 5108 numero
1533 5053 1626 5107 de-

101 5146 332 5200 .andum
360 5163 373 5199 :
412 5161 622 5201 necnon
648 5153 703 5199 et
731 5144 859 5200 illud
878 5186 893 5212 ,
923 5146 1066 5217 quod
1085 5145 1262 5210 toties
1289 5143 1342 5199 in
1370 5158 1624 5215 persecu-

101 5254 198 5293 nes
229 5237 698 5304 Christianorum,
724 5247 778 5294 et
805 5237 1152 5295 abolitionem
1180 5237 1303 5294 fidei
1339 5248 1396 5293 et
1445 5237 1624 5292 nomi-

143 5330 393 5397 Christi,
437 5329 581 5401 leges
603 5329 993 5400 imperatorum
1035 5339 1091 5386 et
1129 5328 1416 5386 consulum
1452 5337 1625 5384 cauta:

101 5433 180 5477 ut:
211 5425 314 5479 sed
339 5431 396 5478 et
422 5421 738 5478 Semiramis
759 5422 938 5493 prima
959 5423 1202 5478 omnium
1225 5420 1420 5493 legitur
1444 5422 1624 5478 decre-

101 5527 161 5568 se
215 5513 367 5569 ﬁlios
414 5521 648 5568 matrum
687 5513 958 5568 connubio
999 5514 1314 5577 sociandos,
1365 5529 1484 5584 qua:
1507 5513 1624 5585 jam

101 5607 211 5661 lem
242 5604 458 5676 flagitio
487 5605 810 5662 fmdabatur.
838 5604 978 5673 Quid
1008 5604 1505 5662 Nabuchodonosor
1525 5622 1624 5663 rex

102 5699 500 5770 syloniorum?
532 5699 782 5771 Nunquid
827 5713 935 5756 non
981 5698 1179 5756 factam
1228 5716 1260 5756 a
1290 5716 1352 5758 se
1387 5711 1620 5758 statuam

101 5823 112 5850 ι
147 5809 278 5868 Hoc
305 5809 639 5870 fabulosum.

1598 5957 1671 5978 δέ*

1735 3324 1839 3371 ctu:
1870 3317 2365 3388 transgressoribus
2401 3318 2514 3374 suis
2537 3317 2812 3376 efficerent
2845 3337 2860 3375 :
2894 3335 3056 3391 quam
3097 3334 3324 3390 perver-

1735 3407 1948 3463 sitatem
1967 3423 2092 3464 cum
2114 3414 2170 3464 et
2195 3408 2330 3465 fides
2356 3409 2621 3466 catholica
2660 3409 2772 3480 iam
2824 3411 3024 3468 dudum
3081 3424 3328 3467 censura

1733 3498 2026 3554 severitate
2053 3498 2412 3568 damnaverit,
2435 3509 2491 3555 et
2509 3500 2733 3556 Patrum
2765 3502 3060 3558 reverenda
3094 3501 3325 3557 canities
3360 3487 3366 3492 ’

1732 3590 2039 3656 resciderit,
2077 3590 2384 3647 nullatenus
2438 3592 2595 3648 nobis
2648 3593 2702 3648 in
2745 3609 2812 3649 eo
2860 3591 3192 3648 destruendo
3237 3600 3328 3649 est

1731 3680 1934 3738 diutius
1955 3683 2374 3739 immorandum.
2404 3681 2538 3739 Nam
2566 3683 2640 3738 ita
2661 3683 2716 3739 id
2741 3698 3028 3755 possumus
3050 3697 3082 3737 e
3108 3683 3326 3738 diverso

1732 3773 1985 3845 colligere
2015 3792 2028 3828 :
2056 3775 2102 3830 si
2132 3774 2326 3830 falsum
2363 3782 2447 3830 est
2481 3787 2673 3844 pinnas
2721 3771 3099 3843 peccatoribus
3142 3771 3326 3826 redhi-

1731 3865 1872 3931 beri,
1900 3865 2098 3920 f'alsnm
2119 3865 2226 3920 erit
2252 3876 2308 3921 et
2330 3865 2494 3936 justis
2519 3864 2742 3936 praemia
2772 3865 2992 3936 rependi
3019 3882 3032 3920 :
3057 3865 3101 3921 si
3133 3873 3318 3920 autem

1732 3973 1921 4014 verum
1951 3967 2037 4013 est
2060 3957 2262 4013 sanctis
2283 3957 2669 4014 beatitudinem
2720 3957 2962 4021 retribui,
3007 3971 3195 4013 verum
3239 3963 3324 4012 est

1733 4050 1914 4120 impiis
1949 4065 2138 4120 paruas
2174 4050 2400 4106 meritas
2433 4058 2489 4106 et
2539 4049 2800 4121 supplicia
2829 4050 3002 4106 reddi.
3052 4049 3152 4118 Qui
3176 4050 3322 4105 enim

1733 4139 1867 4195 dixit
1895 4157 1909 4193 :
1940 4138 2096 4193 Ibunt
2124 4138 2177 4193 hi
2223 4140 2278 4193 in
2329 4137 2642 4210 supplicium
2686 4149 2961 4204 aeternum,
3009 4139 3123 4211 ipse
3160 4139 3318 4204 dixit,

1733 4231 1863 4286 iusti
1883 4242 2055 4286 autent
2083 4233 2138 4288 in
2160 4232 2319 4286 vitam
2346 4241 2595 4287 (sternam
2633 4231 2850 4304 (Matth.
2897 4247 3022 4298 xxv,
3050 4231 3166 4304 46).
3197 4232 3320 4300 ,ραι

1731 4325 1896 4381 etiam
1929 4340 1988 4381 se
2015 4325 2285 4380 dicturum
2312 4324 2580 4382 veraciter
2627 4333 2956 4397 protestatus
3005 4333 3090 4382 est
3138 4325 3321 4398 impiis

1732 4416 1950 4487 quidem
1981 4434 1994 4472 :
2033 4415 2292 4472 Discedite
2320 4433 2354 4471 a
2374 4433 2474 4484 me,
2504 4415 2792 4485 maledicti,
2849 4419 2904 4474 in
2945 4421 3116 4490 ignem
3157 4428 3315 4474 teter-

1733 4525 1881 4574 num,
1911 4509 2000 4580 qui
2019 4519 2238 4580 paratus
2265 4519 2339 4565 est
2373 4509 2584 4565 diabolo
2623 4519 2672 4565 et
2701 4510 2901 4582 angelis
2947 4511 3060 4582 ejus
3107 4509 3315 4582 (Ibid.,

1730 4601 1845 4675 4t).
1873 4601 2040 4658 Iustis
2059 4611 2240 4658 autem
2270 4622 2285 4659 :
2322 4601 2525 4670 Venite,
2557 4603 2812 4660 benedicti
2843 4601 3024 4659 Patris
3047 4606 3170 4671 mei,
3192 4621 3314 4675 per-

1733 4695 1885 4766 cipite
1909 4711 2146 4766 regnum,
2195 4695 2334 4768 quod
2401 4695 2542 4750 vobis
2591 4705 2836 4766 paratum
2887 4705 2962 4751 est
3004 4696 3070 4750 ab
3115 4696 3318 4766 origine

1731 4787 1914 4840 mundi
1967 4785 2154 4859 (Ibid.,
2200 4785 2314 4858 54).
2369 4785 2522 4843 Sicut
2568 4801 2696 4858 ergo
2744 4785 2879 4855 justi
2928 4785 3316 4842 beatitudinem

1731 4879 1998 4936 veraciter
2018 4885 2440 4949 consequentur,
2467 4878 2543 4934 ita
2568 4878 2718 4949 impii
2744 4877 2920 4948 pinnis
2947 4876 3142 4933 debitis
3161 4890 3316 4931 vera-

1731 4974 1870 5031 citer
1897 4973 2232 5029 addicentur.
2257 4969 2474 5027 Falsum
2498 4979 2582 5027 est
2611 4971 2795 5044 igitur,
2829 4969 2974 5042 quod
3019 4970 3316 5025 mundana-

1731 5080 1850 5120 rum
1879 5064 2056 5136 legum
2079 5061 2432 5119 similitudine
2458 5061 2590 5118 nihil
2611 5061 2755 5116 aliud
2785 5060 2963 5132 appeti
2994 5075 3184 5116 earum
3229 5075 3316 5114 se-
3347 5111 3352 5118 .

1728 5155 1962 5212 veritate
1987 5152 2192 5220 dixisti,
2223 5168 2384 5224 quam
2414 5168 2614 5224 pronos
2644 5153 2712 5208 ad
2734 5150 3072 5223 peccandum
3107 5150 3310 5222 suppli-

1729 5250 1936 5304 ciorum
1967 5247 2252 5304 atrocitate
2275 5247 2496 5303 territos
2525 5243 2765 5302 cohiberi
2791 5260 2806 5299 :
2830 5261 2894 5302 ac
2925 5259 3026 5315 per
3052 5244 3156 5300 hoc
3199 5257 3308 5299 non

1727 5341 1908 5396 minus
1939 5337 2328 5395 misericordia:
2349 5352 2508 5407 quam
2538 5334 2789 5391 vindictae
2818 5335 3312 5408 transgressoribus

1731 5432 1846 5489 suis
1872 5431 2009 5486 efﬁci
2042 5431 2284 5502 :quippe
2304 5443 2427 5484 cum
2480 5441 2582 5482 non
2627 5425 2803 5481 solum
2861 5426 3166 5492 mundanae,
3218 5439 3310 5480 ve-

1731 5540 1852 5582 rum
1885 5523 2048 5579 etiam
2076 5521 2273 5577 divinae
2303 5519 2450 5590 leges
2480 5517 2695 5581 multos,
2723 5519 2887 5574 etiam
2911 5514 3307 5588 temporaliter,

1734 5626 1844 5672 tam
1875 5621 2069 5676 morte,
2113 5625 2276 5680 quam
2321 5609 2550 5664 diversis
2597 5608 2981 5679 suppliciorum
3027 5605 3314 5679 generibus

1734 5708 1927 5782 dignos
1945 5705 2103 5778 plecti
2138 5705 2453 5776 decernant,
2493 5705 2688 5779 quibus
2713 5704 2826 5776 jam
2857 5704 3004 5761 nulla
3034 5703 3176 5760 valet
3225 5717 3317 5758 su-

3905 4989 3907 5034 l

3906 5265 3907 5312 l

3906 5365 3907 5388 ι
