4010 6352
208 328 348 387 i205

1054 318 1142 377 DE
1180 315 1851 383 PRA‘ZDESTINATlONE
1882 314 2155 373 CONTRA
2198 316 2248 371 .l.
2292 315 2465 373 SCOT
2480 314 2597 372 llM.

3313 291 3485 370 1206‘
3512 285 3553 315 "

205 451 454 497 temnens
489 453 554 495 ac
593 451 851 506 respuens
888 435 1089 507 justius
1134 436 1503 491 damnaretur.
1552 433 1786 491 Proinde
1811 435 1859 494 Α
1888 446 1946 485 se
1974 446 2071 485 nec
2097 430 2387 500 praescivit,
2414 445 2512 487 nec
2551 424 2985 501 praedestinavit:
3015 426 3160 482 aliud
3192 444 3322 498 ergo
3358 429 3459 505 ali-

203 532 349 605 quod
374 531 606 597 asseris,
651 528 1007 600 Augustinum
1036 530 1407 585 acutissimum
1432 530 1677 587 veritatis
1705 529 1789 585 in-

204 622 527 695 quisitorem
546 629 599 675 et
625 618 949 677 assertorem
981 621 1166 676 talium
1188 622 1345 678 nobis
1371 622 1611 693 exempla
1638 623 1789 679 locu-

204 716 410 785 tionum
448 715 499 768 in
540 713 652 769 suis
675 713 1074 785 exemplaribus
1105 714 1413 786 relinquere
1447 729 1785 785 procurasse,

203 804 280 860 uti
312 816 409 859 nos
432 804 679 875 accipere
706 821 811 860 non
841 804 1019 876 pigeat
1050 806 1103 861 in
1129 808 1601 885 prasdestinatioue
1625 817 1789 879 atque

200 892 546 969 ptmscientia
576 894 753 951 divina
783 898 1033 951 eumdem
1077 896 1387 953 omnimodo
1420 897 1787 962 intellectum,

200 976 327 1045 ideo
365 986 561 1045 falsum
598 996 702 1063 est.
730 987 999 1069 Quoniam
1037 989 1097 1044 B.
1142 990 1475 1062 Augustinus
1501 992 1789 1062 praescienv

204 1082 337 1138 tiam
377 1093 435 1136 et
472 1081 994 1153 prtedestinationem
1040 1097 1204 1137 unum
1234 1097 1356 1139 esse
1395 1098 1660 1153 nusquam
1703 1082 1787 1147 di-

204 1172 352 1229 xisse
377 1172 669 1242 reperitur,
690 1174 940 1255 quamvis
968 1174 1359 1245 praescientiam
1385 1191 1483 1247 pro
1508 1177 1786 1246 praadesti—

206 1264 426 1321 natione
445 1264 716 1335 interdum
739 1266 971 1336 positam
990 1266 1254 1324 veraciter
1275 1267 1536 1324 docuerit.
1563 1268 1627 1327 Et
1643 1267 1786 1339 quod

204 1347 361 1417 addis
392 1376 405 1413 :

286 1512 295 1521 δ
755 1464 985 1505 JOANNES
1022 1465 1243 1507 scores.

180 1560 189 1567 ’
274 1539 429 1610 (Cap.
459 1540 559 1607 15,
587 1555 736 1595 num.
762 1540 829 1609 6,
853 1550 988 1596 sect.
1016 1541 1095 1603 4.)
1120 1552 1161 1601 θ
1190 1542 1265 1608 Ac
1290 1559 1382 1614 per
1416 1544 1514 1598 hoc
1553 1543 1789 1599 saluber-

205 1647 337 1686 πηιο
379 1631 748 1705 verissimoque
789 1648 942 1686 sensu
982 1632 1226 1689 debemus
1256 1636 1447 1688 sentire
1467 1674 1483 1700 ,
1511 1635 1650 1705 quod
1680 1636 1789 1704 ipse

203 1729 453 1789 tanquam
501 1737 592 1776 nos
643 1720 926 1777 admonens
972 1724 1046 1778 ait
1081 1741 1101 1778 :
1154 1723 1342 1779 Omnis
1383 1725 1787 1795 praedestinatio

1889 524 2015 593 quid
2043 533 2195 583 extra
2228 539 2285 581 se
2312 523 2584 595 prmscivit
2602 520 3075 592 etprmdcstinavit
3094 562 3108 584 ,
3142 520 3192 579 id
3216 531 3300 578 est
3321 524 3465 593 quod

1889 614 2003 686 ipse
2040 631 2146 669 non
2195 616 2282 673 sit.
2327 614 2443 669 Non
2475 622 2599 670 sunt
2636 614 2798 684 igitur
2840 612 3174 684 praescientia
3224 622 3281 669 et
3323 631 3463 685 prte-

1886 708 2177 783 tlestinatio
2222 708 2392 769 Deus,
2428 708 2566 763 sicut
2596 707 2834 762 veritas:
2875 706 2999 775 quia
3046 706 3245 761 veritas
3276 721 3466 763 essen-

1893 799 2120 865 tialiter,
2170 799 2506 871 praescientia
2567 806 2620 853 et
2664 798 3065 871 prmdestinatio
3111 799 3333 856 relative
3381 800 3465 857 di-

1886 899 2103 946 cuntur.
2414 900 2420 905 ’
3392 924 3396 929 ’
3475 936 3483 949 ο

1958 979 2087 1036 Item
2111 979 2250 1050 quod
2281 980 2679 1052 argumentaris
2709 981 2880 1052 (num.
2924 978 3008 1048 8),
3030 964 3033 969 ’
3054 991 3322 1051 peccatum
3363 997 3481 1059 non.

1887 1090 1995 1127 esse
2021 1090 2085 1126 ea:
2110 1072 2321 1127 veritate
2340 1113 2354 1139 ,
2396 1090 2505 1128 esse
2549 1082 2722 1126 autem
2762 1070 2915 1139 nihil,
2944 1072 3255 1143 perindeque
3284 1090 3374 1129 nec
3403 1072 3470 1131 ea:

1890 1164 2235 1236 pt'wscientia,
2265 1180 2357 1218 nec
2387 1180 2450 1218 ea:
2473 1164 2930 1234 prwdestinatione
2963 1165 3079 1230 Dei,
3107 1164 3229 1234 quis
3253 1165 3357 1220 hoc
3385 1164 3471 1221 vel

1890 1254 2114 1310 demens
2141 1254 2577 1310 existimaverit?
2614 1253 2863 1311 Praesciri
2903 1264 3082 1311 autem
3125 1256 3194 1313 ab
3235 1272 3301 1313 eo
3344 1270 3471 1327 pec-

1890 1357 2010 1402 cata
2058 1347 2236 1402 onmis
2283 1356 2339 1402 et
2386 1348 2709 1431 auctoritas,
2761 1358 2816 1403 et
2863 1350 3004 1405 ratio
3051 1351 3277 1407 edocet:
3332 1364 3470 1420 prae-

1890 1438 2016 1493 sciri
2047 1454 2261 1509 quoque
2288 1446 2340 1494 et
2370 1440 2744 1509 praedestinari
2784 1441 2849 1495 ab
2884 1441 3001 1512 ipso
3022 1440 3352 1509 justissimas
3377 1456 3470 1498 eo-

1892 1543 2009 1581 rum
2036 1527 2418 1584 retributiones
2437 1569 2450 1595 ,
2478 1530 2728 1585 videlicet
2752 1544 2941 1600 poenas
2961 1571 2976 1597 ,
3012 1516 3281 1587 tormenta
3308 1541 3473 1604 atque
3535 1539 3545 1553 ‘

1889 1618 2149 1688 supplicia
2187 1619 2439 1676 similiter
2476 1629 2532 1678 et
2566 1623 2889 1678 auctoritate
2924 1631 2978 1679 et
3010 1624 3218 1681 ratione
3245 1624 3470 1680 instrui-

1890 1727 2030 1767 mur.
2785 1718 2794 1732 ‘

201 1810 572 1881 praescientia,
626 1813 719 1867 sed
762 1828 869 1869 non
913 1814 1090 1870 omnis
1116 1815 1460 1885 pmscienua
1505 1817 1786 1885 ριοεεάρειί-
1814 1801 1859 1860 Β
1920 1804 2219 1878 'Quodque
2256 1809 2550 1875 subnectis,
2588 1808 2724 1863 beati
2748 1808 3028 1878 Augustini
3065 1819 3114 1865 te
3153 1809 3468 1864 auctoritate

203 1901 352 1963 natio
376 1902 659 1974 (August.,
696 1904 760 1959 de
798 1901 1113 1961 Prtedestin.
1144 1917 1311 1961 sanet.
1332 1947 1348 1972 ,
1392 1923 1444 1963 e.
1477 1909 1599 1979 10).
1638 1910 1711 1963 Ac
1738 1911 1787 1965 si

202 2001 379 2069 aperte
420 1992 655 2048 diceret:
686 1993 1002 2067 Quanquam
1030 1997 1359 2066 prtescientia
1388 2015 1491 2053 non
1520 2008 1788 2055 transcen-

201 2084 293 2138 dat
311 2083 443 2153 ﬁnes
473 2085 951 2155 prtrdestinationis
977 2086 1184 2159 (quippe
1206 2106 1326 2143 cum
1347 2090 1447 2144 sint
1470 2091 1626 2145 unius
1644 2092 1787 2162 ejus-

202 2174 423 2246 demque
468 2176 659 2232 divina:
688 2177 921 2233 videlicet
959 2180 1212 2251 naturre),
1244 2182 1300 2236 in
1336 2198 1442 2253 qua
1486 2182 1633 2238 aliud
1679 2185 1787 2240 alio

201 2264 318 2336 plus
350 2266 583 2322 minusve
610 2284 715 2323 non
743 2278 859 2324 est:
889 2272 1076 2325 merito
1117 2271 1206 2325 ubi
1239 2282 1316 2327 est
1347 2283 1552 2329 natura:
1586 2274 1789 2346 simpli-

205 2346 336 2415 citas
354 2401 370 2427 ,
400 2376 505 2414 non
533 2371 607 2415 est
643 2360 759 2416 ulla
787 2362 1060 2418 diversitas
1082 2379 1102 2419 :
1131 2364 1377 2436 quoniam
1418 2366 1474 2420 in
1512 2383 1575 2421 ea
1610 2368 1789 2423 omnia

203 2470 368 2509 unum
391 2464 514 2511 sunt
540 2468 559 2507 :
595 2464 802 2510 tantum
832 2473 954 2526 ergo
996 2457 1052 2512 in
1096 2456 1206 2513 Deo
1250 2457 1383 2512 valet
1421 2460 1786 2531 pra’scientia,

202 2556 456 2616 quantum
483 2546 897 2619 praedestinatio,
933 2546 1090 2617 plane
1114 2547 1239 2618 quia
1266 2564 1432 2602 unum
1458 2560 1604 2604 sunt.

831 2671 1153 2713 CORBEC'I'IO.

272 2747 314 2817 τι·
329 2746 393 2804 Si
410 2746 767 2803 saluberrimo
788 2747 1181 2819 verissimoque
1202 2763 1363 2805 sensu
1392 2751 1625 2809 sentires
1642 2750 1788 2820 quod

202 2840 535 2912 Augustinus
560 2840 676 2895 ait:
718 2838 945 2912 [Omnis
978 2841 1382 2910 praedestinatio
1414 2841 1786 2912 praescientia,

203 2933 299 2988 sed
323 2948 431 2988 non
454 2932 631 2987 omnis
651 2933 996 3003 praescientia
1026 2932 1478 3007 pmdestinatio],
1510 2948 1788 3005 nunquam

205 3032 256 3078 te
285 3022 353 3079 ad
381 3022 481 3078 has
514 3023 844 3094 imposturas
867 3033 1139 3091 veneres,
1191 3034 1251 3080 ut
1295 3028 1438 3095 quod
1487 3025 1575 3081 ille
1612 3040 1788 3096 neque

202 3114 373 3170 sensit
397 3129 577 3184 neque
605 3115 771 3182 dixit,
800 3115 859 3170 in
897 3115 1015 3187 ejus
1053 3116 1214 3172 dictis
1243 3116 1547 3189 emngeres.
1580 3117 1786 3173 Trans-

202 3205 384 3261 cendit
421 3205 692 3277 siquidem
732 3209 1072 3278 praescientia
1101 3208 1236 3265 lines
1258 3212 1785 3281 prtedestinationis,

202 3297 328 3368 quia
352 3296 713 3368 praeminatur
736 3298 820 3352 vel
848 3300 918 3355 ab
954 3300 1070 3370 ipso
1106 3301 1235 3366 Deo,
1260 3301 1347 3357 vel
1378 3303 1792 3361 rationabilibus

201 3389 469 3449 creaturis
488 3430 503 3455 ,
541 3404 606 3449 ea
630 3391 796 3448 etiam
822 3400 943 3461 quae
975 3391 1043 3448 ab
1070 3393 1202 3463 ipsis
1232 3408 1339 3449 non
1366 3393 1501 3448 ﬁunt
1528 3413 1541 3449 :
1583 3378 1790 3466 praede-

204 3479 479 3536 stinantur
498 3495 629 3537 vero
659 3490 868 3541 tantum
896 3497 959 3538 ea
1000 3494 1121 3553 (me
1161 3485 1230 3539 ab
1265 3485 1397 3554 ipsis
1425 3485 1509 3541 vel
1539 3485 1675 3541 ﬁunt
1704 3485 1790 3543 vel

204 3570 453 3630 facienda
474 3573 852 3645 disponuntur.
875 3574 1048 3632 Unius
1064 3590 1300 3647 quoque,
1327 3585 1387 3633 ut
1406 3578 1625 3648 desipis,
1649 3580 1790 3650 ejus-

172 3733 187 3747 .
202 3663 437 3734 detnqne
456 3664 654 3721 divinat
684 3665 937 3723 viddicet
960 3675 1171 3723 natura:
1196 3682 1303 3724 non
1328 3678 1473 3736 sunt,
1495 3670 1619 3740 quia
1642 3670 1788 3728 nulla

200 3760 533 3817 auctoritate
561 3759 658 3815 Dei
685 3768 880 3816 natura
910 3756 1250 3847 prwscientia
1274 3762 1357 3819 Vel
1382 3764 1788 3835 praedestinatio

196 3859 577 3921 nuncupatur;
622 3853 923 3922 praesertim
953 3868 1076 3909 cum
1105 3855 1214 3910 sint
1253 3854 1507 3921 relativa,
1556 3868 1789 3926 quorum

196 3957 317 3997 non
342 3951 427 3997 est
452 3942 826 4001 demonstrare
851 3945 1183 4003 substantias
1201 3986 1215 4012 ,
1245 3960 1421 4017 neque
1452 3947 1505 4002 in
1530 3947 1644 4003 Deo
1669 3957 1789 4004 tan-

198 4043 325 4088 tum
348 4032 489 4090 valet
514 4034 884 4104 praiscientia,
931 4044 1193 4106 quantum
1231 4037 1633 4107 prtedeslinatio
1665 4053 1786 4093 om-

196 4127 363 4192 nino,
386 4127 513 4197 quia
538 4143 646 4184 non
674 4140 842 4183 unum
870 4137 1035 4184 sunt:
1064 4129 1280 4199 prmscit
1307 4129 1451 4184 enim
1474 4129 1617 4186 Deus
1641 4128 1787 4201 quaa-

191 4231 416 4287 cunque
462 4227 720 4289 peccata,
750 4230 871 4288 qua:
909 4218 1023 4288 ipse
1067 4230 1175 4275 non
1226 4218 1392 4285 facit;
1439 4218 1791 4290 praedestinat

193 4314 385 4362 autem
408 4307 581 4365 solum
607 4324 729 4381 quae
754 4309 872 4380 ipse
904 4309 1034 4365 facit
1059 4310 1145 4365 vel
1178 4310 1443 4384 benigne,
1470 4311 1555 4367 vel
1579 4312 1789 4369 miserii-

193 4399 464 4467 corditer,
486 4400 572 4457 vel
592 4399 762 4471 insse.
785 4399 1049 4471 Quodque
1076 4399 1281 4458 infers:

753 4526 983 4573 JOANNES
1014 4532 1235 4573 SCOTUS.

276 4604 441 4677 (Cap.
473 4604 575 4674 15,
600 4606 752 4663 num.
785 4608 846 4676 7,
878 4615 1015 4665 sect.
1046 4608 1133 4681 5.)
1163 4621 1204 4668 Θ
1232 4609 1294 4667 Si
1332 4609 1429 4665 Dei
1457 4610 1788 4682 prtescientia

190 4699 349 4756 Deus
370 4708 463 4763 est,
492 4700 783 4754 necessario
804 4709 851 4754 et
882 4703 1088 4756 veritas.
1115 4700 1231 4756 Hoc
1253 4701 1475 4756 dixerim
1500 4702 1565 4756 de
1587 4702 1791 4773 praede-

190 4789 486 4846 stinatione
507 4802 527 4843 :
562 4790 610 4845 si
633 4800 682 4845 et
709 4790 824 4861 ipsa
848 4789 1016 4857 Deu's,
1041 4792 1229 4864 procul
1256 4793 1418 4849 dubio
1444 4795 1652 4849 veritas.

836 4918 1156 4962 COBRECTIO.

276 5014 318 5089 1-
349 5015 405 5072 Si
438 5032 577 5089 puro
603 5026 660 5073 et
690 5018 918 5089 simplici
948 5021 1145 5076 mentis
1183 5019 1339 5077 oculo
1381 5021 1786 5092 perspexisses,

196 5105 449 5181 profecto
488 5109 716 5167 vidisses
752 5112 879 5181 quia
908 5110 1109 5168 veritas
1153 5113 1517 5168 substantiam
1562 5112 1657 5168 Dei
1695 5114 1789 5169 de-

198 5188 473 5255 monstret
503 5207 611 5255 tam
653 5201 977 5257 auctoritate
1015 5217 1178 5273 quam
1222 5202 1447 5257 ratione.
1486 5201 1605 5273 Ipse
1640 5203 1788 5257 enim

200 5288 383 5354 dixit:
424 5288 538 5361 Ego
582 5307 699 5346 sum
738 5292 926 5347 veritas
964 5290 1144 5363 (Joan.
1173 5308 1296 5359 xtv,
1332 5293 1428 5364 6);
1465 5293 1617 5364 atqui
1659 5308 1789 5350 nus-

201 5396 370 5452 quam
394 5380 529 5437 dixit
553 5400 567 5437 :
595 5380 704 5454 Ego
725 5397 849 5438 sum
883 5384 1224 5455 pnesciwtia
1252 5384 1334 5439 vel
1358 5383 1797 5456 prsidestinatioa

194 5473 424 5549 ,Veritas
450 5484 668 5553 nonest
695 5477 977 5557 relativum
994 5518 1009 5545 ,
1037 5477 1180 5534 sicut
1217 5494 1319 5535 nec
1360 5479 1622 5549 sapientia
1640 5519 1656 5545 ,
1682 5494 1785 5537 nec

203 5568 459 5637 scientia,
485 5585 588 5627 nec
608 5570 852 5642 iustitia,
891 5558 993 5627 nec
1032 5571 1283 5626 bonitas:
1323 5572 1551 5643 ideoque
1575 5573 1788 5643 quoties

195 5639 277 5719 ide
304 5662 415 5721 Deo
433 5639 667 5745 dicitur,
698 5663 1062 5721 essentialiter
1087 5664 1412 5735 praedicatur
1436 5639 1785 5736 :—pr.'escien-

196 5752 284 5811 ωτι
302 5768 434 5813 vero
457 5764 516 5814 et
540 5755 944 5830 praedestinatio
968 5756 1037 5813 ad
1062 5755 1265 5829 aliquid
1288 5756 1615 5817 referuntur.
1640 5760 1788 5819 Dens

1888 1892 2197 1969 pr'tedixisse
2239 1900 2417 1954 divina
2449 1900 2908 1972 prwdestinatioue
2948 1900 3149 1955 nullum
3176 1898 3473 1972 pra'parari

1887 1988 1957 2043 ad
1980 1998 2269 2063 tormenta,
2283 2007 2388 2046 non
2412 2000 2496 2047 est
2537 1992 2735 2047 mirum
2768 1991 2931 2046 fallax
2963 1991 3185 2047 falsitati
3223 2002 3473 2048 astruen-

1892 2079 1973 2134 (ιω
2022 2078 2311 2136 falsitatem
2346 2080 2642 2153 inieceris:
2686 2096 2809 2137 cum
2863 2088 3073 2138 constet
3118 2081 3355 2137 libellum
3403 2096 3472 2136 ex

1887 2188 1994 2243 quo
2022 2172 2152 2229 illud
2178 2189 2457 2230 exemeras
2488 2188 2764 2246 nunquam
2793 2175 2861 2230 ab
2890 2174 3197 2246 Augustino
3221 2175 3425 2230 editum
3453 2191 3468 2230 :

1888 2265 2085 2336 quippe
2109 2266 2202 2336 qui
2231 2267 2286 2322 in
2317 2264 2503 2323 multis
2527 2284 2558 2322 a
2587 2281 2773 2333 sensu,
2819 2266 3110 2335 locutione,
3140 2276 3195 2322 et
3225 2252 3380 2321 libris
3407 2265 3474 2319 ιι-

1888 2358 1993 2416 lius
2019 2359 2245 2415 nimium
2288 2361 2360 2416 sit
2400 2376 2645 2427 aversus,
2673 2361 2782 2416 imo
2808 2361 3080 2417 adversus.
3117 2359 3320 2430 Nempe
3348 2375 3474 2415 eum

1889 2452 2029 2507 idem
2062 2452 2145 2507 vir
2172 2452 2518 2508 beatissimus
2543 2452 2802 2523 opuscula
2832 2468 2929 2508 sua
2956 2460 3300 2518 retractaret,
3331 2460 3387 2506 et
3405 2449 3475 2505 ad

1889 2541 2067 2598 lucum
2126 2542 2457 2598 retractandi
2513 2542 2637 2598 libri
2688 2543 2792 2609 sui,
2848 2540 3001 2612 cuius
3053 2551 3135 2597 est
3175 2540 3360 2596 titulus
3406 2539 3473 2594 de

1888 2632 2169 2699 Octoginta
2192 2633 2363 2689 tribus
2383 2632 2779 2700 Quaestionibus
2805 2634 3112 2704 perveniret
3135 2632 3249 2702 (lib.
3281 2648 3323 2696 ι,
3346 2645 3468 2701 cap.

1887 2724 2003 2796 26),
2039 2724 2112 2778 ita
2143 2723 2353 2780 locutus
2382 2732 2504 2779 est:
2542 2721 2760 2797 [Utrum
2788 2724 2928 2780 Deus
2969 2723 3096 2778 mali
3142 2734 3330 2779 auctor
3362 2736 3471 2777 non

1890 2815 1981 2870 sit.
2018 2814 2117 2871 Ubi
2150 2816 2442 2870 videndum
2471 2823 2575 2881 est,
2608 2815 2805 2885 inquit,
2852 2829 2920 2870 ne
2966 2814 3106 2870 male
3134 2814 3471 2884 intelligatur

1891 2911 2033 2981 quod
2059 2909 2170 2964 dixi
2197 2927 2211 2964 :
2236 2908 2364 2964 mali
2392 2916 2585 2964 auctor
2625 2923 2731 2965 non
2777 2916 2883 2975 est,
2925 2909 3052 2979 quia
3081 2909 3320 2963 omnium
3349 2922 3471 2977 quas

1890 3010 2016 3056 sunt
2048 3008 2238 3055 auctor
2279 3009 2385 3065 est,
2429 3000 2555 3069 quia
2585 2999 2640 3055 in
2688 3008 2951 3071 quantum
2992 3009 3140 3066 sunt,
3171 2999 3225 3057 in
3256 3006 3465 3055 tantum

1891 3094 2031 3147 bona
2053 3100 2196 3146 sunt.
2227 3091 2295 3146 Et
2318 3107 2387 3146 ne
2426 3091 2551 3147 hinc
2583 3100 2801 3162 putetur
2836 3106 2943 3147 non
2970 3091 3038 3146 ab
3076 3090 3165 3147 illo
3207 3106 3327 3146 esse
3352 3104 3469 3160 pte-

1814 3168 1860 3228 C
1893 3199 2017 3239 nam
2048 3182 2331 3248 malorum,
2353 3196 2475 3252 qum
2496 3182 2681 3253 utique
2707 3180 2907 3237 malum
2929 3191 3012 3237 est
3034 3181 3100 3236 iis
3121 3181 3211 3251 qui
3232 3181 3470 3252 puniun-

1897 3275 2143 3331 turzsed
2190 3274 2293 3329 hoc
2343 3274 2416 3328 ita
2460 3273 2569 3329 dixi
2613 3271 3064 3344 quemadmodum
3122 3271 3325 3327 dictum
3367 3278 3471 3335 est,

1891 3364 2035 3423 Deus
2078 3374 2295 3419 mortem
2333 3381 2439 3418 non
2464 3364 2584 3435 fecit
2611 3363 2761 3437 (Sap.
2796 3381 2835 3428 ι,
2866 3362 2977 3434 15),
3010 3379 3135 3419 eum
3170 3363 3296 3418 alibi
3327 3363 3467 3419 scri-

1892 3464 2040 3526 ptum
2071 3455 2178 3510 sit:
2203 3453 2347 3510 Mors
2376 3463 2423 3509 et
2458 3454 2560 3510 vita
2589 3472 2623 3509 a
2664 3453 2887 3509 Domino
2917 3453 3027 3508 Deo
3054 3463 3128 3509 est
3158 3452 3350 3526 (Eccli.
3380 3469 3462 3521 ιι,

1893 3545 2004 3613 14).
2037 3544 2298 3600 Malorum
2333 3560 2462 3616 ergo
2488 3560 2653 3616 pmna
2681 3560 2801 3615 quae
2824 3560 2853 3599 a
2884 3544 2994 3599 Deo
3017 3554 3120 3611 est,
3150 3544 3350 3598 malum
3385 3553 3473 3599 est

1895 3638 2114 3709 quidem
2144 3636 2323 3703 malis,
2359 3638 2453 3692 sed
2483 3637 2539 3691 in
2573 3636 2730 3692 bonis
2768 3635 2865 3689 Dei
2909 3635 3163 3705 operibus
3203 3642 3305 3699 est,
3336 3648 3474 3704 quo-

1894 3728 2039 3783 niam
2057 3725 2264 3797 justum
2293 3735 2379 3781 est
2404 3733 2464 3781 ut
2486 3724 2615 3779 mali
2644 3725 2958 3795 puniantur,
2982 3732 3040 3779 et
3060 3724 3247 3793 utique
3268 3722 3474 3779 bonum

1890 3828 1977 3875 est
2003 3834 2164 3874 omne
2187 3819 2329 3888 quod
2345 3817 2548 3888 justum
2573 3815 2702 3888 est.]

1961 3909 2172 3980 fldem
2216 3908 2270 3962 in
2311 3909 2450 3962 libro
2498 3908 2861 3976 Quaestionum
2915 3905 3164 3963 Judicum
3198 3906 3310 3979 (qu.
3355 3903 3467 3976 15).

1893 3998 2055 4072 [Quid
2079 4006 2162 4054 est
2192 4006 2371 4053 autem
2408 3999 2552 4066 quod
2578 3997 2799 4069 angelus
2835 3997 3048 4053 Domini
3090 3999 3230 4055 inter
3272 4005 3471 4053 caetera

1892 4088 2086 4147 divinae
2117 4090 2554 4146 comminationis
2583 4091 2713 4145 dicit
2738 4107 2751 4144 :
2782 4090 2905 4144 Non
2946 4082 3195 4160 adjiciam
3223 4091 3474 4145 transmi-

1889 4199 2044 4254 grare
2062 4180 2329 4253 pupulum,
2360 4198 2513 4252 quem
2535 4182 2646 4237 dixi
2679 4183 2905 4253 ejicere;
2939 4198 3043 4236 non
3064 4183 3304 4251 auferam
3325 4197 3411 4236 eos
3436 4198 3472 4237 α

1891 4273 2035 4344 facie
2054 4282 2248 4339 vestra,
2276 4283 2323 4327 et
2352 4283 2502 4328 erunt
2532 4274 2670 4328 vobis
2696 4276 2749 4327 in
2795 4273 3088 4346 angustias,
3121 4285 3164 4327 et
3187 4273 3263 4327 dii
3289 4290 3472 4328 eorum

1890 4374 2043 4421 erunt
2070 4364 2211 4419 vobis
2245 4364 2300 4418 in
2326 4363 2637 4418 scandalum
2662 4362 2813 4434 (Iud.
2840 4380 2903 4430 ιι,
2930 4366 2986 4438 5)
3012 4382 3026 4431 ;
3059 4364 3160 4421 nisi
3191 4376 3244 4419 ut
3275 4363 3472 4419 intelli-

1890 4470 2084 4526 gamus
2127 4456 2384 4511 nonnulla
2410 4456 2573 4511 etiam
2622 4457 2687 4513 de
2732 4456 2809 4511 ira
2856 4452 2951 4511 Dei
2995 4458 3182 4513 venire
3212 4453 3473 4528 peccata?

1810 4533 1864 4594 Ῑ)
1894 4550 1968 4609 Ut
1992 4548 2140 4606 e'nini
2180 4548 2255 4605 dii
2283 4550 2547 4622 gentium,
2579 4552 2721 4607 inter
2752 4568 2886 4623 quas
2931 4569 3038 4609 non
3068 4569 3098 4608 a
3129 4569 3187 4608 se
3215 4551 3475 4609 extermi-

1894 4663 2053 4710 natus
2093 4652 2348 4709 Israelita
2401 4655 2648 4710 habitare
2702 4654 3007 4720 voluerunt,
3059 4662 3239 4709 essent
3283 4652 3363 4707 eis
3413 4650 3471 4706 in

1894 4742 2229 4810 scandalum,
2260 4741 2315 4797 id
2345 4754 2449 4811 est,
2478 4743 2718 4799 facerent
2755 4760 2850 4800 eos
2879 4742 3233 4800 scandalizari
3272 4741 3326 4795 in
3366 4738 3474 4796 Do-

1895 4834 2045 4892 mino
2082 4833 2192 4890 Deo
2223 4850 2347 4900 suo,
2369 4851 2543 4905 eoque
2579 4834 2787 4891 oﬁ'enso
2812 4836 3013 4903 vivere,
3052 4834 3339 4904 indignans
3366 4832 3474 4889 hoc

1897 4925 2262 4982 comminatus
2302 4933 2387 4979 est
2414 4923 2594 4989 Deus;
2632 4926 2773 4995 quod
2813 4932 2960 4980 certe
3004 4921 3347 4977 manifestum
3387 4930 3474 4978 est

1895 5033 2150 5090 magnum
2198 5031 2319 5073 esse
2361 5015 2692 5089 peccatum]
2718 5017 2759 5087 -ι-
2784 5016 2928 5070 Idem
2961 5014 3015 5069 in
3047 5013 3184 5069 libro
3210 5011 3477 5080 Quaestio-

1893 5128 2023 5168 num
2049 5110 2444 5167 Deuteronomii
2476 5108 2590 5183 (qu.
2620 5109 2674 5183 2)
2700 5124 2713 5164 :
2744 5108 2837 5181 [Et
2866 5106 3030 5162 noluit
3056 5106 3196 5163 Seon
3218 5122 3311 5161 rea:
3334 5104 3475 5161 Eze-

1893 5203 1994 5259 bon
2019 5204 2243 5258 transire
2268 5219 2362 5258 nos
2386 5219 2479 5274 per
2502 5204 2713 5271 ipsum;
2740 5200 2989 5271 quoniam
3009 5198 3341 5253 induraverat
3366 5196 3478 5251 Do-

1893 5295 2067 5350 minus
2096 5294 2236 5350 Deus
2268 5304 2442 5349 noster
2471 5294 2709 5364 spiritum
2740 5289 2877 5360 ejus,
2930 5300 2977 5344 et
3033 5289 3342 5359 confortavit
3384 5303 3480 5347 cor

1893 5386 2029 5457 ejus,
2075 5397 2129 5440 ut
2173 5386 2469 5443 traderetur
2512 5385 2566 5437 in
2609 5400 2801 5438 manus
2840 5391 2959 5437 tuas
2998 5384 3131 5437 sicut
3163 5383 3217 5437 in
3251 5385 3351 5438 hac
3387 5381 3475 5438 die

1894 5474 2072 5549 (Deut.
2126 5492 2188 5539 ιι,
2234 5475 2345 5545 30).
2386 5472 2510 5527 Hmc
2554 5472 2741 5528 dicens
2772 5471 3006 5544 Moyses,
3045 5473 3171 5528 dum
3216 5472 3477 5543 populum

1894 5566 2208 5637 alloquitur,
2261 5567 2369 5621 tale
2395 5564 2596 5634 aliquid
2639 5574 3028 5620 commemorat
3055 5564 3212 5635 quale
3258 5563 3477 5619 dicebat

1895 5660 1951 5717 in
1977 5659 2164 5715 Exodo
2187 5676 2200 5712 :
2229 5655 2344 5728 Ego
2364 5656 2607 5711 induravi
2627 5672 2719 5711 cor
2745 5652 3265 5727 Pltaraonis.(Exod.
3292 5669 3351 5721 ι,
3372 5654 3467 5725 1);

1894 5762 1955 5812 et
1987 5751 2131 5826 quod
2166 5751 2220 5807 in
2246 5749 2478 5811 Psalmis
2520 5748 2718 5823 legitur
2742 5763 2758 5806 :
2778 5748 3045 5807 Convertit
3070 5765 3162 5805 eor
3187 5765 3392 5818 eorum,
3415 5754 3481 5804 ut
