4010 6352
562 327 697 386 1207
1555 334 1610 390 S.
1651 332 2020 390 PRUDENTII
2053 329 2433 388 TRECENSIS
2473 333 2782 391 EPISCOPI
3691 344 3836 400 {208

555 443 786 498 odissent
825 442 1072 514 populum
1111 445 1225 515 ejus
1254 445 1423 516 (Psal.
1469 462 1573 512 crv,
1611 447 1725 518 25).
1768 447 1878 504 Nec
1925 456 2132 502 tacetur
2158 449 2469 515 Aputasse.
2521 447 2746 504 Peccata
2793 464 2825 504 a
2874 451 2986 506 Deo
3032 467 3141 507 non
3192 468 3315 510 esse
3362 455 3549 512 nullus
3578 459 3838 532 ambigit,

461 609 469 615 _
556 539 648 595 hic
667 554 830 595 causa
856 539 1212 594 indurationis
1242 539 1400 607 hujus
1423 556 1544 595 cum
1575 540 1794 608 dicitur,
1817 551 1874 596 ut
1899 541 2133 596 tradere-

555 641 645 685 tur
669 649 722 686 in
749 647 937 686 manus
973 641 1114 698 tuas,
1141 633 1274 686 sicut
1307 634 1360 686 in
1390 633 1486 686 hac
1510 633 1613 699 die,
1645 635 1698 689 id
1733 642 1834 700 est,
1865 642 1924 689 ut
1944 635 2130 688 vince-

556 733 711 779 retur
732 740 762 779 a
799 733 870 790 te,
900 726 1040 794 quod
1070 739 1174 779 non
1223 725 1376 780 ﬁeret
1415 725 1518 780 nisi
1547 726 1829 781 resisteret
1856 744 1870 780 :
1899 742 2006 781 non
2037 741 2133 780 au-

557 823 668 873 tem
718 816 1018 882 resisteret,
1051 817 1152 872 nisi
1195 817 1358 872 corde
1394 817 1678 873 obdurato.
1711 817 1877 887 Cujus
1917 819 1993 873 rei
2037 819 2129 889 ju-

556 907 759 962 stitiam
785 907 830 962 si
855 908 1247 977 qumsierimus,
1279 910 1644 965 inscrutabilia
1673 921 1792 965 sunt
1807 912 2012 982 judicia
2035 912 2130 966 Dei

557 997 731 1072 (Rom.
766 1016 842 1066 ιι,
885 999 1011 1073 55);
1036 1001 1283 1072 iniquitas
1303 1007 1493 1069 iautem
1541 1020 1644 1059 non
1682 1015 1756 1060 est
1785 1006 1922 1077 apud
1961 1005 2129 1060 Deum

557 1089 729 1162 (Rom.
760 1107 836 1156 ιχ,
867 1091 979 1164 14).
1007 1090 1150 1148 Sane
1194 1094 1488 1150 notandum
1524 1105 1608 1150 est
1647 1096 2007 1152 confortatum
2035 1113 2129 1152 cor

551 1198 712 1254 posse
740 1184 844 1240 dici
887 1185 1051 1239 etiam
1100 1185 1153 1240 in
1186 1186 1372 1259 malo.)
1399 1187 1439 1257 οξ·
1463 1187 1605 1242 [dem
1637 1189 1690 1242 in
1731 1188 2128 1256 Quaestionibus

551 1273 724 1328 Exodi
755 1273 869 1344 (qu.
900 1274 1020 1346 145)
1049 1294 1060 1328 :
1090 1274 1181 1348 [Et
1210 1277 1522 1346 propitiatus
1548 1287 1624 1332 est
1647 1277 1904 1332 Dominus
1927 1279 1990 1332 de
2015 1295 2128 1333 mn-

551 1363 686 1427 litia,
712 1381 870 1434 quam
902 1365 1035 1419 dixit
1059 1366 1233 1434 facere
1259 1366 1450 1437 papula
1477 1385 1571 1422 suo
1600 1368 1797 1437 (Exod.
1837 1384 1983 1433 χχχι,
2015 1367 2123 1440 id).

549 1452 808 1509 Malitiam
835 1455 921 1511 hic
944 1471 1162 1526 poenam
1188 1457 1414 1528 intelligi
1437 1458 1623 1522 voluit,
1649 1459 1808 1514 sicuti
1827 1468 1938 1514 est:
1958 1459 2127 1512 zEsti-

547 1556 692 1600 mata
719 1558 795 1600 est
817 1547 1021 1601 malitia
1052 1548 1222 1602 exitus
1260 1547 1470 1602 illorum
1513 1547 1660 1620 (Sap.
1694 1565 1777 1614 ιιι,
1814 1549 1890 1619 2).
1923 1548 2126 1604 Secun-

549 1643 677 1697 dum
715 1643 856 1696 hanc
903 1641 1101 1696 dicitur
1137 1650 1192 1696 et
1235 1642 1436 1696 bonum
1462 1651 1517 1696 et
1561 1641 1760 1696 malum
1799 1658 1829 1696 a
1879 1642 1986 1696 Deo
2017 1657 2124 1696 non

549 1736 843 1791 secundum
885 1734 1171 1800 malitiam,
1195 1749 1298 1802 qua
1331 1733 1579 1788 homines
1605 1734 1728 1787 mali
1775 1744 1916 1788 sunt.
1955 1732 2124 1788 Malus

2237 552 2423 609 poenas
2459 539 2833 610 peccatoribus
2879 542 2965 597 vel
3025 542 3198 600 factas
3228 545 3296 600 ab
3343 547 3461 617 ipso
3507 549 3597 603 vel
3662 550 3840 609 illatas

2235 630 2414 686 omnis
2438 639 2492 686 et
2516 633 2814 687 auctoritas
2839 642 2895 688 et
2918 636 3058 690 ratio
3087 636 3424 708 comprobat.
3463 640 3549 695 Ac
3574 657 3682 711 per
3712 643 3837 712 hoc,

2235 722 2375 778 sicut
2412 734 2469 778 et
2503 725 2753 795 superius
2796 741 2862 780 ex
2901 727 3078 782 verbis
3117 729 3258 784 beati
3303 731 3598 802 Augustini
3655 737 3839 804 posui-

2234 829 2383 878 mus,
2429 829 2620 870 omnes
2670 824 3014 884 peccatorum
3063 833 3237 886 paena:
3280 819 3436 875 bona:
3490 832 3662 888 sunt,
3713 827 3836 895 quia

2225 900 2386 971 justas
2413 913 2558 984 sunt.
2584 903 2757 959 Omne
2782 906 2925 959 enim
2941 903 3149 973 justum
3178 909 3400 975 bonum,
3421 911 3638 968 nullum
3655 925 3837 969 autem

2225 991 2428 1062 justum
2485 1009 2593 1049 non
2641 993 2862 1049 bonum.
2919 995 3152 1052 Proinde
3201 998 3462 1069 quidquid
3521 1017 3555 1056 a
3623 1018 3838 1058 summe

2229 1086 2373 1143 bono
2427 1095 2483 1143 et
2528 1104 2738 1144 summe
2779 1087 2932 1158 justo
2962 1101 3069 1157 est,
3099 1091 3300 1146 bonum
3343 1101 3448 1147 est.
3495 1091 3730 1149 Justum
3759 1105 3837 1150 est

2230 1185 2409 1231 autem
2432 1178 2657 1233 retribui
2678 1180 3058 1248 peccatoribus
3096 1181 3562 1250 quemadmodum
3595 1193 3662 1238 et
3682 1184 3838 1241 bonis

2229 1267 2372 1335 quod
2422 1277 2715 1322 merentur.
2771 1269 2911 1324 Vere
2963 1270 3242 1327 enimvero
3299 1287 3359 1328 se
3404 1287 3768 1346 nequaquam
3806 1289 3836 1332 ι

2228 1355 2504 1410 contrario
2534 1355 2587 1410 id
2615 1356 2700 1411 vel
2734 1357 3062 1415 intellexisse
3085 1360 3168 1415 vel
3203 1362 3448 1432 posuisse
3480 1366 3627 1419 satis
3657 1365 3834 1421 lucide

2228 1447 2562 1519 subindeque
2602 1445 2715 1520 ipse
2739 1451 2974 1519 intimat,
3003 1454 3095 1524 qui
3125 1457 3292 1512 tacito
3322 1459 3834 1527 praedestinationis

2226 1539 2490 1594 vocabulo
2521 1539 2812 1596 identidem
2849 1545 3028 1600 verbis
3078 1546 3200 1602 aliis
3242 1549 3534 1606 evidenter
3564 1553 3828 1610 inculcaL

2226 1629 2383 1696 Quid,
2414 1647 2598 1702 quaeso
2629 1642 2698 1698 te,
2728 1633 2903 1704 majus
2950 1653 3072 1694 esse
3102 1654 3293 1696 censes
3322 1643 3740 1712 praedestinane
3765 1661 3832 1701 an

2226 1720 2450 1775 facere?
2493 1720 2694 1793 Nempe
2722 1723 2805 1778 vel
2845 1741 3059 1797 semper
3097 1728 3184 1785 vel
3225 1745 3363 1799 pene
3406 1747 3641 1803 semper
3669 1733 3830 1791 verba

547 1827 692 1881 enim
731 1827 873 1880 Deus
915 1840 1023 1881 non
1060 1835 1162 1891 est,
1214 1825 1308 1879 sed
1356 1824 1512 1878 malis
1553 1823 1749 1893 ingerit
1793 1823 1954 1887 mala,
1988 1823 2113 1891 quia

2223 1810 2466 1881 Apostoli
2519 1814 2850 1872 interserens
2894 1817 3082 1889 (Rom.
3123 1821 3354 1892 ",22),
3398 1823 3466 1878 de
3518 1825 3679 1879 vasis
3715 1826 3828 1893 ira,

537 1919 718 1989 justus
768 1917 895 1990 est.]
934 1919 975 1988 ἰ’
1021 1918 1078 1971 In
1124 1916 1309 1971 eodem
1351 1915 1464 1986 (qu.
1511 1913 1632 1984 H8)
1663 1932 1676 1969 :
1709 1913 1924 1985 [Merito
1973 1927 2120 1981 qua:-

544 2012 687 2066 ritur
740 2028 861 2066 cum
930 2009 1176 2079 superius
1246 2007 1499 2077 populum
1579 2007 1868 2076 dissipasse
1940 2004 2115 2060 dictus

541 2104 612 2158 sit
663 2103 884 2167 Aaron,
930 2117 1026 2154 cur
1072 2100 1126 2154 in
1183 2099 1358 2169 ipsum
1414 2097 1651 2152 vindicta
1705 2095 1847 2150 nulla
1899 2111 2120 2166 proces-

541 2195 692 2257 serit,
719 2209 893 2263 ncque
920 2209 1042 2248 cum
1084 2191 1293 2262 Moyses
1322 2190 1549 2244 interﬁci
1587 2188 1750 2258 jussit
1777 2204 1994 2244 omnem
2025 2189 2116 2257 qui

539 2285 744 2340 Levitis
769 2285 1023 2339 euntibus
1055 2284 1121 2337 ad
1153 2291 1362 2353 portam
1391 2290 1445 2336 et
1475 2281 1820 2336 redeuntibus
1854 2281 2120 2335 occurris-

541 2387 626 2432 set
678 2377 939 2441 armatis;
977 2390 1152 2445 neque
1206 2388 1328 2428 cum
1373 2382 1556 2442 postea
1603 2370 1803 2426 factum
1849 2380 1933 2426 est
1974 2373 2117 2441 quod

539 2465 818 2537 Scriptura
845 2465 976 2520 dicit
1001 2465 1100 2519 :Et
1127 2463 1378 2535 percussit
1399 2462 1655 2517 Dominus
1681 2461 1927 2532 populum
1949 2474 1974 2502 α
2000 2479 2116 2532 pro-

535 2569 649 2628 pter
687 2558 946 2628 facturam
973 2557 1125 2611 vituli
1151 2573 1299 2627 quem
1346 2555 1468 2624 fecit
1494 2557 1692 2620 Aaron,
1722 2554 1954 2609 maxime
1987 2554 2115 2624 quia

536 2656 590 2702 et
611 2649 698 2702 hic
723 2649 827 2703 hoc
857 2646 997 2702 idem
1026 2645 1316 2716 repetendo
1343 2644 1671 2698 inculcatum
1696 2653 1796 2699 est.
1826 2642 1940 2698 Non
1970 2643 2112 2698 enim

537 2737 739 2792 dictum
782 2745 904 2792 est:
937 2735 1005 2790 Et
1040 2736 1294 2806 percussit
1322 2734 1579 2789 Dominus
1619 2732 1866 2804 populum
1908 2744 2115 2804 propter

537 2829 798 2896 facturam
819 2827 972 2882 vituli
1000 2844 1151 2896 quem
1173 2827 1426 2896 fecerunt,
1459 2825 1552 2881 sed
1580 2841 1732 2896 quem
1752 2825 1873 2894 fecit
1899 2825 2111 2880 Aaron:

534 2929 591 2973 et
621 2930 798 2974 tamen
827 2933 934 2972 non
957 2927 1040 2973 est
1078 2932 1368 2986 percussus
1391 2917 1601 2980 Aaron;
1631 2915 1759 2985 quin
1788 2915 1950 2969 etiam
1984 2915 2112 2970 illud

534 3011 676 3079 quod
715 3012 780 3065 de
825 3008 1126 3087 sacerdotio
1167 3006 1282 3077 ejus
1321 3015 1447 3062 ante
1492 3014 1770 3078 peccaturo
1815 3005 1932 3075 ejus
1971 3004 2112 3061 Deus

532 3102 880 3170 praecipiebat
914 3099 1188 3169 impletum
1221 3107 1322 3154 est.
1355 3097 1460 3154 Sed
1484 3097 1645 3166 jussit
1671 3107 1725 3152 et
1751 3097 1923 3167 ipsum
1959 3105 2014 3151 et
2043 3097 2105 3151 li-

2220 1906 2538 1974 praeparatis
2567 1906 2651 1960 vel
2679 1908 2819 1976 aptis
2845 1909 2911 1963 ad
2946 1910 3247 1977 interitum,
3278 1915 3505 1983 perfecti
3543 1930 3650 1970 seu
3703 1918 3831 1985 (acti

2221 1995 2484 2048 vocabulo
2527 1997 2719 2062 utitur,
2752 2005 2810 2051 ut
2837 1999 3088 2054 innueret
3123 2015 3183 2056 se
3211 2017 3492 2072 nunquam
3535 2007 3829 2076 praedesti-

2221 2084 2458 2140 nationis
2505 2086 2956 2157 signilicationem
3004 2105 3033 2143 a
3082 2093 3359 2148 contrario
3405 2095 3665 2151 sensisse
3715 2099 3828 2153 sive

2219 2169 2507 2245 protulisse
2533 2195 2546 2230 :
2576 2179 2718 2233 unde
2762 2187 2816 2234 et
2845 2181 2899 2235 in
2949 2181 3088 2237 libro
3117 2184 3184 2238 de
3211 2184 3445 2241 Civitate
3495 2188 3597 2241 Dei
3631 2190 3824 2258 quinto

2219 2266 2462 2332 decimo,
2523 2267 2596 2322 ita
2663 2268 2872 2324 locutus
2929 2280 3012 2326 est
3063 2272 3394 2343 Augustinus
3456 2274 3634 2346 (cap.
3705 2281 3821 2346 l):

2221 2353 2410 2426 [Sicut
2445 2357 2586 2411 enim
2631 2358 2682 2412 iu
2723 2375 2831 2415 uno
2865 2361 3106 2429 homine,
3137 2365 3280 2434 quod
3323 2365 3462 2419 dixit
3495 2368 3820 2437 Apostolus,

2217 2450 2525 2518 experimur
2567 2452 2692 2521 quia
2734 2469 2836 2507 non
2873 2456 3100 2523 primum
3124 2456 3264 2527 quod
3302 2458 3551 2529 spiritale
3595 2471 3702 2524 est,
3731 2464 3820 2516 sed

2214 2541 2352 2610 quod
2403 2542 2652 2608 animale,
2701 2554 2877 2614 postea
2921 2545 3158 2616 spiritale
3225 2546 3292 2619 (1
3318 2546 3467 2612 ,Cor.
3528 2566 3632 2616 xv,
3676 2551 3822 2625 ‘6);

2215 2631 2358 2686 unde
2409 2634 2799 2704 unusquisque,
2840 2638 3096 2707 quoniam
3124 2653 3191 2694 ex
3224 2640 3482 2696 damnata
3512 2648 3824 2715 propagine

2214 2725 2474 2790 exoritur,
2523 2727 2701 2797 primo
2745 2729 2814 2783 sit
2862 2744 3085 2785 necesse
3133 2739 3218 2786 est
3267 2747 3335 2787 ex
3386 2732 3574 2788 Adam
3639 2737 3818 2790 malus

2214 2826 2376 2885 atque
2400 2817 2668 2885 carnalis;
2699 2821 2842 2890 quod
2869 2821 2914 2876 si
2953 2821 3007 2876 in
3038 2821 3256 2878 Christo
3295 2829 3648 2883 renascendo
3691 2845 3820 2900 pro-

2212 2905 2424 2971 fecerit,
2453 2909 2654 2978 poterit
2697 2924 2818 2966 esse
2857 2909 2994 2982 [αι.
3017 2923 3203 2982 postea
3231 2913 3370 2988 erit]
3401 2918 3591 2974 bonus
3622 2930 3684 2976 et
3709 2924 3820 2992 spi.

2215 2994 2389 3049 ritalis
2417 3012 2430 3049 :
2462 2996 2542 3052 sic
2568 2997 2622 3050 in
2648 2997 2904 3054 universo
2923 3013 3120 3070 genere
3145 3002 3385 3059 humano
3413 3020 3545 3060 cum
3573 3009 3817 3076 primum

2214 3086 2333 3142 duae
2361 3089 2478 3143 ista:
2523 3099 2810 3160 creperum
2855 3094 3125 3148 nascendo
3153 3101 3314 3165 atque
3351 3098 3654 3154 moriendo
3690 3117 3816 3171 pro-

536 3167 637 3243 lios
669 3167 832 3254 ablui,
871 3198 925 3244 et
956 3167 1035 3244 sic
1057 3188 1288 3244 ordinati
1317 3197 1442 3243 sunt
1464 3188 1518 3242 in
1553 3187 1873 3242 sacerdotio.
1906 3189 1982 3241 Ita
2012 3202 2111 3242 no-
2140 3167 2186 3231 C
2218 3195 2435 3236 currere
2457 3181 2725 3249 οίνίιειιθεν
2749 3183 2901 3254 Prius
2929 3197 3013 3240 εει
3037 3195 3194 3242 "ams
3214 3187 3348 3244 CiViS
3375 3189 3546 3258 huius
3593 3167 3814 3260 εωίτιιΙῖς

533 3283 610 3334 vit
635 3281 721 3334 ille
743 3282 825 3335 cui
849 3289 1034 3350 parcat
1052 3297 1222 3350 usque
1243 3281 1308 3335 ad
1325 3281 1798 3335 commutationem
1822 3281 1875 3335 in
1893 3281 2110 3350 melius;

535 3385 590 3430 et
615 3377 698 3429 cui
727 3383 915 3444 parcat
939 3375 1003 3428 ad
1031 3383 1262 3444 tempus,
1293 3373 1539 3444 quamvis
1573 3388 1693 3428 eum
1730 3375 2026 3442 przescierit
2059 3377 2115 3430 in

534 3464 729 3519 melius
758 3478 862 3518 non
891 3463 1084 3517 mutari
1109 3477 1122 3514 :
1146 3470 1200 3516 et
1230 3462 1317 3517 cui
1344 3478 1449 3517 non
1483 3470 1669 3531 parcat
1713 3471 1772 3516 ut
1802 3471 2039 3517 mutetur
2059 3463 2116 3516 in

533 3555 742 3620 melius,
771 3564 826 3609 et
848 3554 931 3622 cui
954 3570 1060 3608 non
1081 3561 1286 3622 parcat,
1313 3553 1387 3608 ita
1408 3561 1466 3608 ut
1486 3553 1610 3607 vita:
1636 3552 1984 3608 mutationem
1998 3553 2115 3623 ejus

531 3653 834 3716 exspectet;
859 3654 912 3700 et
932 3645 1034 3700 hoc
1054 3653 1224 3700 totum
1247 3644 1314 3698 ad
1341 3643 1392 3698 id
1407 3643 1547 3698 redit
1567 3644 1708 3714 quod
1728 3643 2013 3712 Apostolus
2035 3644 2116 3699 di-

531 3742 604 3794 cit
643 3741 952 3795 exclamans
980 3758 993 3794 :
1018 3738 1189 3806 Quam
1216 3737 1574 3794 inscrutabilia
1604 3748 1724 3817 sunt
1755 3738 1972 3811 judicia,
1998 3740 2114 3810 ejus

529 3842 576 3886 et
607 3831 983 3902 investigabiles
1010 3833 1104 3887 via:
1151 3831 1298 3901 ejus!
1337 3830 1508 3904 (Rom.
1536 3847 1616 3899 χι,
1645 3832 1758 3904 55.)

1081 3961 1304 4002 ΙΟΔΝΝΕΒ
1325 3961 1547 4003 SCOTUS.

600 4040 762 4111 (Cap.
795 4041 880 4105 15,
919 4055 1066 4095 num.
1101 4040 1188 4106 10,
1227 4049 1357 4094 sect.
1399 4039 1488 4110 6.)
1517 4050 1574 4094 Θ·
1597 4039 1698 4093 Aut
1737 4042 1830 4110 per
1861 4039 2110 4094 similitu-

528 4131 701 4184 dinem
757 4130 1143 4200 prtedestinatio
1193 4147 1286 4200 pro
1339 4130 1669 4200 prtescientia
1716 4129 1967 4198 ponitur;
2017 4136 2108 4182 aut

525 4239 617 4292 per
663 4221 811 4274 illum
842 4233 1045 4292 tropum
1067 4263 1081 4286 ,
1111 4223 1199 4291 qui
1227 4221 1421 4274 dicitur
1462 4219 1758 4292 hypallage,
1791 4236 1942 4290 quem
1981 4235 2106 4290 pos-

525 4330 706 4368 sumus
737 4313 1002 4367 nominare
1023 4312 1536 4378 subalternationem,
1569 4320 1676 4366 etc.

1155 4418 1474 4459 COBRECTlO.

1988 4513 2180 4574 ..Β

523 4587 666 4654 tieri,
704 4597 763 4642 ut
802 4567 1051 4642 destinati
1081 4584 1166 4641 vel
1211 4585 1576 4656 praedestinati
1632 4586 1700 4640 ad
1742 4601 1983 4655 pmnam,
2010 4585 2096 4641 vel

521 4695 549 4730 ιι
599 4679 893 4744 contrario,
937 4677 992 4732 id
1028 4684 1111 4732 est
1154 4691 1252 4747 per
1307 4684 1516 4747 tropum
1565 4677 1656 4746 qui
1708 4677 1908 4732 dicitur
1955 4676 2096 4731 anti-

519 4770 589 4837 ph
599 4771 758 4834 rasis,
788 4769 870 4823 vel
894 4784 990 4839 per
1010 4768 1159 4823 illum
1184 4767 1276 4838 qui
1299 4777 1522 4823 vocatur
1536 4767 1817 4840 hypallage
1834 4767 2096 4822 deberent

522 4860 764 4929 intelligi.
819 4847 1056 4928 nunquid
1100 4869 1207 4914 tam
1264 4860 1432 4914 multa
1479 4860 1582 4914 alia
1635 4869 1796 4929 atque
1839 4859 1905 4913 ad
1950 4859 2094 4914 idem

516 4951 841 5019 pertinentia
874 4951 1072 5021 passim
1105 4959 1209 5005 tam
1235 4965 1333 5020 per
1358 4949 1666 5020 Scripturas
1689 4959 1906 5005 sanctas
1932 4965 2093 5019 quam

517 5041 656 5110 apud
683 5041 977 5097 catholicos
1003 5043 1249 5097 doctores
1264 5043 1628 5106 inveniuntur,
1649 5055 1713 5095 eo
1727 5041 2093 5111 detorquenda

515 5143 660 5197 sunt,
715 5146 772 5187 ut
822 5135 982 5188 simili
1029 5135 1254 5189 insaniae
1305 5134 1713 5204 supponantur?
1765 5133 1918 5200 Quod
1965 5133 2093 5202 quia

516 5223 630 5276 ﬁeri
661 5224 803 5276 nulla
837 5226 972 5278 ratio
1009 5225 1262 5294 nullaque
1299 5225 1426 5279 sinit
1469 5223 1781 5288 auctoritas,
1817 5222 2091 5277 fatendum

513 5322 600 5369 est
625 5322 678 5369 et
725 5315 934 5384 eloquia
977 5317 1153 5370 divina
1190 5325 1245 5370 et
1288 5316 1617 5370 orthodoxos
1669 5322 1986 5369 tractatores
2027 5329 2090 5368 ea

515 5403 587 5456 ita
623 5413 683 5458 ut
717 5416 973 5460 resonant
1019 5405 1362 5469 intellexisse,
1403 5408 1630 5475 Deique,
1663 5406 1866 5474 absque
1907 5405 2094 5460 nubilo

513 5497 826 5566 cujusquam
877 5498 1352 5567 interpretationis,
1399 5497 1714 5564 justissimis
1753 5494 1975 5561 judiciis
1999 5497 2094 5551 de-

587 5665 734 5736 fﬂic
790 5684 1016 5723 setssum
1074 5667 1255 5723 folium
1323 5668 1589 5736 integrum
1655 5667 1804 5722 deest
1871 5668 1923 5721 iu
1984 5683 2084 5721 ms.

520 5734 664 5803 cod.,
702 5739 796 5793 scd
827 5740 1100 5795 residuum
1141 5739 1418 5796 sententi-.e
1441 5734 1520 5796 Β.
1560 5739 1844 5812 Augustini
1886 5739 2116 5817 reposi-qq
2145 5811 2164 5817 _

2215 3273 2482 3341 posterius
2511 3272 2644 3346 [al.,
2680 3276 2978 3350 posterior]
3016 3289 3195 3334 autem
3233 3280 3339 3335 isto
3379 3283 3722 3354 peregrinus
3763 3288 3816 3343 in

2217 3360 2434 3427 saeculo,
2465 3372 2520 3417 et
2547 3365 2824 3434 pertinens
2853 3368 2921 3422 ad
2963 3368 3235 3424 civitatem
3263 3371 3380 3437 Dei,
3433 3375 3620 3443 gratia
3671 3393 3811 3447 prte-

2216 3453 2535 3520 destinatus,
2579 3459 2752 3526 gratia
2791 3459 3012 3527 electus,
3055 3463 3229 3534 gratia
3275 3465 3608 3535 peregrinus
3648 3469 3810 3525 deor-

2215 3559 2355 3610 sum,
2388 3547 2560 3616 gratia
2605 3549 2739 3604 civis
2783 3565 3018 3606 sursum.
3048 3553 3180 3607 Nam
3225 3563 3489 3625 quantum
3522 3559 3597 3612 ad
3626 3560 3806 3630 ipsum

2215 3634 2430 3701 attinet,
2458 3651 2522 3691 ex
2553 3637 2742 3692 eadem
2784 3655 2961 3696 massa
2991 3651 3162 3708 ortus,
3187 3659 3308 3714 qua:
3346 3647 3702 3718 originaliter
3729 3660 3807 3706 est

2213 3732 2324 3778 tota
2363 3726 2613 3782 damnata
2654 3745 2668 3781 :
2709 3729 2801 3784 sed
2844 3739 3021 3787 tamen
3061 3732 3188 3806 [al.,
3242 3737 3554 3811 tanquam]
3607 3741 3804 3810 ﬁgulus

2212 3815 2356 3872 Deus
2382 3817 2560 3889 (hanc
2604 3821 2748 3875 enim
2790 3823 3220 3892 similitudinem,
3269 3843 3377 3883 non
3426 3830 3802 3902 impudenter,

2211 3909 2306 3963 sed
2334 3909 2630 3978 prudenter
2648 3913 2939 3968 introducit
2967 3915 3286 3988 Apostolus)
3307 3933 3372 3972 ex
3401 3921 3600 3974 eadem
3618 3937 3802 3976 massa

2211 3999 2339 4055 fecit
2377 4000 2520 4056 aliud
2563 4018 2658 4057 vas
2705 4004 2758 4058 in
2801 4005 3081 4072 honorem,
3121 4008 3266 4063 aliud
3307 4009 3362 4064 in
3404 4011 3800 4068 contumelia

2211 4091 2393 4162 (Rom.
2421 4109 2498 4161 ιι,
2534 4093 2658 4165 21).
2693 4096 2851 4152 Prius
2895 4107 3074 4154 autem
3116 4099 3320 4157 factum
3342 4112 3428 4158 est
3447 4119 3552 4159 vas
3576 4106 3636 4161 il
3663 4122 3800 4162 con-

2209 4181 2505 4250 tumeliam,
2554 4194 2739 4254 postea
2775 4202 2908 4242 vero
2941 4187 3170 4244 alterum
3219 4192 3274 4246 in
3323 4193 3595 4250 honorem
3624 4215 3639 4250 :
3669 4198 3798 4270 quia

2206 4285 2260 4332 et
2280 4277 2335 4332 in
2357 4277 2474 4348 ipso
2495 4293 2620 4342 uno,
2651 4279 2793 4334 sicut
2822 4280 2935 4352 jam
2965 4281 3099 4348 dixi,
3126 4283 3342 4340 homine
3379 4287 3540 4356 prius
3578 4299 3668 4344 est
3709 4305 3798 4345 re-

2203 4367 2452 4440 probum,
2469 4369 2608 4423 unde
2621 4384 2841 4425 necesse
2852 4379 2935 4426 est
2949 4371 3286 4444 incipiamus,
3303 4377 3459 4432 etubi
3473 4393 3587 4434 non
3602 4391 3692 4437 est
3703 4397 3799 4438 ne-

2206 4473 2358 4514 cesse
2371 4466 2430 4513 ut
2443 4475 2837 4516 remaneamus.
2855 4460 3129 4519 Posterius
3141 4479 3271 4520 vero
3285 4465 3536 4535 probum,
3553 4486 3667 4540 quo
3679 4488 3798 4542 pro-

2203 4549 2445 4604 ﬁcientes
2474 4551 2777 4617 veniamus,
2802 4560 2856 4606 et
2885 4567 2992 4622 quo
3011 4555 3385 4623 pervenientes
3415 4561 3795 4633 maneamus].

2274 4659 2315 4730 -ι-
2338 4659 2478 4714 Idem
2501 4661 2554 4714 in
2581 4660 2718 4717 libro
2737 4663 2802 4718 de
2819 4661 3026 4734 Nuptiis
3040 4675 3096 4720 et
3113 4664 3562 4738 Concupiscentia
3593 4670 3717 4741 (lib.
3735 4688 3794 4736 ιι,

2200 4764 2317 4821 cap.
2333 4751 2424 4816 28,
2441 4751 2531 4823 29)
2562 4771 2574 4805 :
2607 4752 2768 4823 [Quid
2788 4769 2914 4825 ergo
2926 4757 3160 4825 estquod
3182 4757 3346 4812 dicit:
3367 4756 3427 4812 Si
3438 4769 3640 4813 natura
3661 4779 3796 4830 opus

2199 4853 2274 4898 est
2295 4843 2410 4907 Dei,
2430 4861 2523 4915 per
2535 4862 2662 4915 opus
2684 4845 2781 4898 Dei
2812 4863 2939 4915 opus
2968 4848 3164 4902 diaboli
3189 4851 3412 4904 transire
3441 4867 3548 4904 non
3571 4851 3790 4906 sinitur.

2201 4933 2389 4991 Nonne
2401 4950 2534 5004 opus
2547 4936 2761 4998 diaboli,
2777 4938 2991 5005 quando
3005 4939 3237 5007 primum
3255 4940 3306 4994 in
3331 4939 3545 5010 angelo,
3565 4943 3659 5010 qui
3681 4943 3798 4995 dia-

2201 5027 2356 5081 bolus
2380 5026 2555 5082 factus
2590 5037 2674 5083 est
2709 5037 2887 5083 ortum
2915 5038 3016 5095 est,
3043 5031 3096 5085 in
3123 5046 3285 5100 opere
3315 5032 3408 5086 Dei
3434 5042 3622 5088 ortum
3661 5037 3794 5088 est?

2201 5117 2540 5188 Quapropter
2560 5119 2603 5173 si
2635 5119 2852 5184 malum,
2877 5120 3019 5190 quod
3041 5122 3260 5176 omnino
3272 5137 3540 5192 nusquam
3565 5135 3713 5186 erat,
3741 5127 3794 5178 in

2200 5208 2293 5264 Dei
2321 5225 2482 5280 opere
2512 5211 2638 5265 oriri
2672 5212 2994 5281 potuit,'cur
3021 5214 3244 5277 malum,
3269 5214 3412 5282 quod
3451 5213 3652 5268 alicubi
3672 5214 3791 5281 jam

2200 5309 2336 5363 erat,
2365 5315 2461 5368 per
2494 5315 2628 5370 opus
2674 5301 2768 5356 Dei
2791 5303 3022 5358 transire
3072 5318 3179 5357 non
3228 5305 3423 5372 patuit,
3475 5307 3792 5374 prmsertim

2169 5406 2322 5447 .cum
2351 5391 2468 5460 ipso
2506 5391 2671 5446 verbo
2705 5400 2886 5447 utatur
2925 5392 3212 5463 Apostolus
3236 5393 3460 5448 dicens:
3489 5393 3560 5446 Et
3609 5397 3689 5448 ita
3737 5397 3793 5448 in

2200 5496 2375 5535 omnes
2418 5481 2652 5537 homines
2692 5482 2992 5554 pertransiit
3022 5480 3203 5552 (Rom.
3246 5499 3299 5551 v,
3347 5483 3470 5554 12).
3524 5483 3793 5556 Nunquid

2198 5676 2334 5731 tum,
2369 5681 2489 5721 cum
2537 5666 2788 5736 pericope
2817 5664 3036 5721 Joannis
3068 5661 3216 5719 Scoti
3247 5677 3368 5734 qua:
3409 5661 3468 5718 in
3508 5662 3789 5733 sequendo

2189 5737 2300 5795 rbus
2327 5738 2638 5809 corrigitur.
