  <div class='ocr_page' id='page_1' title='image "/cluster/home/n/w/nwhite01/storage/ocr_20150623/115/hvd.32044015466873/608.png"; bbox 0 0 4010 6352; ppageno 0'>
   <div class='ocr_carea' id='block_1_1' title="bbox 204 405 345 466">
    <p class='ocr_par' dir='ltr' id='par_1_1' title="bbox 204 405 345 466">
     <span class='ocr_line' id='line_1_1' title="bbox 204 405 345 466; baseline 0.007 -1"><span class='ocrx_word' id='word_1_1' title='bbox 204 405 345 466; x_wconf 71' lang='grc'><strong>1209</strong></span> 
     </span>
    </p>
   </div>
   <div class='ocr_carea' id='block_1_2' title="bbox 1057 398 2596 466">
    <p class='ocr_par' dir='ltr' id='par_1_2' title="bbox 1057 398 2596 466">
     <span class='ocr_line' id='line_1_2' title="bbox 1057 398 2596 466; baseline 0.003 -6"><span class='ocrx_word' id='word_1_2' title='bbox 1057 403 1144 460; x_wconf 88' lang='lat' dir='ltr'><strong>DE</strong></span> <span class='ocrx_word' id='word_1_3' title='bbox 1179 398 1851 462; x_wconf 69' lang='lat' dir='ltr'><strong>PRAEDESTlNATIONE</strong></span> <span class='ocrx_word' id='word_1_4' title='bbox 1887 401 2164 463; x_wconf 77' lang='lat' dir='ltr'><strong>CONTRA</strong></span> <span class='ocrx_word' id='word_1_5' title='bbox 2201 403 2250 463; x_wconf 87' lang='lat' dir='ltr'><strong>J.</strong></span> <span class='ocrx_word' id='word_1_6' title='bbox 2293 403 2596 466; x_wconf 75' lang='lat' dir='ltr'><strong>SCOTUM.</strong></span> 
     </span>
    </p>
   </div>
   <div class='ocr_carea' id='block_1_3' title="bbox 3326 411 3462 472">
    <p class='ocr_par' dir='ltr' id='par_1_3' title="bbox 3326 411 3462 472">
     <span class='ocr_line' id='line_1_3' title="bbox 3326 411 3462 472; baseline 0.015 -2"><span class='ocrx_word' id='word_1_7' title='bbox 3326 411 3462 472; x_wconf 62' lang='lat' dir='ltr'><strong>ﬁll)</strong></span> 
     </span>
    </p>
   </div>
   <div class='ocr_carea' id='block_1_4' title="bbox 204 514 3462 602">
    <p class='ocr_par' dir='ltr' id='par_1_4' title="bbox 204 514 3462 602">
     <span class='ocr_line' id='line_1_4' title="bbox 204 514 3462 602; baseline 0.002 -28"><span class='ocrx_word' id='word_1_8' title='bbox 204 519 454 580; x_wconf 78' lang='lat' dir='ltr'><strong>homines</strong></span> <span class='ocrx_word' id='word_1_9' title='bbox 477 531 584 572; x_wconf 89' lang='lat' dir='ltr'><strong>non</strong></span> <span class='ocrx_word' id='word_1_10' title='bbox 614 525 740 571; x_wconf 89' lang='lat' dir='ltr'><strong>sunt</strong></span> <span class='ocrx_word' id='word_1_11' title='bbox 766 530 900 585; x_wconf 87' lang='lat' dir='ltr'><strong>opus</strong></span> <span class='ocrx_word' id='word_1_12' title='bbox 949 514 1093 602; x_wconf 61' lang='lat' dir='ltr'><strong>Dei?</strong></span> <span class='ocrx_word' id='word_1_13' title='bbox 1136 514 1462 570; x_wconf 86' lang='lat' dir='ltr'><strong>Pertransiit</strong></span> <span class='ocrx_word' id='word_1_14' title='bbox 1499 531 1628 587; x_wconf 88' lang='lat' dir='ltr'><strong>ergo</strong></span> <span class='ocrx_word' id='word_1_15' title='bbox 1661 531 1785 587; x_wconf 87' lang='lat' dir='ltr'><strong>pec-</strong></span> <span class='ocrx_word' id='word_1_16' title='bbox 1811 523 1861 579; x_wconf 81' lang='grc' dir='ltr'>Α</span> <span class='ocrx_word' id='word_1_17' title='bbox 1888 519 2152 588; x_wconf 77' lang='lat' dir='ltr'><strong>gubernat</strong></span> <span class='ocrx_word' id='word_1_18' title='bbox 2175 535 2394 589; x_wconf 89' lang='lat' dir='ltr'><strong>aquam,</strong></span> <span class='ocrx_word' id='word_1_19' title='bbox 2431 522 2571 576; x_wconf 82' lang='lat' dir='ltr'><strong>sicut</strong></span> <span class='ocrx_word' id='word_1_20' title='bbox 2599 521 2858 591; x_wconf 90' lang='lat' dir='ltr'><strong>scriptum</strong></span> <span class='ocrx_word' id='word_1_21' title='bbox 2899 530 2983 578; x_wconf 89' lang='lat' dir='ltr'><strong>est</strong></span> <span class='ocrx_word' id='word_1_22' title='bbox 3015 521 3179 594; x_wconf 88' lang='lat' dir='ltr'><strong>(Luc.</strong></span> <span class='ocrx_word' id='word_1_23' title='bbox 3218 539 3338 592; x_wconf 79' lang='lat' dir='ltr'><strong>vni,</strong></span> <span class='ocrx_word' id='word_1_24' title='bbox 3367 526 3462 591; x_wconf 73' lang='grc'><strong>24,</strong></span> 
     </span>
    </p>
   </div>
   <div class='ocr_carea' id='block_1_5' title="bbox 205 609 1785 682">
    <p class='ocr_par' dir='ltr' id='par_1_5' title="bbox 205 609 1785 682">
     <span class='ocr_line' id='line_1_5' title="bbox 205 609 1785 682; baseline -0.003 -10"><span class='ocrx_word' id='word_1_25' title='bbox 205 624 389 673; x_wconf 88' lang='lat' dir='ltr'><strong>catum</strong></span> <span class='ocrx_word' id='word_1_26' title='bbox 418 627 514 682; x_wconf 90' lang='lat' dir='ltr'><strong>per</strong></span> <span class='ocrx_word' id='word_1_27' title='bbox 539 609 803 675; x_wconf 87' lang='lat' dir='ltr'><strong>homines,</strong></span> <span class='ocrx_word' id='word_1_28' title='bbox 841 609 941 664; x_wconf 89' lang='lat' dir='ltr'><strong>hoc</strong></span> <span class='ocrx_word' id='word_1_29' title='bbox 968 619 1053 666; x_wconf 88' lang='lat' dir='ltr'><strong>est</strong></span> <span class='ocrx_word' id='word_1_30' title='bbox 1091 627 1226 681; x_wconf 92' lang='lat' dir='ltr'><strong>opus</strong></span> <span class='ocrx_word' id='word_1_31' title='bbox 1281 611 1476 666; x_wconf 88' lang='lat' dir='ltr'><strong>diaboli</strong></span> <span class='ocrx_word' id='word_1_32' title='bbox 1521 626 1618 680; x_wconf 89' lang='lat' dir='ltr'><strong>per</strong></span> <span class='ocrx_word' id='word_1_33' title='bbox 1651 627 1785 681; x_wconf 91' lang='lat' dir='ltr'><strong>opus</strong></span> 
     </span>
    </p>
   </div>
   <div class='ocr_carea' id='block_1_6' title="bbox 204 702 1782 775">
    <p class='ocr_par' dir='ltr' id='par_1_6' title="bbox 204 702 1782 775">
     <span class='ocr_line' id='line_1_6' title="bbox 204 702 1782 775; baseline -0.003 -12"><span class='ocrx_word' id='word_1_34' title='bbox 204 706 341 773; x_wconf 85' lang='lat' dir='ltr'><strong>Dei;</strong></span> <span class='ocrx_word' id='word_1_35' title='bbox 370 716 533 775; x_wconf 86' lang='lat' dir='ltr'><strong>atque</strong></span> <span class='ocrx_word' id='word_1_36' title='bbox 573 711 630 758; x_wconf 90' lang='lat' dir='ltr'><strong>ut</strong></span> <span class='ocrx_word' id='word_1_37' title='bbox 653 702 757 757; x_wconf 89' lang='lat' dir='ltr'><strong>alio</strong></span> <span class='ocrx_word' id='word_1_38' title='bbox 787 704 946 758; x_wconf 92' lang='lat' dir='ltr'><strong>modo</strong></span> <span class='ocrx_word' id='word_1_39' title='bbox 978 702 1028 757; x_wconf 89' lang='lat' dir='ltr'><strong>id</strong></span> <span class='ocrx_word' id='word_1_40' title='bbox 1062 703 1234 774; x_wconf 91' lang='lat' dir='ltr'><strong>ipsum</strong></span> <span class='ocrx_word' id='word_1_41' title='bbox 1262 703 1435 758; x_wconf 90' lang='lat' dir='ltr'><strong>dicam</strong></span> <span class='ocrx_word' id='word_1_42' title='bbox 1471 703 1625 775; x_wconf 90' lang='lat' dir='ltr'><strong>(quia</strong></span> <span class='ocrx_word' id='word_1_43' title='bbox 1668 703 1782 758; x_wconf 84' lang='lat' dir='ltr'><strong>dia-</strong></span> 
     </span>
    </p>
   </div>
   <div class='ocr_carea' id='block_1_7' title="bbox 204 791 1781 868">
    <p class='ocr_par' dir='ltr' id='par_1_7' title="bbox 204 791 1781 868">
     <span class='ocr_line' id='line_1_7' title="bbox 204 791 1781 868; baseline -0.006 -13"><span class='ocrx_word' id='word_1_44' title='bbox 204 798 317 855; x_wconf 89' lang='lat' dir='ltr'><strong>boli</strong></span> <span class='ocrx_word' id='word_1_45' title='bbox 353 812 511 868; x_wconf 91' lang='lat' dir='ltr'><strong>opus,</strong></span> <span class='ocrx_word' id='word_1_46' title='bbox 565 793 618 848; x_wconf 93' lang='lat' dir='ltr'><strong>id</strong></span> <span class='ocrx_word' id='word_1_47' title='bbox 669 802 753 849; x_wconf 91' lang='lat' dir='ltr'><strong>est</strong></span> <span class='ocrx_word' id='word_1_48' title='bbox 796 802 1099 864; x_wconf 89' lang='lat' dir='ltr'><strong>peccatum,</strong></span> <span class='ocrx_word' id='word_1_49' title='bbox 1149 810 1245 864; x_wconf 88' lang='lat' dir='ltr'><strong>per</strong></span> <span class='ocrx_word' id='word_1_50' title='bbox 1288 794 1464 864; x_wconf 90' lang='lat' dir='ltr'><strong>ipsum</strong></span> <span class='ocrx_word' id='word_1_51' title='bbox 1512 791 1781 849; x_wconf 89' lang='lat' dir='ltr'><strong>diabolum</strong></span> 
     </span>
    </p>
   </div>
   <div class='ocr_carea' id='block_1_8' title="bbox 203 883 1783 956">
    <p class='ocr_par' dir='ltr' id='par_1_8' title="bbox 203 883 1783 956">
     <span class='ocr_line' id='line_1_8' title="bbox 203 883 1783 956; baseline -0.004 -13"><span class='ocrx_word' id='word_1_52' title='bbox 203 897 480 952; x_wconf 78' lang='lat' dir='ltr'><strong>exortum,</strong></span> <span class='ocrx_word' id='word_1_53' title='bbox 508 886 600 955; x_wconf 93' lang='lat' dir='ltr'><strong>qui</strong></span> <span class='ocrx_word' id='word_1_54' title='bbox 645 884 854 939; x_wconf 86' lang='lat' dir='ltr'><strong>factura</strong></span> <span class='ocrx_word' id='word_1_55' title='bbox 902 884 985 939; x_wconf 91' lang='lat' dir='ltr'><strong>vel</strong></span> <span class='ocrx_word' id='word_1_56' title='bbox 1025 899 1159 956; x_wconf 91' lang='lat' dir='ltr'><strong>opus</strong></span> <span class='ocrx_word' id='word_1_57' title='bbox 1206 893 1289 939; x_wconf 91' lang='lat' dir='ltr'><strong>est</strong></span> <span class='ocrx_word' id='word_1_58' title='bbox 1334 883 1448 949; x_wconf 89' lang='lat' dir='ltr'><strong>Dei,</strong></span> <span class='ocrx_word' id='word_1_59' title='bbox 1489 899 1584 954; x_wconf 90' lang='lat' dir='ltr'><strong>per</strong></span> <span class='ocrx_word' id='word_1_60' title='bbox 1639 883 1783 937; x_wconf 85' lang='lat' dir='ltr'><strong>aliud</strong></span> 
     </span>
    </p>
   </div>
   <div class='ocr_carea' id='block_1_9' title="bbox 203 974 1785 1050">
    <p class='ocr_par' dir='ltr' id='par_1_9' title="bbox 203 974 1785 1050">
     <span class='ocr_line' id='line_1_9' title="bbox 203 974 1785 1050; baseline -0.003 -16"><span class='ocrx_word' id='word_1_61' title='bbox 203 994 343 1050; x_wconf 89' lang='lat' dir='ltr'><strong>opus</strong></span> <span class='ocrx_word' id='word_1_62' title='bbox 371 979 486 1042; x_wconf 88' lang='lat' dir='ltr'><strong>Dei,</strong></span> <span class='ocrx_word' id='word_1_63' title='bbox 528 977 580 1032; x_wconf 93' lang='lat' dir='ltr'><strong>id</strong></span> <span class='ocrx_word' id='word_1_64' title='bbox 622 985 705 1032; x_wconf 88' lang='lat' dir='ltr'><strong>est</strong></span> <span class='ocrx_word' id='word_1_65' title='bbox 733 976 1026 1042; x_wconf 91' lang='lat' dir='ltr'><strong>hominem,</strong></span> <span class='ocrx_word' id='word_1_66' title='bbox 1056 974 1406 1046; x_wconf 90' lang='lat' dir='ltr'><strong>pertransit),</strong></span> <span class='ocrx_word' id='word_1_67' title='bbox 1428 990 1567 1046; x_wconf 93' lang='lat' dir='ltr'><strong>opus</strong></span> <span class='ocrx_word' id='word_1_68' title='bbox 1607 974 1785 1044; x_wconf 90' lang='lat' dir='ltr'><strong>operis</strong></span> 
     </span>
    </p>
   </div>
   <div class='ocr_carea' id='block_1_10' title="bbox 205 1067 1788 1144">
    <p class='ocr_par' dir='ltr' id='par_1_10' title="bbox 205 1067 1788 1144">
     <span class='ocr_line' id='line_1_10' title="bbox 205 1067 1788 1144; baseline -0.003 -15"><span class='ocrx_word' id='word_1_69' title='bbox 205 1074 304 1129; x_wconf 89' lang='lat' dir='ltr'><strong>Dei</strong></span> <span class='ocrx_word' id='word_1_70' title='bbox 331 1089 431 1144; x_wconf 89' lang='lat' dir='ltr'><strong>per</strong></span> <span class='ocrx_word' id='word_1_71' title='bbox 457 1087 592 1143; x_wconf 89' lang='lat' dir='ltr'><strong>opus</strong></span> <span class='ocrx_word' id='word_1_72' title='bbox 629 1073 744 1128; x_wconf 88' lang='lat' dir='ltr'><strong>Dei.</strong></span> <span class='ocrx_word' id='word_1_73' title='bbox 775 1071 842 1125; x_wconf 87' lang='lat' dir='ltr'><strong>Et</strong></span> <span class='ocrx_word' id='word_1_74' title='bbox 885 1071 1004 1126; x_wconf 89' lang='lat' dir='ltr'><strong>ideo</strong></span> <span class='ocrx_word' id='word_1_75' title='bbox 1040 1071 1180 1126; x_wconf 89' lang='lat' dir='ltr'><strong>Deus</strong></span> <span class='ocrx_word' id='word_1_76' title='bbox 1219 1078 1304 1126; x_wconf 92' lang='lat' dir='ltr'><strong>est</strong></span> <span class='ocrx_word' id='word_1_77' title='bbox 1347 1069 1496 1125; x_wconf 90' lang='lat' dir='ltr'><strong>solus</strong></span> <span class='ocrx_word' id='word_1_78' title='bbox 1535 1067 1788 1124; x_wconf 86' lang='lat' dir='ltr'><strong>immuta-</strong></span> 
     </span>
    </p>
   </div>
   <div class='ocr_carea' id='block_1_11' title="bbox 204 1160 1786 1233">
    <p class='ocr_par' dir='ltr' id='par_1_11' title="bbox 204 1160 1786 1233">
     <span class='ocr_line' id='line_1_11' title="bbox 204 1160 1786 1233; baseline -0.003 -14"><span class='ocrx_word' id='word_1_79' title='bbox 204 1163 351 1229; x_wconf 85' lang='lat' dir='ltr'><strong>bilis,</strong></span> <span class='ocrx_word' id='word_1_80' title='bbox 395 1172 449 1218; x_wconf 91' lang='lat' dir='ltr'><strong>et</strong></span> <span class='ocrx_word' id='word_1_81' title='bbox 491 1161 880 1233; x_wconf 61' lang='lat' dir='ltr'><strong>potentissimae</strong></span> <span class='ocrx_word' id='word_1_82' title='bbox 925 1161 1204 1228; x_wconf 85' lang='lat' dir='ltr'><strong>bonitatis,</strong></span> <span class='ocrx_word' id='word_1_83' title='bbox 1255 1160 1348 1230; x_wconf 93' lang='lat' dir='ltr'><strong>qui</strong></span> <span class='ocrx_word' id='word_1_84' title='bbox 1393 1169 1447 1214; x_wconf 90' lang='lat' dir='ltr'><strong>et</strong></span> <span class='ocrx_word' id='word_1_85' title='bbox 1495 1167 1786 1230; x_wconf 84' lang='lat' dir='ltr'><strong>antequam</strong></span> 
     </span>
    </p>
   </div>
   <div class='ocr_carea' id='block_1_12' title="bbox 203 1252 1786 1326">
    <p class='ocr_par' dir='ltr' id='par_1_12' title="bbox 203 1252 1786 1326">
     <span class='ocr_line' id='line_1_12' title="bbox 203 1252 1786 1326; baseline -0.004 -12"><span class='ocrx_word' id='word_1_86' title='bbox 203 1269 349 1314; x_wconf 87' lang='lat' dir='ltr'><strong>esset</strong></span> <span class='ocrx_word' id='word_1_87' title='bbox 373 1257 538 1311; x_wconf 90' lang='lat' dir='ltr'><strong>ullum</strong></span> <span class='ocrx_word' id='word_1_88' title='bbox 583 1255 805 1321; x_wconf 89' lang='lat' dir='ltr'><strong>malum,</strong></span> <span class='ocrx_word' id='word_1_89' title='bbox 843 1256 984 1310; x_wconf 92' lang='lat' dir='ltr'><strong>bona</strong></span> <span class='ocrx_word' id='word_1_90' title='bbox 1030 1269 1194 1326; x_wconf 86' lang='lat' dir='ltr'><strong>opera</strong></span> <span class='ocrx_word' id='word_1_91' title='bbox 1239 1253 1370 1309; x_wconf 89' lang='lat' dir='ltr'><strong>fecit</strong></span> <span class='ocrx_word' id='word_1_92' title='bbox 1405 1252 1608 1318; x_wconf 88' lang='lat' dir='ltr'><strong>omnia,</strong></span> <span class='ocrx_word' id='word_1_93' title='bbox 1637 1259 1692 1307; x_wconf 92' lang='lat' dir='ltr'><strong>et</strong></span> <span class='ocrx_word' id='word_1_94' title='bbox 1721 1253 1786 1308; x_wconf 92' lang='lat' dir='ltr'><strong>de</strong></span> 
     </span>
    </p>
   </div>
   <div class='ocr_carea' id='block_1_13' title="bbox 204 1345 1816 1419">
    <p class='ocr_par' dir='ltr' id='par_1_13' title="bbox 204 1345 1816 1419">
     <span class='ocr_line' id='line_1_13' title="bbox 204 1345 1816 1419; baseline -0.003 -15"><span class='ocrx_word' id='word_1_95' title='bbox 204 1348 365 1404; x_wconf 90' lang='lat' dir='ltr'><strong>malis</strong></span> <span class='ocrx_word' id='word_1_96' title='bbox 387 1363 506 1419; x_wconf 67' lang='lat' dir='ltr'><strong>qum</strong></span> <span class='ocrx_word' id='word_1_97' title='bbox 539 1348 592 1403; x_wconf 93' lang='lat' dir='ltr'><strong>in</strong></span> <span class='ocrx_word' id='word_1_98' title='bbox 617 1347 773 1404; x_wconf 91' lang='lat' dir='ltr'><strong>bonis</strong></span> <span class='ocrx_word' id='word_1_99' title='bbox 799 1348 867 1404; x_wconf 89' lang='lat' dir='ltr'><strong>ab</strong></span> <span class='ocrx_word' id='word_1_100' title='bbox 897 1363 963 1403; x_wconf 90' lang='lat' dir='ltr'><strong>eo</strong></span> <span class='ocrx_word' id='word_1_101' title='bbox 993 1345 1150 1404; x_wconf 91' lang='lat' dir='ltr'><strong>factis</strong></span> <span class='ocrx_word' id='word_1_102' title='bbox 1169 1354 1290 1401; x_wconf 89' lang='lat' dir='ltr'><strong>orta</strong></span> <span class='ocrx_word' id='word_1_103' title='bbox 1317 1353 1464 1411; x_wconf 90' lang='lat' dir='ltr'><strong>sunt,</strong></span> <span class='ocrx_word' id='word_1_104' title='bbox 1501 1345 1640 1401; x_wconf 84' lang='lat' dir='ltr'><strong>bene</strong></span> <span class='ocrx_word' id='word_1_105' title='bbox 1667 1359 1816 1414; x_wconf 69' lang='lat' dir='ltr'><strong>ope-o</strong></span> 
     </span>
    </p>
   </div>
   <div class='ocr_carea' id='block_1_14' title="bbox 205 1439 698 1511">
    <p class='ocr_par' dir='ltr' id='par_1_14' title="bbox 205 1439 698 1511">
     <span class='ocr_line' id='line_1_14' title="bbox 205 1439 698 1511; baseline -0.004 -17"><span class='ocrx_word' id='word_1_106' title='bbox 205 1451 359 1495; x_wconf 85' lang='lat' dir='ltr'><strong>ratur</strong></span> <span class='ocrx_word' id='word_1_107' title='bbox 383 1455 480 1511; x_wconf 90' lang='lat' dir='ltr'><strong>per</strong></span> <span class='ocrx_word' id='word_1_108' title='bbox 498 1439 698 1494; x_wconf 90' lang='lat' dir='ltr'><strong>omnia.</strong></span> 
     </span>
    </p>
   </div>
   <div class='ocr_carea' id='block_1_15' title="bbox 275 1530 1783 1602">
    <p class='ocr_par' dir='ltr' id='par_1_15' title="bbox 275 1530 1783 1602">
     <span class='ocr_line' id='line_1_15' title="bbox 275 1530 1783 1602; baseline -0.001 -16"><span class='ocrx_word' id='word_1_109' title='bbox 275 1533 332 1587; x_wconf 91' lang='lat' dir='ltr'><strong>ln</strong></span> <span class='ocrx_word' id='word_1_110' title='bbox 375 1548 500 1598; x_wconf 91' lang='lat' dir='ltr'><strong>uno,</strong></span> <span class='ocrx_word' id='word_1_111' title='bbox 545 1532 738 1602; x_wconf 89' lang='lat' dir='ltr'><strong>inquit,</strong></span> <span class='ocrx_word' id='word_1_112' title='bbox 781 1530 1001 1587; x_wconf 87' lang='lat' dir='ltr'><strong>homine</strong></span> <span class='ocrx_word' id='word_1_113' title='bbox 1034 1531 1156 1602; x_wconf 90' lang='lat' dir='ltr'><strong>jure</strong></span> <span class='ocrx_word' id='word_1_114' title='bbox 1176 1531 1514 1601; x_wconf 89' lang='lat' dir='ltr'><strong>vituperatur</strong></span> <span class='ocrx_word' id='word_1_115' title='bbox 1539 1530 1783 1593; x_wconf 88' lang='lat' dir='ltr'><strong>intentio,</strong></span> 
     </span>
    </p>
   </div>
   <div class='ocr_carea' id='block_1_16' title="bbox 203 1620 1790 1696">
    <p class='ocr_par' dir='ltr' id='par_1_16' title="bbox 203 1620 1790 1696">
     <span class='ocr_line' id='line_1_16' title="bbox 203 1620 1790 1696; baseline -0.003 -16"><span class='ocrx_word' id='word_1_116' title='bbox 203 1635 260 1680; x_wconf 91' lang='lat' dir='ltr'><strong>et</strong></span> <span class='ocrx_word' id='word_1_117' title='bbox 286 1625 438 1696; x_wconf 88' lang='lat' dir='ltr'><strong>origo</strong></span> <span class='ocrx_word' id='word_1_118' title='bbox 463 1623 728 1689; x_wconf 84' lang='lat' dir='ltr'><strong>laudatur,</strong></span> <span class='ocrx_word' id='word_1_119' title='bbox 765 1622 892 1693; x_wconf 88' lang='lat' dir='ltr'><strong>quia</strong></span> <span class='ocrx_word' id='word_1_120' title='bbox 921 1622 1031 1678; x_wconf 92' lang='lat' dir='ltr'><strong>duo</strong></span> <span class='ocrx_word' id='word_1_121' title='bbox 1054 1630 1179 1677; x_wconf 92' lang='lat' dir='ltr'><strong>sunt</strong></span> <span class='ocrx_word' id='word_1_122' title='bbox 1205 1637 1324 1692; x_wconf 67' lang='lat' dir='ltr'><strong>quae</strong></span> <span class='ocrx_word' id='word_1_123' title='bbox 1366 1620 1654 1677; x_wconf 88' lang='lat' dir='ltr'><strong>contrariis</strong></span> <span class='ocrx_word' id='word_1_124' title='bbox 1694 1634 1790 1690; x_wconf 84' lang='lat' dir='ltr'><strong>ap-</strong></span> 
     </span>
    </p>
   </div>
   <div class='ocr_carea' id='block_1_17' title="bbox 203 1713 1790 1786">
    <p class='ocr_par' dir='ltr' id='par_1_17' title="bbox 203 1713 1790 1786">
     <span class='ocr_line' id='line_1_17' title="bbox 203 1713 1790 1786; baseline -0.002 -18"><span class='ocrx_word' id='word_1_125' title='bbox 203 1715 508 1786; x_wconf 88' lang='lat' dir='ltr'><strong>plicentur:</strong></span> <span class='ocrx_word' id='word_1_126' title='bbox 555 1715 607 1769; x_wconf 91' lang='lat' dir='ltr'><strong>in</strong></span> <span class='ocrx_word' id='word_1_127' title='bbox 638 1713 857 1784; x_wconf 88' lang='lat' dir='ltr'><strong>parvulo</strong></span> <span class='ocrx_word' id='word_1_128' title='bbox 896 1722 1077 1767; x_wconf 89' lang='lat' dir='ltr'><strong>autem</strong></span> <span class='ocrx_word' id='word_1_129' title='bbox 1107 1726 1274 1766; x_wconf 89' lang='lat' dir='ltr'><strong>unum</strong></span> <span class='ocrx_word' id='word_1_130' title='bbox 1314 1718 1417 1777; x_wconf 89' lang='lat' dir='ltr'><strong>est,</strong></span> <span class='ocrx_word' id='word_1_131' title='bbox 1445 1719 1639 1766; x_wconf 88' lang='lat' dir='ltr'><strong>natura</strong></span> <span class='ocrx_word' id='word_1_132' title='bbox 1672 1721 1790 1766; x_wconf 87' lang='lat' dir='ltr'><strong>tan-</strong></span> 
     </span>
    </p>
   </div>
   <div class='ocr_carea' id='block_1_18' title="bbox 207 1801 1782 1876">
    <p class='ocr_par' dir='ltr' id='par_1_18' title="bbox 207 1801 1782 1876">
     <span class='ocr_line' id='line_1_18' title="bbox 207 1801 1782 1876; baseline -0.002 -17"><span class='ocrx_word' id='word_1_133' title='bbox 207 1813 340 1870; x_wconf 92' lang='lat' dir='ltr'><strong>tum,</strong></span> <span class='ocrx_word' id='word_1_134' title='bbox 369 1805 494 1876; x_wconf 91' lang='lat' dir='ltr'><strong>quia</strong></span> <span class='ocrx_word' id='word_1_135' title='bbox 514 1803 764 1859; x_wconf 81' lang='lat' dir='ltr'><strong>voluntas</strong></span> <span class='ocrx_word' id='word_1_136' title='bbox 801 1819 907 1859; x_wconf 92' lang='lat' dir='ltr'><strong>non</strong></span> <span class='ocrx_word' id='word_1_137' title='bbox 929 1811 1028 1858; x_wconf 89' lang='lat' dir='ltr'><strong>est.</strong></span> <span class='ocrx_word' id='word_1_138' title='bbox 1054 1802 1187 1858; x_wconf 85' lang='lat' dir='ltr'><strong>Illud</strong></span> <span class='ocrx_word' id='word_1_139' title='bbox 1210 1817 1341 1873; x_wconf 88' lang='lat' dir='ltr'><strong>ergo</strong></span> <span class='ocrx_word' id='word_1_140' title='bbox 1376 1817 1563 1868; x_wconf 90' lang='lat' dir='ltr'><strong>unum,</strong></span> <span class='ocrx_word' id='word_1_141' title='bbox 1587 1801 1782 1872; x_wconf 83' lang='lat' dir='ltr'><strong>inquit,</strong></span> 
     </span>
    </p>
   </div>
   <div class='ocr_carea' id='block_1_19' title="bbox 1884 608 3465 683">
    <p class='ocr_par' dir='ltr' id='par_1_19' title="bbox 1884 608 3465 683">
     <span class='ocr_line' id='line_1_19' title="bbox 1884 608 3465 683; baseline 0.005 -21"><span class='ocrx_word' id='word_1_142' title='bbox 1884 608 2013 681; x_wconf 79' lang='lat'><strong>25),</strong></span> <span class='ocrx_word' id='word_1_143' title='bbox 2055 611 2288 680; x_wconf 85' lang='lat' dir='ltr'><strong>qualiter</strong></span> <span class='ocrx_word' id='word_1_144' title='bbox 2335 611 2407 666; x_wconf 92' lang='lat' dir='ltr'><strong>illi</strong></span> <span class='ocrx_word' id='word_1_145' title='bbox 2459 612 2736 683; x_wconf 84' lang='lat' dir='ltr'><strong>placuerit.</strong></span> <span class='ocrx_word' id='word_1_146' title='bbox 2782 612 2983 667; x_wconf 87' lang='lat' dir='ltr'><strong>Fluitat</strong></span> <span class='ocrx_word' id='word_1_147' title='bbox 3027 613 3170 668; x_wconf 89' lang='lat' dir='ltr'><strong>enim</strong></span> <span class='ocrx_word' id='word_1_148' title='bbox 3227 615 3465 670; x_wconf 90' lang='lat' dir='ltr'><strong>humana</strong></span> 
     </span>
    </p>
   </div>
   <div class='ocr_carea' id='block_1_20' title="bbox 1887 705 3465 781">
    <p class='ocr_par' dir='ltr' id='par_1_20' title="bbox 1887 705 3465 781">
     <span class='ocr_line' id='line_1_20' title="bbox 1887 705 3465 781; baseline 0.004 -21"><span class='ocrx_word' id='word_1_149' title='bbox 1887 705 2148 760; x_wconf 87' lang='lat' dir='ltr'><strong>memoria</strong></span> <span class='ocrx_word' id='word_1_150' title='bbox 2179 720 2273 775; x_wconf 84' lang='lat' dir='ltr'><strong>per</strong></span> <span class='ocrx_word' id='word_1_151' title='bbox 2297 707 2478 763; x_wconf 89' lang='lat' dir='ltr'><strong>varias</strong></span> <span class='ocrx_word' id='word_1_152' title='bbox 2505 707 2880 780; x_wconf 81' lang='lat' dir='ltr'><strong>cogitationes,</strong></span> <span class='ocrx_word' id='word_1_153' title='bbox 2907 723 3010 764; x_wconf 90' lang='lat' dir='ltr'><strong>nec</strong></span> <span class='ocrx_word' id='word_1_154' title='bbox 3053 709 3108 764; x_wconf 92' lang='lat' dir='ltr'><strong>in</strong></span> <span class='ocrx_word' id='word_1_155' title='bbox 3149 710 3465 781; x_wconf 88' lang='lat' dir='ltr'><strong>cujusquam</strong></span> 
     </span>
    </p>
   </div>
   <div class='ocr_carea' id='block_1_21' title="bbox 1887 801 3463 871">
    <p class='ocr_par' dir='ltr' id='par_1_21' title="bbox 1887 801 3463 871">
     <span class='ocr_line' id='line_1_21' title="bbox 1887 801 3463 871; baseline 0.006 -20"><span class='ocrx_word' id='word_1_156' title='bbox 1887 806 2152 868; x_wconf 86' lang='lat' dir='ltr'><strong>potestate</strong></span> <span class='ocrx_word' id='word_1_157' title='bbox 2179 809 2263 854; x_wconf 92' lang='lat' dir='ltr'><strong>est</strong></span> <span class='ocrx_word' id='word_1_158' title='bbox 2302 801 2429 870; x_wconf 91' lang='lat' dir='ltr'><strong>quid</strong></span> <span class='ocrx_word' id='word_1_159' title='bbox 2458 809 2514 856; x_wconf 91' lang='lat' dir='ltr'><strong>et</strong></span> <span class='ocrx_word' id='word_1_160' title='bbox 2549 802 2764 871; x_wconf 89' lang='lat' dir='ltr'><strong>quando</strong></span> <span class='ocrx_word' id='word_1_161' title='bbox 2794 803 2843 857; x_wconf 91' lang='lat' dir='ltr'><strong>ei</strong></span> <span class='ocrx_word' id='word_1_162' title='bbox 2883 803 3064 858; x_wconf 82' lang='lat' dir='ltr'><strong>veniat</strong></span> <span class='ocrx_word' id='word_1_163' title='bbox 3111 803 3165 858; x_wconf 89' lang='lat' dir='ltr'><strong>in</strong></span> <span class='ocrx_word' id='word_1_164' title='bbox 3206 813 3463 861; x_wconf 90' lang='lat' dir='ltr'><strong>mentem.</strong></span> 
     </span>
    </p>
   </div>
   <div class='ocr_carea' id='block_1_22' title="bbox 1886 888 3467 967">
    <p class='ocr_par' dir='ltr' id='par_1_22' title="bbox 1886 888 3467 967">
     <span class='ocr_line' id='line_1_22' title="bbox 1886 888 3467 967; baseline 0.003 -22"><span class='ocrx_word' id='word_1_165' title='bbox 1886 888 2018 945; x_wconf 89' lang='lat' dir='ltr'><strong>Cum</strong></span> <span class='ocrx_word' id='word_1_166' title='bbox 2049 905 2180 962; x_wconf 83' lang='lat' dir='ltr'><strong>ergo</strong></span> <span class='ocrx_word' id='word_1_167' title='bbox 2222 891 2297 946; x_wconf 91' lang='lat' dir='ltr'><strong>illi</strong></span> <span class='ocrx_word' id='word_1_168' title='bbox 2335 891 2540 948; x_wconf 88' lang='lat' dir='ltr'><strong>scilicet</strong></span> <span class='ocrx_word' id='word_1_169' title='bbox 2570 891 2705 966; x_wconf 90' lang='lat' dir='ltr'><strong>[al.,</strong></span> <span class='ocrx_word' id='word_1_170' title='bbox 2748 895 2922 949; x_wconf 87' lang='lat' dir='ltr'><strong>sancti</strong></span> <span class='ocrx_word' id='word_1_171' title='bbox 2963 893 3053 967; x_wconf 90' lang='lat' dir='ltr'><strong>et]</strong></span> <span class='ocrx_word' id='word_1_172' title='bbox 3103 909 3325 951; x_wconf 87' lang='lat' dir='ltr'><strong>veraces</strong></span> <span class='ocrx_word' id='word_1_173' title='bbox 3362 895 3467 950; x_wconf 89' lang='lat' dir='ltr'><strong>viri</strong></span> 
     </span>
    </p>
   </div>
   <div class='ocr_carea' id='block_1_23' title="bbox 1888 979 3470 1056">
    <p class='ocr_par' dir='ltr' id='par_1_23' title="bbox 1888 979 3470 1056">
     <span class='ocr_line' id='line_1_23' title="bbox 1888 979 3470 1056; baseline 0.005 -23"><span class='ocrx_word' id='word_1_174' title='bbox 1888 981 2041 1048; x_wconf 91' lang='lat' dir='ltr'><strong>quasi</strong></span> <span class='ocrx_word' id='word_1_175' title='bbox 2079 979 2298 1036; x_wconf 87' lang='lat' dir='ltr'><strong>fortuita</strong></span> <span class='ocrx_word' id='word_1_176' title='bbox 2329 982 2764 1039; x_wconf 89' lang='lat' dir='ltr'><strong>recordationum</strong></span> <span class='ocrx_word' id='word_1_177' title='bbox 2809 999 3029 1040; x_wconf 90' lang='lat' dir='ltr'><strong>suarum</strong></span> <span class='ocrx_word' id='word_1_178' title='bbox 3073 995 3292 1056; x_wconf 89' lang='lat' dir='ltr'><strong>propter</strong></span> <span class='ocrx_word' id='word_1_179' title='bbox 3344 1002 3470 1041; x_wconf 91' lang='lat' dir='ltr'><strong>nar-</strong></span> 
     </span>
    </p>
   </div>
   <div class='ocr_carea' id='block_1_24' title="bbox 1889 1070 3469 1145">
    <p class='ocr_par' dir='ltr' id='par_1_24' title="bbox 1889 1070 3469 1145">
     <span class='ocr_line' id='line_1_24' title="bbox 1889 1070 3469 1145; baseline 0.004 -21"><span class='ocrx_word' id='word_1_180' title='bbox 1889 1070 2114 1125; x_wconf 89' lang='lat' dir='ltr'><strong>rationis</strong></span> <span class='ocrx_word' id='word_1_181' title='bbox 2161 1073 2405 1128; x_wconf 88' lang='lat' dir='ltr'><strong>ordinem</strong></span> <span class='ocrx_word' id='word_1_182' title='bbox 2457 1073 2680 1129; x_wconf 67' lang='lat' dir='ltr'><strong>occulta:</strong></span> <span class='ocrx_word' id='word_1_183' title='bbox 2728 1075 2822 1129; x_wconf 90' lang='lat' dir='ltr'><strong>Dei</strong></span> <span class='ocrx_word' id='word_1_184' title='bbox 2865 1076 3156 1145; x_wconf 85' lang='lat' dir='ltr'><strong>potestati,</strong></span> <span class='ocrx_word' id='word_1_185' title='bbox 3206 1077 3292 1132; x_wconf 91' lang='lat' dir='ltr'><strong>cui</strong></span> <span class='ocrx_word' id='word_1_186' title='bbox 3333 1077 3469 1132; x_wconf 90' lang='lat' dir='ltr'><strong>nihil</strong></span> 
     </span>
    </p>
   </div>
   <div class='ocr_carea' id='block_1_25' title="bbox 1889 1160 3468 1236">
    <p class='ocr_par' dir='ltr' id='par_1_25' title="bbox 1889 1160 3468 1236">
     <span class='ocr_line' id='line_1_25' title="bbox 1889 1160 3468 1236; baseline 0.004 -22"><span class='ocrx_word' id='word_1_187' title='bbox 1889 1160 2170 1215; x_wconf 87' lang='lat' dir='ltr'><strong>fortuitum</strong></span> <span class='ocrx_word' id='word_1_188' title='bbox 2194 1171 2299 1228; x_wconf 90' lang='lat' dir='ltr'><strong>est,</strong></span> <span class='ocrx_word' id='word_1_189' title='bbox 2337 1163 2753 1230; x_wconf 87' lang='lat' dir='ltr'><strong>commisissent,</strong></span> <span class='ocrx_word' id='word_1_190' title='bbox 2775 1181 2880 1220; x_wconf 89' lang='lat' dir='ltr'><strong>non</strong></span> <span class='ocrx_word' id='word_1_191' title='bbox 2907 1174 3122 1236; x_wconf 85' lang='lat' dir='ltr'><strong>oportet</strong></span> <span class='ocrx_word' id='word_1_192' title='bbox 3145 1181 3468 1236; x_wconf 90' lang='lat' dir='ltr'><strong>quemquam</strong></span> 
     </span>
    </p>
   </div>
   <div class='ocr_carea' id='block_1_26' title="bbox 1889 1251 3470 1326">
    <p class='ocr_par' dir='ltr' id='par_1_26' title="bbox 1889 1251 3470 1326">
     <span class='ocr_line' id='line_1_26' title="bbox 1889 1251 3470 1326; baseline 0.003 -20"><span class='ocrx_word' id='word_1_193' title='bbox 1889 1251 2166 1307; x_wconf 90' lang='lat' dir='ltr'><strong>hominum</strong></span> <span class='ocrx_word' id='word_1_194' title='bbox 2211 1253 2393 1309; x_wconf 87' lang='lat' dir='ltr'><strong>dicere</strong></span> <span class='ocrx_word' id='word_1_195' title='bbox 2440 1253 2598 1326; x_wconf 91' lang='lat' dir='ltr'><strong>longe</strong></span> <span class='ocrx_word' id='word_1_196' title='bbox 2643 1255 2911 1324; x_wconf 90' lang='lat' dir='ltr'><strong>abjectum</strong></span> <span class='ocrx_word' id='word_1_197' title='bbox 2957 1258 3024 1311; x_wconf 92' lang='lat' dir='ltr'><strong>ab</strong></span> <span class='ocrx_word' id='word_1_198' title='bbox 3070 1257 3241 1312; x_wconf 90' lang='lat' dir='ltr'><strong>oculis</strong></span> <span class='ocrx_word' id='word_1_199' title='bbox 3283 1258 3374 1313; x_wconf 91' lang='lat' dir='ltr'><strong>Dei</strong></span> <span class='ocrx_word' id='word_1_200' title='bbox 3413 1265 3470 1311; x_wconf 85' lang='lat' dir='ltr'><strong>et</strong></span> 
     </span>
    </p>
   </div>
   <div class='ocr_carea' id='block_1_27' title="bbox 1888 1340 3472 1418">
    <p class='ocr_par' dir='ltr' id='par_1_27' title="bbox 1888 1340 3472 1418">
     <span class='ocr_line' id='line_1_27' title="bbox 1888 1340 3472 1418; baseline 0.006 -23"><span class='ocrx_word' id='word_1_201' title='bbox 1888 1340 2046 1412; x_wconf 89' lang='lat' dir='ltr'><strong>longe</strong></span> <span class='ocrx_word' id='word_1_202' title='bbox 2089 1343 2548 1414; x_wconf 82' lang='lat' dir='ltr'><strong>peregrinantem.</strong></span> <span class='ocrx_word' id='word_1_203' title='bbox 2594 1345 2706 1402; x_wconf 84' lang='lat' dir='ltr'><strong>Hoc</strong></span> <span class='ocrx_word' id='word_1_204' title='bbox 2753 1347 2872 1402; x_wconf 92' lang='lat' dir='ltr'><strong>loco</strong></span> <span class='ocrx_word' id='word_1_205' title='bbox 2920 1348 3044 1418; x_wconf 91' lang='lat' dir='ltr'><strong>poni</strong></span> <span class='ocrx_word' id='word_1_206' title='bbox 3096 1349 3298 1414; x_wconf 85' lang='lat' dir='ltr'><strong>debuit,</strong></span> <span class='ocrx_word' id='word_1_207' title='bbox 3329 1349 3472 1418; x_wconf 89' lang='lat' dir='ltr'><strong>quod</strong></span> 
     </span>
    </p>
   </div>
   <div class='ocr_carea' id='block_1_28' title="bbox 1888 1432 3473 1509">
    <p class='ocr_par' dir='ltr' id='par_1_28' title="bbox 1888 1432 3473 1509">
     <span class='ocr_line' id='line_1_28' title="bbox 1888 1432 3473 1509; baseline 0.003 -22"><span class='ocrx_word' id='word_1_208' title='bbox 1888 1432 2045 1488; x_wconf 83' lang='lat' dir='ltr'><strong>valde</strong></span> <span class='ocrx_word' id='word_1_209' title='bbox 2089 1433 2300 1504; x_wconf 79' lang='lat' dir='ltr'><strong>ignorat</strong></span> <span class='ocrx_word' id='word_1_210' title='bbox 2328 1452 2428 1492; x_wconf 90' lang='lat' dir='ltr'><strong>cur</strong></span> <span class='ocrx_word' id='word_1_211' title='bbox 2452 1451 2517 1491; x_wconf 92' lang='lat' dir='ltr'><strong>eo</strong></span> <span class='ocrx_word' id='word_1_212' title='bbox 2561 1436 2680 1493; x_wconf 91' lang='lat' dir='ltr'><strong>loco</strong></span> <span class='ocrx_word' id='word_1_213' title='bbox 2710 1438 2853 1494; x_wconf 88' lang='lat' dir='ltr'><strong>Deus</strong></span> <span class='ocrx_word' id='word_1_214' title='bbox 2885 1440 3012 1509; x_wconf 92' lang='lat' dir='ltr'><strong>poni</strong></span> <span class='ocrx_word' id='word_1_215' title='bbox 3045 1439 3295 1496; x_wconf 89' lang='lat' dir='ltr'><strong>voluerit.</strong></span> <span class='ocrx_word' id='word_1_216' title='bbox 3332 1439 3473 1506; x_wconf 81' lang='lat' dir='ltr'><strong>Quia</strong></span> 
     </span>
    </p>
   </div>
   <div class='ocr_carea' id='block_1_29' title="bbox 1889 1526 3474 1600">
    <p class='ocr_par' dir='ltr' id='par_1_29' title="bbox 1889 1526 3474 1600">
     <span class='ocr_line' id='line_1_29' title="bbox 1889 1526 3474 1600; baseline 0.004 -20"><span class='ocrx_word' id='word_1_217' title='bbox 1889 1526 1986 1580; x_wconf 86' lang='lat' dir='ltr'><strong>etsi</strong></span> <span class='ocrx_word' id='word_1_218' title='bbox 2034 1526 2322 1582; x_wconf 81' lang='lat' dir='ltr'><strong>obvelatum</strong></span> <span class='ocrx_word' id='word_1_219' title='bbox 2344 1539 2417 1582; x_wconf 90' lang='lat' dir='ltr'><strong>est</strong></span> <span class='ocrx_word' id='word_1_220' title='bbox 2449 1528 2789 1600; x_wconf 83' lang='lat' dir='ltr'><strong>anngelium</strong></span> <span class='ocrx_word' id='word_1_221' title='bbox 2823 1542 3077 1596; x_wconf 89' lang='lat' dir='ltr'><strong>nostrum,</strong></span> <span class='ocrx_word' id='word_1_222' title='bbox 3120 1541 3180 1587; x_wconf 91' lang='lat' dir='ltr'><strong>ut</strong></span> <span class='ocrx_word' id='word_1_223' title='bbox 3213 1533 3290 1587; x_wconf 89' lang='lat' dir='ltr'><strong>ait</strong></span> <span class='ocrx_word' id='word_1_224' title='bbox 3329 1532 3474 1600; x_wconf 79' lang='lat' dir='ltr'><strong>Apo-</strong></span> 
     </span>
    </p>
   </div>
   <div class='ocr_carea' id='block_1_30' title="bbox 1891 1620 3467 1693">
    <p class='ocr_par' dir='ltr' id='par_1_30' title="bbox 1891 1620 3467 1693">
     <span class='ocr_line' id='line_1_30' title="bbox 1891 1620 3467 1693; baseline 0.001 -20"><span class='ocrx_word' id='word_1_225' title='bbox 1891 1620 2080 1686; x_wconf 92' lang='lat' dir='ltr'><strong>stolus,</strong></span> <span class='ocrx_word' id='word_1_226' title='bbox 2107 1621 2255 1676; x_wconf 73' lang='lat' dir='ltr'><strong>inhi:</strong></span> <span class='ocrx_word' id='word_1_227' title='bbox 2267 1621 2355 1691; x_wconf 88' lang='lat' dir='ltr'><strong>qui</strong></span> <span class='ocrx_word' id='word_1_228' title='bbox 2369 1631 2583 1691; x_wconf 87' lang='lat' dir='ltr'><strong>pereunt</strong></span> <span class='ocrx_word' id='word_1_229' title='bbox 2607 1622 2896 1677; x_wconf 86' lang='lat' dir='ltr'><strong>obvelatum</strong></span> <span class='ocrx_word' id='word_1_230' title='bbox 2920 1633 2994 1678; x_wconf 90' lang='lat' dir='ltr'><strong>est</strong></span> <span class='ocrx_word' id='word_1_231' title='bbox 3022 1621 3106 1693; x_wconf 88' lang='lat' dir='ltr'><strong>(ll</strong></span> <span class='ocrx_word' id='word_1_232' title='bbox 3147 1622 3269 1678; x_wconf 87' lang='lat' dir='ltr'><strong>Cor.</strong></span> <span class='ocrx_word' id='word_1_233' title='bbox 3295 1639 3367 1688; x_wconf 87' lang='lat' dir='ltr'><strong>tv,</strong></span> <span class='ocrx_word' id='word_1_234' title='bbox 3391 1623 3467 1691; x_wconf 81' lang='grc'><strong>5).</strong></span> 
     </span>
    </p>
   </div>
   <div class='ocr_carea' id='block_1_31' title="bbox 1890 1709 3472 1784">
    <p class='ocr_par' dir='ltr' id='par_1_31' title="bbox 1890 1709 3472 1784">
     <span class='ocr_line' id='line_1_31' title="bbox 1890 1709 3472 1784; baseline 0 -18"><span class='ocrx_word' id='word_1_235' title='bbox 1890 1709 1958 1766; x_wconf 84' lang='grc' dir='ltr'>Ει</span> <span class='ocrx_word' id='word_1_236' title='bbox 2001 1727 2124 1766; x_wconf 90' lang='lat' dir='ltr'><strong>cum</strong></span> <span class='ocrx_word' id='word_1_237' title='bbox 2175 1711 2436 1768; x_wconf 83' lang='lat' dir='ltr'><strong>dixisset:</strong></span> <span class='ocrx_word' id='word_1_238' title='bbox 2476 1713 2610 1768; x_wconf 83' lang='lat' dir='ltr'><strong>Aliis</strong></span> <span class='ocrx_word' id='word_1_239' title='bbox 2649 1715 2857 1784; x_wconf 83' lang='lat' dir='ltr'><strong>quidem</strong></span> <span class='ocrx_word' id='word_1_240' title='bbox 2900 1731 3081 1769; x_wconf 89' lang='lat' dir='ltr'><strong>sumus</strong></span> <span class='ocrx_word' id='word_1_241' title='bbox 3117 1714 3250 1768; x_wconf 90' lang='lat' dir='ltr'><strong>odor</strong></span> <span class='ocrx_word' id='word_1_242' title='bbox 3275 1715 3391 1769; x_wconf 71' lang='lat' dir='ltr'><strong>vitm</strong></span> <span class='ocrx_word' id='word_1_243' title='bbox 3416 1714 3472 1766; x_wconf 90' lang='lat' dir='ltr'><strong>in</strong></span> 
     </span>
    </p>
   </div>
   <div class='ocr_carea' id='block_1_32' title="bbox 1891 1804 3470 1878">
    <p class='ocr_par' dir='ltr' id='par_1_32' title="bbox 1891 1804 3470 1878">
     <span class='ocr_line' id='line_1_32' title="bbox 1891 1804 3470 1878; baseline 0.003 -20"><span class='ocrx_word' id='word_1_244' title='bbox 1891 1805 2070 1870; x_wconf 78' lang='lat' dir='ltr'><strong>vitam,</strong></span> <span class='ocrx_word' id='word_1_245' title='bbox 2112 1804 2232 1860; x_wconf 84' lang='lat' dir='ltr'><strong>aliis</strong></span> <span class='ocrx_word' id='word_1_246' title='bbox 2259 1805 2390 1860; x_wconf 88' lang='lat' dir='ltr'><strong>odor</strong></span> <span class='ocrx_word' id='word_1_247' title='bbox 2419 1809 2600 1862; x_wconf 87' lang='lat' dir='ltr'><strong>mortis</strong></span> <span class='ocrx_word' id='word_1_248' title='bbox 2644 1807 2700 1862; x_wconf 91' lang='lat' dir='ltr'><strong>in</strong></span> <span class='ocrx_word' id='word_1_249' title='bbox 2730 1816 2947 1862; x_wconf 86' lang='lat' dir='ltr'><strong>mortem</strong></span> <span class='ocrx_word' id='word_1_250' title='bbox 2979 1807 3064 1878; x_wconf 92' lang='lat' dir='ltr'><strong>(II</strong></span> <span class='ocrx_word' id='word_1_251' title='bbox 3097 1807 3218 1862; x_wconf 87' lang='lat' dir='ltr'><strong>Cor.</strong></span> <span class='ocrx_word' id='word_1_252' title='bbox 3248 1824 3307 1872; x_wconf 81' lang='grc' dir='ltr'><strong>ιι,</strong></span> <span class='ocrx_word' id='word_1_253' title='bbox 3343 1807 3470 1876; x_wconf 75' lang='grc'><strong>16),</strong></span> 
     </span>
    </p>
   </div>
   <div class='ocr_carea' id='block_1_33' title="bbox 203 1891 3467 1968">
    <p class='ocr_par' dir='ltr' id='par_1_33' title="bbox 203 1891 3467 1968">
     <span class='ocr_line' id='line_1_33' title="bbox 203 1891 3467 1968; baseline -0.001 -16"><span class='ocrx_word' id='word_1_254' title='bbox 203 1907 296 1952; x_wconf 88' lang='lat' dir='ltr'><strong>aut</strong></span> <span class='ocrx_word' id='word_1_255' title='bbox 325 1897 434 1952; x_wconf 91' lang='lat' dir='ltr'><strong>Deo</strong></span> <span class='ocrx_word' id='word_1_256' title='bbox 477 1898 788 1963; x_wconf 88' lang='lat' dir='ltr'><strong>ascribitur,</strong></span> <span class='ocrx_word' id='word_1_257' title='bbox 833 1907 925 1951; x_wconf 92' lang='lat' dir='ltr'><strong>aut</strong></span> <span class='ocrx_word' id='word_1_258' title='bbox 953 1896 1203 1952; x_wconf 63' lang='lat' dir='ltr'><strong>daamoni.</strong></span> <span class='ocrx_word' id='word_1_259' title='bbox 1237 1895 1296 1951; x_wconf 90' lang='lat' dir='ltr'><strong>Si</strong></span> <span class='ocrx_word' id='word_1_260' title='bbox 1333 1907 1547 1962; x_wconf 88' lang='lat' dir='ltr'><strong>natura,</strong></span> <span class='ocrx_word' id='word_1_261' title='bbox 1589 1896 1782 1968; x_wconf 90' lang='lat' dir='ltr'><strong>inquit,</strong></span> <span class='ocrx_word' id='word_1_262' title='bbox 1810 1891 1864 1954; x_wconf 83' lang='grc' dir='ltr'><strong><em>Β</em></strong></span> <span class='ocrx_word' id='word_1_263' title='bbox 1890 1895 2118 1967; x_wconf 82' lang='lat' dir='ltr'><strong>subjecit</strong></span> <span class='ocrx_word' id='word_1_264' title='bbox 2158 1895 2342 1951; x_wconf 89' lang='lat' dir='ltr'><strong>statim</strong></span> <span class='ocrx_word' id='word_1_265' title='bbox 2385 1915 2399 1950; x_wconf 89' lang='lat'><strong>:</strong></span> <span class='ocrx_word' id='word_1_266' title='bbox 2432 1896 2502 1950; x_wconf 88' lang='lat' dir='ltr'><strong>Et</strong></span> <span class='ocrx_word' id='word_1_267' title='bbox 2549 1897 2619 1952; x_wconf 89' lang='lat' dir='ltr'><strong>ad</strong></span> <span class='ocrx_word' id='word_1_268' title='bbox 2663 1897 2774 1951; x_wconf 84' lang='lat' dir='ltr'><strong>Iuec</strong></span> <span class='ocrx_word' id='word_1_269' title='bbox 2815 1897 2931 1968; x_wconf 87' lang='lat' dir='ltr'><strong>quis</strong></span> <span class='ocrx_word' id='word_1_270' title='bbox 2974 1897 3194 1952; x_wconf 85' lang='lat' dir='ltr'><strong>idoneus</strong></span> <span class='ocrx_word' id='word_1_271' title='bbox 3218 1897 3244 1950; x_wconf 80' lang='lat'><strong><em>?</em></strong></span> <span class='ocrx_word' id='word_1_272' title='bbox 3281 1895 3467 1968; x_wconf 88' lang='lat' dir='ltr'><strong>(Ibid.</strong></span> 
     </span>
    </p>
   </div>
   <div class='ocr_carea' id='block_1_34' title="bbox 202 1985 1784 2058">
    <p class='ocr_par' dir='ltr' id='par_1_34' title="bbox 202 1985 1784 2058">
     <span class='ocr_line' id='line_1_34' title="bbox 202 1985 1784 2058; baseline 0.001 -18"><span class='ocrx_word' id='word_1_273' title='bbox 202 2001 302 2056; x_wconf 90' lang='lat' dir='ltr'><strong>per</strong></span> <span class='ocrx_word' id='word_1_274' title='bbox 326 1986 493 2040; x_wconf 90' lang='lat' dir='ltr'><strong>Deum</strong></span> <span class='ocrx_word' id='word_1_275' title='bbox 518 1995 620 2051; x_wconf 90' lang='lat' dir='ltr'><strong>est,</strong></span> <span class='ocrx_word' id='word_1_276' title='bbox 649 1994 824 2056; x_wconf 87' lang='lat' dir='ltr'><strong>potest</strong></span> <span class='ocrx_word' id='word_1_277' title='bbox 858 1986 910 2040; x_wconf 91' lang='lat' dir='ltr'><strong>in</strong></span> <span class='ocrx_word' id='word_1_278' title='bbox 945 2001 1008 2040; x_wconf 90' lang='lat' dir='ltr'><strong>ea</strong></span> <span class='ocrx_word' id='word_1_279' title='bbox 1035 2000 1154 2041; x_wconf 85' lang='lat' dir='ltr'><strong>esse</strong></span> <span class='ocrx_word' id='word_1_280' title='bbox 1178 1985 1438 2058; x_wconf 86' lang='lat' dir='ltr'><strong>originale</strong></span> <span class='ocrx_word' id='word_1_281' title='bbox 1471 1985 1690 2040; x_wconf 89' lang='lat' dir='ltr'><strong>malum.</strong></span> <span class='ocrx_word' id='word_1_282' title='bbox 1727 1986 1784 2041; x_wconf 91' lang='lat' dir='ltr'><strong>Si</strong></span> 
     </span>
    </p>
   </div>
   <div class='ocr_carea' id='block_1_35' title="bbox 202 2078 1784 2153">
    <p class='ocr_par' dir='ltr' id='par_1_35' title="bbox 202 2078 1784 2153">
     <span class='ocr_line' id='line_1_35' title="bbox 202 2078 1784 2153; baseline 0.004 -21"><span class='ocrx_word' id='word_1_283' title='bbox 202 2093 235 2132; x_wconf 91' lang='lat' dir='ltr'><strong>a</strong></span> <span class='ocrx_word' id='word_1_284' title='bbox 282 2078 515 2144; x_wconf 91' lang='lat' dir='ltr'><strong>diabolo,</strong></span> <span class='ocrx_word' id='word_1_285' title='bbox 546 2079 681 2133; x_wconf 86' lang='lat' dir='ltr'><strong>nihil</strong></span> <span class='ocrx_word' id='word_1_286' title='bbox 725 2081 828 2134; x_wconf 90' lang='lat' dir='ltr'><strong>erit</strong></span> <span class='ocrx_word' id='word_1_287' title='bbox 871 2095 968 2150; x_wconf 88' lang='lat' dir='ltr'><strong>per</strong></span> <span class='ocrx_word' id='word_1_288' title='bbox 1017 2081 1160 2150; x_wconf 88' lang='lat' dir='ltr'><strong>quod</strong></span> <span class='ocrx_word' id='word_1_289' title='bbox 1215 2081 1377 2137; x_wconf 92' lang='lat' dir='ltr'><strong>homo</strong></span> <span class='ocrx_word' id='word_1_290' title='bbox 1419 2082 1600 2136; x_wconf 87' lang='lat' dir='ltr'><strong>divino</strong></span> <span class='ocrx_word' id='word_1_291' title='bbox 1634 2083 1784 2153; x_wconf 91' lang='lat' dir='ltr'><strong>operi</strong></span> 
     </span>
    </p>
   </div>
   <div class='ocr_carea' id='block_1_36' title="bbox 200 2169 1786 2245">
    <p class='ocr_par' dir='ltr' id='par_1_36' title="bbox 200 2169 1786 2245">
     <span class='ocr_line' id='line_1_36' title="bbox 200 2169 1786 2245; baseline 0.006 -23"><span class='ocrx_word' id='word_1_292' title='bbox 200 2169 522 2224; x_wconf 89' lang='lat' dir='ltr'><strong>vindicetur.</strong></span> <span class='ocrx_word' id='word_1_293' title='bbox 554 2169 797 2226; x_wconf 87' lang='lat' dir='ltr'><strong>Perfecte</strong></span> <span class='ocrx_word' id='word_1_294' title='bbox 828 2171 1010 2242; x_wconf 90' lang='lat' dir='ltr'><strong>itaque</strong></span> <span class='ocrx_word' id='word_1_295' title='bbox 1049 2171 1182 2244; x_wconf 82' lang='lat' dir='ltr'><strong>[al.,</strong></span> <span class='ocrx_word' id='word_1_296' title='bbox 1211 2172 1424 2245; x_wconf 90' lang='lat' dir='ltr'><strong>autem]</strong></span> <span class='ocrx_word' id='word_1_297' title='bbox 1463 2173 1786 2231; x_wconf 68' lang='lat' dir='ltr'><strong>Manichacus</strong></span> 
     </span>
    </p>
   </div>
   <div class='ocr_carea' id='block_1_37' title="bbox 201 2261 1784 2336">
    <p class='ocr_par' dir='ltr' id='par_1_37' title="bbox 201 2261 1784 2336">
     <span class='ocr_line' id='line_1_37' title="bbox 201 2261 1784 2336; baseline 0.004 -21"><span class='ocrx_word' id='word_1_298' title='bbox 201 2270 308 2326; x_wconf 91' lang='lat' dir='ltr'><strong>est,</strong></span> <span class='ocrx_word' id='word_1_299' title='bbox 358 2261 449 2330; x_wconf 92' lang='lat' dir='ltr'><strong>qui</strong></span> <span class='ocrx_word' id='word_1_300' title='bbox 501 2262 700 2316; x_wconf 90' lang='lat' dir='ltr'><strong>malum</strong></span> <span class='ocrx_word' id='word_1_301' title='bbox 743 2263 1004 2333; x_wconf 84' lang='lat' dir='ltr'><strong>originale</strong></span> <span class='ocrx_word' id='word_1_302' title='bbox 1051 2263 1327 2319; x_wconf 81' lang='lat' dir='ltr'><strong>defendit:</strong></span> <span class='ocrx_word' id='word_1_303' title='bbox 1371 2265 1556 2319; x_wconf 90' lang='lat' dir='ltr'><strong>audiat</strong></span> <span class='ocrx_word' id='word_1_304' title='bbox 1606 2267 1784 2336; x_wconf 90' lang='lat' dir='ltr'><strong>potius</strong></span> 
     </span>
    </p>
   </div>
   <div class='ocr_carea' id='block_1_38' title="bbox 199 2351 1785 2425">
    <p class='ocr_par' dir='ltr' id='par_1_38' title="bbox 199 2351 1785 2425">
     <span class='ocr_line' id='line_1_38' title="bbox 199 2351 1785 2425; baseline 0.004 -21"><span class='ocrx_word' id='word_1_305' title='bbox 199 2351 485 2406; x_wconf 90' lang='lat' dir='ltr'><strong>adversum</strong></span> <span class='ocrx_word' id='word_1_306' title='bbox 524 2353 626 2408; x_wconf 89' lang='lat' dir='ltr'><strong>ista</strong></span> <span class='ocrx_word' id='word_1_307' title='bbox 652 2353 796 2422; x_wconf 91' lang='lat' dir='ltr'><strong>quod</strong></span> <span class='ocrx_word' id='word_1_308' title='bbox 823 2369 1011 2408; x_wconf 91' lang='lat' dir='ltr'><strong>verum</strong></span> <span class='ocrx_word' id='word_1_309' title='bbox 1037 2362 1142 2410; x_wconf 91' lang='lat' dir='ltr'><strong>est.</strong></span> <span class='ocrx_word' id='word_1_310' title='bbox 1172 2354 1231 2409; x_wconf 92' lang='lat' dir='ltr'><strong>ln</strong></span> <span class='ocrx_word' id='word_1_311' title='bbox 1262 2371 1370 2410; x_wconf 91' lang='lat' dir='ltr'><strong>uno</strong></span> <span class='ocrx_word' id='word_1_312' title='bbox 1410 2355 1624 2412; x_wconf 91' lang='lat' dir='ltr'><strong>homine</strong></span> <span class='ocrx_word' id='word_1_313' title='bbox 1660 2356 1785 2425; x_wconf 87' lang='lat' dir='ltr'><strong>jure</strong></span> 
     </span>
    </p>
   </div>
   <div class='ocr_carea' id='block_1_39' title="bbox 197 2446 1783 2524">
    <p class='ocr_par' dir='ltr' id='par_1_39' title="bbox 197 2446 1783 2524">
     <span class='ocr_line' id='line_1_39' title="bbox 197 2446 1783 2524; baseline 0.006 -25"><span class='ocrx_word' id='word_1_314' title='bbox 197 2446 538 2516; x_wconf 89' lang='lat' dir='ltr'><strong>vituperatur</strong></span> <span class='ocrx_word' id='word_1_315' title='bbox 569 2448 814 2514; x_wconf 89' lang='lat' dir='ltr'><strong>intentio,</strong></span> <span class='ocrx_word' id='word_1_316' title='bbox 861 2458 916 2503; x_wconf 90' lang='lat' dir='ltr'><strong>et</strong></span> <span class='ocrx_word' id='word_1_317' title='bbox 963 2458 1158 2504; x_wconf 88' lang='lat' dir='ltr'><strong>natura</strong></span> <span class='ocrx_word' id='word_1_318' title='bbox 1204 2450 1472 2518; x_wconf 89' lang='lat' dir='ltr'><strong>laudatur,</strong></span> <span class='ocrx_word' id='word_1_319' title='bbox 1519 2454 1645 2524; x_wconf 87' lang='lat' dir='ltr'><strong>quia</strong></span> <span class='ocrx_word' id='word_1_320' title='bbox 1677 2455 1783 2510; x_wconf 92' lang='lat' dir='ltr'><strong>duo</strong></span> 
     </span>
    </p>
   </div>
   <div class='ocr_carea' id='block_1_40' title="bbox 198 2539 1784 2614">
    <p class='ocr_par' dir='ltr' id='par_1_40' title="bbox 198 2539 1784 2614">
     <span class='ocr_line' id='line_1_40' title="bbox 198 2539 1784 2614; baseline 0.004 -23"><span class='ocrx_word' id='word_1_321' title='bbox 198 2546 330 2592; x_wconf 92' lang='lat' dir='ltr'><strong>sunt</strong></span> <span class='ocrx_word' id='word_1_322' title='bbox 355 2553 476 2608; x_wconf 82' lang='lat' dir='ltr'><strong>quae</strong></span> <span class='ocrx_word' id='word_1_323' title='bbox 516 2539 804 2593; x_wconf 88' lang='lat' dir='ltr'><strong>contrariis</strong></span> <span class='ocrx_word' id='word_1_324' title='bbox 832 2539 1168 2609; x_wconf 90' lang='lat' dir='ltr'><strong>applicentur</strong></span> <span class='ocrx_word' id='word_1_325' title='bbox 1198 2559 1212 2594; x_wconf 90' lang='lat'>:</span> <span class='ocrx_word' id='word_1_326' title='bbox 1254 2541 1346 2596; x_wconf 90' lang='lat' dir='ltr'><strong>sed</strong></span> <span class='ocrx_word' id='word_1_327' title='bbox 1373 2543 1534 2597; x_wconf 88' lang='lat' dir='ltr'><strong>etiam</strong></span> <span class='ocrx_word' id='word_1_328' title='bbox 1568 2544 1620 2597; x_wconf 90' lang='lat' dir='ltr'><strong>in</strong></span> <span class='ocrx_word' id='word_1_329' title='bbox 1655 2559 1784 2614; x_wconf 84' lang='lat' dir='ltr'><strong>par-</strong></span> 
     </span>
    </p>
   </div>
   <div class='ocr_carea' id='block_1_41' title="bbox 197 2627 1781 2705">
    <p class='ocr_par' dir='ltr' id='par_1_41' title="bbox 197 2627 1781 2705">
     <span class='ocr_line' id='line_1_41' title="bbox 197 2627 1781 2705; baseline 0.006 -24"><span class='ocrx_word' id='word_1_330' title='bbox 197 2627 323 2683; x_wconf 82' lang='lat' dir='ltr'><strong>vulo</strong></span> <span class='ocrx_word' id='word_1_331' title='bbox 353 2644 458 2683; x_wconf 93' lang='lat' dir='ltr'><strong>non</strong></span> <span class='ocrx_word' id='word_1_332' title='bbox 489 2645 658 2684; x_wconf 92' lang='lat' dir='ltr'><strong>unum</strong></span> <span class='ocrx_word' id='word_1_333' title='bbox 688 2638 770 2685; x_wconf 92' lang='lat' dir='ltr'><strong>est</strong></span> <span class='ocrx_word' id='word_1_334' title='bbox 798 2639 1024 2697; x_wconf 85' lang='lat' dir='ltr'><strong>tantum,</strong></span> <span class='ocrx_word' id='word_1_335' title='bbox 1075 2631 1130 2688; x_wconf 89' lang='lat' dir='ltr'><strong>id</strong></span> <span class='ocrx_word' id='word_1_336' title='bbox 1179 2640 1263 2688; x_wconf 92' lang='lat' dir='ltr'><strong>est</strong></span> <span class='ocrx_word' id='word_1_337' title='bbox 1306 2642 1522 2699; x_wconf 90' lang='lat' dir='ltr'><strong>natura,</strong></span> <span class='ocrx_word' id='word_1_338' title='bbox 1573 2635 1627 2689; x_wconf 89' lang='lat' dir='ltr'><strong>in</strong></span> <span class='ocrx_word' id='word_1_339' title='bbox 1675 2651 1781 2705; x_wconf 89' lang='lat' dir='ltr'><strong>qua</strong></span> 
     </span>
    </p>
   </div>
   <div class='ocr_carea' id='block_1_42' title="bbox 195 2721 1779 2794">
    <p class='ocr_par' dir='ltr' id='par_1_42' title="bbox 195 2721 1779 2794">
     <span class='ocr_line' id='line_1_42' title="bbox 195 2721 1779 2794; baseline 0.005 -20"><span class='ocrx_word' id='word_1_340' title='bbox 195 2728 414 2774; x_wconf 90' lang='lat' dir='ltr'><strong>creatus</strong></span> <span class='ocrx_word' id='word_1_341' title='bbox 442 2727 526 2775; x_wconf 90' lang='lat' dir='ltr'><strong>est</strong></span> <span class='ocrx_word' id='word_1_342' title='bbox 551 2721 714 2776; x_wconf 92' lang='lat' dir='ltr'><strong>homo</strong></span> <span class='ocrx_word' id='word_1_343' title='bbox 740 2737 768 2775; x_wconf 89' lang='lat' dir='ltr'><strong>a</strong></span> <span class='ocrx_word' id='word_1_344' title='bbox 795 2721 906 2777; x_wconf 91' lang='lat' dir='ltr'><strong>Deo</strong></span> <span class='ocrx_word' id='word_1_345' title='bbox 927 2722 1102 2788; x_wconf 82' lang='lat' dir='ltr'><strong>bono,</strong></span> <span class='ocrx_word' id='word_1_346' title='bbox 1133 2723 1296 2778; x_wconf 89' lang='lat' dir='ltr'><strong>habet</strong></span> <span class='ocrx_word' id='word_1_347' title='bbox 1318 2725 1461 2780; x_wconf 89' lang='lat' dir='ltr'><strong>enim</strong></span> <span class='ocrx_word' id='word_1_348' title='bbox 1487 2735 1542 2780; x_wconf 90' lang='lat' dir='ltr'><strong>et</strong></span> <span class='ocrx_word' id='word_1_349' title='bbox 1567 2726 1779 2794; x_wconf 87' lang='lat' dir='ltr'><strong>vitium,</strong></span> 
     </span>
    </p>
   </div>
   <div class='ocr_carea' id='block_1_43' title="bbox 195 2812 1776 2886">
    <p class='ocr_par' dir='ltr' id='par_1_43' title="bbox 195 2812 1776 2886">
     <span class='ocr_line' id='line_1_43' title="bbox 195 2812 1776 2886; baseline 0.003 -21"><span class='ocrx_word' id='word_1_350' title='bbox 195 2812 339 2881; x_wconf 90' lang='lat' dir='ltr'><strong>quod</strong></span> <span class='ocrx_word' id='word_1_351' title='bbox 361 2826 457 2881; x_wconf 90' lang='lat' dir='ltr'><strong>per</strong></span> <span class='ocrx_word' id='word_1_352' title='bbox 471 2828 634 2866; x_wconf 92' lang='lat' dir='ltr'><strong>unum</strong></span> <span class='ocrx_word' id='word_1_353' title='bbox 657 2812 710 2869; x_wconf 92' lang='lat' dir='ltr'><strong>in</strong></span> <span class='ocrx_word' id='word_1_354' title='bbox 733 2827 920 2868; x_wconf 91' lang='lat' dir='ltr'><strong>omnes</strong></span> <span class='ocrx_word' id='word_1_355' title='bbox 934 2813 1180 2869; x_wconf 86' lang='lat' dir='ltr'><strong>homines</strong></span> <span class='ocrx_word' id='word_1_356' title='bbox 1199 2816 1512 2885; x_wconf 89' lang='lat' dir='ltr'><strong>pertransiit</strong></span> <span class='ocrx_word' id='word_1_357' title='bbox 1527 2814 1702 2886; x_wconf 85' lang='lat' dir='ltr'><strong>(Rom.</strong></span> <span class='ocrx_word' id='word_1_358' title='bbox 1723 2832 1776 2882; x_wconf 91' lang='lat' dir='ltr'><strong>v,</strong></span> 
     </span>
    </p>
   </div>
   <div class='ocr_carea' id='block_1_44' title="bbox 198 2903 1780 2980">
    <p class='ocr_par' dir='ltr' id='par_1_44' title="bbox 198 2903 1780 2980">
     <span class='ocr_line' id='line_1_44' title="bbox 198 2903 1780 2980; baseline 0.004 -22"><span class='ocrx_word' id='word_1_359' title='bbox 198 2903 322 2973; x_wconf 73' lang='grc'><strong>12),</strong></span> <span class='ocrx_word' id='word_1_360' title='bbox 353 2905 492 2959; x_wconf 90' lang='lat' dir='ltr'><strong>sicut</strong></span> <span class='ocrx_word' id='word_1_361' title='bbox 522 2905 663 2975; x_wconf 91' lang='lat' dir='ltr'><strong>sapit</strong></span> <span class='ocrx_word' id='word_1_362' title='bbox 709 2906 1015 2976; x_wconf 81' lang='lat' dir='ltr'><strong>Apostolus,</strong></span> <span class='ocrx_word' id='word_1_363' title='bbox 1065 2923 1172 2963; x_wconf 93' lang='lat' dir='ltr'><strong>non</strong></span> <span class='ocrx_word' id='word_1_364' title='bbox 1213 2909 1353 2964; x_wconf 90' lang='lat' dir='ltr'><strong>sicut</strong></span> <span class='ocrx_word' id='word_1_365' title='bbox 1397 2908 1595 2980; x_wconf 87' lang='lat' dir='ltr'><strong>desipit</strong></span> <span class='ocrx_word' id='word_1_366' title='bbox 1628 2907 1780 2964; x_wconf 88' lang='lat' dir='ltr'><strong>Pela-</strong></span> 
     </span>
    </p>
   </div>
   <div class='ocr_carea' id='block_1_45' title="bbox 195 2994 1776 3071">
    <p class='ocr_par' dir='ltr' id='par_1_45' title="bbox 195 2994 1776 3071">
     <span class='ocr_line' id='line_1_45' title="bbox 195 2994 1776 3071; baseline 0.005 -23"><span class='ocrx_word' id='word_1_367' title='bbox 195 2995 338 3064; x_wconf 91' lang='lat' dir='ltr'><strong>gius,</strong></span> <span class='ocrx_word' id='word_1_368' title='bbox 376 2995 459 3051; x_wconf 91' lang='lat' dir='ltr'><strong>vel</strong></span> <span class='ocrx_word' id='word_1_369' title='bbox 481 2994 783 3061; x_wconf 71' lang='lat' dir='ltr'><strong>leestius,</strong></span> <span class='ocrx_word' id='word_1_370' title='bbox 803 2997 887 3052; x_wconf 89' lang='lat' dir='ltr'><strong>vel</strong></span> <span class='ocrx_word' id='word_1_371' title='bbox 907 3013 1093 3052; x_wconf 92' lang='lat' dir='ltr'><strong>eorum</strong></span> <span class='ocrx_word' id='word_1_372' title='bbox 1122 2999 1428 3071; x_wconf 90' lang='lat' dir='ltr'><strong>quicunque</strong></span> <span class='ocrx_word' id='word_1_373' title='bbox 1465 3000 1776 3070; x_wconf 90' lang='lat' dir='ltr'><strong>discipulus.</strong></span> 
     </span>
    </p>
   </div>
   <div class='ocr_carea' id='block_1_46' title="bbox 195 3083 1775 3159">
    <p class='ocr_par' dir='ltr' id='par_1_46' title="bbox 195 3083 1775 3159">
     <span class='ocr_line' id='line_1_46' title="bbox 195 3083 1775 3159; baseline 0.006 -21"><span class='ocrx_word' id='word_1_374' title='bbox 195 3083 398 3140; x_wconf 83' lang='lat' dir='ltr'><strong>Horum</strong></span> <span class='ocrx_word' id='word_1_375' title='bbox 429 3085 609 3155; x_wconf 86' lang='lat' dir='ltr'><strong>itaque</strong></span> <span class='ocrx_word' id='word_1_376' title='bbox 638 3085 889 3153; x_wconf 89' lang='lat' dir='ltr'><strong>duorum,</strong></span> <span class='ocrx_word' id='word_1_377' title='bbox 910 3103 1029 3158; x_wconf 67' lang='lat' dir='ltr'><strong>quze</strong></span> <span class='ocrx_word' id='word_1_378' title='bbox 1060 3089 1108 3143; x_wconf 91' lang='lat' dir='ltr'><strong>in</strong></span> <span class='ocrx_word' id='word_1_379' title='bbox 1130 3090 1354 3159; x_wconf 89' lang='lat' dir='ltr'><strong>parvulo</strong></span> <span class='ocrx_word' id='word_1_380' title='bbox 1376 3106 1494 3146; x_wconf 91' lang='lat' dir='ltr'><strong>esse</strong></span> <span class='ocrx_word' id='word_1_381' title='bbox 1516 3092 1775 3159; x_wconf 82' lang='lat' dir='ltr'><strong>diximus,</strong></span> 
     </span>
    </p>
   </div>
   <div class='ocr_carea' id='block_1_47' title="bbox 195 3175 1774 3254">
    <p class='ocr_par' dir='ltr' id='par_1_47' title="bbox 195 3175 1774 3254">
     <span class='ocr_line' id='line_1_47' title="bbox 195 3175 1774 3254; baseline 0.006 -24"><span class='ocrx_word' id='word_1_382' title='bbox 195 3191 362 3230; x_wconf 90' lang='lat' dir='ltr'><strong>unum</strong></span> <span class='ocrx_word' id='word_1_383' title='bbox 415 3175 704 3232; x_wconf 89' lang='lat' dir='ltr'><strong>ascribitur</strong></span> <span class='ocrx_word' id='word_1_384' title='bbox 754 3177 884 3244; x_wconf 90' lang='lat' dir='ltr'><strong>Deo,</strong></span> <span class='ocrx_word' id='word_1_385' title='bbox 936 3179 1166 3234; x_wconf 89' lang='lat' dir='ltr'><strong>alterum</strong></span> <span class='ocrx_word' id='word_1_386' title='bbox 1223 3181 1456 3236; x_wconf 88' lang='lat' dir='ltr'><strong>diabolo.</strong></span> <span class='ocrx_word' id='word_1_387' title='bbox 1516 3183 1583 3237; x_wconf 91' lang='lat' dir='ltr'><strong>Et</strong></span> <span class='ocrx_word' id='word_1_388' title='bbox 1631 3185 1774 3254; x_wconf 88' lang='lat' dir='ltr'><strong>quod</strong></span> 
     </span>
    </p>
   </div>
   <div class='ocr_carea' id='block_1_48' title="bbox 1891 1987 3470 2060">
    <p class='ocr_par' dir='ltr' id='par_1_48' title="bbox 1891 1987 3470 2060">
     <span class='ocr_line' id='line_1_48' title="bbox 1891 1987 3470 2060; baseline 0 -18"><span class='ocrx_word' id='word_1_389' title='bbox 1891 1987 2032 2058; x_wconf 87' lang='grc'><strong>16.)</strong></span> <span class='ocrx_word' id='word_1_390' title='bbox 2095 1987 2150 2042; x_wconf 93' lang='lat' dir='ltr'><strong>ld</strong></span> <span class='ocrx_word' id='word_1_391' title='bbox 2200 1995 2324 2054; x_wconf 89' lang='lat' dir='ltr'><strong>est,</strong></span> <span class='ocrx_word' id='word_1_392' title='bbox 2371 1989 2494 2058; x_wconf 86' lang='lat' dir='ltr'><strong>quis</strong></span> <span class='ocrx_word' id='word_1_393' title='bbox 2549 1989 2776 2044; x_wconf 90' lang='lat' dir='ltr'><strong>idoneus</strong></span> <span class='ocrx_word' id='word_1_394' title='bbox 2824 1997 2910 2044; x_wconf 90' lang='lat' dir='ltr'><strong>est</strong></span> <span class='ocrx_word' id='word_1_395' title='bbox 2959 1989 3257 2059; x_wconf 89' lang='lat' dir='ltr'><strong>intelligere</strong></span> <span class='ocrx_word' id='word_1_396' title='bbox 3308 2004 3470 2060; x_wconf 86' lang='lat' dir='ltr'><strong>quam</strong></span> 
     </span>
    </p>
   </div>
   <div class='ocr_carea' id='block_1_49' title="bbox 1881 2075 3473 2151">
    <p class='ocr_par' dir='ltr' id='par_1_49' title="bbox 1881 2075 3473 2151">
     <span class='ocr_line' id='line_1_49' title="bbox 1881 2075 3473 2151; baseline 0.002 -21"><span class='ocrx_word' id='word_1_397' title='bbox 1881 2075 2026 2146; x_wconf 86' lang='lat' dir='ltr'><strong>juste</strong></span> <span class='ocrx_word' id='word_1_398' title='bbox 2049 2077 2185 2132; x_wconf 79' lang='lat' dir='ltr'><strong>flat?</strong></span> <span class='ocrx_word' id='word_1_399' title='bbox 2211 2078 2364 2145; x_wconf 86' lang='lat' dir='ltr'><strong>Quod</strong></span> <span class='ocrx_word' id='word_1_400' title='bbox 2408 2078 2552 2134; x_wconf 89' lang='lat' dir='ltr'><strong>idem</strong></span> <span class='ocrx_word' id='word_1_401' title='bbox 2581 2080 2841 2135; x_wconf 90' lang='lat' dir='ltr'><strong>Dominus</strong></span> <span class='ocrx_word' id='word_1_402' title='bbox 2882 2079 3014 2136; x_wconf 88' lang='lat' dir='ltr'><strong>dicit</strong></span> <span class='ocrx_word' id='word_1_403' title='bbox 3043 2098 3056 2134; x_wconf 90' lang='lat'><strong>:</strong></span> <span class='ocrx_word' id='word_1_404' title='bbox 3089 2079 3202 2151; x_wconf 84' lang='lat' dir='ltr'><strong>Ego</strong></span> <span class='ocrx_word' id='word_1_405' title='bbox 3249 2081 3381 2142; x_wconf 85' lang='lat' dir='ltr'><strong>reni,</strong></span> <span class='ocrx_word' id='word_1_406' title='bbox 3416 2087 3473 2133; x_wconf 85' lang='lat' dir='ltr'><strong>ut</strong></span> 
     </span>
    </p>
   </div>
   <div class='ocr_carea' id='block_1_50' title="bbox 1885 2167 3470 2242">
    <p class='ocr_par' dir='ltr' id='par_1_50' title="bbox 1885 2167 3470 2242">
     <span class='ocr_line' id='line_1_50' title="bbox 1885 2167 3470 2242; baseline 0.001 -22"><span class='ocrx_word' id='word_1_407' title='bbox 1885 2167 1975 2238; x_wconf 89' lang='lat' dir='ltr'><strong>qui</strong></span> <span class='ocrx_word' id='word_1_408' title='bbox 2029 2183 2132 2222; x_wconf 89' lang='lat' dir='ltr'><strong>non</strong></span> <span class='ocrx_word' id='word_1_409' title='bbox 2197 2167 2366 2222; x_wconf 87' lang='lat' dir='ltr'><strong>vident</strong></span> <span class='ocrx_word' id='word_1_410' title='bbox 2418 2169 2624 2224; x_wconf 81' lang='lat' dir='ltr'><strong>uideant</strong></span> <span class='ocrx_word' id='word_1_411' title='bbox 2650 2210 2666 2236; x_wconf 94' lang='lat'><strong>,</strong></span> <span class='ocrx_word' id='word_1_412' title='bbox 2717 2178 2766 2223; x_wconf 90' lang='lat' dir='ltr'><strong>et</strong></span> <span class='ocrx_word' id='word_1_413' title='bbox 2807 2170 2898 2240; x_wconf 86' lang='lat' dir='ltr'><strong>qui</strong></span> <span class='ocrx_word' id='word_1_414' title='bbox 2954 2169 3138 2242; x_wconf 50' lang='lat' dir='ltr'><strong>uident;</strong></span> <span class='ocrx_word' id='word_1_415' title='bbox 3177 2171 3300 2224; x_wconf 68' lang='grc' dir='ltr'>σιεσὶ</span> <span class='ocrx_word' id='word_1_416' title='bbox 3341 2169 3470 2237; x_wconf 80' lang='lat' dir='ltr'><strong>ﬁant</strong></span> 
     </span>
    </p>
   </div>
   <div class='ocr_carea' id='block_1_51' title="bbox 1888 2256 3472 2330">
    <p class='ocr_par' dir='ltr' id='par_1_51' title="bbox 1888 2256 3472 2330">
     <span class='ocr_line' id='line_1_51' title="bbox 1888 2256 3472 2330; baseline -0.001 -19"><span class='ocrx_word' id='word_1_417' title='bbox 1888 2256 2070 2328; x_wconf 86' lang='lat' dir='ltr'><strong>(Joan.</strong></span> <span class='ocrx_word' id='word_1_418' title='bbox 2115 2274 2192 2324; x_wconf 74' lang='grc' dir='ltr'><strong>ιι,</strong></span> <span class='ocrx_word' id='word_1_419' title='bbox 2234 2258 2350 2330; x_wconf 80' lang='grc'><strong>59).</strong></span> <span class='ocrx_word' id='word_1_420' title='bbox 2398 2258 2515 2328; x_wconf 87' lang='lat' dir='ltr'><strong>Ipsa</strong></span> <span class='ocrx_word' id='word_1_421' title='bbox 2564 2268 2649 2314; x_wconf 91' lang='lat' dir='ltr'><strong>est</strong></span> <span class='ocrx_word' id='word_1_422' title='bbox 2696 2261 2840 2315; x_wconf 91' lang='lat' dir='ltr'><strong>enim</strong></span> <span class='ocrx_word' id='word_1_423' title='bbox 2889 2259 3113 2315; x_wconf 81' lang='lat' dir='ltr'><strong>altitudo</strong></span> <span class='ocrx_word' id='word_1_424' title='bbox 3161 2260 3472 2313; x_wconf 81' lang='lat' dir='ltr'><strong>divitiarum</strong></span> 
     </span>
    </p>
   </div>
   <div class='ocr_carea' id='block_1_52' title="bbox 1885 2351 3469 2423">
    <p class='ocr_par' dir='ltr' id='par_1_52' title="bbox 1885 2351 3469 2423">
     <span class='ocr_line' id='line_1_52' title="bbox 1885 2351 3469 2423; baseline 0 -18"><span class='ocrx_word' id='word_1_425' title='bbox 1885 2351 2116 2405; x_wconf 73' lang='lat' dir='ltr'><strong>scientia:</strong></span> <span class='ocrx_word' id='word_1_426' title='bbox 2156 2361 2203 2406; x_wconf 88' lang='lat' dir='ltr'><strong>et</strong></span> <span class='ocrx_word' id='word_1_427' title='bbox 2234 2352 2504 2423; x_wconf 76' lang='lat' dir='ltr'><strong>sapientia:</strong></span> <span class='ocrx_word' id='word_1_428' title='bbox 2541 2352 2660 2417; x_wconf 89' lang='lat' dir='ltr'><strong>Dei,</strong></span> <span class='ocrx_word' id='word_1_429' title='bbox 2702 2369 2808 2422; x_wconf 88' lang='lat' dir='ltr'><strong>qua</strong></span> <span class='ocrx_word' id='word_1_430' title='bbox 2853 2354 2914 2408; x_wconf 87' lang='lat' dir='ltr'><strong>lit</strong></span> <span class='ocrx_word' id='word_1_431' title='bbox 2957 2370 3022 2408; x_wconf 78' lang='lat' dir='ltr'><strong>ea:</strong></span> <span class='ocrx_word' id='word_1_432' title='bbox 3069 2353 3250 2408; x_wconf 89' lang='lat' dir='ltr'><strong>eadem</strong></span> <span class='ocrx_word' id='word_1_433' title='bbox 3293 2368 3469 2406; x_wconf 89' lang='lat' dir='ltr'><strong>massa</strong></span> 
     </span>
    </p>
   </div>
   <div class='ocr_carea' id='block_1_53' title="bbox 1886 2440 3472 2514">
    <p class='ocr_par' dir='ltr' id='par_1_53' title="bbox 1886 2440 3472 2514">
     <span class='ocr_line' id='line_1_53' title="bbox 1886 2440 3472 2514; baseline 0.001 -20"><span class='ocrx_word' id='word_1_434' title='bbox 1886 2440 2035 2496; x_wconf 83' lang='lat' dir='ltr'><strong>aliud</strong></span> <span class='ocrx_word' id='word_1_435' title='bbox 2061 2459 2149 2496; x_wconf 85' lang='lat' dir='ltr'><strong>vas</strong></span> <span class='ocrx_word' id='word_1_436' title='bbox 2174 2443 2226 2496; x_wconf 89' lang='lat' dir='ltr'><strong>in</strong></span> <span class='ocrx_word' id='word_1_437' title='bbox 2248 2443 2519 2510; x_wconf 82' lang='lat' dir='ltr'><strong>honorem,</strong></span> <span class='ocrx_word' id='word_1_438' title='bbox 2553 2442 2700 2498; x_wconf 86' lang='lat' dir='ltr'><strong>aliud</strong></span> <span class='ocrx_word' id='word_1_439' title='bbox 2721 2445 2774 2498; x_wconf 88' lang='lat' dir='ltr'><strong>in</strong></span> <span class='ocrx_word' id='word_1_440' title='bbox 2800 2443 3166 2498; x_wconf 78' lang='lat' dir='ltr'><strong>contumeliam</strong></span> <span class='ocrx_word' id='word_1_441' title='bbox 3183 2441 3360 2514; x_wconf 85' lang='lat' dir='ltr'><strong>(Rom.</strong></span> <span class='ocrx_word' id='word_1_442' title='bbox 3393 2457 3472 2506; x_wconf 79' lang='lat' dir='ltr'><strong>xl,</strong></span> 
     </span>
    </p>
   </div>
   <div class='ocr_carea' id='block_1_54' title="bbox 1884 2532 3473 2606">
    <p class='ocr_par' dir='ltr' id='par_1_54' title="bbox 1884 2532 3473 2606">
     <span class='ocr_line' id='line_1_54' title="bbox 1884 2532 3473 2606; baseline 0.001 -20"><span class='ocrx_word' id='word_1_443' title='bbox 1884 2533 1984 2604; x_wconf 76' lang='lat'><strong>&#39;55)</strong></span> <span class='ocrx_word' id='word_1_444' title='bbox 2011 2549 2024 2598; x_wconf 93' lang='lat'><strong>;</strong></span> <span class='ocrx_word' id='word_1_445' title='bbox 2057 2543 2113 2588; x_wconf 91' lang='lat' dir='ltr'><strong>et</strong></span> <span class='ocrx_word' id='word_1_446' title='bbox 2157 2535 2355 2589; x_wconf 90' lang='lat' dir='ltr'><strong>dicitur</strong></span> <span class='ocrx_word' id='word_1_447' title='bbox 2383 2535 2532 2589; x_wconf 89' lang='lat' dir='ltr'><strong>carni</strong></span> <span class='ocrx_word' id='word_1_448' title='bbox 2570 2543 2625 2590; x_wconf 91' lang='lat' dir='ltr'><strong>et</strong></span> <span class='ocrx_word' id='word_1_449' title='bbox 2661 2535 2907 2606; x_wconf 85' lang='lat' dir='ltr'><strong>sanguini</strong></span> <span class='ocrx_word' id='word_1_450' title='bbox 2939 2552 2952 2589; x_wconf 90' lang='lat'><strong>:</strong></span> <span class='ocrx_word' id='word_1_451' title='bbox 2984 2532 3029 2589; x_wconf 91' lang='lat'><em>0</em></span> <span class='ocrx_word' id='word_1_452' title='bbox 3061 2535 3234 2599; x_wconf 82' lang='lat' dir='ltr'><strong>homo,</strong></span> <span class='ocrx_word' id='word_1_453' title='bbox 3275 2545 3330 2588; x_wconf 87' lang='lat' dir='ltr'><strong>tu</strong></span> <span class='ocrx_word' id='word_1_454' title='bbox 3357 2534 3473 2604; x_wconf 88' lang='lat' dir='ltr'><strong>quis</strong></span> 
     </span>
    </p>
   </div>
   <div class='ocr_carea' id='block_1_55' title="bbox 1883 2624 3474 2697">
    <p class='ocr_par' dir='ltr' id='par_1_55' title="bbox 1883 2624 3474 2697">
     <span class='ocr_line' id='line_1_55' title="bbox 1883 2624 3474 2697; baseline 0.002 -20"><span class='ocrx_word' id='word_1_455' title='bbox 1883 2639 1936 2677; x_wconf 89' lang='lat' dir='ltr'><strong>es</strong></span> <span class='ocrx_word' id='word_1_456' title='bbox 1973 2624 2064 2694; x_wconf 87' lang='lat' dir='ltr'><strong>qui</strong></span> <span class='ocrx_word' id='word_1_457' title='bbox 2096 2625 2406 2694; x_wconf 74' lang='lat' dir='ltr'><strong>respondeas</strong></span> <span class='ocrx_word' id='word_1_458' title='bbox 2443 2625 2593 2679; x_wconf 82' lang='lat' dir='ltr'><strong>Deo?</strong></span> <span class='ocrx_word' id='word_1_459' title='bbox 2621 2625 2810 2697; x_wconf 89' lang='lat' dir='ltr'><strong>(Rom.</strong></span> <span class='ocrx_word' id='word_1_460' title='bbox 2837 2642 2914 2689; x_wconf 80' lang='lat' dir='ltr'><strong>lx,</strong></span> <span class='ocrx_word' id='word_1_461' title='bbox 2942 2625 3062 2696; x_wconf 76' lang='lat'><strong>20.)</strong></span> <span class='ocrx_word' id='word_1_462' title='bbox 3095 2625 3229 2692; x_wconf 85' lang='lat' dir='ltr'><strong>Quis</strong></span> <span class='ocrx_word' id='word_1_463' title='bbox 3259 2640 3388 2696; x_wconf 89' lang='lat' dir='ltr'><strong>ergo</strong></span> <span class='ocrx_word' id='word_1_464' title='bbox 3417 2633 3474 2680; x_wconf 91' lang='lat' dir='ltr'><strong>et</strong></span> 
     </span>
    </p>
   </div>
   <div class='ocr_carea' id='block_1_56' title="bbox 1885 2714 3470 2788">
    <p class='ocr_par' dir='ltr' id='par_1_56' title="bbox 1885 2714 3470 2788">
     <span class='ocr_line' id='line_1_56' title="bbox 1885 2714 3470 2788; baseline 0.001 -20"><span class='ocrx_word' id='word_1_465' title='bbox 1885 2714 1940 2768; x_wconf 92' lang='lat' dir='ltr'><strong>in</strong></span> <span class='ocrx_word' id='word_1_466' title='bbox 1974 2715 2075 2770; x_wconf 89' lang='lat' dir='ltr'><strong>hac</strong></span> <span class='ocrx_word' id='word_1_467' title='bbox 2105 2730 2164 2770; x_wconf 88' lang='lat' dir='ltr'><strong>re</strong></span> <span class='ocrx_word' id='word_1_468' title='bbox 2185 2717 2445 2785; x_wconf 79' lang='lat' dir='ltr'><strong>cognoscit</strong></span> <span class='ocrx_word' id='word_1_469' title='bbox 2472 2715 2789 2771; x_wconf 84' lang='lat' dir='ltr'><strong>intellectum</strong></span> <span class='ocrx_word' id='word_1_470' title='bbox 2826 2717 3056 2781; x_wconf 85' lang='lat' dir='ltr'><strong>Domini,</strong></span> <span class='ocrx_word' id='word_1_471' title='bbox 3088 2725 3179 2770; x_wconf 92' lang='lat' dir='ltr'><strong>aut</strong></span> <span class='ocrx_word' id='word_1_472' title='bbox 3203 2717 3320 2788; x_wconf 83' lang='lat' dir='ltr'><strong>quis</strong></span> <span class='ocrx_word' id='word_1_473' title='bbox 3343 2733 3470 2770; x_wconf 87' lang='lat' dir='ltr'><strong>con-</strong></span> 
     </span>
    </p>
   </div>
   <div class='ocr_carea' id='block_1_57' title="bbox 1883 2803 3470 2877">
    <p class='ocr_par' dir='ltr' id='par_1_57' title="bbox 1883 2803 3470 2877">
     <span class='ocr_line' id='line_1_57' title="bbox 1883 2803 3470 2877; baseline 0.001 -19"><span class='ocrx_word' id='word_1_474' title='bbox 1883 2803 2120 2860; x_wconf 86' lang='lat' dir='ltr'><strong>siliarius</strong></span> <span class='ocrx_word' id='word_1_475' title='bbox 2143 2806 2223 2859; x_wconf 88' lang='lat' dir='ltr'><strong>illi</strong></span> <span class='ocrx_word' id='word_1_476' title='bbox 2261 2806 2360 2875; x_wconf 78' lang='lat' dir='ltr'><strong>fuit</strong></span> <span class='ocrx_word' id='word_1_477' title='bbox 2403 2805 2592 2875; x_wconf 87' lang='lat' dir='ltr'><strong>(Rom.</strong></span> <span class='ocrx_word' id='word_1_478' title='bbox 2623 2823 2699 2872; x_wconf 77' lang='grc' dir='ltr'><strong>ιι,</strong></span> <span class='ocrx_word' id='word_1_479' title='bbox 2729 2807 2855 2877; x_wconf 76' lang='grc'><strong>54),</strong></span> <span class='ocrx_word' id='word_1_480' title='bbox 2890 2807 2979 2863; x_wconf 91' lang='lat' dir='ltr'><strong>ubi</strong></span> <span class='ocrx_word' id='word_1_481' title='bbox 3024 2807 3104 2862; x_wconf 89' lang='lat' dir='ltr'><strong>sic</strong></span> <span class='ocrx_word' id='word_1_482' title='bbox 3147 2806 3470 2876; x_wconf 83' lang='lat' dir='ltr'><strong>gubernavit</strong></span> 
     </span>
    </p>
   </div>
   <div class='ocr_carea' id='block_1_58' title="bbox 1884 2897 3465 2969">
    <p class='ocr_par' dir='ltr' id='par_1_58' title="bbox 1884 2897 3465 2969">
     <span class='ocr_line' id='line_1_58' title="bbox 1884 2897 3465 2969; baseline 0 -17"><span class='ocrx_word' id='word_1_483' title='bbox 1884 2897 2047 2952; x_wconf 89' lang='lat' dir='ltr'><strong>corda</strong></span> <span class='ocrx_word' id='word_1_484' title='bbox 2075 2897 2539 2952; x_wconf 85' lang='lat' dir='ltr'><strong>reminiscentium</strong></span> <span class='ocrx_word' id='word_1_485' title='bbox 2564 2899 3035 2969; x_wconf 88' lang='lat' dir='ltr'><strong>evangelistarum,</strong></span> <span class='ocrx_word' id='word_1_486' title='bbox 3059 2907 3114 2953; x_wconf 91' lang='lat' dir='ltr'><strong>et</strong></span> <span class='ocrx_word' id='word_1_487' title='bbox 3137 2899 3189 2952; x_wconf 91' lang='lat' dir='ltr'><strong>in</strong></span> <span class='ocrx_word' id='word_1_488' title='bbox 3211 2897 3465 2953; x_wconf 70' lang='lat' dir='ltr'><strong>Ecclesia:</strong></span> 
     </span>
    </p>
   </div>
   <div class='ocr_carea' id='block_1_59' title="bbox 1883 2986 3470 3058">
    <p class='ocr_par' dir='ltr' id='par_1_59' title="bbox 1883 2986 3470 3058">
     <span class='ocr_line' id='line_1_59' title="bbox 1883 2986 3470 3058; baseline 0 -17"><span class='ocrx_word' id='word_1_489' title='bbox 1883 2986 2101 3058; x_wconf 87' lang='lat' dir='ltr'><strong>fastigio</strong></span> <span class='ocrx_word' id='word_1_490' title='bbox 2147 2995 2302 3044; x_wconf 90' lang='lat' dir='ltr'><strong>tanto</strong></span> <span class='ocrx_word' id='word_1_491' title='bbox 2348 2989 2690 3044; x_wconf 88' lang='lat' dir='ltr'><strong>auctoritatis</strong></span> <span class='ocrx_word' id='word_1_492' title='bbox 2735 2989 2970 3044; x_wconf 90' lang='lat' dir='ltr'><strong>culmine</strong></span> <span class='ocrx_word' id='word_1_493' title='bbox 3025 2988 3357 3054; x_wconf 90' lang='lat' dir='ltr'><strong>sublimavit,</strong></span> <span class='ocrx_word' id='word_1_494' title='bbox 3410 2995 3470 3042; x_wconf 93' lang='lat' dir='ltr'><strong>ut</strong></span> 
     </span>
    </p>
   </div>
   <div class='ocr_carea' id='block_1_60' title="bbox 1883 3078 3468 3152">
    <p class='ocr_par' dir='ltr' id='par_1_60' title="bbox 1883 3078 3468 3152">
     <span class='ocr_line' id='line_1_60' title="bbox 1883 3078 3468 3152; baseline 0 -20"><span class='ocrx_word' id='word_1_495' title='bbox 1883 3091 1980 3148; x_wconf 91' lang='lat' dir='ltr'><strong>per</strong></span> <span class='ocrx_word' id='word_1_496' title='bbox 2007 3079 2123 3134; x_wconf 59' lang='lat' dir='ltr'><strong>hac</strong></span> <span class='ocrx_word' id='word_1_497' title='bbox 2150 3078 2266 3148; x_wconf 92' lang='lat' dir='ltr'><strong>ipsa</strong></span> <span class='ocrx_word' id='word_1_498' title='bbox 2309 3095 2430 3149; x_wconf 59' lang='lat' dir='ltr'><strong>quae</strong></span> <span class='ocrx_word' id='word_1_499' title='bbox 2469 3081 2524 3134; x_wconf 91' lang='lat' dir='ltr'><strong>in</strong></span> <span class='ocrx_word' id='word_1_500' title='bbox 2563 3079 2644 3136; x_wconf 91' lang='lat' dir='ltr'><strong>eis</strong></span> <span class='ocrx_word' id='word_1_501' title='bbox 2682 3079 2952 3136; x_wconf 88' lang='lat' dir='ltr'><strong>contraria</strong></span> <span class='ocrx_word' id='word_1_502' title='bbox 3004 3081 3171 3136; x_wconf 89' lang='lat' dir='ltr'><strong>videri</strong></span> <span class='ocrx_word' id='word_1_503' title='bbox 3223 3087 3468 3152; x_wconf 85' lang='lat' dir='ltr'><strong>possunt,</strong></span> 
     </span>
    </p>
   </div>
   <div class='ocr_carea' id='block_1_61' title="bbox 1883 3170 3462 3245">
    <p class='ocr_par' dir='ltr' id='par_1_61' title="bbox 1883 3170 3462 3245">
     <span class='ocr_line' id='line_1_61' title="bbox 1883 3170 3462 3245; baseline 0.003 -21"><span class='ocrx_word' id='word_1_504' title='bbox 1883 3170 2036 3224; x_wconf 90' lang='lat' dir='ltr'><strong>multi</strong></span> <span class='ocrx_word' id='word_1_505' title='bbox 2068 3181 2493 3239; x_wconf 63' lang='lat' dir='ltr'><strong>excaecarentur,</strong></span> <span class='ocrx_word' id='word_1_506' title='bbox 2527 3173 2685 3244; x_wconf 89' lang='lat' dir='ltr'><strong>digne</strong></span> <span class='ocrx_word' id='word_1_507' title='bbox 2713 3175 2897 3228; x_wconf 80' lang='lat' dir='ltr'><strong>traditi</strong></span> <span class='ocrx_word' id='word_1_508' title='bbox 2922 3175 2976 3228; x_wconf 92' lang='lat' dir='ltr'><strong>in</strong></span> <span class='ocrx_word' id='word_1_509' title='bbox 3015 3175 3462 3245; x_wconf 86' lang='lat' dir='ltr'><strong>concupiscentias</strong></span> 
     </span>
    </p>
   </div>
   <div class='ocr_carea' id='block_1_62' title="bbox 195 3253 1793 3342">
    <p class='ocr_par' dir='ltr' id='par_1_62' title="bbox 195 3253 1778 3342">
     <span class='ocr_line' id='line_1_62' title="bbox 195 3253 1778 3342; baseline 0.005 -22"><span class='ocrx_word' id='word_1_510' title='bbox 195 3275 487 3336; x_wconf 90' lang='lat' dir='ltr'><strong>utrumque</strong></span> <span class='ocrx_word' id='word_1_511' title='bbox 519 3277 739 3338; x_wconf 91' lang='lat' dir='ltr'><strong>propter</strong></span> <span class='ocrx_word' id='word_1_512' title='bbox 759 3284 922 3324; x_wconf 92' lang='lat' dir='ltr'><strong>unum</strong></span> <span class='ocrx_word' id='word_1_513' title='bbox 955 3270 1168 3335; x_wconf 91' lang='lat' dir='ltr'><strong>horum,</strong></span> <span class='ocrx_word' id='word_1_514' title='bbox 1201 3271 1253 3325; x_wconf 92' lang='lat' dir='ltr'><strong>id</strong></span> <span class='ocrx_word' id='word_1_515' title='bbox 1295 3281 1376 3326; x_wconf 92' lang='lat' dir='ltr'><strong>est</strong></span> <span class='ocrx_word' id='word_1_516' title='bbox 1424 3253 1661 3342; x_wconf 11' lang='lat' dir='ltr'><strong>propter,</strong></span> <span class='ocrx_word' id='word_1_517' title='bbox 1697 3273 1778 3328; x_wconf 82' lang='lat' dir='ltr'><strong>vi-</strong></span> 
     </span>
    </p>
   </div>
   <div class='ocr_carea' id='block_1_63' title="bbox 1882 3253 3469 3342">
    <p class='ocr_par' dir='ltr' id='par_1_63' title="bbox 1883 3262 3469 3335">
     <span class='ocr_line' id='line_1_63' title="bbox 1883 3262 3469 3335; baseline 0.004 -22"><span class='ocrx_word' id='word_1_518' title='bbox 1883 3262 2057 3314; x_wconf 86' lang='lat' dir='ltr'><strong>cordis</strong></span> <span class='ocrx_word' id='word_1_519' title='bbox 2094 3262 2179 3314; x_wconf 88' lang='lat' dir='ltr'><strong>sui</strong></span> <span class='ocrx_word' id='word_1_520' title='bbox 2209 3271 2256 3315; x_wconf 89' lang='lat' dir='ltr'><strong>et</strong></span> <span class='ocrx_word' id='word_1_521' title='bbox 2282 3262 2338 3316; x_wconf 91' lang='lat' dir='ltr'><strong>in</strong></span> <span class='ocrx_word' id='word_1_522' title='bbox 2371 3262 2644 3333; x_wconf 84' lang='lat' dir='ltr'><strong>reprobum</strong></span> <span class='ocrx_word' id='word_1_523' title='bbox 2687 3280 2896 3318; x_wconf 86' lang='lat' dir='ltr'><strong>sensum</strong></span> <span class='ocrx_word' id='word_1_524' title='bbox 2939 3263 3129 3335; x_wconf 82' lang='lat' dir='ltr'><strong>(Rom.</strong></span> <span class='ocrx_word' id='word_1_525' title='bbox 3173 3280 3213 3330; x_wconf 86' lang='grc' dir='ltr'><strong>ι,</strong></span> <span class='ocrx_word' id='word_1_526' title='bbox 3251 3263 3381 3335; x_wconf 70' lang='lat'><strong>28),</strong></span> <span class='ocrx_word' id='word_1_527' title='bbox 3413 3274 3469 3319; x_wconf 88' lang='lat' dir='ltr'><strong>et</strong></span> 
     </span>
    </p>
   </div>
   <div class='ocr_carea' id='block_1_64' title="bbox 195 3355 1779 3428">
    <p class='ocr_par' dir='ltr' id='par_1_64' title="bbox 195 3355 1779 3428">
     <span class='ocr_line' id='line_1_64' title="bbox 195 3355 1779 3428; baseline 0.005 -17"><span class='ocrx_word' id='word_1_528' title='bbox 195 3358 351 3422; x_wconf 91' lang='lat' dir='ltr'><strong>tium,</strong></span> <span class='ocrx_word' id='word_1_529' title='bbox 393 3355 674 3425; x_wconf 86' lang='lat' dir='ltr'><strong>subjicitur</strong></span> <span class='ocrx_word' id='word_1_530' title='bbox 718 3361 970 3428; x_wconf 88' lang='lat' dir='ltr'><strong>potestati</strong></span> <span class='ocrx_word' id='word_1_531' title='bbox 1015 3359 1228 3424; x_wconf 90' lang='lat' dir='ltr'><strong>diaboli,</strong></span> <span class='ocrx_word' id='word_1_532' title='bbox 1277 3361 1398 3418; x_wconf 90' lang='lat' dir='ltr'><strong>ideo</strong></span> <span class='ocrx_word' id='word_1_533' title='bbox 1433 3379 1538 3419; x_wconf 90' lang='lat' dir='ltr'><strong>non</strong></span> <span class='ocrx_word' id='word_1_534' title='bbox 1575 3373 1658 3420; x_wconf 92' lang='lat' dir='ltr'><strong>est</strong></span> <span class='ocrx_word' id='word_1_535' title='bbox 1703 3365 1779 3419; x_wconf 84' lang='lat' dir='ltr'><strong>in-</strong></span> 
     </span>
    </p>
   </div>
   <div class='ocr_carea' id='block_1_65' title="bbox 195 3450 1776 3524">
    <p class='ocr_par' dir='ltr' id='par_1_65' title="bbox 195 3450 1776 3524">
     <span class='ocr_line' id='line_1_65' title="bbox 195 3450 1776 3524; baseline 0.005 -20"><span class='ocrx_word' id='word_1_536' title='bbox 195 3463 513 3519; x_wconf 88' lang='lat' dir='ltr'><strong>congruum,</strong></span> <span class='ocrx_word' id='word_1_537' title='bbox 537 3450 663 3519; x_wconf 88' lang='lat' dir='ltr'><strong>quia</strong></span> <span class='ocrx_word' id='word_1_538' title='bbox 695 3466 799 3504; x_wconf 90' lang='lat' dir='ltr'><strong>non</strong></span> <span class='ocrx_word' id='word_1_539' title='bbox 839 3451 902 3504; x_wconf 87' lang='lat' dir='ltr'><strong>lit</strong></span> <span class='ocrx_word' id='word_1_540' title='bbox 937 3452 1104 3520; x_wconf 92' lang='lat' dir='ltr'><strong>ipsius</strong></span> <span class='ocrx_word' id='word_1_541' title='bbox 1143 3453 1340 3508; x_wconf 90' lang='lat' dir='ltr'><strong>diaboli</strong></span> <span class='ocrx_word' id='word_1_542' title='bbox 1367 3465 1657 3524; x_wconf 86' lang='lat' dir='ltr'><strong>potestate,</strong></span> <span class='ocrx_word' id='word_1_543' title='bbox 1682 3455 1776 3512; x_wconf 90' lang='lat' dir='ltr'><strong>sed</strong></span> 
     </span>
    </p>
   </div>
   <div class='ocr_carea' id='block_1_66' title="bbox 195 3531 1774 3618">
    <p class='ocr_par' dir='ltr' id='par_1_66' title="bbox 195 3531 1774 3618">
     <span class='ocr_line' id='line_1_66' title="bbox 195 3531 1774 3618; baseline 0.008 -24"><span class='ocrx_word' id='word_1_544' title='bbox 195 3540 311 3595; x_wconf 89' lang='lat' dir='ltr'><strong>Dei.</strong></span> <span class='ocrx_word' id='word_1_545' title='bbox 349 3539 646 3608; x_wconf 86' lang='lat' dir='ltr'><strong>Subjicitur</strong></span> <span class='ocrx_word' id='word_1_546' title='bbox 671 3531 852 3598; x_wconf 66' lang='lat' dir='ltr'><strong>aufem</strong></span> <span class='ocrx_word' id='word_1_547' title='bbox 883 3543 1073 3598; x_wconf 92' lang='lat' dir='ltr'><strong>vitium</strong></span> <span class='ocrx_word' id='word_1_548' title='bbox 1118 3545 1268 3611; x_wconf 90' lang='lat' dir='ltr'><strong>vitio,</strong></span> <span class='ocrx_word' id='word_1_549' title='bbox 1311 3556 1503 3602; x_wconf 89' lang='lat' dir='ltr'><strong>natura</strong></span> <span class='ocrx_word' id='word_1_550' title='bbox 1544 3560 1774 3618; x_wconf 60' lang='lat' dir='ltr'><strong>natura},</strong></span> 
     </span>
    </p>
   </div>
   <div class='ocr_carea' id='block_1_67' title="bbox 193 3635 1774 3716">
    <p class='ocr_par' dir='ltr' id='par_1_67' title="bbox 193 3635 1774 3716">
     <span class='ocr_line' id='line_1_67' title="bbox 193 3635 1774 3716; baseline 0.008 -29"><span class='ocrx_word' id='word_1_551' title='bbox 193 3635 322 3705; x_wconf 90' lang='lat' dir='ltr'><strong>quia</strong></span> <span class='ocrx_word' id='word_1_552' title='bbox 352 3645 403 3690; x_wconf 91' lang='lat' dir='ltr'><strong>et</strong></span> <span class='ocrx_word' id='word_1_553' title='bbox 447 3635 501 3689; x_wconf 89' lang='lat' dir='ltr'><strong>in</strong></span> <span class='ocrx_word' id='word_1_554' title='bbox 541 3635 754 3690; x_wconf 91' lang='lat' dir='ltr'><strong>diabolo</strong></span> <span class='ocrx_word' id='word_1_555' title='bbox 781 3643 1071 3706; x_wconf 91' lang='lat' dir='ltr'><strong>utrumque</strong></span> <span class='ocrx_word' id='word_1_556' title='bbox 1117 3646 1220 3705; x_wconf 92' lang='lat' dir='ltr'><strong>est,</strong></span> <span class='ocrx_word' id='word_1_557' title='bbox 1253 3647 1307 3694; x_wconf 92' lang='lat' dir='ltr'><strong>et</strong></span> <span class='ocrx_word' id='word_1_558' title='bbox 1344 3637 1481 3712; x_wconf 90' lang='lat' dir='ltr'><strong>[al.,</strong></span> <span class='ocrx_word' id='word_1_559' title='bbox 1517 3641 1608 3716; x_wconf 92' lang='lat' dir='ltr'><strong>ut]</strong></span> <span class='ocrx_word' id='word_1_560' title='bbox 1651 3660 1774 3700; x_wconf 92' lang='lat' dir='ltr'><strong>cum</strong></span> 
     </span>
    </p>
   </div>
   <div class='ocr_carea' id='block_1_68' title="bbox 193 3725 1773 3802">
    <p class='ocr_par' dir='ltr' id='par_1_68' title="bbox 193 3725 1773 3802">
     <span class='ocr_line' id='line_1_68' title="bbox 193 3725 1773 3802; baseline 0.005 -22"><span class='ocrx_word' id='word_1_561' title='bbox 193 3725 370 3780; x_wconf 89' lang='lat' dir='ltr'><strong>dilecti</strong></span> <span class='ocrx_word' id='word_1_562' title='bbox 402 3734 455 3780; x_wconf 92' lang='lat' dir='ltr'><strong>et</strong></span> <span class='ocrx_word' id='word_1_563' title='bbox 496 3726 652 3781; x_wconf 91' lang='lat' dir='ltr'><strong>electi</strong></span> <span class='ocrx_word' id='word_1_564' title='bbox 690 3727 756 3781; x_wconf 89' lang='lat' dir='ltr'><strong>de</strong></span> <span class='ocrx_word' id='word_1_565' title='bbox 801 3735 1065 3797; x_wconf 88' lang='lat' dir='ltr'><strong>potestate</strong></span> <span class='ocrx_word' id='word_1_566' title='bbox 1105 3729 1450 3786; x_wconf 89' lang='lat' dir='ltr'><strong>tenebrarum</strong></span> <span class='ocrx_word' id='word_1_567' title='bbox 1478 3743 1773 3802; x_wconf 90' lang='lat' dir='ltr'><strong>eruuntur,</strong></span> 
     </span>
    </p>
   </div>
   <div class='ocr_carea' id='block_1_69' title="bbox 193 3818 1776 3896">
    <p class='ocr_par' dir='ltr' id='par_1_69' title="bbox 193 3818 1776 3896">
     <span class='ocr_line' id='line_1_69' title="bbox 193 3818 1776 3896; baseline 0.004 -22"><span class='ocrx_word' id='word_1_568' title='bbox 193 3821 282 3874; x_wconf 92' lang='lat' dir='ltr'><strong>cui</strong></span> <span class='ocrx_word' id='word_1_569' title='bbox 328 3818 449 3887; x_wconf 90' lang='lat' dir='ltr'><strong>jure</strong></span> <span class='ocrx_word' id='word_1_570' title='bbox 494 3821 814 3885; x_wconf 91' lang='lat' dir='ltr'><strong>subduntur,</strong></span> <span class='ocrx_word' id='word_1_571' title='bbox 866 3830 1121 3890; x_wconf 89' lang='lat' dir='ltr'><strong>appareat</strong></span> <span class='ocrx_word' id='word_1_572' title='bbox 1160 3823 1289 3892; x_wconf 89' lang='lat' dir='ltr'><strong>quid</strong></span> <span class='ocrx_word' id='word_1_573' title='bbox 1316 3823 1544 3880; x_wconf 91' lang='lat' dir='ltr'><strong>donetur</strong></span> <span class='ocrx_word' id='word_1_574' title='bbox 1578 3825 1776 3896; x_wconf 82' lang='lat' dir='ltr'><strong>justifi-</strong></span> 
     </span>
    </p>
   </div>
   <div class='ocr_carea' id='block_1_70' title="bbox 192 3912 1769 3985">
    <p class='ocr_par' dir='ltr' id='par_1_70' title="bbox 192 3912 1769 3985">
     <span class='ocr_line' id='line_1_70' title="bbox 192 3912 1769 3985; baseline 0.004 -20"><span class='ocrx_word' id='word_1_575' title='bbox 192 3912 330 3965; x_wconf 90' lang='lat' dir='ltr'><strong>catis</strong></span> <span class='ocrx_word' id='word_1_576' title='bbox 357 3912 514 3966; x_wconf 88' lang='lat' dir='ltr'><strong>bonis</strong></span> <span class='ocrx_word' id='word_1_577' title='bbox 562 3928 593 3966; x_wconf 90' lang='lat' dir='ltr'><strong>a</strong></span> <span class='ocrx_word' id='word_1_578' title='bbox 642 3912 752 3968; x_wconf 91' lang='lat' dir='ltr'><strong>Deo</strong></span> <span class='ocrx_word' id='word_1_579' title='bbox 800 3914 963 3978; x_wconf 91' lang='lat' dir='ltr'><strong>bono,</strong></span> <span class='ocrx_word' id='word_1_580' title='bbox 1006 3917 1143 3969; x_wconf 90' lang='lat' dir='ltr'><strong>bene</strong></span> <span class='ocrx_word' id='word_1_581' title='bbox 1193 3925 1451 3985; x_wconf 90' lang='lat' dir='ltr'><strong>operante</strong></span> <span class='ocrx_word' id='word_1_582' title='bbox 1497 3917 1564 3971; x_wconf 92' lang='lat' dir='ltr'><strong>de</strong></span> <span class='ocrx_word' id='word_1_583' title='bbox 1593 3919 1769 3973; x_wconf 90' lang='lat' dir='ltr'><strong>malis.</strong></span> 
     </span>
    </p>
   </div>
   <div class='ocr_carea' id='block_1_71' title="bbox 195 4000 1770 4073">
    <p class='ocr_par' dir='ltr' id='par_1_71' title="bbox 195 4000 1770 4073">
     <span class='ocr_line' id='line_1_71' title="bbox 195 4000 1770 4073; baseline 0.005 -19"><span class='ocrx_word' id='word_1_584' title='bbox 195 4000 348 4067; x_wconf 87' lang='lat' dir='ltr'><strong>Quod</strong></span> <span class='ocrx_word' id='word_1_585' title='bbox 371 4009 551 4057; x_wconf 88' lang='lat' dir='ltr'><strong>autem</strong></span> <span class='ocrx_word' id='word_1_586' title='bbox 577 4002 680 4056; x_wconf 91' lang='lat' dir='ltr'><strong>iste</strong></span> <span class='ocrx_word' id='word_1_587' title='bbox 709 4001 811 4056; x_wconf 91' lang='lat' dir='ltr'><strong>sibi</strong></span> <span class='ocrx_word' id='word_1_588' title='bbox 835 4003 987 4071; x_wconf 90' lang='lat' dir='ltr'><strong>quasi</strong></span> <span class='ocrx_word' id='word_1_589' title='bbox 1017 4002 1265 4073; x_wconf 88' lang='lat' dir='ltr'><strong>religiose</strong></span> <span class='ocrx_word' id='word_1_590' title='bbox 1289 4003 1470 4060; x_wconf 87' lang='lat' dir='ltr'><strong>dicere</strong></span> <span class='ocrx_word' id='word_1_591' title='bbox 1492 4005 1640 4061; x_wconf 89' lang='lat' dir='ltr'><strong>visus</strong></span> <span class='ocrx_word' id='word_1_592' title='bbox 1657 4018 1770 4062; x_wconf 89' lang='lat' dir='ltr'><strong>est:</strong></span> 
     </span>
    </p>
   </div>
   <div class='ocr_carea' id='block_1_72' title="bbox 194 4091 1775 4168">
    <p class='ocr_par' dir='ltr' id='par_1_72' title="bbox 194 4091 1775 4168">
     <span class='ocr_line' id='line_1_72' title="bbox 194 4091 1775 4168; baseline 0.003 -21"><span class='ocrx_word' id='word_1_593' title='bbox 194 4091 259 4148; x_wconf 88' lang='lat' dir='ltr'><strong>Si</strong></span> <span class='ocrx_word' id='word_1_594' title='bbox 288 4103 476 4146; x_wconf 85' lang='lat' dir='ltr'><strong>natura</strong></span> <span class='ocrx_word' id='word_1_595' title='bbox 507 4109 599 4164; x_wconf 85' lang='lat' dir='ltr'><strong>per</strong></span> <span class='ocrx_word' id='word_1_596' title='bbox 636 4092 805 4147; x_wconf 87' lang='lat' dir='ltr'><strong>Deum</strong></span> <span class='ocrx_word' id='word_1_597' title='bbox 839 4103 932 4158; x_wconf 88' lang='lat' dir='ltr'><strong>est,</strong></span> <span class='ocrx_word' id='word_1_598' title='bbox 973 4110 1076 4147; x_wconf 91' lang='lat' dir='ltr'><strong>non</strong></span> <span class='ocrx_word' id='word_1_599' title='bbox 1108 4104 1274 4164; x_wconf 85' lang='lat' dir='ltr'><strong>potest</strong></span> <span class='ocrx_word' id='word_1_600' title='bbox 1299 4097 1354 4150; x_wconf 90' lang='lat' dir='ltr'><strong>in</strong></span> <span class='ocrx_word' id='word_1_601' title='bbox 1392 4112 1452 4150; x_wconf 91' lang='lat' dir='ltr'><strong>eo</strong></span> <span class='ocrx_word' id='word_1_602' title='bbox 1481 4112 1590 4151; x_wconf 84' lang='lat' dir='ltr'><strong>esse</strong></span> <span class='ocrx_word' id='word_1_603' title='bbox 1615 4099 1775 4168; x_wconf 87' lang='lat' dir='ltr'><strong>origi-</strong></span> 
     </span>
    </p>
   </div>
   <div class='ocr_carea' id='block_1_73' title="bbox 192 4183 1774 4254">
    <p class='ocr_par' dir='ltr' id='par_1_73' title="bbox 192 4183 1774 4254">
     <span class='ocr_line' id='line_1_73' title="bbox 192 4183 1774 4254; baseline 0.004 -16"><span class='ocrx_word' id='word_1_604' title='bbox 192 4183 313 4238; x_wconf 86' lang='lat' dir='ltr'><strong>nale</strong></span> <span class='ocrx_word' id='word_1_605' title='bbox 339 4183 558 4250; x_wconf 89' lang='lat' dir='ltr'><strong>malum,</strong></span> <span class='ocrx_word' id='word_1_606' title='bbox 608 4199 788 4239; x_wconf 90' lang='lat' dir='ltr'><strong>nonne</strong></span> <span class='ocrx_word' id='word_1_607' title='bbox 827 4184 1130 4254; x_wconf 89' lang='lat' dir='ltr'><strong>religiosius</strong></span> <span class='ocrx_word' id='word_1_608' title='bbox 1175 4186 1279 4242; x_wconf 88' lang='lat' dir='ltr'><strong>sibi</strong></span> <span class='ocrx_word' id='word_1_609' title='bbox 1326 4187 1464 4243; x_wconf 91' lang='lat' dir='ltr'><strong>alius</strong></span> <span class='ocrx_word' id='word_1_610' title='bbox 1502 4189 1774 4244; x_wconf 89' lang='lat' dir='ltr'><strong>videretur</strong></span> 
     </span>
    </p>
   </div>
   <div class='ocr_carea' id='block_1_74' title="bbox 192 4275 1772 4348">
    <p class='ocr_par' dir='ltr' id='par_1_74' title="bbox 192 4275 1772 4348">
     <span class='ocr_line' id='line_1_74' title="bbox 192 4275 1772 4348; baseline 0.005 -19"><span class='ocrx_word' id='word_1_611' title='bbox 192 4275 410 4331; x_wconf 89' lang='lat' dir='ltr'><strong>dicere:</strong></span> <span class='ocrx_word' id='word_1_612' title='bbox 446 4275 504 4331; x_wconf 91' lang='lat' dir='ltr'><strong>Si</strong></span> <span class='ocrx_word' id='word_1_613' title='bbox 531 4284 722 4331; x_wconf 89' lang='lat' dir='ltr'><strong>natura</strong></span> <span class='ocrx_word' id='word_1_614' title='bbox 750 4290 848 4346; x_wconf 91' lang='lat' dir='ltr'><strong>per</strong></span> <span class='ocrx_word' id='word_1_615' title='bbox 889 4275 1057 4331; x_wconf 92' lang='lat' dir='ltr'><strong>Deum</strong></span> <span class='ocrx_word' id='word_1_616' title='bbox 1096 4284 1198 4342; x_wconf 91' lang='lat' dir='ltr'><strong>est,</strong></span> <span class='ocrx_word' id='word_1_617' title='bbox 1253 4292 1357 4332; x_wconf 92' lang='lat' dir='ltr'><strong>non</strong></span> <span class='ocrx_word' id='word_1_618' title='bbox 1395 4286 1572 4348; x_wconf 90' lang='lat' dir='ltr'><strong>potest</strong></span> <span class='ocrx_word' id='word_1_619' title='bbox 1611 4279 1666 4334; x_wconf 89' lang='lat' dir='ltr'><strong>in</strong></span> <span class='ocrx_word' id='word_1_620' title='bbox 1708 4296 1772 4337; x_wconf 90' lang='lat' dir='ltr'><strong>ea</strong></span> 
     </span>
    </p>
   </div>
   <div class='ocr_carea' id='block_1_75' title="bbox 190 4367 1771 4428">
    <p class='ocr_par' dir='ltr' id='par_1_75' title="bbox 190 4367 1771 4428">
     <span class='ocr_line' id='line_1_75' title="bbox 190 4367 1771 4428; baseline 0.004 -6"><span class='ocrx_word' id='word_1_621' title='bbox 190 4367 324 4422; x_wconf 90' lang='lat' dir='ltr'><strong>oriri</strong></span> <span class='ocrx_word' id='word_1_622' title='bbox 354 4367 518 4422; x_wconf 92' lang='lat' dir='ltr'><strong>ullum</strong></span> <span class='ocrx_word' id='word_1_623' title='bbox 551 4367 789 4422; x_wconf 87' lang='lat' dir='ltr'><strong>malum?</strong></span> <span class='ocrx_word' id='word_1_624' title='bbox 814 4367 882 4422; x_wconf 87' lang='lat' dir='ltr'><strong>Et</strong></span> <span class='ocrx_word' id='word_1_625' title='bbox 904 4377 1082 4423; x_wconf 89' lang='lat' dir='ltr'><strong>tamen</strong></span> <span class='ocrx_word' id='word_1_626' title='bbox 1110 4367 1305 4424; x_wconf 87' lang='lat' dir='ltr'><strong>falsum</strong></span> <span class='ocrx_word' id='word_1_627' title='bbox 1333 4379 1415 4426; x_wconf 89' lang='lat' dir='ltr'><strong>est</strong></span> <span class='ocrx_word' id='word_1_628' title='bbox 1445 4388 1458 4424; x_wconf 88' lang='lat'><strong>:</strong></span> <span class='ocrx_word' id='word_1_629' title='bbox 1497 4372 1601 4427; x_wconf 91' lang='lat' dir='ltr'><strong>hoc</strong></span> <span class='ocrx_word' id='word_1_630' title='bbox 1624 4373 1771 4428; x_wconf 88' lang='lat' dir='ltr'><strong>enim</strong></span> 
     </span>
    </p>
   </div>
   <div class='ocr_carea' id='block_1_76' title="bbox 190 4460 1770 4528">
    <p class='ocr_par' dir='ltr' id='par_1_76' title="bbox 190 4460 1770 4528">
     <span class='ocr_line' id='line_1_76' title="bbox 190 4460 1770 4528; baseline 0.006 -15"><span class='ocrx_word' id='word_1_631' title='bbox 190 4460 470 4516; x_wconf 79' lang='lat' dir='ltr'><strong>Manichaei</strong></span> <span class='ocrx_word' id='word_1_632' title='bbox 501 4475 748 4516; x_wconf 87' lang='lat' dir='ltr'><strong>asserere</strong></span> <span class='ocrx_word' id='word_1_633' title='bbox 777 4461 1087 4528; x_wconf 92' lang='lat' dir='ltr'><strong>voluerunt,</strong></span> <span class='ocrx_word' id='word_1_634' title='bbox 1129 4470 1184 4517; x_wconf 91' lang='lat' dir='ltr'><strong>et</strong></span> <span class='ocrx_word' id='word_1_635' title='bbox 1210 4478 1316 4518; x_wconf 89' lang='lat' dir='ltr'><strong>non</strong></span> <span class='ocrx_word' id='word_1_636' title='bbox 1340 4474 1645 4520; x_wconf 86' lang='lat' dir='ltr'><strong>creaturam</strong></span> <span class='ocrx_word' id='word_1_637' title='bbox 1675 4467 1770 4523; x_wconf 93' lang='lat' dir='ltr'><strong>Dei</strong></span> 
     </span>
    </p>
   </div>
   <div class='ocr_carea' id='block_1_77' title="bbox 187 4553 1769 4623">
    <p class='ocr_par' dir='ltr' id='par_1_77' title="bbox 187 4553 1769 4623">
     <span class='ocr_line' id='line_1_77' title="bbox 187 4553 1769 4623; baseline 0.006 -17"><span class='ocrx_word' id='word_1_638' title='bbox 187 4553 389 4608; x_wconf 84' lang='lat' dir='ltr'><strong>faetam</strong></span> <span class='ocrx_word' id='word_1_639' title='bbox 417 4553 481 4607; x_wconf 90' lang='lat' dir='ltr'><strong>de</strong></span> <span class='ocrx_word' id='word_1_640' title='bbox 506 4553 696 4618; x_wconf 87' lang='lat' dir='ltr'><strong>nihilo,</strong></span> <span class='ocrx_word' id='word_1_641' title='bbox 727 4554 819 4608; x_wconf 92' lang='lat' dir='ltr'><strong>sed</strong></span> <span class='ocrx_word' id='word_1_642' title='bbox 865 4558 1034 4623; x_wconf 88' lang='lat' dir='ltr'><strong>ipsam</strong></span> <span class='ocrx_word' id='word_1_643' title='bbox 1079 4563 1327 4610; x_wconf 89' lang='lat' dir='ltr'><strong>naturam</strong></span> <span class='ocrx_word' id='word_1_644' title='bbox 1357 4557 1454 4612; x_wconf 88' lang='lat' dir='ltr'><strong>Dei</strong></span> <span class='ocrx_word' id='word_1_645' title='bbox 1476 4559 1629 4614; x_wconf 90' lang='lat' dir='ltr'><strong>malis</strong></span> <span class='ocrx_word' id='word_1_646' title='bbox 1649 4575 1769 4615; x_wconf 90' lang='lat' dir='ltr'><strong>om-</strong></span> 
     </span>
    </p>
   </div>
   <div class='ocr_carea' id='block_1_78' title="bbox 188 4642 1774 4712">
    <p class='ocr_par' dir='ltr' id='par_1_78' title="bbox 188 4642 1774 4712">
     <span class='ocr_line' id='line_1_78' title="bbox 188 4642 1774 4712; baseline 0.005 -14"><span class='ocrx_word' id='word_1_647' title='bbox 188 4644 352 4698; x_wconf 87' lang='lat' dir='ltr'><strong>nibus</strong></span> <span class='ocrx_word' id='word_1_648' title='bbox 379 4643 606 4712; x_wconf 90' lang='lat' dir='ltr'><strong>implere</strong></span> <span class='ocrx_word' id='word_1_649' title='bbox 630 4644 807 4697; x_wconf 92' lang='lat' dir='ltr'><strong>conati</strong></span> <span class='ocrx_word' id='word_1_650' title='bbox 839 4652 984 4700; x_wconf 89' lang='lat' dir='ltr'><strong>sunt.</strong></span> <span class='ocrx_word' id='word_1_651' title='bbox 1016 4642 1132 4700; x_wconf 85' lang='lat' dir='ltr'><strong>Non</strong></span> <span class='ocrx_word' id='word_1_652' title='bbox 1171 4647 1316 4701; x_wconf 91' lang='lat' dir='ltr'><strong>enim</strong></span> <span class='ocrx_word' id='word_1_653' title='bbox 1345 4657 1522 4704; x_wconf 89' lang='lat' dir='ltr'><strong>ortum</strong></span> <span class='ocrx_word' id='word_1_654' title='bbox 1549 4659 1632 4704; x_wconf 91' lang='lat' dir='ltr'><strong>est</strong></span> <span class='ocrx_word' id='word_1_655' title='bbox 1661 4668 1774 4706; x_wconf 90' lang='lat' dir='ltr'><strong>ma-</strong></span> 
     </span>
    </p>
   </div>
   <div class='ocr_carea' id='block_1_79' title="bbox 187 4733 1770 4811">
    <p class='ocr_par' dir='ltr' id='par_1_79' title="bbox 187 4733 1770 4811">
     <span class='ocr_line' id='line_1_79' title="bbox 187 4733 1770 4811; baseline 0.006 -22"><span class='ocrx_word' id='word_1_656' title='bbox 187 4736 301 4789; x_wconf 90' lang='lat' dir='ltr'><strong>lum</strong></span> <span class='ocrx_word' id='word_1_657' title='bbox 328 4733 429 4788; x_wconf 90' lang='lat' dir='ltr'><strong>nisi</strong></span> <span class='ocrx_word' id='word_1_658' title='bbox 462 4735 512 4786; x_wconf 93' lang='lat' dir='ltr'><strong>in</strong></span> <span class='ocrx_word' id='word_1_659' title='bbox 555 4733 711 4797; x_wconf 89' lang='lat' dir='ltr'><strong>bono,</strong></span> <span class='ocrx_word' id='word_1_660' title='bbox 741 4751 840 4791; x_wconf 90' lang='lat' dir='ltr'><strong>nec</strong></span> <span class='ocrx_word' id='word_1_661' title='bbox 879 4746 1059 4791; x_wconf 89' lang='lat' dir='ltr'><strong>tamen</strong></span> <span class='ocrx_word' id='word_1_662' title='bbox 1088 4753 1299 4794; x_wconf 89' lang='lat' dir='ltr'><strong>summo</strong></span> <span class='ocrx_word' id='word_1_663' title='bbox 1329 4748 1384 4795; x_wconf 91' lang='lat' dir='ltr'><strong>et</strong></span> <span class='ocrx_word' id='word_1_664' title='bbox 1429 4742 1770 4811; x_wconf 88' lang='lat' dir='ltr'><strong>immutabili,</strong></span> 
     </span>
    </p>
   </div>
   <div class='ocr_carea' id='block_1_80' title="bbox 185 4827 1774 4905">
    <p class='ocr_par' dir='ltr' id='par_1_80' title="bbox 185 4827 1774 4905">
     <span class='ocr_line' id='line_1_80' title="bbox 185 4827 1774 4905; baseline 0.007 -25"><span class='ocrx_word' id='word_1_665' title='bbox 185 4827 336 4899; x_wconf 90' lang='lat' dir='ltr'><strong>quod</strong></span> <span class='ocrx_word' id='word_1_666' title='bbox 364 4834 447 4880; x_wconf 84' lang='lat' dir='ltr'><strong>est</strong></span> <span class='ocrx_word' id='word_1_667' title='bbox 472 4836 664 4881; x_wconf 86' lang='lat' dir='ltr'><strong>natura</strong></span> <span class='ocrx_word' id='word_1_668' title='bbox 695 4827 808 4894; x_wconf 90' lang='lat' dir='ltr'><strong>Dei,</strong></span> <span class='ocrx_word' id='word_1_669' title='bbox 831 4829 924 4884; x_wconf 87' lang='lat' dir='ltr'><strong>sed</strong></span> <span class='ocrx_word' id='word_1_670' title='bbox 956 4828 1100 4885; x_wconf 90' lang='lat' dir='ltr'><strong>facto</strong></span> <span class='ocrx_word' id='word_1_671' title='bbox 1125 4831 1190 4886; x_wconf 91' lang='lat' dir='ltr'><strong>de</strong></span> <span class='ocrx_word' id='word_1_672' title='bbox 1217 4832 1388 4888; x_wconf 88' lang='lat' dir='ltr'><strong>nihilo</strong></span> <span class='ocrx_word' id='word_1_673' title='bbox 1420 4849 1518 4904; x_wconf 92' lang='lat' dir='ltr'><strong>per</strong></span> <span class='ocrx_word' id='word_1_674' title='bbox 1559 4836 1774 4905; x_wconf 88' lang='lat' dir='ltr'><strong>sapien-</strong></span> 
     </span>
    </p>
   </div>
   <div class='ocr_carea' id='block_1_81' title="bbox 189 4918 1771 4998">
    <p class='ocr_par' dir='ltr' id='par_1_81' title="bbox 189 4918 1771 4998">
     <span class='ocr_line' id='line_1_81' title="bbox 189 4918 1771 4998; baseline 0.004 -22"><span class='ocrx_word' id='word_1_675' title='bbox 189 4922 324 4976; x_wconf 89' lang='lat' dir='ltr'><strong>tiam</strong></span> <span class='ocrx_word' id='word_1_676' title='bbox 361 4919 476 4974; x_wconf 91' lang='lat' dir='ltr'><strong>Dei.</strong></span> <span class='ocrx_word' id='word_1_677' title='bbox 527 4919 624 4974; x_wconf 87' lang='lat' dir='ltr'><strong>Est</strong></span> <span class='ocrx_word' id='word_1_678' title='bbox 661 4918 840 4990; x_wconf 90' lang='lat' dir='ltr'><strong>itaque</strong></span> <span class='ocrx_word' id='word_1_679' title='bbox 880 4935 978 4992; x_wconf 91' lang='lat' dir='ltr'><strong>per</strong></span> <span class='ocrx_word' id='word_1_680' title='bbox 1017 4923 1160 4991; x_wconf 86' lang='lat' dir='ltr'><strong>quod</strong></span> <span class='ocrx_word' id='word_1_681' title='bbox 1195 4923 1356 4979; x_wconf 91' lang='lat' dir='ltr'><strong>homo</strong></span> <span class='ocrx_word' id='word_1_682' title='bbox 1403 4925 1584 4981; x_wconf 89' lang='lat' dir='ltr'><strong>divino</strong></span> <span class='ocrx_word' id='word_1_683' title='bbox 1621 4929 1771 4998; x_wconf 91' lang='lat' dir='ltr'><strong>operi</strong></span> 
     </span>
    </p>
   </div>
   <div class='ocr_carea' id='block_1_82' title="bbox 189 5010 1769 5088">
    <p class='ocr_par' dir='ltr' id='par_1_82' title="bbox 189 5010 1769 5088">
     <span class='ocr_line' id='line_1_82' title="bbox 189 5010 1769 5088; baseline 0.006 -24"><span class='ocrx_word' id='word_1_684' title='bbox 189 5011 517 5075; x_wconf 87' lang='lat' dir='ltr'><strong>vindicetur,</strong></span> <span class='ocrx_word' id='word_1_685' title='bbox 554 5010 677 5079; x_wconf 91' lang='lat' dir='ltr'><strong>quia</strong></span> <span class='ocrx_word' id='word_1_686' title='bbox 707 5026 810 5065; x_wconf 92' lang='lat' dir='ltr'><strong>non</strong></span> <span class='ocrx_word' id='word_1_687' title='bbox 841 5020 987 5067; x_wconf 91' lang='lat' dir='ltr'><strong>esset</strong></span> <span class='ocrx_word' id='word_1_688' title='bbox 1028 5013 1209 5079; x_wconf 91' lang='lat' dir='ltr'><strong>homo,</strong></span> <span class='ocrx_word' id='word_1_689' title='bbox 1260 5013 1362 5069; x_wconf 92' lang='lat' dir='ltr'><strong>nisi</strong></span> <span class='ocrx_word' id='word_1_690' title='bbox 1393 5015 1575 5072; x_wconf 85' lang='lat' dir='ltr'><strong>divino</strong></span> <span class='ocrx_word' id='word_1_691' title='bbox 1603 5033 1769 5088; x_wconf 91' lang='lat' dir='ltr'><strong>opere</strong></span> 
     </span>
    </p>
   </div>
   <div class='ocr_carea' id='block_1_83' title="bbox 189 5100 1770 5182">
    <p class='ocr_par' dir='ltr' id='par_1_83' title="bbox 189 5100 1770 5182">
     <span class='ocr_line' id='line_1_83' title="bbox 189 5100 1770 5182; baseline 0.003 -25"><span class='ocrx_word' id='word_1_692' title='bbox 189 5109 509 5157; x_wconf 89' lang='lat' dir='ltr'><strong>crearetur:</strong></span> <span class='ocrx_word' id='word_1_693' title='bbox 540 5100 736 5155; x_wconf 92' lang='lat' dir='ltr'><strong>malum</strong></span> <span class='ocrx_word' id='word_1_694' title='bbox 766 5110 952 5156; x_wconf 88' lang='lat' dir='ltr'><strong>natura</strong></span> <span class='ocrx_word' id='word_1_695' title='bbox 977 5100 1097 5174; x_wconf 89' lang='lat' dir='ltr'><strong>[al.,</strong></span> <span class='ocrx_word' id='word_1_696' title='bbox 1125 5111 1326 5170; x_wconf 91' lang='lat' dir='ltr'><strong>autem,</strong></span> <span class='ocrx_word' id='word_1_697' title='bbox 1365 5105 1416 5159; x_wconf 91' lang='lat' dir='ltr'><strong>id</strong></span> <span class='ocrx_word' id='word_1_698' title='bbox 1449 5115 1529 5161; x_wconf 89' lang='lat' dir='ltr'><strong>est</strong></span> <span class='ocrx_word' id='word_1_699' title='bbox 1555 5107 1770 5182; x_wconf 88' lang='lat' dir='ltr'><strong>natura]</strong></span> 
     </span>
    </p>
   </div>
   <div class='ocr_carea' id='block_1_84' title="bbox 190 5191 1774 5264">
    <p class='ocr_par' dir='ltr' id='par_1_84' title="bbox 190 5191 1774 5264">
     <span class='ocr_line' id='line_1_84' title="bbox 190 5191 1774 5264; baseline 0.005 -18"><span class='ocrx_word' id='word_1_700' title='bbox 190 5207 302 5246; x_wconf 75' lang='lat' dir='ltr'><strong>non</strong></span> <span class='ocrx_word' id='word_1_701' title='bbox 326 5199 468 5246; x_wconf 87' lang='lat' dir='ltr'><strong>esset</strong></span> <span class='ocrx_word' id='word_1_702' title='bbox 499 5191 551 5244; x_wconf 94' lang='lat' dir='ltr'><strong>in</strong></span> <span class='ocrx_word' id='word_1_703' title='bbox 582 5191 838 5258; x_wconf 90' lang='lat' dir='ltr'><strong>parvulis,</strong></span> <span class='ocrx_word' id='word_1_704' title='bbox 868 5193 970 5246; x_wconf 92' lang='lat' dir='ltr'><strong>nisi</strong></span> <span class='ocrx_word' id='word_1_705' title='bbox 1017 5191 1293 5248; x_wconf 88' lang='lat' dir='ltr'><strong>voluntate</strong></span> <span class='ocrx_word' id='word_1_706' title='bbox 1340 5195 1498 5264; x_wconf 90' lang='lat' dir='ltr'><strong>primi</strong></span> <span class='ocrx_word' id='word_1_707' title='bbox 1541 5197 1774 5256; x_wconf 87' lang='lat' dir='ltr'><strong>hominis</strong></span> 
     </span>
    </p>
   </div>
   <div class='ocr_carea' id='block_1_85' title="bbox 173 5283 1776 5360">
    <p class='ocr_par' dir='ltr' id='par_1_85' title="bbox 173 5283 1776 5360">
     <span class='ocr_line' id='line_1_85' title="bbox 173 5283 1776 5360; baseline 0.006 -26"><span class='ocrx_word' id='word_1_708' title='bbox 173 5290 530 5353; x_wconf 82' lang='lat' dir='ltr'><strong>.peccaretur,</strong></span> <span class='ocrx_word' id='word_1_709' title='bbox 567 5293 621 5336; x_wconf 91' lang='lat' dir='ltr'><strong>et</strong></span> <span class='ocrx_word' id='word_1_710' title='bbox 643 5297 708 5336; x_wconf 78' lang='lat' dir='ltr'><strong>ex</strong></span> <span class='ocrx_word' id='word_1_711' title='bbox 743 5283 948 5353; x_wconf 89' lang='lat' dir='ltr'><strong>origine</strong></span> <span class='ocrx_word' id='word_1_712' title='bbox 975 5284 1160 5340; x_wconf 89' lang='lat' dir='ltr'><strong>vitiata</strong></span> <span class='ocrx_word' id='word_1_713' title='bbox 1199 5296 1479 5356; x_wconf 89' lang='lat' dir='ltr'><strong>peccatum</strong></span> <span class='ocrx_word' id='word_1_714' title='bbox 1510 5288 1776 5360; x_wconf 87' lang='lat' dir='ltr'><strong>originale</strong></span> 
     </span>
    </p>
   </div>
   <div class='ocr_carea' id='block_1_86' title="bbox 195 5370 574 5443">
    <p class='ocr_par' dir='ltr' id='par_1_86' title="bbox 195 5370 574 5443">
     <span class='ocr_line' id='line_1_86' title="bbox 195 5370 574 5443; baseline 0 -17"><span class='ocrx_word' id='word_1_715' title='bbox 195 5373 528 5427; x_wconf 82' lang='lat' dir='ltr'><strong>traheretur.</strong></span> <span class='ocrx_word' id='word_1_716' title='bbox 554 5370 574 5443; x_wconf 95' lang='lat'>]</span> 
     </span>
    </p>
   </div>
   <div class='ocr_carea' id='block_1_87' title="bbox 151 5462 1774 5536">
    <p class='ocr_par' dir='ltr' id='par_1_87' title="bbox 151 5462 1774 5536">
     <span class='ocr_line' id='line_1_87' title="bbox 151 5462 1774 5536; baseline 0.005 -19"><span class='ocrx_word' id='word_1_717' title='bbox 151 5465 154 5468; x_wconf 81' lang='grc'><strong>’</strong></span> <span class='ocrx_word' id='word_1_718' title='bbox 263 5465 302 5534; x_wconf 65' lang='grc' dir='ltr'><strong>ἰ-</strong></span> <span class='ocrx_word' id='word_1_719' title='bbox 337 5465 478 5518; x_wconf 89' lang='lat' dir='ltr'><strong>Idem</strong></span> <span class='ocrx_word' id='word_1_720' title='bbox 505 5464 558 5517; x_wconf 92' lang='lat' dir='ltr'><strong>in</strong></span> <span class='ocrx_word' id='word_1_721' title='bbox 585 5462 800 5518; x_wconf 91' lang='lat' dir='ltr'><strong>librode</strong></span> <span class='ocrx_word' id='word_1_722' title='bbox 827 5463 1101 5518; x_wconf 87' lang='lat' dir='ltr'><strong>Consensu</strong></span> <span class='ocrx_word' id='word_1_723' title='bbox 1136 5466 1588 5536; x_wconf 88' lang='lat' dir='ltr'><strong>evangelistarum</strong></span> <span class='ocrx_word' id='word_1_724' title='bbox 1614 5471 1774 5526; x_wconf 92' lang='lat' dir='ltr'><strong>tertio</strong></span> 
     </span>
    </p>
   </div>
   <div class='ocr_carea' id='block_1_88' title="bbox 194 5556 1776 5633">
    <p class='ocr_par' dir='ltr' id='par_1_88' title="bbox 194 5556 1776 5633">
     <span class='ocr_line' id='line_1_88' title="bbox 194 5556 1776 5633; baseline 0.006 -22"><span class='ocrx_word' id='word_1_725' title='bbox 194 5561 333 5630; x_wconf 81' lang='lat' dir='ltr'><strong>(cap.</strong></span> <span class='ocrx_word' id='word_1_726' title='bbox 345 5559 364 5612; x_wconf 84' lang='lat' dir='ltr'><strong>l</strong></span> <span class='ocrx_word' id='word_1_727' title='bbox 376 5559 430 5627; x_wconf 74' lang='grc'><strong>5)</strong></span> <span class='ocrx_word' id='word_1_728' title='bbox 450 5575 462 5610; x_wconf 89' lang='lat'><strong>:</strong></span> <span class='ocrx_word' id='word_1_729' title='bbox 481 5556 764 5628; x_wconf 86' lang='lat' dir='ltr'><strong>[Dignetur</strong></span> <span class='ocrx_word' id='word_1_730' title='bbox 776 5573 904 5627; x_wconf 88' lang='lat' dir='ltr'><strong>ergo</strong></span> <span class='ocrx_word' id='word_1_731' title='bbox 918 5557 1140 5612; x_wconf 88' lang='lat' dir='ltr'><strong>consilio</strong></span> <span class='ocrx_word' id='word_1_732' title='bbox 1157 5558 1316 5614; x_wconf 84' lang='lat' dir='ltr'><strong>Marci</strong></span> <span class='ocrx_word' id='word_1_733' title='bbox 1334 5563 1672 5633; x_wconf 70' lang='lat' dir='ltr'><strong>evangelista:</strong></span> <span class='ocrx_word' id='word_1_734' title='bbox 1686 5582 1776 5621; x_wconf 83' lang='lat' dir='ltr'><strong>su-</strong></span> 
     </span>
    </p>
   </div>
   <div class='ocr_carea' id='block_1_89' title="bbox 144 5647 1776 5730">
    <p class='ocr_par' dir='ltr' id='par_1_89' title="bbox 193 5647 1776 5724">
     <span class='ocr_line' id='line_1_89' title="bbox 193 5647 1776 5724; baseline 0.009 -27"><span class='ocrx_word' id='word_1_735' title='bbox 193 5649 369 5718; x_wconf 72' lang='lat' dir='ltr'><strong>parari</strong></span> <span class='ocrx_word' id='word_1_736' title='bbox 386 5648 665 5701; x_wconf 84' lang='lat' dir='ltr'><strong>consilium</strong></span> <span class='ocrx_word' id='word_1_737' title='bbox 684 5647 955 5716; x_wconf 91' lang='lat' dir='ltr'><strong>suum,qui</strong></span> <span class='ocrx_word' id='word_1_738' title='bbox 972 5663 1036 5702; x_wconf 90' lang='lat' dir='ltr'><strong>eo</strong></span> <span class='ocrx_word' id='word_1_739' title='bbox 1055 5647 1172 5702; x_wconf 86' lang='lat' dir='ltr'><strong>loco</strong></span> <span class='ocrx_word' id='word_1_740' title='bbox 1188 5649 1237 5703; x_wconf 91' lang='lat' dir='ltr'><strong>id</strong></span> <span class='ocrx_word' id='word_1_741' title='bbox 1252 5651 1554 5719; x_wconf 90' lang='lat' dir='ltr'><strong>ponendum</strong></span> <span class='ocrx_word' id='word_1_742' title='bbox 1569 5655 1776 5724; x_wconf 86' lang='lat' dir='ltr'><strong>judica-</strong></span> 
     </span>
    </p>
   </div>
   <div class='ocr_carea' id='block_1_90' title="bbox 193 5738 1774 5811">
    <p class='ocr_par' dir='ltr' id='par_1_90' title="bbox 193 5738 1774 5811">
     <span class='ocr_line' id='line_1_90' title="bbox 193 5738 1774 5811; baseline 0.009 -21"><span class='ocrx_word' id='word_1_743' title='bbox 193 5740 399 5807; x_wconf 81' lang='lat' dir='ltr'><strong>vit,quo</strong></span> <span class='ocrx_word' id='word_1_744' title='bbox 420 5739 535 5791; x_wconf 88' lang='lat' dir='ltr'><strong>loco</strong></span> <span class='ocrx_word' id='word_1_745' title='bbox 557 5738 734 5791; x_wconf 80' lang='lat' dir='ltr'><strong>divina</strong></span> <span class='ocrx_word' id='word_1_746' title='bbox 753 5739 1096 5808; x_wconf 74' lang='lat' dir='ltr'><strong>inspiratione</strong></span> <span class='ocrx_word' id='word_1_747' title='bbox 1111 5751 1420 5811; x_wconf 84' lang='lat' dir='ltr'><strong>suggestum</strong></span> <span class='ocrx_word' id='word_1_748' title='bbox 1445 5755 1547 5800; x_wconf 90' lang='lat' dir='ltr'><strong>est.</strong></span> <span class='ocrx_word' id='word_1_749' title='bbox 1569 5747 1774 5804; x_wconf 83' lang='lat' dir='ltr'><strong>Recor-</strong></span> 
     </span>
    </p>
   </div>
   <div class='ocr_carea' id='block_1_91' title="bbox 189 5829 1770 5922">
    <p class='ocr_par' dir='ltr' id='par_1_91' title="bbox 189 5829 1770 5922">
     <span class='ocr_line' id='line_1_91' title="bbox 189 5829 1770 5922; baseline 0.008 -38"><span class='ocrx_word' id='word_1_750' title='bbox 189 5830 434 5890; x_wconf 68' lang='lat' dir='ltr'><strong>dationes</strong></span> <span class='ocrx_word' id='word_1_751' title='bbox 459 5830 600 5887; x_wconf 89' lang='lat' dir='ltr'><strong>enim</strong></span> <span class='ocrx_word' id='word_1_752' title='bbox 627 5844 814 5890; x_wconf 83' lang='lat' dir='ltr'><strong>eorum</strong></span> <span class='ocrx_word' id='word_1_753' title='bbox 841 5829 956 5906; x_wconf 86' lang='lat' dir='ltr'><strong>ejus</strong></span> <span class='ocrx_word' id='word_1_754' title='bbox 983 5844 1144 5889; x_wconf 86' lang='lat' dir='ltr'><strong>manu</strong></span> <span class='ocrx_word' id='word_1_755' title='bbox 1173 5833 1484 5912; x_wconf 61' lang='lat' dir='ltr'><strong>gubernant:</strong></span> <span class='ocrx_word' id='word_1_756' title='bbox 1507 5850 1653 5914; x_wconf 81' lang='lat' dir='ltr'><strong>sunt,</strong></span> <span class='ocrx_word' id='word_1_757' title='bbox 1677 5843 1770 5922; x_wconf 82' lang='lat' dir='ltr'><strong>qui</strong></span> 
     </span>
    </p>
   </div>
   <div class='ocr_carea' id='block_1_92' title="bbox 1883 3351 3466 3426">
    <p class='ocr_par' dir='ltr' id='par_1_92' title="bbox 1883 3351 3466 3426">
     <span class='ocr_line' id='line_1_92' title="bbox 1883 3351 3466 3426; baseline 0.003 -20"><span class='ocrx_word' id='word_1_758' title='bbox 1883 3351 2036 3407; x_wconf 92' lang='lat' dir='ltr'><strong>multi</strong></span> <span class='ocrx_word' id='word_1_759' title='bbox 2060 3365 2446 3410; x_wconf 80' lang='lat' dir='ltr'><strong>exercerentur</strong></span> <span class='ocrx_word' id='word_1_760' title='bbox 2473 3355 2540 3410; x_wconf 90' lang='lat' dir='ltr'><strong>ad</strong></span> <span class='ocrx_word' id='word_1_761' title='bbox 2581 3355 2907 3410; x_wconf 89' lang='lat' dir='ltr'><strong>elimandum</strong></span> <span class='ocrx_word' id='word_1_762' title='bbox 2937 3357 3086 3426; x_wconf 91' lang='lat' dir='ltr'><strong>pium</strong></span> <span class='ocrx_word' id='word_1_763' title='bbox 3136 3355 3466 3410; x_wconf 88' lang='lat' dir='ltr'><strong>intellectum</strong></span> 
     </span>
    </p>
   </div>
   <div class='ocr_carea' id='block_1_93' title="bbox 1881 3445 3470 3518">
    <p class='ocr_par' dir='ltr' id='par_1_93' title="bbox 1881 3445 3470 3518">
     <span class='ocr_line' id='line_1_93' title="bbox 1881 3445 3470 3518; baseline 0 -17"><span class='ocrx_word' id='word_1_764' title='bbox 1881 3445 2176 3501; x_wconf 89' lang='lat' dir='ltr'><strong>secundum</strong></span> <span class='ocrx_word' id='word_1_765' title='bbox 2230 3446 2498 3501; x_wconf 88' lang='lat' dir='ltr'><strong>occultam</strong></span> <span class='ocrx_word' id='word_1_766' title='bbox 2548 3445 2947 3518; x_wconf 91' lang='lat' dir='ltr'><strong>Omnipotentis</strong></span> <span class='ocrx_word' id='word_1_767' title='bbox 2988 3447 3274 3517; x_wconf 90' lang='lat' dir='ltr'><strong>justitiam.</strong></span> <span class='ocrx_word' id='word_1_768' title='bbox 3329 3446 3470 3502; x_wconf 87' lang='lat' dir='ltr'><strong>Dicit</strong></span> 
     </span>
    </p>
   </div>
   <div class='ocr_carea' id='block_1_94' title="bbox 1880 3537 3466 3611">
    <p class='ocr_par' dir='ltr' id='par_1_94' title="bbox 1880 3537 3466 3611">
     <span class='ocr_line' id='line_1_94' title="bbox 1880 3537 3466 3611; baseline 0 -19"><span class='ocrx_word' id='word_1_769' title='bbox 1880 3539 2025 3593; x_wconf 92' lang='lat' dir='ltr'><strong>enim</strong></span> <span class='ocrx_word' id='word_1_770' title='bbox 2054 3537 2322 3608; x_wconf 87' lang='lat' dir='ltr'><strong>Propheta</strong></span> <span class='ocrx_word' id='word_1_771' title='bbox 2354 3540 2580 3595; x_wconf 91' lang='lat' dir='ltr'><strong>Domino</strong></span> <span class='ocrx_word' id='word_1_772' title='bbox 2606 3558 2620 3594; x_wconf 90' lang='lat'><strong>:</strong></span> <span class='ocrx_word' id='word_1_773' title='bbox 2654 3540 2827 3595; x_wconf 84' lang='lat' dir='ltr'><strong>Nimis</strong></span> <span class='ocrx_word' id='word_1_774' title='bbox 2854 3539 3132 3611; x_wconf 76' lang='lat' dir='ltr'><strong>profunda:</strong></span> <span class='ocrx_word' id='word_1_775' title='bbox 3162 3540 3320 3609; x_wconf 74' lang='lat' dir='ltr'><strong>facta:</strong></span> <span class='ocrx_word' id='word_1_776' title='bbox 3341 3548 3466 3593; x_wconf 84' lang='lat' dir='ltr'><strong>sunt</strong></span> 
     </span>
    </p>
   </div>
   <div class='ocr_carea' id='block_1_95' title="bbox 1879 3634 3462 3704">
    <p class='ocr_par' dir='ltr' id='par_1_95' title="bbox 1879 3634 3462 3704">
     <span class='ocr_line' id='line_1_95' title="bbox 1879 3634 3462 3704; baseline -0.003 -16"><span class='ocrx_word' id='word_1_777' title='bbox 1879 3634 2219 3704; x_wconf 87' lang='lat' dir='ltr'><strong>cogitationes</strong></span> <span class='ocrx_word' id='word_1_778' title='bbox 2268 3643 2391 3699; x_wconf 71' lang='lat' dir='ltr'><strong>tum,</strong></span> <span class='ocrx_word' id='word_1_779' title='bbox 2437 3634 2515 3688; x_wconf 83' lang='lat' dir='ltr'><strong>vir</strong></span> <span class='ocrx_word' id='word_1_780' title='bbox 2554 3635 2856 3704; x_wconf 84' lang='lat' dir='ltr'><strong>imprudens</strong></span> <span class='ocrx_word' id='word_1_781' title='bbox 2903 3651 3006 3687; x_wconf 89' lang='lat' dir='ltr'><strong>non</strong></span> <span class='ocrx_word' id='word_1_782' title='bbox 3064 3640 3357 3702; x_wconf 83' lang='lat' dir='ltr'><strong>cognoscet,</strong></span> <span class='ocrx_word' id='word_1_783' title='bbox 3412 3640 3462 3684; x_wconf 89' lang='lat' dir='ltr'><strong>et</strong></span> 
     </span>
    </p>
   </div>
   <div class='ocr_carea' id='block_1_96' title="bbox 1878 3724 3457 3797">
    <p class='ocr_par' dir='ltr' id='par_1_96' title="bbox 1878 3724 3457 3797">
     <span class='ocr_line' id='line_1_96' title="bbox 1878 3724 3457 3797; baseline -0.003 -16"><span class='ocrx_word' id='word_1_784' title='bbox 1878 3727 2071 3781; x_wconf 82' lang='lat' dir='ltr'><strong>stultus</strong></span> <span class='ocrx_word' id='word_1_785' title='bbox 2097 3743 2201 3781; x_wconf 86' lang='lat' dir='ltr'><strong>non</strong></span> <span class='ocrx_word' id='word_1_786' title='bbox 2226 3726 2475 3797; x_wconf 87' lang='lat' dir='ltr'><strong>intelliget</strong></span> <span class='ocrx_word' id='word_1_787' title='bbox 2501 3725 2800 3796; x_wconf 72' lang='lat' dir='ltr'><strong>hazc(Psal.</strong></span> <span class='ocrx_word' id='word_1_788' title='bbox 2822 3742 2930 3791; x_wconf 77' lang='lat' dir='ltr'><strong>xei,</strong></span> <span class='ocrx_word' id='word_1_789' title='bbox 2953 3725 3032 3794; x_wconf 87' lang='grc'><strong>6).</strong></span> <span class='ocrx_word' id='word_1_790' title='bbox 3051 3724 3182 3780; x_wconf 88' lang='lat' dir='ltr'><strong>Peto</strong></span> <span class='ocrx_word' id='word_1_791' title='bbox 3204 3733 3384 3780; x_wconf 89' lang='lat' dir='ltr'><strong>autem</strong></span> <span class='ocrx_word' id='word_1_792' title='bbox 3401 3731 3457 3779; x_wconf 91' lang='lat' dir='ltr'><strong>et</strong></span> 
     </span>
    </p>
   </div>
   <div class='ocr_carea' id='block_1_97' title="bbox 1878 3815 3460 3886">
    <p class='ocr_par' dir='ltr' id='par_1_97' title="bbox 1878 3815 3460 3886">
     <span class='ocr_line' id='line_1_97' title="bbox 1878 3815 3460 3886; baseline 0 -16"><span class='ocrx_word' id='word_1_793' title='bbox 1878 3815 2144 3872; x_wconf 89' lang='lat' dir='ltr'><strong>admoneo</strong></span> <span class='ocrx_word' id='word_1_794' title='bbox 2169 3832 2265 3872; x_wconf 91' lang='lat' dir='ltr'><strong>eos</strong></span> <span class='ocrx_word' id='word_1_795' title='bbox 2293 3818 2383 3886; x_wconf 92' lang='lat' dir='ltr'><strong>qui</strong></span> <span class='ocrx_word' id='word_1_796' title='bbox 2411 3819 2526 3872; x_wconf 65' lang='lat' dir='ltr'><strong>haec</strong></span> <span class='ocrx_word' id='word_1_797' title='bbox 2551 3816 2752 3885; x_wconf 81' lang='lat' dir='ltr'><strong>legunt,</strong></span> <span class='ocrx_word' id='word_1_798' title='bbox 2783 3831 2878 3886; x_wconf 92' lang='lat' dir='ltr'><strong>per</strong></span> <span class='ocrx_word' id='word_1_799' title='bbox 2907 3832 3006 3872; x_wconf 90' lang='lat' dir='ltr'><strong>nos</strong></span> <span class='ocrx_word' id='word_1_800' title='bbox 3041 3815 3328 3886; x_wconf 89' lang='lat' dir='ltr'><strong>adjuvante</strong></span> <span class='ocrx_word' id='word_1_801' title='bbox 3354 3815 3460 3871; x_wconf 85' lang='lat' dir='ltr'><strong>Do-</strong></span> 
     </span>
    </p>
   </div>
   <div class='ocr_carea' id='block_1_98' title="bbox 1878 3905 3461 3976">
    <p class='ocr_par' dir='ltr' id='par_1_98' title="bbox 1878 3905 3461 3976">
     <span class='ocr_line' id='line_1_98' title="bbox 1878 3905 3461 3976; baseline 0.001 -16"><span class='ocrx_word' id='word_1_802' title='bbox 1878 3907 2025 3962; x_wconf 90' lang='lat' dir='ltr'><strong>mino</strong></span> <span class='ocrx_word' id='word_1_803' title='bbox 2053 3908 2349 3974; x_wconf 90' lang='lat' dir='ltr'><strong>elaborata,</strong></span> <span class='ocrx_word' id='word_1_804' title='bbox 2391 3915 2450 3961; x_wconf 93' lang='lat' dir='ltr'><strong>ut</strong></span> <span class='ocrx_word' id='word_1_805' title='bbox 2493 3905 2656 3976; x_wconf 92' lang='lat' dir='ltr'><strong>hujus</strong></span> <span class='ocrx_word' id='word_1_806' title='bbox 2695 3907 2962 3962; x_wconf 90' lang='lat' dir='ltr'><strong>sermonis</strong></span> <span class='ocrx_word' id='word_1_807' title='bbox 2991 3922 3149 3976; x_wconf 90' lang='lat' dir='ltr'><strong>quem</strong></span> <span class='ocrx_word' id='word_1_808' title='bbox 3195 3907 3298 3962; x_wconf 90' lang='lat' dir='ltr'><strong>hoc</strong></span> <span class='ocrx_word' id='word_1_809' title='bbox 3343 3906 3461 3962; x_wconf 93' lang='lat' dir='ltr'><strong>loco</strong></span> 
     </span>
    </p>
   </div>
   <div class='ocr_carea' id='block_1_99' title="bbox 1877 3995 3460 4065">
    <p class='ocr_par' dir='ltr' id='par_1_99' title="bbox 1877 3995 3460 4065">
     <span class='ocr_line' id='line_1_99' title="bbox 1877 3995 3460 4065; baseline 0 -15"><span class='ocrx_word' id='word_1_810' title='bbox 1877 3997 2327 4065; x_wconf 89' lang='lat' dir='ltr'><strong>interponendum</strong></span> <span class='ocrx_word' id='word_1_811' title='bbox 2361 3996 2656 4051; x_wconf 89' lang='lat' dir='ltr'><strong>arbitratus</strong></span> <span class='ocrx_word' id='word_1_812' title='bbox 2683 4011 2823 4060; x_wconf 89' lang='lat' dir='ltr'><strong>sum,</strong></span> <span class='ocrx_word' id='word_1_813' title='bbox 2851 3995 2905 4051; x_wconf 92' lang='lat' dir='ltr'><strong>in</strong></span> <span class='ocrx_word' id='word_1_814' title='bbox 2931 3997 3077 4051; x_wconf 92' lang='lat' dir='ltr'><strong>omni</strong></span> <span class='ocrx_word' id='word_1_815' title='bbox 3103 3996 3262 4051; x_wconf 89' lang='lat' dir='ltr'><strong>simili</strong></span> <span class='ocrx_word' id='word_1_816' title='bbox 3315 4011 3460 4065; x_wconf 63' lang='lat' dir='ltr'><strong>quae-</strong></span> 
     </span>
    </p>
   </div>
   <div class='ocr_carea' id='block_1_100' title="bbox 1875 4082 3459 4160">
    <p class='ocr_par' dir='ltr' id='par_1_100' title="bbox 1875 4082 3459 4160">
     <span class='ocr_line' id='line_1_100' title="bbox 1875 4082 3459 4160; baseline 0 -18"><span class='ocrx_word' id='word_1_817' title='bbox 1875 4087 2110 4142; x_wconf 90' lang='lat' dir='ltr'><strong>stionum</strong></span> <span class='ocrx_word' id='word_1_818' title='bbox 2135 4082 2455 4143; x_wconf 80' lang='lat' dir='ltr'><strong>difﬁcultate</strong></span> <span class='ocrx_word' id='word_1_819' title='bbox 2502 4089 2870 4156; x_wconf 89' lang='lat' dir='ltr'><strong>meminerint,</strong></span> <span class='ocrx_word' id='word_1_820' title='bbox 2918 4103 2987 4145; x_wconf 88' lang='lat' dir='ltr'><strong>ne</strong></span> <span class='ocrx_word' id='word_1_821' title='bbox 3033 4088 3230 4160; x_wconf 67' lang='lat' dir='ltr'><strong>saepius</strong></span> <span class='ocrx_word' id='word_1_822' title='bbox 3271 4088 3459 4143; x_wconf 87' lang='lat' dir='ltr'><strong>eadem</strong></span> 
     </span>
    </p>
   </div>
   <div class='ocr_carea' id='block_1_101' title="bbox 1871 4176 2345 4250">
    <p class='ocr_par' dir='ltr' id='par_1_101' title="bbox 1871 4176 2345 4250">
     <span class='ocr_line' id='line_1_101' title="bbox 1871 4176 2345 4250; baseline 0 -19"><span class='ocrx_word' id='word_1_823' title='bbox 1871 4177 2166 4248; x_wconf 77' lang='lat' dir='ltr'><strong>repetenda</strong></span> <span class='ocrx_word' id='word_1_824' title='bbox 2191 4176 2345 4250; x_wconf 77' lang='lat' dir='ltr'><strong>sint.]</strong></span> 
     </span>
    </p>
   </div>
   <div class='ocr_carea' id='block_1_102' title="bbox 1954 4291 3454 4364">
    <p class='ocr_par' dir='ltr' id='par_1_102' title="bbox 1954 4291 3454 4364">
     <span class='ocr_line' id='line_1_102' title="bbox 1954 4291 3454 4364; baseline 0.001 -17"><span class='ocrx_word' id='word_1_825' title='bbox 1954 4293 1996 4364; x_wconf 75' lang='grc' dir='ltr'>-ι-</span> <span class='ocrx_word' id='word_1_826' title='bbox 2048 4291 2194 4347; x_wconf 92' lang='lat' dir='ltr'><strong>ldem</strong></span> <span class='ocrx_word' id='word_1_827' title='bbox 2245 4293 2298 4347; x_wconf 93' lang='lat' dir='ltr'><strong>in</strong></span> <span class='ocrx_word' id='word_1_828' title='bbox 2355 4291 2580 4363; x_wconf 90' lang='lat' dir='ltr'><strong>epistola</strong></span> <span class='ocrx_word' id='word_1_829' title='bbox 2633 4291 2700 4348; x_wconf 90' lang='lat' dir='ltr'><strong>ad</strong></span> <span class='ocrx_word' id='word_1_830' title='bbox 2755 4291 2970 4349; x_wconf 76' lang='lat' dir='ltr'><strong>Sixtum</strong></span> <span class='ocrx_word' id='word_1_831' title='bbox 3003 4291 3211 4364; x_wconf 85' lang='lat' dir='ltr'><strong>(Epist.</strong></span> <span class='ocrx_word' id='word_1_832' title='bbox 3262 4292 3398 4359; x_wconf 69' lang='lat'><strong>105)</strong></span> <span class='ocrx_word' id='word_1_833' title='bbox 3439 4311 3454 4348; x_wconf 88' lang='lat'><strong>:</strong></span> 
     </span>
    </p>
   </div>
   <div class='ocr_carea' id='block_1_103' title="bbox 1876 4381 3458 4455">
    <p class='ocr_par' dir='ltr' id='par_1_103' title="bbox 1876 4381 3458 4455">
     <span class='ocr_line' id='line_1_103' title="bbox 1876 4381 3458 4455; baseline 0.001 -19"><span class='ocrx_word' id='word_1_834' title='bbox 1876 4382 2156 4455; x_wconf 86' lang='lat' dir='ltr'><strong>[Quamvis</strong></span> <span class='ocrx_word' id='word_1_835' title='bbox 2204 4383 2385 4453; x_wconf 90' lang='lat' dir='ltr'><strong>itaque</strong></span> <span class='ocrx_word' id='word_1_836' title='bbox 2423 4383 2562 4438; x_wconf 90' lang='lat' dir='ltr'><strong>Deus</strong></span> <span class='ocrx_word' id='word_1_837' title='bbox 2611 4381 2776 4439; x_wconf 82' lang='lat' dir='ltr'><strong>faciat</strong></span> <span class='ocrx_word' id='word_1_838' title='bbox 2813 4400 2937 4438; x_wconf 82' lang='lat' dir='ltr'><strong>vasa</strong></span> <span class='ocrx_word' id='word_1_839' title='bbox 2987 4385 3084 4438; x_wconf 73' lang='lat' dir='ltr'><strong>ira:</strong></span> <span class='ocrx_word' id='word_1_840' title='bbox 3120 4385 3176 4438; x_wconf 94' lang='lat' dir='ltr'><strong>in</strong></span> <span class='ocrx_word' id='word_1_841' title='bbox 3203 4381 3458 4454; x_wconf 87' lang='lat' dir='ltr'><strong>perditio-</strong></span> 
     </span>
    </p>
   </div>
   <div class='ocr_carea' id='block_1_104' title="bbox 1873 4475 3452 4548">
    <p class='ocr_par' dir='ltr' id='par_1_104' title="bbox 1873 4475 3452 4548">
     <span class='ocr_line' id='line_1_104' title="bbox 1873 4475 3452 4548; baseline -0.001 -17"><span class='ocrx_word' id='word_1_842' title='bbox 1873 4492 2010 4541; x_wconf 87' lang='lat' dir='ltr'><strong>nem,</strong></span> <span class='ocrx_word' id='word_1_843' title='bbox 2033 4485 2090 4529; x_wconf 90' lang='lat' dir='ltr'><strong>ut</strong></span> <span class='ocrx_word' id='word_1_844' title='bbox 2115 4475 2349 4530; x_wconf 86' lang='lat' dir='ltr'><strong>ostendat</strong></span> <span class='ocrx_word' id='word_1_845' title='bbox 2378 4476 2535 4541; x_wconf 88' lang='lat' dir='ltr'><strong>iram,</strong></span> <span class='ocrx_word' id='word_1_846' title='bbox 2567 4484 2616 4530; x_wconf 88' lang='lat' dir='ltr'><strong>et</strong></span> <span class='ocrx_word' id='word_1_847' title='bbox 2639 4475 2954 4531; x_wconf 87' lang='lat' dir='ltr'><strong>demonstret</strong></span> <span class='ocrx_word' id='word_1_848' title='bbox 2971 4475 3255 4548; x_wconf 84' lang='lat' dir='ltr'><strong>potentiam</strong></span> <span class='ocrx_word' id='word_1_849' title='bbox 3277 4491 3452 4540; x_wconf 88' lang='lat' dir='ltr'><strong>suam,</strong></span> 
     </span>
    </p>
   </div>
   <div class='ocr_carea' id='block_1_105' title="bbox 1878 4566 3459 4638">
    <p class='ocr_par' dir='ltr' id='par_1_105' title="bbox 1878 4566 3459 4638">
     <span class='ocr_line' id='line_1_105' title="bbox 1878 4566 3459 4638; baseline -0.001 -17"><span class='ocrx_word' id='word_1_850' title='bbox 1878 4582 2040 4638; x_wconf 91' lang='lat' dir='ltr'><strong>quam</strong></span> <span class='ocrx_word' id='word_1_851' title='bbox 2069 4566 2205 4622; x_wconf 89' lang='lat' dir='ltr'><strong>bene</strong></span> <span class='ocrx_word' id='word_1_852' title='bbox 2230 4575 2411 4621; x_wconf 91' lang='lat' dir='ltr'><strong>utatur</strong></span> <span class='ocrx_word' id='word_1_853' title='bbox 2435 4567 2600 4621; x_wconf 89' lang='lat' dir='ltr'><strong>etiam</strong></span> <span class='ocrx_word' id='word_1_854' title='bbox 2630 4567 2808 4633; x_wconf 90' lang='lat' dir='ltr'><strong>malis,</strong></span> <span class='ocrx_word' id='word_1_855' title='bbox 2844 4577 2893 4622; x_wconf 89' lang='lat' dir='ltr'><strong>et</strong></span> <span class='ocrx_word' id='word_1_856' title='bbox 2925 4577 2982 4621; x_wconf 86' lang='lat' dir='ltr'><strong>ut</strong></span> <span class='ocrx_word' id='word_1_857' title='bbox 3008 4577 3158 4622; x_wconf 89' lang='lat' dir='ltr'><strong>notas</strong></span> <span class='ocrx_word' id='word_1_858' title='bbox 3183 4566 3344 4636; x_wconf 83' lang='lat' dir='ltr'><strong>faciat</strong></span> <span class='ocrx_word' id='word_1_859' title='bbox 3375 4568 3459 4620; x_wconf 82' lang='lat' dir='ltr'><strong>di-</strong></span> 
     </span>
    </p>
   </div>
   <div class='ocr_carea' id='block_1_106' title="bbox 1881 4657 3454 4730">
    <p class='ocr_par' dir='ltr' id='par_1_106' title="bbox 1881 4657 3454 4730">
     <span class='ocr_line' id='line_1_106' title="bbox 1881 4657 3454 4730; baseline -0.002 -17"><span class='ocrx_word' id='word_1_860' title='bbox 1881 4661 2034 4714; x_wconf 79' lang='lat' dir='ltr'><strong>vitias</strong></span> <span class='ocrx_word' id='word_1_861' title='bbox 2057 4659 2236 4729; x_wconf 75' lang='lat' dir='ltr'><strong>gloria:</strong></span> <span class='ocrx_word' id='word_1_862' title='bbox 2265 4675 2376 4713; x_wconf 70' lang='lat' dir='ltr'><strong>sure</strong></span> <span class='ocrx_word' id='word_1_863' title='bbox 2397 4661 2450 4714; x_wconf 90' lang='lat' dir='ltr'><strong>in</strong></span> <span class='ocrx_word' id='word_1_864' title='bbox 2477 4677 2598 4714; x_wconf 82' lang='lat' dir='ltr'><strong>vasa</strong></span> <span class='ocrx_word' id='word_1_865' title='bbox 2621 4659 2995 4714; x_wconf 71' lang='lat' dir='ltr'><strong>misericordia:</strong></span> <span class='ocrx_word' id='word_1_866' title='bbox 3028 4657 3210 4730; x_wconf 88' lang='lat' dir='ltr'><strong>(Rom.</strong></span> <span class='ocrx_word' id='word_1_867' title='bbox 3239 4673 3317 4722; x_wconf 68' lang='grc' dir='ltr'><strong>ιι,</strong></span> <span class='ocrx_word' id='word_1_868' title='bbox 3342 4658 3454 4727; x_wconf 74' lang='grc'><strong>12),</strong></span> 
     </span>
    </p>
   </div>
   <div class='ocr_carea' id='block_1_107' title="bbox 1881 4745 3457 4819">
    <p class='ocr_par' dir='ltr' id='par_1_107' title="bbox 1881 4745 3457 4819">
     <span class='ocr_line' id='line_1_107' title="bbox 1881 4745 3457 4819; baseline -0.002 -17"><span class='ocrx_word' id='word_1_869' title='bbox 1881 4764 2000 4819; x_wconf 69' lang='lat' dir='ltr'><strong>quae</strong></span> <span class='ocrx_word' id='word_1_870' title='bbox 2033 4746 2162 4803; x_wconf 90' lang='lat' dir='ltr'><strong>fecit</strong></span> <span class='ocrx_word' id='word_1_871' title='bbox 2202 4748 2256 4801; x_wconf 93' lang='lat' dir='ltr'><strong>in</strong></span> <span class='ocrx_word' id='word_1_872' title='bbox 2307 4748 2590 4813; x_wconf 88' lang='lat' dir='ltr'><strong>honorem,</strong></span> <span class='ocrx_word' id='word_1_873' title='bbox 2620 4764 2728 4804; x_wconf 90' lang='lat' dir='ltr'><strong>non</strong></span> <span class='ocrx_word' id='word_1_874' title='bbox 2761 4747 3053 4804; x_wconf 90' lang='lat' dir='ltr'><strong>damnabili</strong></span> <span class='ocrx_word' id='word_1_875' title='bbox 3083 4760 3278 4801; x_wconf 74' lang='lat' dir='ltr'><strong>massae</strong></span> <span class='ocrx_word' id='word_1_876' title='bbox 3306 4745 3457 4800; x_wconf 84' lang='lat' dir='ltr'><strong>dehi-</strong></span> 
     </span>
    </p>
   </div>
   <div class='ocr_carea' id='block_1_108' title="bbox 1880 4834 3456 4910">
    <p class='ocr_par' dir='ltr' id='par_1_108' title="bbox 1880 4834 3456 4910">
     <span class='ocr_line' id='line_1_108' title="bbox 1880 4834 3456 4910; baseline -0.003 -19"><span class='ocrx_word' id='word_1_877' title='bbox 1880 4846 2018 4902; x_wconf 94' lang='lat' dir='ltr'><strong>tum,</strong></span> <span class='ocrx_word' id='word_1_878' title='bbox 2065 4837 2162 4892; x_wconf 90' lang='lat' dir='ltr'><strong>sed</strong></span> <span class='ocrx_word' id='word_1_879' title='bbox 2204 4852 2314 4892; x_wconf 66' lang='lat' dir='ltr'><strong>sua:</strong></span> <span class='ocrx_word' id='word_1_880' title='bbox 2341 4837 2528 4907; x_wconf 68' lang='lat' dir='ltr'><strong>gratia:</strong></span> <span class='ocrx_word' id='word_1_881' title='bbox 2558 4837 2807 4910; x_wconf 86' lang='lat' dir='ltr'><strong>largitate</strong></span> <span class='ocrx_word' id='word_1_882' title='bbox 2854 4838 3109 4893; x_wconf 90' lang='lat' dir='ltr'><strong>donatum</strong></span> <span class='ocrx_word' id='word_1_883' title='bbox 3139 4853 3154 4889; x_wconf 91' lang='lat'><strong>:</strong></span> <span class='ocrx_word' id='word_1_884' title='bbox 3182 4845 3362 4890; x_wconf 89' lang='lat' dir='ltr'><strong>tamen</strong></span> <span class='ocrx_word' id='word_1_885' title='bbox 3403 4834 3456 4887; x_wconf 93' lang='lat' dir='ltr'><strong>in</strong></span> 
     </span>
    </p>
   </div>
   <div class='ocr_carea' id='block_1_109' title="bbox 1881 4927 3457 5001">
    <p class='ocr_par' dir='ltr' id='par_1_109' title="bbox 1881 4927 3457 5001">
     <span class='ocr_line' id='line_1_109' title="bbox 1881 4927 3457 5001; baseline -0.003 -16"><span class='ocrx_word' id='word_1_886' title='bbox 1881 4930 2085 4985; x_wconf 89' lang='lat' dir='ltr'><strong>eisdem</strong></span> <span class='ocrx_word' id='word_1_887' title='bbox 2118 4931 2211 4984; x_wconf 86' lang='lat' dir='ltr'><strong>irae</strong></span> <span class='ocrx_word' id='word_1_888' title='bbox 2246 4931 2390 4984; x_wconf 89' lang='lat' dir='ltr'><strong>vasis</strong></span> <span class='ocrx_word' id='word_1_889' title='bbox 2414 4939 2634 5001; x_wconf 90' lang='lat' dir='ltr'><strong>propter</strong></span> <span class='ocrx_word' id='word_1_890' title='bbox 2664 4931 2919 4986; x_wconf 90' lang='lat' dir='ltr'><strong>meritum</strong></span> <span class='ocrx_word' id='word_1_891' title='bbox 2955 4943 3148 4984; x_wconf 68' lang='lat' dir='ltr'><strong>massae</strong></span> <span class='ocrx_word' id='word_1_892' title='bbox 3177 4927 3232 4982; x_wconf 90' lang='lat' dir='ltr'><strong>in</strong></span> <span class='ocrx_word' id='word_1_893' title='bbox 3263 4935 3457 4983; x_wconf 87' lang='lat' dir='ltr'><strong>contu-</strong></span> 
     </span>
    </p>
   </div>
   <div class='ocr_carea' id='block_1_110' title="bbox 1877 5019 3452 5095">
    <p class='ocr_par' dir='ltr' id='par_1_110' title="bbox 1877 5019 3452 5095">
     <span class='ocr_line' id='line_1_110' title="bbox 1877 5019 3452 5095; baseline -0.001 -18"><span class='ocrx_word' id='word_1_894' title='bbox 1877 5021 2091 5077; x_wconf 87' lang='lat' dir='ltr'><strong>meliam</strong></span> <span class='ocrx_word' id='word_1_895' title='bbox 2114 5023 2347 5078; x_wconf 90' lang='lat' dir='ltr'><strong>debitam</strong></span> <span class='ocrx_word' id='word_1_896' title='bbox 2374 5022 2552 5088; x_wconf 90' lang='lat' dir='ltr'><strong>factis,</strong></span> <span class='ocrx_word' id='word_1_897' title='bbox 2584 5024 2636 5078; x_wconf 94' lang='lat' dir='ltr'><strong>id</strong></span> <span class='ocrx_word' id='word_1_898' title='bbox 2659 5034 2741 5079; x_wconf 90' lang='lat' dir='ltr'><strong>est</strong></span> <span class='ocrx_word' id='word_1_899' title='bbox 2768 5025 2820 5078; x_wconf 90' lang='lat' dir='ltr'><strong>in</strong></span> <span class='ocrx_word' id='word_1_900' title='bbox 2851 5022 2946 5095; x_wconf 82' lang='grc' dir='ltr'><strong>[αι.</strong></span> <span class='ocrx_word' id='word_1_901' title='bbox 2983 5038 3089 5076; x_wconf 90' lang='lat' dir='ltr'><strong>om.</strong></span> <span class='ocrx_word' id='word_1_902' title='bbox 3116 5019 3194 5094; x_wconf 90' lang='lat' dir='ltr'><strong>in]</strong></span> <span class='ocrx_word' id='word_1_903' title='bbox 3218 5020 3452 5076; x_wconf 91' lang='lat' dir='ltr'><strong>homini-</strong></span> 
     </span>
    </p>
   </div>
   <div class='ocr_carea' id='block_1_111' title="bbox 1874 5112 3450 5186">
    <p class='ocr_par' dir='ltr' id='par_1_111' title="bbox 1874 5112 3450 5186">
     <span class='ocr_line' id='line_1_111' title="bbox 1874 5112 3450 5186; baseline -0.002 -17"><span class='ocrx_word' id='word_1_904' title='bbox 1874 5114 1976 5169; x_wconf 91' lang='lat' dir='ltr'><strong>bus</strong></span> <span class='ocrx_word' id='word_1_905' title='bbox 2005 5123 2225 5186; x_wconf 86' lang='lat' dir='ltr'><strong>propter</strong></span> <span class='ocrx_word' id='word_1_906' title='bbox 2265 5125 2475 5170; x_wconf 75' lang='lat' dir='ltr'><strong>natura:</strong></span> <span class='ocrx_word' id='word_1_907' title='bbox 2518 5114 2733 5185; x_wconf 89' lang='lat' dir='ltr'><strong>quidem</strong></span> <span class='ocrx_word' id='word_1_908' title='bbox 2765 5115 2904 5184; x_wconf 83' lang='lat' dir='ltr'><strong>bona</strong></span> <span class='ocrx_word' id='word_1_909' title='bbox 2948 5112 3168 5178; x_wconf 90' lang='lat' dir='ltr'><strong>creatis,</strong></span> <span class='ocrx_word' id='word_1_910' title='bbox 3198 5113 3292 5169; x_wconf 91' lang='lat' dir='ltr'><strong>sed</strong></span> <span class='ocrx_word' id='word_1_911' title='bbox 3322 5126 3450 5182; x_wconf 91' lang='lat' dir='ltr'><strong>pro-</strong></span> 
     </span>
    </p>
   </div>
   <div class='ocr_carea' id='block_1_112' title="bbox 1875 5205 3452 5278">
    <p class='ocr_par' dir='ltr' id='par_1_112' title="bbox 1875 5205 3452 5278">
     <span class='ocr_line' id='line_1_112' title="bbox 1875 5205 3452 5278; baseline -0.001 -19"><span class='ocrx_word' id='word_1_912' title='bbox 1875 5216 1998 5277; x_wconf 91' lang='lat' dir='ltr'><strong>pter</strong></span> <span class='ocrx_word' id='word_1_913' title='bbox 2043 5205 2172 5260; x_wconf 89' lang='lat' dir='ltr'><strong>vitia</strong></span> <span class='ocrx_word' id='word_1_914' title='bbox 2219 5207 2487 5278; x_wconf 92' lang='lat' dir='ltr'><strong>supplicio</strong></span> <span class='ocrx_word' id='word_1_915' title='bbox 2535 5207 2840 5272; x_wconf 86' lang='lat' dir='ltr'><strong>destinatis,</strong></span> <span class='ocrx_word' id='word_1_916' title='bbox 2877 5205 3240 5277; x_wconf 88' lang='lat' dir='ltr'><strong>iniquitatem,</strong></span> <span class='ocrx_word' id='word_1_917' title='bbox 3289 5221 3452 5276; x_wconf 91' lang='lat' dir='ltr'><strong>quam</strong></span> 
     </span>
    </p>
   </div>
   <div class='ocr_carea' id='block_1_113' title="bbox 1876 5297 3448 5368">
    <p class='ocr_par' dir='ltr' id='par_1_113' title="bbox 1876 5297 3448 5368">
     <span class='ocr_line' id='line_1_113' title="bbox 1876 5297 3448 5368; baseline 0.001 -18"><span class='ocrx_word' id='word_1_918' title='bbox 1876 5297 2177 5354; x_wconf 85' lang='lat' dir='ltr'><strong>rectissime</strong></span> <span class='ocrx_word' id='word_1_919' title='bbox 2228 5300 2433 5354; x_wconf 88' lang='lat' dir='ltr'><strong>veritas</strong></span> <span class='ocrx_word' id='word_1_920' title='bbox 2478 5299 2764 5368; x_wconf 90' lang='lat' dir='ltr'><strong>improbat,</strong></span> <span class='ocrx_word' id='word_1_921' title='bbox 2817 5298 3078 5354; x_wconf 86' lang='lat' dir='ltr'><strong>damnare</strong></span> <span class='ocrx_word' id='word_1_922' title='bbox 3128 5297 3278 5352; x_wconf 91' lang='lat' dir='ltr'><strong>novit</strong></span> <span class='ocrx_word' id='word_1_923' title='bbox 3314 5298 3448 5367; x_wconf 87' lang='lat' dir='ltr'><strong>ipse,</strong></span> 
     </span>
    </p>
   </div>
   <div class='ocr_carea' id='block_1_114' title="bbox 1878 5383 3454 5460">
    <p class='ocr_par' dir='ltr' id='par_1_114' title="bbox 1878 5383 3454 5460">
     <span class='ocr_line' id='line_1_114' title="bbox 1878 5383 3454 5460; baseline -0.001 -18"><span class='ocrx_word' id='word_1_924' title='bbox 1878 5404 1983 5442; x_wconf 90' lang='lat' dir='ltr'><strong>non</strong></span> <span class='ocrx_word' id='word_1_925' title='bbox 2027 5389 2226 5446; x_wconf 90' lang='lat' dir='ltr'><strong>facere.</strong></span> <span class='ocrx_word' id='word_1_926' title='bbox 2265 5391 2418 5447; x_wconf 93' lang='lat' dir='ltr'><strong>Sicut</strong></span> <span class='ocrx_word' id='word_1_927' title='bbox 2451 5391 2596 5444; x_wconf 78' lang='lat' dir='ltr'><strong>enim</strong></span> <span class='ocrx_word' id='word_1_928' title='bbox 2633 5388 2897 5444; x_wconf 80' lang='lat' dir='ltr'><strong>voluntati</strong></span> <span class='ocrx_word' id='word_1_929' title='bbox 2923 5389 3042 5460; x_wconf 92' lang='lat' dir='ltr'><strong>ejus</strong></span> <span class='ocrx_word' id='word_1_930' title='bbox 3069 5389 3324 5444; x_wconf 90' lang='lat' dir='ltr'><strong>tribuitur</strong></span> <span class='ocrx_word' id='word_1_931' title='bbox 3355 5383 3454 5441; x_wconf 86' lang='lat' dir='ltr'><strong>hu-</strong></span> 
     </span>
    </p>
   </div>
   <div class='ocr_carea' id='block_1_115' title="bbox 1884 5481 3453 5549">
    <p class='ocr_par' dir='ltr' id='par_1_115' title="bbox 1884 5481 3453 5549">
     <span class='ocr_line' id='line_1_115' title="bbox 1884 5481 3453 5549; baseline 0 -14"><span class='ocrx_word' id='word_1_932' title='bbox 1884 5498 2042 5536; x_wconf 86' lang='lat' dir='ltr'><strong>mana</strong></span> <span class='ocrx_word' id='word_1_933' title='bbox 2078 5493 2265 5538; x_wconf 90' lang='lat' dir='ltr'><strong>natura</strong></span> <span class='ocrx_word' id='word_1_934' title='bbox 2298 5484 2443 5537; x_wconf 93' lang='lat' dir='ltr'><strong>nullo</strong></span> <span class='ocrx_word' id='word_1_935' title='bbox 2472 5482 2749 5537; x_wconf 89' lang='lat' dir='ltr'><strong>dubitante</strong></span> <span class='ocrx_word' id='word_1_936' title='bbox 2775 5482 3064 5549; x_wconf 90' lang='lat' dir='ltr'><strong>laudanda,</strong></span> <span class='ocrx_word' id='word_1_937' title='bbox 3106 5483 3186 5538; x_wconf 91' lang='lat' dir='ltr'><strong>sic</strong></span> <span class='ocrx_word' id='word_1_938' title='bbox 3219 5481 3453 5536; x_wconf 88' lang='lat' dir='ltr'><strong>hominis</strong></span> 
     </span>
    </p>
   </div>
   <div class='ocr_carea' id='block_1_116' title="bbox 1881 5571 3449 5646">
    <p class='ocr_par' dir='ltr' id='par_1_116' title="bbox 1881 5571 3449 5646">
     <span class='ocr_line' id='line_1_116' title="bbox 1881 5571 3449 5646; baseline -0.001 -18"><span class='ocrx_word' id='word_1_939' title='bbox 1881 5573 2139 5629; x_wconf 90' lang='lat' dir='ltr'><strong>voluntati</strong></span> <span class='ocrx_word' id='word_1_940' title='bbox 2164 5575 2317 5644; x_wconf 90' lang='lat' dir='ltr'><strong>culpa</strong></span> <span class='ocrx_word' id='word_1_941' title='bbox 2351 5575 2604 5629; x_wconf 89' lang='lat' dir='ltr'><strong>tribuitur</strong></span> <span class='ocrx_word' id='word_1_942' title='bbox 2619 5574 2763 5628; x_wconf 91' lang='lat' dir='ltr'><strong>nullo</strong></span> <span class='ocrx_word' id='word_1_943' title='bbox 2787 5583 3068 5629; x_wconf 88' lang='lat' dir='ltr'><strong>recusante</strong></span> <span class='ocrx_word' id='word_1_944' title='bbox 3099 5571 3449 5646; x_wconf 89' lang='lat' dir='ltr'><strong>damnanda.]</strong></span> 
     </span>
    </p>
   </div>
   <div class='ocr_carea' id='block_1_117' title="bbox 1881 5665 3450 5736">
    <p class='ocr_par' dir='ltr' id='par_1_117' title="bbox 1881 5665 3450 5736">
     <span class='ocr_line' id='line_1_117' title="bbox 1881 5665 3450 5736; baseline 0.001 -16"><span class='ocrx_word' id='word_1_945' title='bbox 1881 5667 1922 5735; x_wconf 56' lang='lat' dir='ltr'><strong>&#39;j‘</strong></span> <span class='ocrx_word' id='word_1_946' title='bbox 1957 5665 2086 5732; x_wconf 71' lang='lat' dir='ltr'><strong>Qua:</strong></span> <span class='ocrx_word' id='word_1_947' title='bbox 2124 5667 2249 5736; x_wconf 85' lang='lat' dir='ltr'><strong>quia</strong></span> <span class='ocrx_word' id='word_1_948' title='bbox 2304 5668 2678 5722; x_wconf 90' lang='lat' dir='ltr'><strong>incunctanter</strong></span> <span class='ocrx_word' id='word_1_949' title='bbox 2725 5667 2860 5722; x_wconf 88' lang='lat' dir='ltr'><strong>bona</strong></span> <span class='ocrx_word' id='word_1_950' title='bbox 2897 5675 3022 5723; x_wconf 90' lang='lat' dir='ltr'><strong>sunt</strong></span> <span class='ocrx_word' id='word_1_951' title='bbox 3053 5678 3108 5723; x_wconf 90' lang='lat' dir='ltr'><strong>et</strong></span> <span class='ocrx_word' id='word_1_952' title='bbox 3145 5667 3311 5736; x_wconf 88' lang='lat' dir='ltr'><strong>justa,</strong></span> <span class='ocrx_word' id='word_1_953' title='bbox 3345 5682 3450 5722; x_wconf 88' lang='lat' dir='ltr'><strong>non</strong></span> 
     </span>
    </p>
   </div>
   <div class='ocr_carea' id='block_1_118' title="bbox 1881 5757 3454 5831">
    <p class='ocr_par' dir='ltr' id='par_1_118' title="bbox 1881 5757 3454 5831">
     <span class='ocr_line' id='line_1_118' title="bbox 1881 5757 3454 5831; baseline 0.006 -21"><span class='ocrx_word' id='word_1_954' title='bbox 1881 5765 2008 5810; x_wconf 87' lang='lat' dir='ltr'><strong>sunt</strong></span> <span class='ocrx_word' id='word_1_955' title='bbox 2048 5757 2098 5812; x_wconf 92' lang='lat' dir='ltr'><strong>in</strong></span> <span class='ocrx_word' id='word_1_956' title='bbox 2141 5772 2206 5810; x_wconf 90' lang='lat' dir='ltr'><strong>eo</strong></span> <span class='ocrx_word' id='word_1_957' title='bbox 2253 5757 2521 5812; x_wconf 89' lang='lat' dir='ltr'><strong>contraria</strong></span> <span class='ocrx_word' id='word_1_958' title='bbox 2557 5774 2586 5812; x_wconf 91' lang='lat' dir='ltr'><strong>a</strong></span> <span class='ocrx_word' id='word_1_959' title='bbox 2632 5773 2739 5828; x_wconf 91' lang='lat' dir='ltr'><strong>quo</strong></span> <span class='ocrx_word' id='word_1_960' title='bbox 2784 5768 2932 5823; x_wconf 91' lang='lat' dir='ltr'><strong>sunt,</strong></span> <span class='ocrx_word' id='word_1_961' title='bbox 2964 5759 3088 5814; x_wconf 89' lang='lat' dir='ltr'><strong>licet</strong></span> <span class='ocrx_word' id='word_1_962' title='bbox 3123 5757 3454 5831; x_wconf 69' lang='lat' dir='ltr'><strong>patientibul</strong></span> 
     </span>
    </p>
   </div>
   <div class='ocr_carea' id='block_1_119' title="bbox 1882 5846 3112 5930">
    <p class='ocr_par' dir='ltr' id='par_1_119' title="bbox 1882 5846 3112 5930">
     <span class='ocr_line' id='line_1_119' title="bbox 1882 5846 3112 5930; baseline 0.007 -27"><span class='ocrx_word' id='word_1_963' title='bbox 1882 5846 1964 5905; x_wconf 89' lang='lat' dir='ltr'><strong>vel</strong></span> <span class='ocrx_word' id='word_1_964' title='bbox 1991 5861 2097 5904; x_wconf 88' lang='lat' dir='ltr'><strong>non</strong></span> <span class='ocrx_word' id='word_1_965' title='bbox 2138 5847 2464 5917; x_wconf 80' lang='lat' dir='ltr'><strong>patientibus</strong></span> <span class='ocrx_word' id='word_1_966' title='bbox 2491 5849 2775 5908; x_wconf 87' lang='lat' dir='ltr'><strong>videantur</strong></span> <span class='ocrx_word' id='word_1_967' title='bbox 2794 5848 3112 5930; x_wconf 84' lang='lat' dir='ltr'><strong>contraria].</strong></span> 
     </span>
    </p>
   </div>
   <div class='ocr_carea' id='block_1_120' title="bbox 2383 5998 2860 6010">
    <p class='ocr_par' dir='ltr' id='par_1_120' title="bbox 2383 5998 2860 6010">
     <span class='ocr_line' id='line_1_120' title="bbox 2383 5998 2860 6010; baseline -0.002 0"><span class='ocrx_word' id='word_1_968' title='bbox 2383 5999 2460 6010; x_wconf 60' lang='grc' dir='ltr'><strong>πον-</strong></span> <span class='ocrx_word' id='word_1_969' title='bbox 2615 5999 2640 6009; x_wconf 73' lang='grc' dir='ltr'><strong>οι</strong></span> <span class='ocrx_word' id='word_1_970' title='bbox 2799 5998 2860 6009; x_wconf 67' lang='grc' dir='ltr'><strong>,ιο-1</strong></span> 
     </span>
    </p>
   </div>
  </div>
