4010 6352
253 297 390 352 1215

1095 301 1180 356 ΒΕ
1215 301 1874 358 ΡΒιΕῧΕὸΤΙΝΑΤΙθΝΕ
1913 303 2184 358 CONTRA
2224 303 2272 358 J.
2317 301 2612 358 SCOTUM.

3383 305 3490 358 2M

253 393 370 472 tur;
403 407 567 478 quod,
599 407 700 464 nisi
745 411 940 464 bonum
983 419 1154 476 esset,
1185 425 1286 466 nec
1331 421 1766 484 corrumperetur
1791 433 1806 470 ε
1837 425 1884 483 Α
1913 423 2220 482 peccatores
2241 423 2294 468 et
2321 413 2466 484 impii
2491 430 2518 468 a
2547 415 2654 468 Deo
2679 415 2934 483 prresciti,
2957 425 3050 472 aut
3079 421 3256 486 ptenis
3275 419 3472 478 debitis

249 499 510 568 quoniam
537 497 672 554 nihil
693 509 778 556 est
803 501 946 554 aliud
975 503 1248 572 corruptio
1275 519 1434 572 quam
1481 505 1600 560 boni
1643 515 1822 562 exter-

251 589 496 646 minatio.
525 589 608 644 Ex
647 591 804 646 bonis
847 591 1010 662 igitur
1039 593 1176 646 mala
1205 601 1326 648 orta
1355 601 1500 658 sunt,
1527 603 1582 648 et
1619 595 1718 648 nisi
1763 595 1818 650 in

253 681 520 752 aliquibus
549 683 704 738 bonis
733 697 840 738 non
865 679 1032 738 sunt":
1059 699 1160 740 nec
1183 693 1300 738 erat
1323 683 1456 740 alias
1487 686 1626 740 unde
1651 685 1824 740 orire-

251 783 342 830 tur
375 775 480 830 ulta
515 773 640 830 mali
679 771 892 832 natura.
931 773 1064 830 Nam
1091 769 1132 830 Si
1165 784 1332 842 esset,
1355 777 1406 830 in
1435 787 1696 846 quantum
1725 793 1822 831 na-

255 875 374 922 tura
417 877 584 932 esset,
615 867 856 938 profecto
897 869 1034 924 bona
1053 861 1208 924 esset
1241 887 1254 922 :
1285 877 1342 924 et
1379 877 1472 924 aut
1499 871 1822 950 incorrupti-

253 959 378 1014 bilis
405 969 596 1014 natura
629 975 880 1032 magnum
909 969 1055 1016 esset
1077 961 1296 1026 bonum,
1321 971 1412 1016 aut
1435 963 1596 1018 etiam
1627 973 1820 1018 natura

251 1049 620 1121 corruptibilis
661 1051 808 1108 nullo
843 1053 1004 1108 modo
1037 1045 1178 1108 esset
1217 1043 1320 1108 nisi
1349 1053 1562 1124 aliquod
1598 1055 1818 1120 bonum,

251 1141 394 1212 quod
449 1143 648 1198 bonum
699 1143 1090 1214 corrumpendo
1127 1151 1310 1216 posset
1345 1145 1406 1200 ei
1459 1159 1654 1200 nocere
1699 1159 1822 1200 cor-

253 1231 454 1300 ruptio.

325 1323 432 1378 Sed
469 1339 590 1378 cum
633 1323 772 1380 mala
805 1339 868 1380 ex
915 1325 1072 1380 bonis
1111 1333 1230 1380 orta
1271 1339 1392 1380 esse
1419 1325 1666 1390 dicimus,
1713 1339 1818 1380 non

247 1425 468 1486 putetur
481 1417 584 1472 hoc
607 1417 896 1472 Dominicae
917 1420 1194 1474 sententia:
1219 1417 1492 1490 refragari,
1519 1435 1624 1490 qua
1645 1421 1816 1474 dixit:

249 1505 377 1560 Non
399 1516 562 1578 potest
585 1507 744 1560 arbor
767 1507 902 1562 bona
925 1509 1126 1578 fructus
1143 1507 1308 1564 malos
1340 1509 1526 1578 facere,
1555 1527 1716 1580 neque
1741 1525 1822 1564 ar-

247 1597 344 1650 bor
365 1595 506 1650 mala
541 1597 744 1666 fructus
785 1597 942 1652 bonos
973 1597 1164 1668 facere.
1191 1597 1304 1654 Non
1331 1607 1506 1667 potest
1535 1601 1678 1654 enim
1699 1641 1714 1664 ,
1749 1600 1820 1654 si-

245 1695 342 1742 cut
373 1685 586 1742 Veritas
611 1688 716 1754 ait,
743 1689 920 1760 colligi
959 1705 1060 1744 uva
1079 1691 1146 1744 de
1173 1691 1340 1758 spinis
1365 1689 1577 1760 (Matth.
1603 1707 1697 1756 vn,
1727 1691 1816 1759 16,

1921 504 2204 570 destinati,
2235 521 2354 561 eum
2387 517 2674 578 utrumque
2703 519 2764 562 et'
2789 507 2926 563 ratio
2953 517 3010 564 et
3035 511 3328 570 auctoritas
3365 513 3492 572 fieri

1925 597 2032 652 Deo
2050 596 2232 664 judice
2265 607 2610 666 protestetur.

1995 689 2194 746 Verum
2215 691 2282 746 de
2307 693 2484 762 poenis
2513 707 2542 746 a
2571 691 2680 748 Deo
2701 693 2862 746 etiam
2887 695 3258 764 temporaliter
3285 697 3340 752 in
3363 713 3494 770 pee-

1921 789 2132 836 catores
2151 789 2206 836 et
2229 781 2424 851 impios
2453 783 2726 854 irrogatis,
2749 801 2914 838 unum
2945 801 3012 840 ex
3033 787 3312 856 prophetis
3341 791 3494 846 testi-

1923 873 2160 926 monium
2211 873 2520 930 adhibuisse
2561 875 2830 940 sufﬁciat;
2863 891 2988 930 nam
3035 877 3086 932 iu
3133 895 3200 934 eo
3241 881 3358 936 loco
3401 883 3492 940 ubi

1921 963 2182 1032 propheta
2219 963 2332 1018 Joel
2371 965 2486 1018 ait:
2519 965 2586 1018 Et
2629 967 2844 1020 reddam
2875 969 3014 1022 vobis
3043 987 3206 1024 annos
3245 987 3374 1040 quos
3413 991 3496 1028 co-

1921 1055 2078 1108 medit
2104 1055 2328 1122 locusta,
2367 1057 2590 1112 bruchus
2621 1067 2668 1112 et
2697 1059 2898 1128 rubigo,
2929 1069 2976 1112 et
3007 1077 3164 1115 eruca
3193 1075 3212 1112 :
3241 1063 3494 1130 fortitudo

1921 1161 2036 1201 mea
2065 1163 2258 1218 magna
2279 1187 2294 1210 ,
2319 1165 2478 1219 quam
2503 1151 2622 1204 misi
2645 1151 2698 1204 in
2735 1167 2820 1206 vos
2849 1151 3006 1222 (Joel.
3033 1169 3092 1218 ιι,
3123 1153 3242 1226 24).

1993 1237 2226 1294 Sanctus
2253 1239 2612 1312 Hieronymus
2633 1257 2910 1314 exponens
2931 1247 3178 1300 eumdem
3203 1245 3396 1312 locum,
3419 1249 3494 1306 ita

1919 1337 2294 1406 postqmedam
2311 1335 2502 1392 effatus
2513 1347 2594 1392 est
2607 1338 3016 1412 (inloelxapnt)
3033 1359 3044 1394 :
3063 1339 3498 1414 [Quaerimuscur

1919 1439 2078 1480 eruca
2103 1425 2356 1494 fortitudo
2377 1427 2462 1482 vel
2475 1429 2644 1484 virtus
2661 1429 2872 1484 Domini
2903 1431 3166 1502 appellata
3195 1432 3288 1498 sit,
3309 1441 3362 1488 et
3387 1447 3494 1488 non

1919 1518 2092 1574 solum
2105 1519 2298 1584 virtus,
2315 1519 2410 1574 sed
2425 1521 2598 1578 virtus
2611 1537 2823 1590 magna.
2843 1521 3120 1588 Quomodo
3139 1525 3376 1594 potentia
3401 1525 3494 1580 Dei

1921 1611 1974 1666 in
1999 1612 2264 1684 Egyptiis
2291 1613 2460 1686 plagis
2479 1625 2694 1670 ostensa
2719 1623 2802 1672 est
2825 1633 2922 1686 per
2941 1631 3106 1686 parva
3131 1618 3408 1684 animalia,
3437 1625 3496 1674 et

1919 1705 2186 1774 pratcipue
2205 1705 2446 1776 einiphes
2475 1705 2668 1776 (Ex-od.
2695 1707 2914 1774 vm,l6,
2951 1709 3058 1778 l7),
3083 1709 3172 1778 qui
3205 1717 3314 1764 tam
3344 1707 3496 1778 parvi

249 1779 362 1850 18),
393 1779 518 1849 quia
561 1795 666 1835 non
709 1789 884 1852 potest
927 1797 1028 1836 uva
1077 1781 1226 1838 nasci
1269 1781 1334 1836 de
1383 1781 1580 1852 spinis;
1631 1781 1722 1836 sed
1753 1795 1820 1836 ex

1924 1803 2046 1852 sunt
2071 1797 2289 1864 culices,
2317 1807 2376 1852 ιιι
2397 1799 2486 1852 vix
2501 1807 2796 1852 cernantur
2825 1799 2996 1854 oculis
3021 1817 3034 1852 :
3071 1801 3150 1854 sic
3177 1809 3232 1856 et
3271 1817 3416 1854 nunc
3441 1799 3494 1854 in

245 1869 386 1925 bona
419 1879 562 1926 terra
607 1881 662 1928 et
701 1872 838 1926 vites
867 1873 1012 1928 nasci
1055 1887 1214 1942 posse
1249 1873 1492 1928 videmus
1517 1879 1572 1927 et
1611 1873 1810 1942 spinas.

247 1963 326 2018 Eo
358 1963 518 2020 modo
541 1963 658 2038 [ατη
693 1973 748 2020 et
775 1967 962 2020 eodem
993 1965 1172 2038 modo]
1201 1975 1458 2035 tanquam
1489 1967 1652 2022 arbor
1677 1967 1818 2022 mala

245 2057 456 2114 fructus
477 2057 664 2126 bonos,
697 2059 750 2114 id
775 2067 858 2114 est
885 2075 1048 2128 opera
1077 2061 1214 2114 bona
1239 2099 1254 2124 ,
1285 2073 1392 2112 non
1431 2065 1607 2127 potest
1639 2056 1820 2112 facere

243 2150 496 2206 voluntas
539 2151 684 2224 mala.
715 2169 728 2204 :
761 2151 854 2206 sed
891 2165 976 2214 ex_
999 2151 1136 2206 bona
1175 2149 1408 2204 hominis
1455 2157 1646 2204 natura
1685 2149 1820 2204 oriri

243 2241 494 2298 voluntas
539 2251 594 2296 et
639 2243 778 2298 bona
807 2251 984 2312 potest
1023 2251 1076 2298 et
1125 2241 1301 2308 mala;
1343 2255 1442 2297 nee
1473 2241 1570 2295 fuit
1597 2255 1822 2312 prorsus

243 2333 388 2388 unde
415 2333 670 2410 primitus
701 2335 936 2390 oriretur
961 2335 1210 2388 voluntas
1235 2333 1396 2400 mala,
1425 2335 1526 2388 nisi
1549 2349 1614 2388 ex
1644 2333 1820 2404 angeli

241 2433 300 2480 et
319 2425 552 2480 hominis
579 2433 768 2480 natura
785 2426 940 2480 bona.
967 2425 1118 2494 Quod
1139 2437 1192 2480 et
1221 2427 1332 2494 ipse
1359 2425 1616 2480 Dominus
1633 2425 1820 2480 eodem

247 2514 368 2570 loco
397 2515 486 2572 ubi
513 2515 578 2571 de
607 2515 798 2571 arbore
825 2525 880 2572 et
907 2515 1172 2572 fructibus
1209 2517 1552 2585 loquebatur,
1587 2515 1820 2584 apertis-

247 2607 386 2662 sime
405 2609 672 2674 ostendit;
705 2609 780 2662 ait
803 2617 980 2662 autem
1015 2607 1136 2680 [al.,
1167 2605 1336 2680 enim]
1375 2625 1386 2660 :
1415 2607 1518 2660 Aut
1549 2609 1704 2678 facite
1727 2621 1820 2660 ar-

251 2699 424 2754 borem
451 2699 640 2754 bonum
665 2709 712 2754 et
737 2699 966 2768 fructum
995 2699 1108 2770 ejus
1131 2699 1340 2764 bonum,
1375 2707 1466 2752 aut
1489 2697 1647 2766 facite
1671 2697 1824 2750 arbo-

247 2807 356 2844 rem
381 2791 580 2846 malam
611 2801 656 2846 et
691 2791 918 2860 fructum
943 2791 1054 2860 ejus
1081 2791 1276 2844 malum
1307 2787 1522 2862 (Matth.
1565 2805 1660 2852 xit,
1685 2787 1776 2861 55')
1805 2802 1820 2842 :

245 2881 380 2942 satis
409 2881 706 2936 admonens
730 2897 794 2936 ex
827 2883 1020 2937 arbore
1051 2881 1268 2952 quidem
1311 2881 1450 2936 bona
1493 2879 1684 2946 malos,
1731 2885 1826 2934 aut

245 2987 314 3026 ex
359 2971 498 3026 mala
545 2973 714 3028 bonos
761 2973 906 3026 nasci
949 2971 1156 3028 fructus
1203 2987 1326 3036 non
1359 2985 1548 3042 posse;
1597 2987 1662 3026 ex
1709 2971 1824 3040 ipsa

249 3071 430 3118 tamen
461 3073 602 3118 terra
635 3063 720 3118 cui
759 3061 1080 3134 loquebatur
1105 3073 1390 3133 utramque
1415 3061 1664 3118 arborem
1689 3061 1822 3118 oriri

247 3151 452 3226 posse.)

319 3249 360 3318 1-
389 3249 548 3304 Vides
565 3261 808 3303 eversam
835 3263 1050 3304 omnem
1077 3259 1180 3304 tute
1201 3247 1688 3320 argumentationis
1707 3263 1822 3302 ma-

245 3339 484 3404 chinam,
507 3353 612 3408 qua
637 3353 666 3391 a
687 3339 824 3394 bona
855 3338 1064 3410 origine
1087 3339 1236 3394 nasci
1261 3353 1366 3394 non
1405 3351 1566 3406 posse
1589 3337 1820 3392 invicem

245 3429 350 3484 sibi
373 3429 714 3484 adversantia
743 3431 1032 3486 eonabaris
1069 3429 1348 3484 astruere?
1375 3429 1568 3484 Docuit
1601 3427 1824 3484 omnino

247 3521 332 3576 vir
353 3521 738 3576 disertissimus
753 3521 820 3576 ab
831 3537 936 3578 una
965 3521 1196 3592 origine,
1221 3519 1272 3576 id
1302 3529 1385 3576 est
1399 3527 1588 3576 natura
1605 3519 1690 3576 vel
1722 3533 1820 3574 au-

245 3611 350 3684 geli
373 3611 458 3668 vel
483 3613 717 3668 hominis
763 3615 980 3684 prodire
1005 3615 1292 3670 contraria.
1321 3613 1473 3670 Unde
1493 3627 1624 3686 ergo
1647 3613 1824 3670 humi-

243 3707 392 3772 litas,
429 3705 552 3762 inde
581 3705 856 3778 superbia,
891 3707 944 3764 id
973 3717 1142 3764 estex
1179 3715 1372 3763 natura
1411 3705 1586 3778 angeli
1615 3705 1700 3760 vel
1727 3705 1824 3762 bo-

245 3801 408 3856 minis
437 3803 596 3868 bona,
627 3813 692 3856 ex
719 3817 824 3872 qua
851 3801 1096 3858 voluntas
1139 3803 1222 3858 vel
1272 3803 1410 3858 bona
1437 3799 1520 3854 vel
1545 3799 1716 3866 mala;
1749 3799 1822 3854 ita

247 3903 310 3948 ut
335 3895 612 3950 humilitas
633 3895 882 3950 voluntas
911 3897 1072 3960 bona,
1105 3895 1358 3966 superbia
1397 3895 1610 3952 dicatur
1635 3895 1824 3950 volun-

245 3997 334 4044 tas
369 3987 506 4043 mala
541 4003 556 4042 :
583 4005 702 4060 quae
733 3997 912 4044 tamen
943 3989 1192 4044 voluntas
1221 3989 1358 4044 bona
1379 4029 1394 4054 ,
1424 4003 1548 4044 cum
1575 3989 1824 4058 primitus

247 4091 458 4135 natura:
475 4079 722 4136 rationali
743 4079 884 4136 dono
904 4079 1178 4136 Creatoris
1205 4079 1368 4136 fuerit
1397 4079 1580 4144 insita,
1607 4081 1824 4150 propria

249 4173 634 4242 depravatione
669 4179 946 4242 corrupta,
977 4187 1316 4242 nequaquam
1351 4187 1416 4226 ex
1447 4187 1506 4226 se
1537 4173 1616 4226 vel
1647 4187 1742 4242 per
1767 4185 1826 4226 se

249 4263 390 4317 bona
413 4263 554 4320 valet
580 4264 836 4336 existere,
863 4263 1036 4316 donec
1061 4271 1304 4326 sanetur,
1335 4271 1636 4330 reparetur,
1663 4269 1826 4330 atque

249 4353 562 4410 infundatur
597 4356 662 4410 ab
691 4353 800 4418 illo,
837 4353 924 4423 qui
957 4367 1172 4424 seraper
1205 4367 1414 4406 summe
1439 4361 1492 4406 et
1523 4351 1827 4406 essentiali-

193 4429 202 4468 ⁵
251 4455 336 4500 ter
359 4455 444 4500 est
485 4445 730 4499 voluntas
769 4445 906 4498 bona
949 4461 960 4496 :
995 4459 1060 4498 ex
1107 4441 1252 4497 fonte
1285 4441 1508 4512 iustitiae
1549 4457 1824 4512 nunquam

253 4551 474 4590 titanare
509 4535 882 4605 iniquitatem,
927 4533 980 4588 id
1011 4543 1094 4588 est
1123 4549 1190 4586 ex
1221 4533 1348 4596 Deo,
1385 4533 1564 4588 nullus
1591 4535 1822 4604 ignorat,

247 4629 376 4698 quia
397 4645 500 4682 non
517 4635 592 4682 est
611 4627 860 4695 iniquitas
881 4625 1022 4696 apud
1045 4623 1208 4678 Deum
1231 4621 1402 4694 (Rom.
1429 4639 1504 4690 ix,
1535 4623 1622 4692 14)
1647 4637 1660 4676 :
1689 4631 1828 4678 atta-

253 4733 378 4774 men
399 4717 545 4786 juste
583 4717 836 4772 retribuit
863 4717 1240 4787 peccatoribus
1261 4715 1518 4786 supplicia
1551 4731 1670 4785 quae
1713 4731 1828 4772 me-

253 4817 464 4866 rentur.
491 4807 624 4876 Quia
653 4817 706 4860 tu
743 4807 956 4874 reddes,
989 4807 1184 4877 inquit,
1219 4807 1502 4878 unicuique
1540 4807 1826 4862 secundum

255 4919 412 4976 opera
451 4919 572 4971 sua,
605 4917 672 4958 ex
713 4905 836 4958 vitaz
875 4901 1168 4974 principio,
1217 4901 1272 4956 id
1299 4911 1384 4956 est
1413 4899 1542 4964 Deo,
1593 4899 1828 4956 infertur

259 4991 814 5068 morspeecatoribus,
845 4993 990 5062 quia,
1025 4999 1256 5048 testante
1279 4989 1556 5062 Scriptura
1581 5009 1594 5046 :
1617 4991 1695 5044 Ab
1715 4991 1828 5062 ipso

257 5099 332 5144 est
373 5091 478 5145 vita
516 5099 562 5144 et
599 5103 738 5142 mors
763 5085 950 5158 (Eccti.
981 5101 1060 5152 χι,
1109 5085 1216 5156 14).
1269 5085 1550 5141 Beatitudo
1595 5101 1702 5140 non
1749 5091 1832 5141 est

257 5193 422 5236 causa
463 5177 716 5244 miseriae,
749 5179 872 5246 quia
905 5177 1044 5232 Deus
1067 5191 1172 5232 non
1209 5183 1292 5230 est
1316 5189 1476 5230 causa
1511 5173 1828 5246 cujusquam

261 5271 466 5342 peccati
495 5283 560 5326 ac
593 5283 802 5340 paenae;
843 5277 928 5324 est
959 5275 1136 5322 tamen
1167 5267 1434 5339 irrogator
1461 5275 1622 5336 atque
1647 5265 1832 5320 illator

263 5363 520 5430 miseriae,
555 5361 746 5416 mortis
781 5367 838 5414 et
865 5373 1038 5430 pcena:
1069 5377 1082 5413 :
1117 5373 1234 5428 quae
1263 5375 1384 5414 cum
1414 5373 1444 5412 a
1479 5359 1608 5424 Deo,
1635 5367 1824 5412 aucto-

261 5453 424 5510 ritate
465 5453 606 5509 sacri
641 5451 861 5522 eloquii,
911 5451 996 5505 vel
1033 5449 1442 5520 prwsentialiter
1469 5449 1554 5505 vel
1601 5457 1834 5519 postmo-

261 5551 390 5606 dum
413 5547 740 5606 teternaliter
767 5547 974 5602 meritis
1003 5545 1146 5615 juste
1171 5547 1551 5616 rependuntur,
1583 5549 1832 5618 praescita

261 5651 316 5698 et
343 5641 720 5714 pmdestinata
763 5641 830 5696 ab
875 5641 990 5712 ipso
1039 5639 1334 5694 rectissime
1378 5649 1686 5706 censentur,
1729 5655 1834 5710 quo

261 5733 438 5798 iudice
475 5733 800 5796 inferuntur.
851 5731 964 5808 Qua
1015 5749 1142 5792 vero
1191 5733 1518 5808 impudentia
1573 5739 1836 5810 negantur

1919 1903 2086 1956 parvo
2113 1889 2374 1956 tardeque
2405 1889 2722 1954 vermiculo,
2751 1889 2960 1960 qui.vix
2985 1891 3186 1946 moveri
3219 1899 3410 1960 potest,
3437 1897 3488 1944 et

1919 1975 2018 2030 levi
2035 1985 2176 2032 tactu
2194 1977 2514 2042 conteritur,
2531 1977 2623 2032 Dei
2643 1979 2880 2048 potentia
2895 1987 2950 2034 et
2971 1979 3202 2032 humana
3223 1979 3494 2048 fragilitas

1921 2067 2338 2122 demonstratur.
2375 2065 2489 2122 Non
2539 2069 2682 2138 quod
2715 2069 2856 2124 Deus
2905 2069 2972 2122 ad
3017 2077 3206 2124 nutum
3243 2085 3398 2124 suum
3441 2073 3498 2126 et

1919 2159 2174 2228 potentiae
2205 2157 2542 2228 maiestatem
2583 2169 2814 2230 nequeat
2841 2169 3036 2214 terram
3069 2161 3404 2224 subvertere,
3443 2167 3498 2214 et

1919 2253 2132 2324 eperire
2157 2261 2352 2308 cuncta
2383 2253 2606 2318 diluvio,
2633 2253 2716 2308 vel
2743 2252 2964 2308 fulmine
2993 2265 3370 2316 concremare;
3403 2249 3498 2305 sed

1919 2357 2018 2412 per
2047 2359 2236 2412 parva,
2263 2351 2340 2408 et,
2375 2349 2432 2396 ut
2463 2343 2532 2396 ita
2559 2341 2760 2408 dicam,
2787 2351 2982 2414 puncta
3011 2357 3298 2411 corporum
3321 2349 3500 2396 osten-

1922 2435 2002 2490 dit
2047 2435 2337 2488 humanam
2386 2433 2752 2506 fragilitatem.
2801 2433 2952 2490 Unde
2993 2445 3050 2490 et
3091 2435 3218 2490 illud
3265 2435 3499 2490 solemus

1923 2525 2182 2580 Marciani
2213 2533 2268 2581 et
2297 2527 2508 2582 caneris
2537 2529 2866 2598 respondere
2893 2527 3180 2592 luereticis,
3213 2527 3302 2595 qui
3335 2525 3500 2582 Vetus

1923 2613 2128 2671 laniant
2155 2617 2580 2682 Testamentum,
2615 2619 2755 2690 quod
2779 2627 2834 2674 ct
2857 2619 3078 2688 pulices,
3113 2627 3166 2674 et
3194 2617 3412 2683 culices,
3444 2623 3500 2672 et

1923 2709 2180 2774 cimices,
2219 2719 2274 2764 et
2315 2709 2686 2780 hujuscemodi
2737 2711 3030 2766 animantia
3073 2711 3278 2766 idcirco
3309 2709 3500 2766 fecerit

1927 2799 2086 2864 Deus,
2117 2811 2172 2854 ut
2201 2801 2546 2872 fragilitatem
2570 2809 2624 2856 et
2645 2801 3066 2856 imbecillitatem
3093 2811 3294 2856 nostrae
3319 2801 3502 2856 carnis

1925 2891 2277 2956 ostenderet,
2306 2907 2424 2962 qua)
2459 2893 2514 2946 in
2545 2899 2752 2946 tantum
2787 2891 2920 2947 nihil
2949 2899 3048 2954 est,
3079 2901 3140 2948 ut
3175 2893 3242 2946 ab
3273 2891 3357 2948 his
3381 2905 3501 2960 qua:

1923 2997 2088 3052 parva
2131 2990 2256 3036 sunt
2293 2981 2624 3036 vulneretur.
2667 2981 2724 3036 Si
2767 2991 2946 3036 autem
2993 2997 3154 3036 eruca
3195 2995 3504 3052 parvusque

1927 3075 2255 3130 vermiculus
2285 3075 2476 3130 fortior
2517 3075 2732 3130 homine
2767 3083 2870 3138 est,
2907 3073 3032 3144 quid
3071 3073 3332 3144 gloriatur
3355 3081 3504 3128 terra

1851 3137 1894 3200 Ο
1925 3177 1978 3224 et
2009 3167 2144 3222 cinis
2175 3165 2364 3238 (Eccfi.
2395 3167 2474 3234 ix)
2493 3207 2508 3234 ,
2535 3177 2592 3222 et
2625 3167 2760 3222 elata
2801 3181 2900 3236 per
2923 3137 3234 3236 superbiam
3263 3165 3406 3238 (cum
3433 3181 3502 3222 ex

1923 3255 2086 3310 humo
2115 3255 2200 3318 sit,
2233 3273 2262 3310 a
2289 3271 2396 3326 qua
2433 3257 2596 3312 homo
2630 3255 2948 3326 appellatur)
2981 3255 3214 3310 humana
3253 3263 3500 3312 contem-

1923 3345 2046 3402 nit?
2075 3345 2306 3414 Quidam
2329 3357 2510 3402 autem
2537 3347 2714 3402 locum
2749 3347 2906 3400 istum
2929 3345 3006 3401 sic
3035 3345 3500 3416 interpretantur:

1921 3439 1966 3496 A
2009 3441 2216 3496 dextris
2253 3449 2310 3496 et
2337 3455 2368 3494 a
2407 3439 2640 3496 sinistris
2673 3440 2900 3494 virtutes
2925 3447 2980 3496 et
3017 3437 3362 3496 fortitudines
3403 3439 3498 3496 Dei

1923 3529 2182 3604 legimus,
2212 3549 2348 3604 quas
2377 3533 2550 3588 Graeci
2571 3531 2808 3604 δυνάμεις
2839 3541 3054 3586 vocant.
3089 3529 3134 3586 Α
3168 3531 3374 3586 dextris
3407 3545 3496 3588 se-

1925 3627 2134 3696 raphim
2162 3635 2216 3680 et
2253 3627 2552 3692 cherubim,
2591 3635 2920 3694 cunctasque
2962 3623 3230 3694 angelicas
3267 3631 3504 3694 potesta-

1923 3727 2028 3784 tes,
2075 3733 2106 3772 a
2151 3717 2386 3772 sinistris
2423 3715 2726 3770 contrarias
2777 3713 3144 3778 fortitudines,
3193 3711 3260 3766 de
3309 3713 3504 3782 quibus

1925 3809 2184 3880 scriptum
2229 3817 2312 3864 est
2343 3827 2356 3861 :
2389 3807 2532 3862 Misit
2561 3807 2616 3860 in
2653 3823 2740 3862 eos
2775 3807 2910 3860 iram
2951 3805 3327 3876 indignationis
3368 3819 3502 3870 sum,

1926 3897 2158 3966 furorem
2169 3907 2216 3952 et
2241 3897 2398 3962 iram,
2413 3905 2459 3950 et
2483 3895 2890 3956 tribulationem,
2917 3894 3286 3948 immissionem
3303 3909 3394 3964 per
3412 3909 3504 3948 an-

1925 3989 2066 4060 gelos
2091 3987 2258 4042 mutos
2279 3985 2452 4060 (Psal.
2481 4003 2686 4052 Lxxvn,
2715 3987 2828 4058 49).
2857 3985 2932 4040 De
2953 3985 3148 4056 quibus
3169 3993 3224 4040 et
3253 3985 3504 4040 Michteas

1927 4079 1982 4134 in
2017 4077 2223 4150 Regum
2253 4077 2524 4132 volumine
2559 4077 2796 4147 loquitur
2835 4097 2846 4132 :
2889 4077 3005 4132 Vidi
3031 4077 3310 4132 Dominum
3335 4077 3502 4132 Deum

1927 4169 2098 4224 Israel
2121 4169 2380 4224 sedentem
2405 4185 2560 4238 super
2585 4169 2828 4224 thronum
2850 4185 3026 4236 suum,
3053 4179 3100 4223 et
3123 4169 3288 4224 omnis
3309 4169 3506 4224 exerci-

1929 4271 2010 4314 tus
2063 4261 2174 4314 curti
2218 4261 2388 4314 stabat
2423 4261 2584 4332 juxta
2631 4277 2748 4314 eum
2793 4279 2826 4314 ιι
2873 4261 3068 4314 dextris
3115 4270 3162 4316 et
3213 4277 3246 4316 ιι
3277 4261 3504 4316 sinistris

1929 4353 2046 4426 (III
2071 4351 2196 4424 Reg.
2225 4369 2336 4408 χχιι
2357 4395 2372 4420 ,
2401 4353 2510 4424 19).
2539 4353 2652 4425 Ego
2673 4363 2804 4422 puto
2833 4343 3111 4410 sinistrum
3149 4351 3316 4408 fuisse
3347 4353 3506 4424 spiri-

1933 4455 2064 4510 tum,
2081 4435 2186 4516 lqui
2213 4461 2464 4518 egressus
2483 4453 2586 4512 est,
2613 4453 2668 4501 et
2689 4447 2836 4500 stetit
2865 4461 3046 4502 coram
3069 4446 3294 4502 Domino
3315 4455 3368 4501 et
3391 4445 3501 4502 ait:

1929 4537 2042 4610 Ego
2065 4539 2318 4608 decipiam
2343 4539 2516 4592 Achab
2547 4551 2592 4594 et
2621 4541 2890 4610 egrediar,
2924 4549 2971 4594 et
2998 4557 3083 4596 ero
3109 4541 3322 4612 spiritus
3361 4555 3508 4594 nien-

1929 4631 2036 4684 dax
2069 4631 2124 4684 in
2163 4647 2250 4684 ore
2311 4631 2544 4684 omnium
2589 4631 2954 4702 praphetarum
3009 4631 3120 4704 ejus
3157 4629 3342 4702 (Ibid.,
3389 4629 3502 4700 21).

1931 4721 2012 4778 Ad
2037 4735 2200 4792 quam
2227 4722 2504 4776 sinistram
2525 4763 2540 4788 ,
2573 4733 2626 4776 et
2653 4724 2982 4777 contrariam
3013 4731 3351 4792 potestatem,
3383 4733 3504 4791 quin

1929 4827 2054 4886 apta
2079 4815 2284 4870 eratad
2313 4815 2708 4884 decipiendum,
2739 4825 2792 4870 et
2815 4817 3110 4870 exercitata
3135 4813 3200 4868 ad
3225 4813 3430 4876 ruinas,
3451 4817 3510 4868 et

1931 4907 2126 4962 multos
2157 4915 2281 4960 ante
2311 4905 2612 4976 deceperat,
2659 4905 2898 4976 loquitur
2941 4905 3082 4960 Deus
3121 4921 3134 4958 :
3179 4903 3414 4974 Decipies
3459 4909 3510 4958 et

1930 4993 2256 5068 prtevalebis,
2290 4993 2550 5066 egredere,
2582 5005 2628 5048 et
2653 4995 2738 5066 [ac
2770 4997 2868 5050 sic.
2899 4993 3134 5064 Spiritus
3165 5005 3378 5062 quoque
3415 4991 3510 5062 qui

1933 5087 2232 5144 suﬂocabat
2253 5085 2398 5152 Saul,
2429 5088 2494 5142 de
2527 5101 2634 5156 quo
2659 5089 2914 5142 dixerunt
2937 5085 3002 5140 ad
3041 5099 3164 5140 eum
3195 5084 3346 5154 pueri
3379 5083 3462 5138 sui
3493 5095 3510 5136 :

1935 5180 2068 5234 Ecce
2093 5181 2304 5250 spiritus
2331 5179 2426 5236 Dei
2466 5179 2638 5234 malus
2665 5191 2711 5234 te
2745 5179 3100 5250 obstupescere
3131 5179 3258 5248 facit
3294 5175 3344 5248 (1
3381 5175 3508 5248 Reg.

1935 5285 2050 5336 xvi,
2105 5269 2190 5336 14,
2245 5269 2352 5344 15),
2401 5271 2468 5326 de
2515 5271 2750 5326 sinistris
2779 5271 3020 5340 partibus
3069 5277 3188 5324 erat
3216 5269 3308 5338 qui
3359 5265 3512 5324 missi

1937 5377 2093 5420 erant
2118 5379 2148 5418 a
2175 5365 2400 5418 Domino
2426 5363 2548 5436 [al.,
2581 5363 2672 5433 qui
2713 5363 3022 5418 ministrant
3047 5359 3298 5434 Domino]
3326 5361 3393 5418 ad
3411 5373 3514 5432 pu-

1939 5457 2166 5512 niendos
2191 5471 2285 5512 eos
2307 5457 2396 5526 qui
2419 5455 2652 5512 cruciari
2681 5445 3004 5512 meruerunt
3023 5455 3245 5528 propter
3267 5459 3512 5526 peccata.

1939 5545 2056 5601 Non
2089 5547 2262 5602 solum
2299 5547 2442 5602 cuitu
2483 5547 2730 5602 homines
2773 5547 3002 5602 ministri
3045 5539 3170 5602 Sunt
3215 5557 3270 5602 et
3315 5547 3514 5602 ultores

1939 5641 2034 5694 ine
2075 5637 2190 5712 ejus
2231 5641 2282 5694 in
2321 5641 2404 5694 his
2429 5637 2520 5711 qui
2567 5641 2768 5696 malum
2793 5651 3106 5712 operantur,
3153 5649 3210 5696 et
3251 5657 3358 5696 non
3399 5639 3518 5696 sine

1942 5753 2099 5792 causa
2131 5743 2350 5810 portant
2377 5735 2632 5808 gladium,
2665 5737 2760 5794 sed
2781 5735 2948 5794 etiam
2973 5735 3258 5796 contrariae
3295 5729 3516 5794 fortitu-
