4010 6352
608 317 747 384 1215

1602 312 1661 366 S.
1702 303 2074 366 PllUDENTIl
2113 301 2496 362 TRECENSIS
2536 301 2846 362 EPISCOPI

3663 315 3752 378 iiii

606 441 775 500 dines,
808 449 930 506 qua:
966 432 1310 504 appellantur
1346 431 1494 484 furor
1536 437 1592 482 et
1621 430 1698 483 ira
1735 427 1856 492 Dei,
1875 440 2012 498 quos
2043 424 2178 478 Pro-
2202 421 2258 483 Δ
2281 437 2504 493 prorsus
2533 423 2600 478 ad
2641 439 2755 478 rem
2784 423 2852 478 de
2879 437 2984 493 qua
3023 417 3199 492 agitur
3237 433 3345 478 non
3368 423 3590 494 pertinet,
3608 435 3711 500 quod
3731 453 3752 493 ι

569 534 768 606 φὴεια
799 531 1075 586 declinans
1105 529 1220 583 ait:
1254 526 1493 589 Domine,
1517 541 1580 578 ne
1601 524 1654 578 in
1675 521 1854 592 furore
1878 531 1968 574 tuo
1986 534 2178 588 arguas
2282 512 2535 568 Patribus
2575 522 2723 568 recte
2767 512 3095 568 intellectum
3151 520 3311 584 atque
3365 521 3616 574 tractatum
3655 531 3753 582 tum

607 603 710 688 me,
734 639 895 694 neque
915 623 972 676 in
996 621 1077 674 ira
1099 630 1190 673 tua
1217 617 1470 686 corripias
1494 631 1574 668 me
1593 612 1766 685 (Psal.
1789 629 1868 676 vr,
1894 611 1967 682 l).
1992 609 2182 664 lstius—
2281 603 2605 674 pravitatem
2645 603 2888 658 funditus
2928 603 3142 658 evertit.

608 717 776 781 modi,
808 723 870 769 ut
912 715 986 769 ita
1027 713 1230 774 dicam,
1259 707 1660 781 quastionariis
1690 715 1853 774 atque
1889 703 2185 759 tortoribus

610 806 832 860 tradidit
854 802 1141 875 Apostolus
1165 809 1508 872 peceatorem
1532 799 1588 852 in
1613 797 1881 851 interitum
1911 794 2105 858 carnis,
2129 801 2185 846 ut

608 898 825 970 spiritus
847 895 1021 951 salvus
1045 895 1192 964 ﬁeret
1219 893 1272 965 (ι
1299 891 1423 946 Cor.
1455 907 1512 956 v,
1552 889 1607 960 5)
1637 908 1650 944 :
1684 889 1750 944 de
1770 888 1965 958 quibus
1995 896 2050 942 et
2083 885 2185 940 Sa-

613 997 770 1044 tanas
787 995 890 1051 est,
911 987 998 1041 cui
1027 985 1248 1040 tradidit
1273 983 1428 1047 alios,
1459 993 1512 1036 ut
1533 982 1788 1036 discerent
1811 997 1911 1034 non
1943 978 2186 1048 blasphe-

610 1095 756 1134 mare
787 1077 840 1150 (I
871 1076 1006 1144 Tim.
1034 1093 1072 1140 ι,
1101 1076 1215 1148 20).
1241 1075 1368 1134 Haec
1392 1074 1458 1130 de
1477 1088 1659 1140 eruca,
1681 1088 1780 1128 cur
1804 1072 1898 1128 Dei
1919 1069 2187 1141 appellata

615 1169 689 1226 sit
716 1166 938 1240 virtus.]
964 1169 1004 1238 -ι-
1034 1167 1238 1223 Deinde
1263 1165 1432 1222 infers
1467 1184 1480 1220 :

1185 1292 1413 1334 JOANNES
1465 1291 1679 1332 SCOTUS.

681 1391 834 1464 (Cap.
866 1390 952 1458 l5,
976 1406 1125 1446 num.
1150 1390 1240 1456 12,
1269 1398 1402 1446 sect.
1427 1389 1504 1460 9.)
1527 1397 1569 1445 Θ
1592 1386 1897 1450 Peccatum,
1929 1385 1982 1438 ni
2005 1383 2185 1454 fallor,

613 1492 660 1537 et
691 1492 926 1552 peccata,
964 1491 1014 1536 et
1039 1497 1234 1552 plenas,
1269 1495 1361 1536 nec
1397 1497 1429 1533 a
1467 1479 1576 1533 Deo
1602 1477 1738 1548 ﬁeri,
1769 1493 1860 1530 nec
1882 1475 1946 1529 ab
1972 1491 2032 1529 eo
2056 1491 2192 1545 prae-

609 1575 756 1640 sciri,
789 1573 868 1629 vel
897 1573 1264 1645 prwdestinari
1282 1586 1301 1625 :
1324 1571 1531 1627 Delicta
1563 1569 1707 1626 enim
1735 1569 1858 1640 quis
1894 1567 2191 1640 intelligit?

611 1664 786 1737 (Psal.
818 1683 974 1735 xvm,
1006 1667 1118 1740 15.)

1245 1792 1566 1834 COBRECTIO.

680 1881 720 1952 -ι-
743 1879 897 1950 Smpe
919 1879 1151 1936 diximus
1172 1890 1391 1952 peccata
1416 1895 1445 1934 a
1461 1879 1572 1934 Deo
1588 1876 1893 1934 nullatenus
1915 1869 2051 1943 ﬁeri,
2066 1891 2200 1946 pra:-

613 1969 739 2026 sciri
787 1981 963 2026 autem
1013 1971 1332 2026 auctoritate
1373 1969 1740 2040 probavimus,
1789 1968 2000 2022 dicente
2041 1968 2200 2022 beato

615 2061 712 2118 Iob
749 2081 764 2116 :
794 2061 915 2130 Ipse
942 2064 1078 2116 novit
1107 2073 1152 2116 et
1176 2062 1536 2133 decipientem,
1560 2071 1606 2115 et
1630 2077 1748 2116 eum
1782 2060 1870 2132 qui
1898 2059 2157 2128 decipitur
2182 2099 2197 2124 ,

619 2153 838 2240 adducit
889 2153 1220 2206 consiliarios
1260 2153 1315 2206 in
1365 2152 1582 2206 stultum
1624 2151 1781 2221 ﬁnem
1825 2161 1872 2205 et
1917 2149 2126 2220 judices
2147 2151 2201 2204 in

617 2252 879 2316 stuporem
904 2242 1025 2316 (Job
1053 2259 1148 2307 xu,
1174 2243 1282 2316 16).
1309 2241 1599 2314 Gregorius
1639 2241 1855 2314 (Morel.
1879 2242 1933 2296 in
1957 2240 2083 2307 Job,
2105 2241 2196 2295 lib.

616 2356 694 2404 ιι,
727 2353 848 2408 cap.
887 2339 941 2409 7)
977 2356 990 2391 :
1027 2336 1181 2409 [Cum
1218 2337 1394 2392 omnis
1413 2335 1830 2407 quiproximum
1871 2349 2028 2389 suum
2058 2332 2205 2388 deci-

616 2445 744 2501 pere
791 2438 1025 2486 conatur
1058 2429 1276 2500 iniquus
1314 2431 1403 2495 sit,
1450 2439 1505 2482 et
1546 2427 1745 2496 iniquis
1771 2426 1987 2480 Veritas
2013 2424 2200 2478 dicat:

617 2526 904 2598 Nunquam
935 2526 1052 2579 novi
1090 2541 1199 2589 vos,
1232 2523 1479 2578 discedite
1507 2539 1536 2574 a
1578 2537 1658 2598 mg
1681 2535 1857 2574 omnes
1899 2519 1988 2589 qui
2021 2534 2203 2588 opera-

615 2619 744 2673 mini
770 2619 1095 2690 iniquitatem
1120 2616 1335 2690 (Matth.
1363 2631 1456 2679 vu,
1487 2613 1600 2682 23),
1623 2612 1858 2683 qualiter
1879 2611 1983 2666 hoc
2008 2610 2060 2664 in
2084 2608 2203 2663 loco

616 2711 816 2767 dicitur
843 2711 968 2781 quia
1022 2709 1278 2764 Dominus
1317 2707 1674 2777 decipientem
1713 2704 1895 2760 novit?
1941 2701 2048 2758 Sed
2074 2701 2201 2772 quia

614 2804 757 2858 scire
803 2802 899 2857 Dei
935 2801 1222 2870 aliquando
1261 2812 1594 2872 cognoscere
1643 2796 1862 2861 dicitur,
1911 2793 2203 2864 aliquando

615 2895 941 2965 approbare,
977 2903 1030 2948 et
1060 2893 1162 2948 scit
1192 2891 1435 2962 iniquum
1457 2890 1584 2962 quia
1614 2887 1990 2960 cognoscendo
2015 2883 2205 2954 dijudi-

616 2997 703 3042 cat
731 2988 930 3058 (neque
953 2985 1098 3040 enim
1121 2984 1362 3053 iniquum
1379 2981 1687 3052 quempiam
1703 2977 2024 3050 judicasset,
2047 2975 2090 3030 si
2115 2989 2205 3030 ne-

617 3093 887 3147 quaquam
938 3074 1329 3148 coguosceret),
1377 3081 1432 3129 et
1485 3081 1668 3127 tamen
1717 3070 1959 3139 iniquum
2009 3065 2202 3131 nescit,

617 3168 742 3238 quia
781 3167 897 3236 ejus
936 3166 1077 3222 facta
1119 3181 1226 3220 non
1262 3165 1542 3236 approbat.
1595 3163 1662 3217 Et
1705 3160 1857 3216 novit
1899 3175 2028 3230 ergo
2075 3159 2201 3228 quia
2229 3151 2274 3214 C

619 3258 1001 3328 deprehendit;
1033 3267 1214 3314 etnon
1249 3258 1417 3322 novit,
1445 3257 1574 3327 quia
1601 3255 1746 3310 hunc
1775 3255 1829 3308 in
1859 3269 1970 3309 sua:
1996 3252 2206 3324 sapien-

617 3351 707 3405 tiae
733 3351 911 3420 specie
941 3365 1044 3405 non
1073 3351 1412 3422 recognoscit
1441 3364 1456 3404 :
1480 3350 1621 3404 sicut
1647 3349 1713 3403 de
1739 3347 1922 3403 veraci
1954 3346 2198 3416 quolibet

618 3442 736 3498 viro
779 3441 978 3497 dicitur
1007 3441 1131 3512 quia
1183 3441 1472 3496 falsitatem
1501 3439 1730 3504 nesciat,
1774 3454 1880 3493 non
1923 3438 2048 3507 quia
2078 3452 2203 3492 cum

617 3534 702 3589 vel
725 3536 792 3591 ab
814 3533 934 3589 aliis
955 3533 1149 3589 falsum
1179 3533 1397 3599 dicitur,
1420 3533 1524 3586 hoc
1547 3529 1942 3602 reprehendere
1965 3529 2200 3599 ignorat,

620 3627 715 3682 sed
740 3626 982 3682 eamdem
1024 3625 1199 3696 ipsam
1235 3621 1505 3678 fallaciam
1540 3631 1596 3677 et
1629 3622 1733 3676 scit
1757 3622 1812 3676 in
1838 3619 2086 3676 examine
2106 3658 2122 3685 ,
2151 3627 2207 3675 et

618 3719 793 3774 nescit
815 3719 866 3773 in
888 3732 1099 3784 amore,
1118 3725 1178 3774 ut
1197 3715 1445 3772 videlicet
1469 3714 1584 3786 ipse
1605 3714 1745 3768 hanc
1767 3728 1875 3769 non
1897 3721 2022 3785 agat
2042 3725 2202 3781 quam

619 3819 796 3863 actam
821 3809 889 3864 ab
922 3809 1042 3864 aliis
1071 3809 1308 3865 damnat.
1343 3805 1409 3862 Et
1438 3805 1498 3860 ﬁt
1528 3807 1848 3878 plerumque
1873 3813 1931 3859 ut
1961 3800 2204 3858 nonnulli

605 3900 833 3957 insidiis
879 3911 1137 3957 vacantes
1168 3901 1356 3957 alienae
1406 3901 1531 3955 vitae
1575 3897 1946 3970 perversitatis
1974 3911 2085 3951 sua:
2121 3893 2202 3948 la-

619 4005 788 4060 queos
817 3994 1071 4059 tendant;
1104 4000 1158 4047 et
1187 4008 1310 4048 cum
1326 3991 1446 4061 quis
1477 3991 1727 4046 nesciens
1753 3988 1956 4044 eisdem
1993 3985 2201 4056 laqueis

624 4085 742 4152 capi
771 4085 1121 4155 conspicitur,
1151 4093 1333 4140 utrum
1359 4084 1473 4138 haec
1496 4083 1752 4138 divinitus
1779 4081 2065 4138 videantur
2093 4078 2206 4135 for-

623 4182 769 4228 tasse
815 4177 1129 4241 dubitatur;
1172 4176 1546 4244 miranturque
1583 4174 1832 4229 homines
1863 4173 1906 4228 si
1950 4171 2053 4227 hoc
2081 4169 2204 4244 [al.,

624 4261 762 4334 lucc]
793 4264 931 4318 Deus
955 4265 1156 4329 videat,
1193 4280 1292 4320 cur
1321 4263 1438 4319 ﬁeri
1459 4263 1770 4332 permittat;
1810 4260 1905 4318 sed
1930 4263 2038 4332 ipse
2066 4261 2202 4314 novit

603 4353 956 4420 decipientem
983 4363 1031 4406 et
1053 4369 1179 4407 eum
1212 4355 1299 4424 qui
1331 4353 1606 4423 decipitur.
1648 4353 1805 4407 Novit
1834 4351 2034 4406 etenim
2065 4351 2206 4405 deci-

621 4441 865 4512 pientem,
895 4443 1022 4512 quia
1062 4443 1379 4514 plerumque
1421 4444 1693 4498 anteriora
1736 4442 1856 4514 ejus
1893 4441 2033 4497 mala
2072 4457 2202 4498 con-

622 4510 804 4600 spicit,
826 4540 880 4587 et
901 4510 1042 4588 hunc
1062 4510 1209 4602 justo
1228 4510 1432 4604 judicio
1457 4533 1652 4588 cadere
1671 4510 1834 4588 etiam
1855 4531 1912 4588 in
1941 4532 2046 4587 alia
2071 4546 2199 4602 pec-
2224 4510 2279 4572 Ῑ)

622 4627 1050 4698 ωιθίρετιιῐὶιιὶι.
1079 4625 1238 4682 Novit
1275 4625 1632 4696 decipientem,
1658 4625 1784 4694 quia
1807 4624 1862 4678 in
1887 4639 2051 4679 manu
2072 4639 2197 4680 suo—

625 4733 745 4772 rum
783 4733 1005 4788 operum
1052 4718 1334 4774 dimissum
1374 4719 1517 4772 hunc
1543 4725 1603 4772 ut
1647 4717 1715 4772 ad
1751 4715 1933 4788 pejora
1973 4725 2199 4786 proruat

626 4813 848 4881 deserit,
878 4815 1018 4870 sicut
1038 4814 1299 4886 scriptum
1316 4821 1398 4868 est
1425 4830 1438 4866 :
1464 4813 1566 4879 Qui
1593 4824 1760 4878 nocet,
1784 4823 1965 4868 noceat
1987 4813 2196 4878 adhuc;

625 4914 672 4959 et
685 4905 774 4975 qui
794 4906 847 4959 in
869 4905 1108 4960 sordibus
1137 4915 1234 4970 est,
1255 4905 1519 4959 sordescat
1542 4905 1714 4958 adhuc
1730 4905 1911 4976 (Apoc.
1928 4920 2066 4970 xxn,
2085 4904 2197 4975 ll).

628 4994 786 5048 Novit
808 5010 1021 5067 quoque
1048 5005 1096 5051 et
1137 5013 1254 5050 eum
1292 4997 1380 5068 qui
1413 4995 1689 5067 decipitur,
1721 4997 1847 5065 quia
1886 5010 2028 5066 saepe
2055 5011 2200 5051 com-

629 5085 850 5142 mittunt
871 5087 1118 5143 homines
1137 5088 1275 5144 mala
1297 5103 1418 5158 quae
1443 5088 1648 5152 sciunt;
1677 5094 1732 5140 et
1753 5085 1954 5140 idcirco
1978 5086 2204 5156 permit-

627 5182 815 5232 tuntur
837 5180 1033 5250 decipi,
1063 5188 1123 5234 ut
1147 5181 1344 5235 cadant
1362 5180 1525 5234 etiam
1549 5179 1601 5232 in
1623 5177 1762 5232 mala
1784 5192 1906 5250 qua:
1932 5177 2200 5233 nesciunt.

629 5267 782 5336 Quod
837 5249 1018 5326 tamen
1061 5271 1298 5340 deceptis
1345 5268 1632 5338 aliquando
1682 5269 1748 5322 ad
1805 5249 2200 5339 purgationem,

629 5363 914 5433 aliquando
940 5379 1070 5420 vero
1096 5360 1162 5417 ad
1191 5362 1408 5417 ultionis
1431 5361 1643 5418 initium
1677 5361 1791 5418 ﬁeri
1821 5361 2004 5436 solot.]
2043 5363 2083 5434 -ι-
2101 5361 2201 5418 Ast

629 5470 817 5524 plenas
837 5472 958 5510 eum
984 5455 1261 5526 praescisse
1284 5462 1337 5509 et
1367 5455 1803 5524 praulestinasse,
1853 5457 2108 5526 quoniam
2133 5455 2199 5510 ad

625 5547 884 5616 judicium
903 5551 1125 5621 justitiee
1143 5549 1284 5604 illius
1311 5548 1566 5619 pertinet,
1588 5558 1641 5604 et
1667 5550 1962 5604 auctoritas
1986 5559 2040 5603 et
2064 5548 2202 5601 ratio

635 5640 924 5696 convincit.

704 5729 1094 5808 Testimonium
1131 5745 1263 5788 sane
1302 5732 1678 5820 propheticum
1721 5733 1864 5807 quod
1906 5733 2203 5794 adhibuisti

2357 694 2715 766 Hieronymus
2743 695 2794 749 in
2822 694 3062 765 Epistola
3100 694 3166 750 ad
3189 694 3440 764 Ephesios
3466 695 3583 770 (cap.
3602 715 3652 765 ll.
3679 704 3716 772 l)
3743 727 3752 762 :

2289 788 2589 861 [Mauil’este
2610 796 2787 844 autem
2813 803 2960 844 mors
2975 788 3170 844 animae
3189 787 3385 844 dicitur
3407 805 3516 845 esse
3539 805 3756 864 peccatum,

2288 878 2342 934 in
2375 894 2440 934 eo
2481 879 2624 948 quod
2653 879 2730 932 ait
2769 893 2785 932 :
2819 876 2888 931 Et
2928 895 3014 933 vos
3061 894 3181 932 cum
3233 880 3407 934 essetis
3438 884 3600 935 mortui
3623 885 3757 941 delictis

2287 981 2336 1026 et
2355 973 2577 1042 peccatis
2601 971 2804 1036 vestris,
2819 969 2971 1040 juxta
2996 969 3122 1026 illud
3138 985 3348 1041 quoque
3368 971 3498 1041 quod
3521 973 3566 1026 in
3587 973 3758 1032 Ezechiel

2288 1062 2544 1134 scriptum
2585 1070 2671 1118 est
2712 1061 2945 1117 :Anima
2968 1078 3086 1134 qua:
3131 1062 3429 1133 peccaverit,
3467 1063 3565 1134 ipsa
3589 1067 3761 1120 mat-ictu

2290 1152 2515 1225 (Ezech.
2569 1169 2738 1220 xvm,
2793 1152 2908 1224 20).
2959 1152 3027 1207 Et
3073 1152 3200 1223 quia
3257 1152 3438 1206 delicta
3489 1170 3591 1224 qua:
3637 1155 3762 1213 Grece

2287 1247 2688 1319 παραπτώματα
2743 1250 3142 1313 nuncupantur,
3211 1241 3364 1312 juxta
3437 1241 3638 1309 ejusdem
3697 1245 3762 1300 lin-

2290 1351 2408 1405 gua:
2443 1333 2823 1406 etymologiam
2873 1333 3090 1404 proprie
3145 1333 3370 1387 verbum
3420 1342 3496 1387 est
3545 1333 3763 1404 Scriptura-

2290 1442 2410 1482 rum
2438 1426 2588 1497 (licet
2610 1425 2804 1481 delicta
2847 1426 3181 1497 πλημμὶλιιαι
3209 1424 3407 1479 rectius
3435 1425 3763 1496 transferantur),

2293 1531 2599 1587 quaeramus
2619 1515 2748 1585 quid
2773 1513 3102 1587 signiﬁcent,
3135 1528 3312 1584 quove
3336 1513 3567 1569 distenta
3592 1518 3765 1584 peculis,

2294 1609 2349 1663 id
2383 1617 2468 1664 est
2494 1609 2621 1678 quid
2659 1607 2874 1663 intersit
2907 1608 3049 1662 inter
3076 1611 3474 1681 παραπτώματα
3507 1617 3554 1662 et
3577 1609 3765 1686 ἁμαρτίας.

2292 1701 2458 1756 Aiunt
2485 1701 2632 1756 enim
2662 1700 2805 1770 quod
2842 1704 3272 1776 παραπτώματα,
3297 1701 3446 1768 quasi
3483 1700 3610 1754 initia
3646 1717 3768 1771 pecca-

2222 1795 2270 1856 B
2301 1802 2475 1850 torum
2503 1793 2635 1861 sint,
2665 1807 2786 1848 cum
2819 1792 3076 1863 cogitatio
3116 1792 3287 1848 tacita
3324 1792 3564 1862 subrepit,
3587 1801 3630 1846 et
3657 1791 3769 1862 aliqua

2301 1901 2370 1942 ex
2415 1896 2568 1957 parte
2609 1884 3054 1941 convenientibus
3089 1883 3213 1956 [al.,
3239 1883 3629 1956 conniventibus}
3658 1885 3766 1945 nobis,

2299 1976 2528 2031 necdum
2573 1984 2752 2030 tamen
2797 1989 2897 2030 nos
2944 1974 3156 2044 impulit
3182 1975 3250 2029 ad
3293 1974 3513 2028 ruinam.
3542 1971 3663 2028 Unde
3681 1975 3766 2026 etin

2300 2077 2495 2124 octavo
2540 2067 2750 2123 decimo
2795 2065 3004 2137 psalmo
3053 2067 3315 2122 scribitur
3349 2085 3363 2120 :
3401 2065 3580 2120 Delicta
3613 2067 3700 2135 (hoc
3723 2075 3770 2119 est

2300 2157 2736 2236 παραπτώματα)
2765 2158 2881 2228 quis
2921 2155 3210 2228 intelligit?
3249 2157 3374 2226 quia
3420 2155 3597 2211 scilicet
3638 2152 3770 2208 dillicile

2301 2253 2370 2307 sit
2395 2252 2603 2306 radices
2630 2261 2686 2306 et
2709 2249 2861 2304 initia
2889 2247 3190 2319 intelligere
3219 2245 3768 2318 peccatorum.Peccatn

2299 2357 2431 2399 vero
2470 2356 2614 2406 esse,
2639 2356 2763 2397 cum
2806 2340 2936 2410 quid
2981 2353 3146 2410 opere
3178 2325 3582 2395 consummatum
3613 2336 3769 2390 pervenit

2303 2435 2370 2490 ad
2401 2431 2612 2505 ﬁnem.]

2307 2575 2312 2578 .
2373 2531 2414 2600 -ξο
2446 2527 2741 2598 Gregorius
2785 2526 3064 2584 Moralium
3111 2525 3209 2582 lib.
3249 2541 3307 2580 ιι
3350 2526 3496 2596 (cap.
3523 2521 3606 2592 2t)
3631 2536 3642 2574 :
3668 2518 3769 2592 [Inter

2305 2619 2510 2676 scelera
2543 2627 2598 2675 et
2626 2619 2822 2675 delicta
2849 2619 2953 2675 hoc
2978 2618 3161 2684 distat,
3196 2616 3341 2686 quod
3367 2614 3527 2672 scelus
3548 2613 3671 2669 etiam
3689 2626 3768 2682 poti

2304 2715 2406 2771 dus
2439 2713 2645 2784 peccati
2680 2712 2895 2777 transit,
2928 2711 3186 2767 delictum
3217 2725 3346 2766 vero
3368 2708 3556 2779 peccati
3584 2722 3663 2761 non
3683 2713 3769 2757 trut-

2305 2806 2395 2870 sit,
2421 2805 2545 2875 quia
2569 2812 2766 2858 etcum
2791 2801 2970 2858 offerri
2995 2801 3325 2858 sacriﬁcium
3343 2815 3436 2870 per
3455 2798 3598 2869 legem
3610 2795 3768 2864 jubetur,

2305 2896 2564 2952 nimirum
2591 2893 2905 2965 praecipitur
2923 2891 3070 2966 sicut
3099 2907 3200 2961 pro
3228 2900 3463 2961 peccato,
3489 2890 3552 2942 ita
3575 2888 3695 2940 etiam
3714 2899 3771 2954 nm

2306 2987 2524 3043 delicto.
2568 2985 2638 3040 Et
2675 2999 3064 3054 nonnunquam
3095 2982 3278 3038 scelus
3316 2983 3370 3037 in
3409 2994 3553 3050 opere
3588 2985 3666 3039 est,
3693 2973 3771 3028 deli

2307 3089 2454 3136 ctum
2481 3093 2612 3135 vero
2635 3077 2954 3148 plerumque
3005 3075 3060 3130 in
3097 3075 3213 3130 sola
3261 3072 3584 3146 cogitatione.
3611 3067 3717 3122 linde
3741 3073 3772 3116 et

2305 3187 2402 3243 per
2425 3171 2767 3226 Psalmistam
2791 3170 2988 3226 dicitur
3013 3183 3028 3224 :
3063 3167 3272 3223 Delicta
3299 3168 3412 3239 quis
3438 3163 3637 3233 intelligit
3663 3155 3768 3231 (Pal.

2309 3277 2464 3328 xvm,
2490 3261 2626 3334 15)?
2657 3260 2791 3328 Quia
2813 3258 3066 3314 videlicet
3093 3265 3318 3328 peccata
3344 3255 3513 3326 operis
3539 3261 3658 3305 tanto
3676 3248 3771 3302 citius

2305 3361 2722 3422 cognoscuntur,
2778 3358 2982 3421 quanto
3031 3350 3273 3404 exterius
3322 3347 3592 3402 videntur:
3623 3348 3768 3411 peccata

2305 3460 2438 3500 vero
2461 3442 2808 3514 cogitationis
2847 3456 2913 3496 eo
2944 3440 3010 3494 ad
3047 3439 3449 3509 intelligendum
3477 3433 3666 3493 diﬁicilia
3683 3438 3770 3490 sunt.

2305 3553 2413 3610 quo
2464 3535 2804 3593 invisibiliter
2833 3530 3262 3604 perpetrantur.]

2361 3632 2401 3701 -ι-
2415 3627 2765 3685 Cassiodorus
2780 3627 2833 3681 in
2856 3625 3061 3696 psalmo
3075 3623 3289 3679 decimo
3305 3632 3488 3680 octavo
3501 3624 3560 3690 (r.
3575 3619 3644 3688 l5)
3657 3636 3667 3670 :
3681 3611 3770 3685 [Illud

2306 3729 2484 3777 tamen
2498 3720 2753 3775 debemus
2765 3717 3063 3781 advertere,
3076 3715 3335 3786 quoniam
3357 3713 3509 3770 multa
3519 3718 3691 3783 peccata
3699 3714 3770 3760 sunt

2305 3810 2752 3884 quaeomnimodis
2766 3809 3329 3881 ignoramus,quorum
3346 3822 3441 3863 nec
3455 3805 3650 3876 origines
3660 3813 3771 3870 posst

2305 3919 2427 3960 mus
2442 3918 2544 3959 nec
2561 3901 2936 3972 subreptiones
2950 3914 3264 3969 agnoscere.
3288 3898 3434 3955 Unde
3458 3888 3769 3951 subaudiendum

2304 4005 2392 4054 est
2414 3995 2624 4061 delicta,
2660 3993 2863 4060 omnia,
2895 3993 3010 4064 quis
3049 3989 3311 4062 intelligit.
3335 3988 3464 4044 Nam
3487 4002 3591 4043 cum
3610 3985 3767 4039 dicturus

2305 4090 2376 4147 sit
2395 4090 2447 4144 in
2466 4085 2911 4160 quinquagesimo
2936 4083 3006 4156 (υ.
3027 4083 3082 4156 5)
3101 4101 3114 4138 :
3145 4083 3404 4138 Delictum
3419 4095 3568 4136 meum
3587 4088 3712 4130 coram
3725 4084 3770 4160 ut

2305 4158 2624 4251 estsemper;
2641 4186 2698 4234 et
2721 4176 2877 4232 alibi:
2910 4173 3171 4230 Delictum
3184 4190 3357 4229 meum
3382 4173 3611 4244 cognitum
3629 4165 3694 4220 tibi

2307 4271 2480 4344 (Psal.
2503 4248 2666 4337 VXXXI,
2690 4269 2767 4340 5),
2792 4266 3062 4338 quomodo
3098 4281 3206 4321 non
3249 4274 3425 4338 potest
3461 4259 3664 4329 intelligi,
3686 4248 3770 4344 quod

2305 4342 2537 4433 peccans
2575 4359 2786 4430 cogitur
2808 4355 3088 4412 conﬁteri?
3130 4353 3240 4411 Sed
3281 4357 3328 4412 si
3367 4351 3616 4426 adjeceris,
3640 4342 3768 4403 omnia,

2312 4460 2442 4506 tunc
2472 4451 2586 4505 hate
2614 4448 2841 4519 quaestio
2865 4444 3126 4516 probatur
3153 4444 3416 4516 exclusa]

2374 4539 2742 4612 'l'Augustinus
2760 4537 2812 4591 in
2827 4535 3226 4605 Quaestionibus
3237 4536 3455 4592 Levitici
3471 4538 3567 4604 (qu.
3581 4520 3768 4602 20):)0nil

2304 4642 2390 4692 est
2417 4632 2560 4704 quod
2588 4631 2654 4686 de
2689 4630 2858 4685 ariete
2897 4643 2997 4699 pro
3035 4628 3234 4685 delicto
3268 4644 3386 4684 cum
3418 4625 3624 4686 dixisset,
3646 4621 3768 4688 legem-

2303 4741 2410 4798 que
2436 4721 2684 4780 sacriﬁcii
2712 4720 3068 4792 exposuisset,
3099 4721 3212 4776 ait:
3242 4718 3502 4787 Quomodo
3523 4712 3767 4788 quodcum

2303 4827 2536 4890 peccato,
2560 4816 2634 4869 ita
2655 4824 2704 4869 et
2733 4814 2788 4868 id
2816 4813 2956 4885 quod
2981 4830 3076 4884 pro
3112 4813 3335 4880 delicto;
3357 4813 3439 4868 lea:
3459 4828 3550 4866 una
3573 4816 3632 4862 est
3654 4814 3766 4858 eorum

2307 4908 2450 4982 (Leu.
2467 4904 2650 4976 vn,7).
2668 4903 2934 4972 Qumritur
2956 4905 3101 4959 inter
3116 4917 3394 4975 peceatum
3416 4912 3467 4960 et
3482 4900 3682 4957 delicta
3697 4904 3767 4982 qut

2303 4979 2376 5054 sit
2404 4995 2722 5061 diﬁ‘erentia;
2751 4995 3007 5064 quoniam
3029 4995 3074 5051 si
3098 4995 3242 5051 nulla
3263 5003 3422 5060 esset,
3446 4990 3574 5049 nullo
3595 4985 3710 5043 modo
3721 4979 3768 5033 di-

2305 5096 2540 5145 ceretur:
2557 5085 2830 5153 Quomodo
2848 5086 2988 5156 quod
3002 5095 3076 5142 est
3099 5104 3196 5158 pro
3207 5095 3432 5157 peccato,
3455 5085 3520 5136 ita
3535 5090 3576 5136 et
3593 5075 3695 5147 quod
3710 5084 3767 5139 Ρη

2304 5179 2510 5240 delicto.
2543 5177 2799 5245 Quamvis
2831 5177 2977 5233 enim
3013 5177 3099 5234 lex
3125 5180 3348 5251 ejusque
3378 5172 3658 5233 sacriﬁcium
3679 5159 3762 5218 nihil

2303 5254 2486 5336 ilistet,
2514 5270 2642 5339 quia
2665 5268 2748 5324 lea:
2772 5286 2878 5323 una
2901 5279 2976 5323 est
2995 5287 3213 5336 eorum;
3249 5279 3420 5326 tamen
3444 5269 3542 5338 ipsa
3564 5264 3662 5322 duo,
3685 5267 3764 5324 till"

2305 5379 2425 5418 rum
2461 5376 2627 5416 unum
2666 5368 2748 5415 est
2775 5362 3122 5427 sacriﬁcium,
3157 5363 3211 5418 id
3244 5374 3326 5419 est
3349 5369 3595 5433 peccatum
3619 5363 3660 5408 et
3679 5345 3762 5402 deli-

2307 5466 2472 5520 ctum,
2505 5456 2551 5510 si
2589 5455 2734 5510 inter
2762 5469 2820 5508 se
2861 5455 2996 5508 nihil
3024 5454 3318 5522 differrent,
3343 5456 3439 5510 etsi
3475 5452 3606 5507 unius
3626 5440 3764 5500 reidml

2307 5549 2526 5603 nomina
2549 5553 2753 5610 essent,
2785 5560 2890 5598 non
2915 5555 3131 5601 curaret
3158 5545 3432 5617 Scriptura
3455 5553 3549 5596 tam
3566 5537 3762 5604 diligenter

2307 5639 2686 5698 commendare
2714 5652 2877 5690 unum
2908 5652 3029 5692 esse
3062 5638 3336 5707 utriusque
3365 5629 3658 5691 sacriﬁcium.
3678 5617 3761 5672 For-

2309 5729 2472 5789 tassis
2496 5741 2627 5800 ergo
2652 5735 2936 5800 peccatum
2970 5737 3054 5786 est
3093 5727 3413 5804 perpetratio
3443 5720 3566 5787 mali,
3587 5713 3758 5772 delicl’lll
