4010 6352
215 353 356 412 1217

1067 361 1154 420 DE
1188 360 1864 430 PREDESTINATIONE
1903 373 2182 436 CONTRA
2221 379 2272 437 J.
2314 382 2615 444 SCOTUM.

3336 405 3475 467 1218

212 482 396 527 autem
418 472 652 530 desertio
676 473 804 531 boni
833 493 848 530 :
875 480 956 543 ut,
983 480 1436 548 quemadmodum
1462 481 1517 536 in
1545 482 1798 540 laudabili
1826 491 1877 551 Α
1904 498 1999 544 aut
2027 492 2279 561 gaudium
2297 534 2311 560 ,
2341 505 2434 550 aut
2457 497 2643 568 quies,
2683 509 2777 554 aut
2813 501 3073 574 sapientia
3097 547 3112 572 ,
3140 516 3267 568 tunc
3291 528 3479 574 eorum

211 565 323 618 vita
347 564 488 620 aliud
523 573 604 621 est
641 566 912 624 declinare
929 571 973 623 'a
1010 569 1168 632 malo,
1204 571 1349 626 aliud
1371 571 1552 628 facere
1577 574 1793 642 bonum,

210 655 355 724 quod
412 656 769 710 admonemur
824 657 1039 713 dicente
1100 657 1380 730 Scriptura
1433 647 1709 717 {Declina
1764 680 1797 718 a

1902 581 1984 636 vel
2015 583 2273 639 absentia:
2291 626 2304 648 ,
2328 586 2412 641 vel
2439 587 2682 646 defectus
2704 591 2901 649 talibus
2921 597 3197 655 vocabulis
3219 617 3479 662 censean-

1903 677 2008 724 tur.
2044 669 2323 742 Scriptura
2346 687 2534 732 sancta
2559 694 2589 733 a
2619 680 2726 736 Deo
2749 692 2996 752 paratum
3021 687 3196 757 ignem
3219 693 3478 762 gehenna:

207 744 370 808 malo,
400 756 448 800 et
479 747 564 816 [ac
597 747 785 801 bonum
813 746 985 820 (Psal.
1015 766 1200 817 xxxvr,
1225 751 1351 823 2'7);
1379 753 1458 807 ita
1489 753 1540 808 in
1573 755 1799 856 damna-
1898 760 2112 818 diabolo
2159 773 2214 819 et
2263 768 2472 838 angelis
2511 770 2628 841 ejus
2675 744 3161 844 ac-peccatori’bus

206 831 306 890 bili
330 833 473 888 aliud
499 835 569 890 sit
599 836 872 895 declinare
911 855 941 894 a
973 839 1134 906 bono,
1160 840 1304 896 aliud
1340 841 1518 899 facere
1560 843 1792 913 malum;

205 933 266 978 et
300 923 428 980 illud
458 925 737 994 delictum,
769 929 870 986 hoc
904 939 1182 1000 peccatum
1225 933 1316 986 sit.
1349 932 1482 989 Nam
1523 944 1580 990 et
1621 935 1794 1006 ipsum

205 1015 531 1071 vocabulum
559 1019 602 1072 si
627 1018 966 1086 discutiatur,
991 1022 1118 1092 quid
1153 1023 1296 1078 aliud
1326 1035 1484 1080 sonat
1516 1027 1791 1095 delictum,

203 1107 314 1162 nisi
357 1107 709 1164 derelictum?
737 1119 794 1164 et
833 1111 960 1181 quid
990 1113 1275 1184 dereliquit
1295 1115 1387 1184 qui
1415 1116 1640 1188 deliquit
1670 1117 1790 1190 [al.,

203 1196 299 1267 qui
346 1196 609 1269 delinquit
637 1200 764 1270 quid
813 1202 1158 1276 derelinquit]
1215 1205 1318 1260 nisi
1355 1207 1590 1262 bonum?
1618 1208 1792 1267 Graeci

201 1287 368 1341 etiam
413 1288 519 1344 duo
563 1291 784 1345 nomina
821 1293 1018 1349 usitata
1057 1294 1183 1350 huic
1217 1297 1355 1368 pesti
1399 1299 1786 1368 imposuerunt.

201 1378 344 1434 Nam
387 1379 643 1437 delictum
693 1386 832 1454 apud
880 1402 972 1443 eos
1021 1396 1076 1442 et
1124 1395 1458 1465 παραπτώμα
1503 1393 1700 1448 dicitur
1735 1403 1792 1450 et

201 1471 540 1544 πλημμὲλιια.
567 1473 674 1530 lsto
709 1475 825 1547 ipso
849 1478 1046 1549 quippe
1071 1479 1190 1535 loco
1222 1481 1446 1538 Levitici
1476 1485 1789 1556 πλημμέλεια

199 1573 306 1618 cst.
330 1565 617 1634 Apostolus
637 1577 815 1624 autem
839 1571 932 1625 ubi
957 1571 1117 1626 dicit:
1136 1571 1197 1628 Si
1217 1586 1610 1646 prmoccupatus
1631 1578 1788 1646 fuerit

199 1657 354 1710 homo
405 1657 459 1710 in
508 1657 683 1730 aliquo
725 1660 910 1715 delicto
955 1663 1112 1732 (Gal.
1158 1681 1233 1730 vt,
1269 1666 1356 1737 1,),
1395 1671 1782 1743 παραπτώματι

197 1744 420 1802 Graecus
447 1749 612 1804 habet
645 1767 658 1804 :
693 1766 922 1821 quorum
961 1755 1240 1809 nominum
1275 1756 1322 1810 si
1347 1757 1500 1828 origo
1529 1759 1786 1814 discutia-

1897 853 2132 922 clamat,
2160 856 2374 914 dicente
2398 861 2514 930 ipso
2535 864 2764 921 Domino
2789 884 2804 921 :
2828 867 2856 921 Ι
2863 879 2911 923 te
2931 871 2985 924 in
3007 872 3174 942 ignem
3197 853 3476 950 internum,

1894 943 1984 1012 qui
2017 956 2236 1029 paratus
2264 959 2342 1002 est
2369 949 2578 1006 diabolo
2621 964 2670 1008 et
2700 957 2900 1027 angelis
2945 961 3062 1031 ejus
3092 964 3308 1032 (Matth.
3343 943 3472 1039 xxv,

1893 1033 2007 1137 tl).
2025 1025 2276 1096 Et'lsaias
2295 1043 2588 1112 propheta:
2615 1025 2817 1104 Parata
2839 1061 2915 1107 est
2937 1025 3074 1110 enim
3096 1025 3158 1112 ab
3179 1060 3290 1115 heri
3310 1079 3340 1116 a
3362 1025 3477 1137 rege

1897 1121 2144 1195 Top/tetu,
2159 1142 2350 1201 parata
2369 1142 2416 1188 et
2440 1135 2662 1193 dilatata
2685 1139 2820 1212 (Isa.
2837 1160 2968 1211 xxx,
2982 1147 3094 1220 53).
3113 1149 3282 1217 Quem
3299 1121 3478 1227 ignem

1892 1214 1939 1268 si
1974 1216 2107 1272 nihil
2151 1235 2271 1276 esse
2317 1223 2548 1295 dixeris,
2596 1232 2912 1290 mendacem
2958 1214 3095 1294 facis
3145 1214 3349 1310 Deum:
3377 1248 3471 1318 qui

1894 1317 2000 1362 tam
2031 1325 2129 1380 per
2151 1327 2211 1368 se
2241 1330 2405 1384 quam
2434 1334 2533 1389 per
2555 1324 2874 1394 prophetam
2903 1343 3061 1386 suum
3091 1349 3216 1390 eum
3238 1353 3268 1392 a
3296 1317 3476 1411 seipso

1888 1409 2140 1469 paratum
2172 1403 2303 1460 dicit
2334 1421 2348 1460 :
2378 1425 2485 1465 non
2532 1413 2678 1468 enim
2707 1427 2934 1485 paratur
2973 1423 3142 1492 nihil;
3195 1430 3288 1484 sed
3332 1403 3477 1502 quod

1887 1499 2130 1560 paratur,
2156 1494 2361 1566 aliquid
2397 1499 2467 1554 sit
2488 1517 2712 1561 necesse
2737 1517 2841 1564 est.
2881 1509 2938 1566 Si
2970 1529 3098 1570 vero
3127 1533 3156 1571 a
3196 1494 3476 1582 contrario

1886 1599 1986 1654 pro
2015 1603 2100 1656 eo,
2121 1592 2263 1660 quod
2291 1602 2375 1649 est
2404 1610 2511 1651 non
2539 1608 2790 1668 paratum
2821 1608 3023 1663 asseris
3046 1649 3062 1675 ,
3110 1611 3310 1670 videris
3359 1617 3474 1688 ipse

1885 1677 2082 1744 quibus
2111 1684 2426 1741 auctoribus
2471 1687 2525 1742 id
2559 1694 2888 1760 persuadere
2917 1713 3120 1768 queas;
3156 1720 3279 1760 nam
3327 1677 3472 1765 ire-ri-

1889 1769 2012 1823 tatis
2037 1769 2132 1824 ﬁlii
2159 1773 2376 1842 penitus
2401 1776 2492 1833 illa
2518 1795 2630 1836 non
2659 1785 2902 1844 audient.
2929 1790 3013 1845 An
3042 1795 3230 1852 eadem
3259 1798 3470 1858 insania

2159 1837 2177 1842 “
2705 1837 2902 1844 "—"""
2929 1837 3012 1845 -_'-
3044 1837 3230 1852 νυυνιιι
3259 1837 3470 1858 Ιιιοαιιια

204 1842 314 1905 ιυτν
355 1837 410 1892 in
444 1844 850 1919 παρπτῶματεν
891 1851 1146 1914 tanquam
1183 1846 1432 1902 deeidel‘e
1477 1848 1793 1920 intelligitur
1819 1850 1866 1911 B
1893 1857 2135 1916 dicturus
2158 1877 2218 1918 es
2250 1863 2418 1937 frigus
2450 1869 2584 1925 nihil
2611 1886 2731 1929 esse
2752 1917 2766 1941 ,
2799 1879 3074 1950 calorem,
3101 1885 3279 1944 cibum
3303 1901 3355 1946 et
3376 1909 3472 1964 po-

204 1930 292 1964 lin:
326 1930 583 1964 ΑΔΙῖηι-ηἶο
641 1934 794 1964 Ῐῖηλη
825 1936 1043 1964 sus-Jun...-
1102 1939 1238 1964 ’.η-ΑΔ
1269 1938 1292 1964 1
1316 1940 1443 1964 Alﬁ”:
1479 1957 1502 1964 Α
1555 1942 1775 1964 _-J--_J_
1887 1959 1899 1964 -
2059 1953 2070 1964 ι
2444 1961 2456 1964 _

199 1930 294 2000 qui
325 1930 608 2004 delinquit.
641 1934 795 1990 Unde
821 1936 1062 2005 cadaver,
1099 1939 1241 2008 quod
1269 1938 1446 1996 Latini
1476 1957 1506 1996 a
1543 1942 1778 1998 cadendo

196 2023 472 2092 dixerunt,
500 2024 688 2082 Graece
734 2037 922 2101 πτῶμα
965 2031 1165 2087 dicitur
1200 2033 1303 2089 διπὸ
1343 2041 1433 2091 τοῦ
1466 2039 1692 2101 πίπτειν,
1725 2037 1778 2092 id

194 2123 282 2168 est
317 2115 386 2169 ab
414 2130 480 2170 eo
522 2117 666 2186 quod
695 2127 778 2173 est
801 2119 1016 2178 cadere.
1050 2121 1154 2188 Qui
1189 2137 1318 2192 ergo
1355 2125 1630 2192 peccando
1669 2141 1779 2180 ma-

195 2204 306 2258 lum
344 2203 494 2272 facit,
523 2209 672 2277 prius
702 2209 1063 2280 delinquendo
1093 2229 1123 2267 a
1153 2215 1296 2270 bono
1325 2215 1488 2270 cadit.
1515 2215 1582 2270 Et
1609 2217 1778 2290 πλημ-

193 2297 366 2369 μέλεια
416 2297 592 2353 simile
639 2315 834 2356 nomen
881 2310 966 2357 est
1004 2303 1326 2376 negligentia:
1365 2324 1379 2360 :
1433 2322 1555 2362 nam
1595 2306 1778 2364 Graece

177 2387 526 2458 negligentia
554 2391 760 2460 ἀμέλεια
800 2393 1020 2461 dicitur,
1049 2397 1176 2466 quia
1214 2412 1360 2459 curae
1386 2414 1489 2454 non
1521 2408 1605 2455 est
1633 2400 1775 2471 quod

194 2476 504 2546 negligitur.
532 2477 623 2536 Sic
648 2481 794 2536 enim
809 2482 1030 2540 Graecus
1059 2487 1218 2542 dicit:
1247 2487 1370 2542 Non
1389 2506 1540 2557 curo,
1567 2493 1626 2547 οὐ
1653 2492 1774 2564 μέλ-

190 2565 265 2622 λιι
290 2589 392 2638 μοι.
422 2567 693 2626 Particula
723 2588 876 2645 ergo,
903 2590 1022 2644 qua:
1054 2577 1288 2646 additur,
1311 2581 1460 2644 πλὴν,
1487 2589 1546 2636 ut
1565 2583 1777 2638 dicatur

191 2657 506 2729 πλημμέλεια
526 2701 542 2727 ,
567 2673 758 2731 praeter
787 2664 1091 2736 signiﬁcat,
1123 2677 1183 2723 ut
1205 2671 1420 2742 ἀμέλεια
1446 2673 1586 2742 quod
1619 2688 1774 2728 voca-

191 2755 282 2802 tur
310 2749 622 2820 negligentia
642 2793 658 2819 ,
684 2754 935 2810 videatur
972 2771 1167 2814 sonare
1204 2761 1316 2815 sine
1341 2778 1505 2829 cura;
1545 2763 1774 2837 πλημμέ-

202 2837 336 2901 λεια,
360 2851 550 2908 ρτωιεν
571 2859 774 2909 curam,
807 2846 948 2915 quod
976 2862 1114 2917 pene
1139 2853 1472 2908 tantumdem
1499 2863 1601 2910 est.
1637 2855 1771 2911 Hinc

189 2937 247 2985 et
273 2931 490 2999 quidam
536 2933 707 2988 nostri
748 2936 1092 3010 πλημμέλιιαν
1123 2956 1232 2996 non
1271 2941 1519 2997 delictum
1551 2947 1644 3000 sed
1684 2961 1772 3000 ne-

189 3018 490 3090 gligentiam
516 3021 859 3094 interpretari
881 3027 1165 3084 voluerunt
1187 3029 1310 3102 [al.,
1334 3033 1684 3108 maluerunt].
1710 3037 1768 3092 ln

188 3109 381 3166 Latina
403 3119 593 3168 autem
621 3114 802 3186 lingua
831 3119 958 3188 quid
1000 3119 1145 3176 aliud
1174 3123 1461 3194 negligitur
1487 3127 1589 3182 nisi
1628 3130 1769 3199 quod

189 3217 296 3257 non
327 3201 553 3274 legitur,
579 3203 632 3260 id
669 3215 755 3262 est
778 3223 886 3264 non
914 3209 1149 3282 eligitur.
1182 3201 1335 3269 Unde
1358 3215 1522 3271 etiam
1545 3218 1714 3291 legem
1737 3236 1766 3275 a
1798 3209 1843 3272 C

189 3291 438 3364 legendo,
475 3295 532 3351 id
572 3305 658 3352 est
686 3298 754 3354 ab
784 3299 1052 3372 eligendo,
1086 3303 1265 3359 Latini
1294 3315 1544 3364 auctores
1581 3313 1765 3382 appel-

188 3383 351 3438 latam
385 3401 504 3441 esse
527 3387 798 3444 dixerunt.
831 3390 928 3447 His
955 3393 1355 3462 quodammodo
1390 3400 1633 3471 vestigiis
1657 3403 1770 3458 col-

187 3475 372 3547 ligitur
410 3479 552 3547 quod
584 3479 674 3535 ille
703 3479 1002 3552 delinquit,
1053 3486 1145 3555 qui
1192 3487 1393 3544 bonum
1450 3492 1765 3567 dereliquit,

187 3577 244 3623 et
273 3567 683 3639 relinquendoa
730 3573 873 3628 bono
919 3576 1094 3643 cadit,
1126 3579 1254 3649 quia
1288 3581 1542 3654 negligit,
1588 3584 1642 3640 id
1686 3595 1769 3642 est

187 3675 296 3716 non
322 3659 470 3730 legit.
513 3660 804 3718 Peccatum
855 3680 986 3722 vero
1029 3671 1170 3725 unde
1216 3671 1288 3726 sit
1332 3672 1573 3742 dictum,
1623 3677 1766 3747 quod

187 3753 373 3810 Gmcc
401 3755 627 3830 ἁμαρτία
650 3758 868 3826 dicitur,
886 3760 939 3815 in
963 3771 1152 3818 neutra
1176 3763 1356 3836 lingua
1384 3768 1516 3822 mihi
1549 3769 1765 3825 interim

185 3847 444 3901 occurrit.
485 3845 668 3904 Potest
700 3852 864 3906 etiam
917 3854 1090 3910 videri
1140 3856 1272 3912 illud
1327 3874 1448 3914 esse
1506 3861 1765 3916 delictum

190 3936 334 4007 quod
363 3937 752 4008 imprudenter,
785 3943 839 3998 id
879 3953 964 4000 est
1006 3946 1354 4017 ignoranter;
1402 3949 1529 4004 illud
1567 3967 1764 4022 pecca-

185 4035 340 4093 tum,
371 4031 516 4098 quod
542 4033 610 4087 ab
645 4033 854 4089 sciente
877 4038 1257 4092 committitur.
1287 4037 1425 4094 Huic
1447 4039 1764 4097 diﬁ‘erentiae

183 4118 437 4175 videntur
459 4121 563 4178 ista
605 4124 912 4180 testimonia
949 4142 1252 4185 consonare
1288 4130 1468 4185 divina
1508 4149 1521 4185 :
1561 4131 1765 4188 Delicta

183 4209 301 4280 quis
329 4211 608 4284 intelligit?
634 4214 810 4286 (Psal.
842 4233 973 4272 xvut
993 4258 1008 4284 ,
1039 4219 1161 4291 l3.)
1189 4231 1245 4274 et
1285 4219 1413 4276 illud
1447 4238 1462 4276 :
1504 4222 1766 4290 Quoniam

182 4308 242 4353 tu
264 4301 406 4355 scisti
434 4303 839 4374 imprudentiam
869 4321 1071 4372 meam;
1097 4310 1354 4366 continuo
1378 4313 1575 4383 quippe
1599 4329 1763 4369 secu-

181 4401 275 4448 tus
297 4394 577 4466 adjunxit:
609 4396 679 4450 Et
704 4397 892 4452 delicta
927 4417 1040 4455 mea
1063 4402 1154 4457 abs
1175 4412 1224 4457 te
1247 4419 1350 4457 non
1387 4415 1506 4459 sunt
1543 4406 1764 4462 abscon-

178 4484 297 4538 dita
321 4483 493 4556 (Psal.
527 4503 690 4542 vam
710 4529 724 4554 ,
755 4488 844 4560 6),
871 4491 1015 4545 velut
1034 4492 1138 4548 alio
1159 4497 1318 4550 modo
1340 4506 1591 4566 repetens
1614 4515 1763 4554 eam-

175 4573 305 4630 dem
336 4578 681 4634 sententiam.
715 4578 827 4637 Nec
870 4583 939 4637 ab
967 4584 1156 4639 eadem
1204 4587 1414 4645 ratione
1458 4591 1760 4661 discordat,
1788 4566 1843 4627 D

176 4671 325 4739 quod
353 4670 512 4741 paulo
532 4681 660 4727 ante
692 4678 1130 4744 commemoravi,
1152 4679 1394 4750 Apostoli
1432 4682 1633 4740 dictum
1661 4701 1676 4740 :
1703 4687 1765 4743 Si

174 4771 575 4833 prwoccupatus
625 4763 784 4833 fuerit
842 4767 996 4823 homo
1052 4770 1110 4824 in
1167 4771 1345 4844 aliqua
1388 4774 1575 4832 delicto
1612 4777 1760 4850 (Gal.

113 4923 122 4928 ι
173 4852 348 4924 vr,l);
383 4852 508 4910 hinc
534 4855 677 4910 enim
708 4858 850 4927 quod
883 4874 1318 4935 praeoccupatum
1351 4867 1510 4934 dicit,
1561 4870 1765 4942 impru-

175 4947 394 5002 dentem
448 4947 568 5021 [al.,
605 4950 999 5028 imprudenter]
1049 4957 1258 5028 lapsum
1297 4977 1417 5018 esse
1472 4963 1758 5034 signiﬁcat.

174 5037 466 5094 Peccatum
494 5057 620 5098 vero
650 5043 717 5098 ad
742 5045 1002 5103 scientem
1047 5051 1321 5120 pertinere
1351 5037 1626 5123 apostolus
1659 5055 1752 5112 Ja-

173 5131 347 5187 cobus
391 5141 646 5204 tanquam
688 5137 950 5197 deﬁniens
983 5143 1058 5197 ait
1090 5162 1102 5197 :
1134 5143 1330 5200 Scienti
1361 5148 1522 5217 igitur
1564 5150 1755 5205 bonum

173 5220 383 5292 facere,
405 5232 574 5276 etnon
604 5224 850 5296 facienti,
876 5242 1146 5300 peccatum
1169 5245 1242 5288 est
1265 5233 1344 5288 illi
1367 5235 1508 5307 (Jac.
1537 5253 1610 5303 tv,
1642 5241 1752 5312 17).

248 5313 291 5384 τ
313 5313 441 5370 Post
469 5315 584 5372 hzec
611 5317 836 5376 adhibes
854 5322 1011 5391 plura
1036 5327 1265 5398 exempli
1292 5330 1464 5400 gratia
1493 5336 1637 5401 (cap.
1662 5349 1756 5401 xv,

171 5420 329 5462 num.
363 5405 458 5471 14,
491 5417 624 5464 sect.
664 5409 752 5482 9),
793 5402 988 5479 quibus
1033 5429 1314 5484 poenarum
1360 5428 1521 5492 atque
1552 5425 1754 5495 suppli-

169 5498 388 5556 ciorum
421 5503 706 5557 veritatem
754 5503 1022 5576 deneges,
1055 5508 1307 5566 videlicet
1355 5515 1642 5582 tenebras,
1677 5519 1754 5574 si-

172 5587 427 5656 leatium,
458 5591 695 5647 dolorem
718 5634 732 5659 ,
765 5595 1075 5663 tristitiam,
1125 5597 1388 5668 laborem,
1436 5607 1714 5664 stultitiam
1737 5653 1751 5675 ,

172 5693 299 5749 quae
321 5695 424 5735 non
450 5695 678 5752 possunt
696 5685 964 5742 ullatenus
983 5689 1110 5744 sciri
1136 5693 1239 5746 nisi
1270 5697 1558 5755 nesciendo
1584 5719 1597 5755 :
1628 5705 1753 5772 quia

175 5784 302 5826 cum
327 5770 511 5829 deesse
535 5774 624 5829 lux
651 5775 866 5845 dicitur,
891 5789 987 5835 aut
1012 5783 1330 5841 acclamatio
1350 5829 1365 5854 ,
1397 5798 1490 5845 aut
1521 5770 1748 5866 sanitas,

1883 1959 2029 2018 tum;
2057 1953 2312 2013 humores
2331 1961 2546 2028 noxios,
2568 1975 2777 2036 ventos,
2805 1971 3076 2032 daemones
3095 1987 3150 2033 et
3169 1981 3337 2037 multa
3363 1953 3470 2042 alia

1882 2058 2000 2112 quae
2047 2061 2220 2115 paenae
2250 2051 2334 2105 vel
2377 2054 2637 2125 supplicia
2691 2061 3075 2121 nominantur?
3106 2069 3302 2126 Verum
3350 2073 3470 2144 plus

1881 2136 2082 2207 aliquid
2119 2139 2376 2213 Dionysio
2402 2147 2724 2220 philosopho
2754 2157 2958 2212 astruis
2992 2177 3004 2212 :
3037 2162 3129 2230 qui
3159 2179 3280 2218 cum
3319 2136 3470 2236 prius

1880 2226 2118 2285 dolorem
2158 2249 2264 2288 non
2293 2251 2416 2292 esse
2461 2241 2659 2296 malum
2710 2261 3109 2318 asseverasset,
3147 2265 3336 2325 postea
3367 2275 3468 2331 op-

1878 2334 2098 2388 pressus
2122 2323 2521 2384 calamitatibus
2540 2371 2554 2397 ,
2585 2341 2642 2386 et
2663 2333 2848 2394 dolore
2869 2323 3174 2410 cruciatus,
3199 2349 3363 2417 saepit
3389 2323 3469 2404 al-

1879 2407 2097 2468 ﬁrmare
2124 2416 2269 2484 quod
2306 2418 2459 2474 dolor
2511 2432 2655 2478 esset
2695 2441 2967 2485 summum
3007 2437 3248 2490 omnium
3299 2441 3468 2496 malo~

1878 2515 2018 2555 rum.
2051 2504 2119 2558 Et
2155 2507 2282 2575 quia
2325 2525 2448 2564 cum
2479 2512 2714 2584 Epicuro
2759 2518 2896 2574 dicis
2928 2539 2942 2575 :
2974 2521 3117 2579 Mors
3160 2517 3276 2595 ipsa
3323 2509 3456 2584 nihil

1878 2603 1995 2658 est,
2027 2602 2246 2663 poteras
2291 2599 2455 2655 etiam
2505 2618 2626 2658 cum
2658 2605 2774 2675 ipso
2805 2609 2987 2666 dicere
3017 2629 3030 2666 :
3062 2613 3193 2670 Post
3236 2631 3464 2676 mortem

1877 2679 2011 2736 nihil
2036 2693 2152 2750 est;
2199 2693 2254 2740 et
2295 2702 2418 2742 cum
2450 2697 2827 2760 peccatoribus
2869 2700 3188 2768 quibusdam
3225 2724 3238 2760 :
3283 2705 3466 2764 Come-

1875 2770 2062 2826 damus
2082 2812 2098 2838 ,
2133 2782 2180 2828 et
2212 2775 2448 2832 bibamus
2467 2821 2482 2846 ,
2521 2799 2638 2838 cras
2663 2786 2804 2840 enim
2825 2789 3113 2844 moriemur
3141 2793 3193 2865 (I
3219 2794 3341 2850 Cor.
3371 2813 3462 2865 xv,

1878 2862 1990 2934 52).
2023 2862 2080 2919 Si
2117 2865 2300 2938 itaque
2329 2869 2474 2928 Deus
2501 2889 2718 2943 poenam
2749 2882 3082 2939 merentibus
3110 2862 3217 2941 non
3250 2862 3460 2962 inﬂigit,

1874 2954 2002 3022 quid
2033 2964 2117 3010 est
2143 2961 2410 3032 quodper
2436 2966 2751 3035 prophetam
2785 2971 2978 3026 Isaiam
3019 2975 3254 3032 dicitur?
3297 2954 3464 3038 Stulti

1873 3044 2002 3114 facti
2047 3059 2170 3102 sunt
2211 3051 2468 3123 principes
2515 3055 2754 3124 Taneos,
2798 3077 3166 3121 emarcuerunt
3205 3068 3463 3141 principes

1876 3134 2204 3208 Mempheos,
2228 3141 2537 3212 deceperunt
2558 3136 2848 3219 Egyptum
2876 3155 3127 3225 angulum
3148 3134 3461 3229 populorum

1877 3227 2016 3296 ejus.
2046 3229 2304 3288 Dominus
2334 3237 2546 3292 miscuit
2591 3239 2648 3294 in
2677 3243 2846 3298 medio
2881 3245 2996 3316 ejus
3021 3227 3264 3318 spiritum
3299 3254 3458 3308 uerti-

1875 3318 2011 3388 ginis
2048 3319 2183 3392 (Isa.
2223 3339 2354 3391 rx,
2386 3327 2495 3398 13).

1944 3411 2082 3471 Hinc
2117 3415 2174 3472 S.
2219 3416 2578 3494 Hieronymus
2627 3425 2700 3492 ita
2733 3427 2972 3500 loquitur
3025 3433 3102 3504 (in
3152 3433 3286 3490 Isai.
3331 3453 3459 3508 xtx,

1873 3521 1976 3593 11)
2011 3541 2024 3576 :
2059 3521 2206 3595 [Hoc
2231 3526 2501 3596 signiﬁcat
2549 3533 2692 3600 quod
2734 3548 2959 3606 regnum
3010 3538 3288 3608 sapientiae
3341 3558 3444 3599 sa:-

1875 3613 2075 3670 cularis
2137 3618 2359 3674 stultum
2419 3635 2539 3676 esse
2595 3634 2957 3694 monstretur,
3003 3637 3057 3684 et
3114 3631 3448 3702 singulorum

1876 3707 2186 3776 degmatum
2221 3709 2510 3779 principes,
2534 3713 2624 3781 qui
2658 3710 3082 3785 interpretantur
3124 3720 3316 3788 tribus,
3352 3738 3443 3778 ar-

1875 3810 2108 3868 guantur
2162 3803 2358 3858 stultos
2401 3806 2656 3862 habuisse
2708 3808 2978 3865 doctores.
3019 3811 3276 3869 Dominus
3319 3819 3457 3872 enim

1872 3892 2077 3944 miscuit
2097 3891 2171 3944 eis
2193 3895 2434 3963 spiritum
2461 3898 2725 3968 vertiginis
2743 3941 2758 3966 ,
2787 3899 2902 3956 sive
2935 3903 3137 3960 erroris
3165 3903 3288 3978 [al.,
3309 3921 3460 3962 erro-

1874 3980 2017 4051 rum]
2043 3980 2200 4048 juxta
2231 3982 2357 4038 illud
2390 3986 2532 4055 quod
2569 3989 2828 4059 scriptum
2871 4000 2954 4046 est
3002 4011 3015 4046 :
3056 3993 3125 4048 Et
3177 3996 3311 4050 sicut
3353 4013 3459 4052 non

1871 4071 2217 4140 probaverunt
2243 4073 2406 4129 Deum
2427 4077 2615 4132 habere
2635 4080 2690 4134 in
2714 4082 2922 4146 notitia,
2939 4084 3154 4152 tradidit
3174 4085 3290 4140 illos
3313 4086 3454 4142 Deus

1871 4159 1926 4212 in
1958 4161 2229 4230 reprobum
2250 4181 2458 4220 sensum
2493 4167 2663 4237 (Rom.
2712 4187 2762 4236 ι,
2807 4171 2920 4245 28).
2956 4173 3022 4228 Ει
3065 4179 3334 4246 quomodo
3363 4178 3454 4248 qui

1871 4261 2092 4310 sanctus
2111 4265 2194 4310 est
2218 4272 2341 4311 cum
2367 4257 2503 4313 Isaia
2531 4260 2713 4335 dicere
2741 4272 2953 4332 potest:
2980 4264 3234 4336 Spiritum
3266 4268 3456 4326 salutis

1871 4351 1976 4399 tute
2002 4347 2253 4414 faciemus
2279 4365 2435 4408 suver
2477 4361 2670 4406 terram
2712 4353 2844 4424 (Isa.
2892 4373 3051 4423 xxvr,
3087 4359 3210 4432 18),
3253 4360 3332 4416 sic
3359 4364 3455 4432 qui

1870 4447 2126 4505 peccator
2152 4446 2235 4492 est
2254 4479 2268 4504 ,
2303 4438 2449 4495 bibet
2482 4441 2603 4515 [al.,
2639 4444 2820 4520 faciet]
2847 4443 3074 4516 erroris,
3103 4451 3205 4506 hoc
3232 4461 3316 4508 est
3341 4470 3456 4510 ma-

1871 4527 2000 4581 litiae
2021 4529 2305 4598 spiritum,
2335 4536 2629 4592 secundum
2661 4541 2804 4610 quod
2847 4549 2904 4596 et
2952 4543 3008 4598 in
3055 4542 3288 4600 Jeremia
3324 4546 3457 4619 legi-

1870 4633 1992 4673 mus
2018 4632 2033 4672 :
2064 4619 2257 4690 Arguet
2291 4631 2340 4677 te
2367 4628 2735 4694 prtevuricatio
2758 4640 2850 4684 tua
2868 4672 2883 4697 ,
2915 4643 2963 4687 et
2991 4634 3196 4688 malitia
3223 4646 3316 4690 tua
3340 4653 3457 4690 cor-

1869 4707 2020 4777 ripiet
2043 4717 2091 4764 te
2123 4707 2256 4780 (Jer.
2285 4727 2325 4767 ll
2345 4751 2362 4777 ,
2386 4713 2495 4784 19).
2530 4714 2625 4771 Sin
2649 4728 2828 4775 autem
2857 4723 3256 4778 scandalizatur
3277 4725 3454 4780 haere-

1869 4799 2042 4866 ticus,
2081 4801 2175 4871 qui
2211 4801 2378 4860 Vetus
2419 4821 2526 4861 non
2574 4810 2768 4881 recipit
2817 4811 3258 4883 Testamentum,
3309 4817 3455 4887 quod

1866 4889 2129 4947 Dominus
2167 4895 2398 4952 miscere
2441 4899 2656 4955 dicatur
2693 4905 2898 4959 erroris
2925 4905 3012 4962 vel
3037 4907 3318 4979 vertiginis
3346 4910 3457 4980 spi-

1869 4981 2066 5048 ritum,
2101 4985 2285 5040 audiat
2305 4988 2565 5058 scriptum
2595 4992 2648 5046 in
2675 4991 2964 5063 Apostolo,
2994 4997 3096 5050 hoc
3116 5006 3202 5052 est
3227 4999 3278 5052 in
3301 4997 3452 5056 Novo

1868 5072 2218 5130 Testamento
2257 5095 2270 5131 :
2313 5068 2555 5135 Tradidit
2585 5081 2702 5138 illos
2733 5084 2871 5140 Deus
2899 5087 2952 5139 in
2978 5086 3252 5142 desideriis
3280 5106 3452 5146 corats

1865 5165 1949 5217 sui
1974 5166 2027 5218 in
2055 5164 2441 5224 immunditiam
2473 5171 2651 5244 (Rom.
2678 5175 2809 5246 1,2).
2838 5177 2905 5231 Et
2935 5178 3128 5234 iterum
3156 5197 3170 5233 :
3201 5177 3455 5251 Propter-

1865 5270 1925 5308 ea
1956 5257 2171 5312 tradidit
2201 5275 2300 5331 eos”
2313 5259 2454 5316 Deus
2499 5265 2552 5316 in
2593 5267 2860 5334 passiones
2888 5269 3207 5339 ignominiae.
3239 5269 3302 5326 Et
3325 5288 3452 5326 rur-

1865 5363 1985 5403 sum
2028 5367 2041 5403 :
2098 5339 2336 5406 Tradidit
2366 5371 2451 5409 eos
2473 5355 2614 5410 Deus
2641 5359 2694 5412 in
2719 5361 2992 5428 reprobum
3017 5379 3226 5417 sensum
3248 5404 3264 5432 ,
3285 5377 3343 5418 ut
3369 5379 3456 5435 [a-

1867 5441 2007 5493 ciant
2047 5459 2163 5512 quae
2193 5453 2298 5497 non
2326 5448 2654 5502 conveniunt.
2698 5447 3010 5507 Traduntur
3041 5463 3220 5509 autem
3267 5453 3325 5510 in
3353 5455 3451 5510 de-

1866 5531 2083 5594 sideriis
2114 5534 2322 5598 cordis,
2367 5537 2495 5606 quia
2528 5548 2876 5596 mutaverunt
2920 5543 3147 5614 gloriam
3198 5547 3450 5604 incorru-

1867 5623 2074 5692 ptibilis
2089 5626 2183 5681 Dei
2201 5627 2253 5680 in
2271 5628 2679 5686 similitudinem
2693 5633 2942 5704 imaginis
2961 5639 3328 5708 corruptibilis
3356 5640 3453 5696 ho-

1871 5713 2029 5769 minis
2048 5756 2062 5780 ,
2086 5725 2142 5771 et
2166 5717 2442 5773 volucrum
2463 5761 2478 5785 ,
2510 5731 2566 5774 et
2593 5725 3000 5796 quadrupedum
3021 5770 3036 5795 ,
3071 5738 3126 5786 et
3151 5731 3448 5801 reptilium.

1869 5803 2022 5871 Quod
2049 5807 2265 5875 quidem
2298 5824 2404 5865 non
2447 5812 2621 5868 solum
2666 5804 2718 5872 in
2757 5816 2996 5890 Epistola
3037 5823 3106 5877 ad
3143 5823 3450 5888 Romanos.
