  <div class='ocr_page' id='page_1' title='image "/cluster/home/n/w/nwhite01/storage/ocr_20150623/115/hvd.32044015466873/614.png"; bbox 0 0 4010 6352; ppageno 0'>
   <div class='ocr_carea' id='block_1_1' title="bbox 175 387 292 442">
    <p class='ocr_par' dir='ltr' id='par_1_1' title="bbox 175 387 292 442">
     <span class='ocr_line' id='line_1_1' title="bbox 175 387 292 442; baseline 0.017 -2"><span class='ocrx_word' id='word_1_1' title='bbox 175 387 292 442; x_wconf 65' lang='grc' dir='ltr'>ΙΞΞῘ</span> 
     </span>
    </p>
   </div>
   <div class='ocr_carea' id='block_1_2' title="bbox 990 383 2524 448">
    <p class='ocr_par' dir='ltr' id='par_1_2' title="bbox 990 383 2524 448">
     <span class='ocr_line' id='line_1_2' title="bbox 990 383 2524 448; baseline 0.003 -6"><span class='ocrx_word' id='word_1_2' title='bbox 990 387 1079 442; x_wconf 89' lang='lat' dir='ltr'><strong><em>DE</em></strong></span> <span class='ocrx_word' id='word_1_3' title='bbox 1115 383 1784 442; x_wconf 67' lang='lat' dir='ltr'><strong><em>PREDESTINATIONE</em></strong></span> <span class='ocrx_word' id='word_1_4' title='bbox 1821 387 2096 444; x_wconf 78' lang='lat' dir='ltr'><strong><em>CONTRA</em></strong></span> <span class='ocrx_word' id='word_1_5' title='bbox 2131 389 2180 444; x_wconf 68' lang='grc' dir='ltr'><strong><em>εἰ.</em></strong></span> <span class='ocrx_word' id='word_1_6' title='bbox 2225 387 2524 448; x_wconf 87' lang='lat' dir='ltr'><strong><em>SCOTUM.</em></strong></span> 
     </span>
    </p>
   </div>
   <div class='ocr_carea' id='block_1_3' title="bbox 3261 399 3394 458">
    <p class='ocr_par' dir='ltr' id='par_1_3' title="bbox 3261 399 3394 458">
     <span class='ocr_line' id='line_1_3' title="bbox 3261 399 3394 458; baseline 0.03 -4"><span class='ocrx_word' id='word_1_7' title='bbox 3261 399 3394 458; x_wconf 61' lang='lat' dir='ltr'><strong><em>i122</em></strong></span> 
     </span>
    </p>
   </div>
   <div class='ocr_carea' id='block_1_4' title="bbox 173 497 3396 582">
    <p class='ocr_par' dir='ltr' id='par_1_4' title="bbox 173 497 3396 582">
     <span class='ocr_line' id='line_1_4' title="bbox 173 497 3396 582; baseline 0.003 -26"><span class='ocrx_word' id='word_1_8' title='bbox 173 511 262 556; x_wconf 76' lang='lat' dir='ltr'><strong><em>tur</em></strong></span> <span class='ocrx_word' id='word_1_9' title='bbox 295 497 498 570; x_wconf 75' lang='lat' dir='ltr'><strong><em>tinpleto</em></strong></span> <span class='ocrx_word' id='word_1_10' title='bbox 521 497 612 554; x_wconf 84' lang='lat' dir='ltr'><strong><em>illo</em></strong></span> <span class='ocrx_word' id='word_1_11' title='bbox 635 499 776 570; x_wconf 90' lang='lat' dir='ltr'><strong><em>quod</em></strong></span> <span class='ocrx_word' id='word_1_12' title='bbox 806 513 965 568; x_wconf 82' lang='lat' dir='ltr'><strong><em>supra</em></strong></span> <span class='ocrx_word' id='word_1_13' title='bbox 991 499 1192 554; x_wconf 89' lang='lat' dir='ltr'><strong><em>dictum</em></strong></span> <span class='ocrx_word' id='word_1_14' title='bbox 1221 507 1304 552; x_wconf 86' lang='lat' dir='ltr'><strong><em>est</em></strong></span> <span class='ocrx_word' id='word_1_15' title='bbox 1335 515 1348 550; x_wconf 87' lang='lat'><strong>:</strong></span> <span class='ocrx_word' id='word_1_16' title='bbox 1383 497 1518 552; x_wconf 71' lang='lat' dir='ltr'><strong><em>Ecce</em></strong></span> <span class='ocrx_word' id='word_1_17' title='bbox 1547 497 1714 552; x_wconf 83' lang='lat' dir='ltr'><strong><em>domi-</em></strong></span> <span class='ocrx_word' id='word_1_18' title='bbox 1741 501 1788 562; x_wconf 79' lang='grc' dir='ltr'>Α</span> <span class='ocrx_word' id='word_1_19' title='bbox 1818 499 2078 556; x_wconf 77' lang='lat' dir='ltr'><strong><em>adversus</em></strong></span> <span class='ocrx_word' id='word_1_20' title='bbox 2103 515 2226 554; x_wconf 90' lang='lat' dir='ltr'><strong><em>eum</em></strong></span> <span class='ocrx_word' id='word_1_21' title='bbox 2261 501 2436 572; x_wconf 87' lang='lat' dir='ltr'><strong><em>ipsum</em></strong></span> <span class='ocrx_word' id='word_1_22' title='bbox 2469 501 2828 560; x_wconf 86' lang='lat' dir='ltr'><strong><em>inobedientia</em></strong></span> <span class='ocrx_word' id='word_1_23' title='bbox 2853 503 2970 574; x_wconf 85' lang='lat' dir='ltr'><strong><em>ejus</em></strong></span> <span class='ocrx_word' id='word_1_24' title='bbox 2999 506 3196 578; x_wconf 85' lang='lat' dir='ltr'><strong><em>ipsius,</em></strong></span> <span class='ocrx_word' id='word_1_25' title='bbox 3219 519 3278 564; x_wconf 88' lang='lat' dir='ltr'><strong><em>ut</em></strong></span> <span class='ocrx_word' id='word_1_26' title='bbox 3303 513 3396 582; x_wconf 66' lang='lat' dir='ltr'><strong><em>qui</em></strong></span> 
     </span>
    </p>
   </div>
   <div class='ocr_carea' id='block_1_5' title="bbox 169 589 1714 660">
    <p class='ocr_par' dir='ltr' id='par_1_5' title="bbox 169 589 1714 660">
     <span class='ocr_line' id='line_1_5' title="bbox 169 589 1714 660; baseline -0.003 -14"><span class='ocrx_word' id='word_1_27' title='bbox 169 591 560 647; x_wconf 82' lang='lat' dir='ltr'><strong><em>natorDominus</em></strong></span> <span class='ocrx_word' id='word_1_28' title='bbox 583 589 796 644; x_wconf 82' lang='lat' dir='ltr'><strong><em>sabaoth</em></strong></span> <span class='ocrx_word' id='word_1_29' title='bbox 825 590 1026 660; x_wconf 75' lang='lat' dir='ltr'><strong><em>auferet</em></strong></span> <span class='ocrx_word' id='word_1_30' title='bbox 1048 591 1112 642; x_wconf 90' lang='lat' dir='ltr'><strong><em>ab</em></strong></span> <span class='ocrx_word' id='word_1_31' title='bbox 1135 589 1428 644; x_wconf 79' lang='lat' dir='ltr'><strong><em>Jerusalem</em></strong></span> <span class='ocrx_word' id='word_1_32' title='bbox 1451 599 1498 642; x_wconf 88' lang='lat' dir='ltr'><strong><em>et</em></strong></span> <span class='ocrx_word' id='word_1_33' title='bbox 1517 607 1548 642; x_wconf 90' lang='lat' dir='ltr'><strong><em>a</em></strong></span> <span class='ocrx_word' id='word_1_34' title='bbox 1571 589 1714 642; x_wconf 82' lang='lat' dir='ltr'><strong><em>Jada</em></strong></span> 
     </span>
    </p>
   </div>
   <div class='ocr_carea' id='block_1_6' title="bbox 168 681 1716 752">
    <p class='ocr_par' dir='ltr' id='par_1_6' title="bbox 168 681 1716 752">
     <span class='ocr_line' id='line_1_6' title="bbox 168 681 1716 752; baseline -0.001 -16"><span class='ocrx_word' id='word_1_35' title='bbox 168 683 375 738; x_wconf 70' lang='lat' dir='ltr'><strong><em>validum</em></strong></span> <span class='ocrx_word' id='word_1_36' title='bbox 395 693 442 738; x_wconf 91' lang='lat' dir='ltr'><strong><em>et</em></strong></span> <span class='ocrx_word' id='word_1_37' title='bbox 461 682 710 746; x_wconf 80' lang='lat' dir='ltr'><strong><em>ualidam,</em></strong></span> <span class='ocrx_word' id='word_1_38' title='bbox 729 698 932 736; x_wconf 89' lang='lat' dir='ltr'><strong><em>omnem</em></strong></span> <span class='ocrx_word' id='word_1_39' title='bbox 949 681 1302 749; x_wconf 81' lang='lat' dir='ltr'><strong><em>fortitudinem</em></strong></span> <span class='ocrx_word' id='word_1_40' title='bbox 1317 681 1486 752; x_wconf 85' lang='lat' dir='ltr'><strong><em>panis,</em></strong></span> <span class='ocrx_word' id='word_1_41' title='bbox 1503 691 1549 734; x_wconf 88' lang='lat' dir='ltr'><strong><em>et</em></strong></span> <span class='ocrx_word' id='word_1_42' title='bbox 1569 697 1716 734; x_wconf 86' lang='lat' dir='ltr'><strong><em>omne</em></strong></span> 
     </span>
    </p>
   </div>
   <div class='ocr_carea' id='block_1_7' title="bbox 171 771 1716 846">
    <p class='ocr_par' dir='ltr' id='par_1_7' title="bbox 171 771 1716 846">
     <span class='ocr_line' id='line_1_7' title="bbox 171 771 1716 846; baseline -0.003 -18"><span class='ocrx_word' id='word_1_43' title='bbox 171 775 312 828; x_wconf 86' lang='lat' dir='ltr'><strong><em>robur</em></strong></span> <span class='ocrx_word' id='word_1_44' title='bbox 337 791 516 844; x_wconf 53' lang='lat' dir='ltr'><strong><em>aqua);</em></strong></span> <span class='ocrx_word' id='word_1_45' title='bbox 541 775 820 846; x_wconf 82' lang='lat' dir='ltr'><strong><em>gigantem,</em></strong></span> <span class='ocrx_word' id='word_1_46' title='bbox 853 783 898 826; x_wconf 89' lang='lat' dir='ltr'><strong><em>et</em></strong></span> <span class='ocrx_word' id='word_1_47' title='bbox 927 773 1184 826; x_wconf 77' lang='lat' dir='ltr'><strong><em>hominem</em></strong></span> <span class='ocrx_word' id='word_1_48' title='bbox 1209 771 1534 838; x_wconf 77' lang='lat' dir='ltr'><strong><em>bellatorem,</em></strong></span> <span class='ocrx_word' id='word_1_49' title='bbox 1561 782 1608 826; x_wconf 91' lang='lat' dir='ltr'><strong><em>et</em></strong></span> <span class='ocrx_word' id='word_1_50' title='bbox 1624 773 1716 841; x_wconf 83' lang='lat' dir='ltr'><strong><em>jn-</em></strong></span> 
     </span>
    </p>
   </div>
   <div class='ocr_carea' id='block_1_8' title="bbox 166 861 1712 936">
    <p class='ocr_par' dir='ltr' id='par_1_8' title="bbox 166 861 1712 936">
     <span class='ocr_line' id='line_1_8' title="bbox 166 861 1712 936; baseline -0.003 -18"><span class='ocrx_word' id='word_1_51' title='bbox 166 865 314 920; x_wconf 84' lang='lat' dir='ltr'><strong><em>dicent</em></strong></span> <span class='ocrx_word' id='word_1_52' title='bbox 341 877 384 919; x_wconf 90' lang='lat' dir='ltr'><strong><em>et</em></strong></span> <span class='ocrx_word' id='word_1_53' title='bbox 419 865 718 936; x_wconf 73' lang='lat' dir='ltr'><strong><em>prophetam</em></strong></span> <span class='ocrx_word' id='word_1_54' title='bbox 747 873 794 918; x_wconf 92' lang='lat' dir='ltr'><strong><em>et</em></strong></span> <span class='ocrx_word' id='word_1_55' title='bbox 825 863 1150 918; x_wconf 87' lang='lat' dir='ltr'><strong><em>collectorem</em></strong></span> <span class='ocrx_word' id='word_1_56' title='bbox 1183 861 1300 934; x_wconf 90' lang='lat' dir='ltr'><strong><em>[al.,</em></strong></span> <span class='ocrx_word' id='word_1_57' title='bbox 1325 861 1712 932; x_wconf 87' lang='lat' dir='ltr'><strong><em>conjectorem],</em></strong></span> 
     </span>
    </p>
   </div>
   <div class='ocr_carea' id='block_1_9' title="bbox 163 953 1716 1026">
    <p class='ocr_par' dir='ltr' id='par_1_9' title="bbox 163 953 1716 1026">
     <span class='ocr_line' id='line_1_9' title="bbox 163 953 1716 1026; baseline -0.001 -16"><span class='ocrx_word' id='word_1_58' title='bbox 163 965 206 1010; x_wconf 89' lang='lat' dir='ltr'><strong><em>et</em></strong></span> <span class='ocrx_word' id='word_1_59' title='bbox 239 971 412 1020; x_wconf 87' lang='lat' dir='ltr'><strong><em>senem,</em></strong></span> <span class='ocrx_word' id='word_1_60' title='bbox 435 967 482 1008; x_wconf 92' lang='lat' dir='ltr'><strong><em>et</em></strong></span> <span class='ocrx_word' id='word_1_61' title='bbox 511 955 1035 1026; x_wconf 81' lang='lat' dir='ltr'><strong><em>quinquagenarium,</em></strong></span> <span class='ocrx_word' id='word_1_62' title='bbox 1065 963 1112 1008; x_wconf 84' lang='lat' dir='ltr'><strong><em>et</em></strong></span> <span class='ocrx_word' id='word_1_63' title='bbox 1139 953 1502 1008; x_wconf 76' lang='lat' dir='ltr'><strong><em>admirabilem</em></strong></span> <span class='ocrx_word' id='word_1_64' title='bbox 1521 965 1568 1007; x_wconf 83' lang='lat' dir='ltr'><strong><em>et</em></strong></span> <span class='ocrx_word' id='word_1_65' title='bbox 1591 971 1716 1008; x_wconf 87' lang='lat' dir='ltr'><strong><em>con-</em></strong></span> 
     </span>
    </p>
   </div>
   <div class='ocr_carea' id='block_1_10' title="bbox 161 1045 1712 1118">
    <p class='ocr_par' dir='ltr' id='par_1_10' title="bbox 161 1045 1712 1118">
     <span class='ocr_line' id='line_1_10' title="bbox 161 1045 1712 1118; baseline -0.003 -14"><span class='ocrx_word' id='word_1_66' title='bbox 161 1049 476 1114; x_wconf 54' lang='lat' dir='ltr'><strong><em>siliarium,“</em></strong></span> <span class='ocrx_word' id='word_1_67' title='bbox 499 1048 780 1118; x_wconf 86' lang='lat' dir='ltr'><strong><em>sapientem</em></strong></span> <span class='ocrx_word' id='word_1_68' title='bbox 811 1045 1168 1108; x_wconf 80' lang='lat' dir='ltr'><strong><em>architectum,</em></strong></span> <span class='ocrx_word' id='word_1_69' title='bbox 1201 1053 1254 1100; x_wconf 86' lang='lat' dir='ltr'><strong><em>et</em></strong></span> <span class='ocrx_word' id='word_1_70' title='bbox 1275 1045 1594 1114; x_wconf 88' lang='lat' dir='ltr'><strong><em>prudentem</em></strong></span> <span class='ocrx_word' id='word_1_71' title='bbox 1613 1059 1712 1100; x_wconf 85' lang='lat' dir='ltr'><strong><em>au-</em></strong></span> 
     </span>
    </p>
   </div>
   <div class='ocr_carea' id='block_1_11' title="bbox 161 1137 1716 1212">
    <p class='ocr_par' dir='ltr' id='par_1_11' title="bbox 161 1137 1716 1212">
     <span class='ocr_line' id='line_1_11' title="bbox 161 1137 1716 1212; baseline -0.005 -15"><span class='ocrx_word' id='word_1_72' title='bbox 161 1141 368 1197; x_wconf 86' lang='lat' dir='ltr'><strong><em>ditorem</em></strong></span> <span class='ocrx_word' id='word_1_73' title='bbox 394 1139 440 1212; x_wconf 87' lang='grc' dir='ltr'><strong><em>(ι</em></strong></span> <span class='ocrx_word' id='word_1_74' title='bbox 447 1157 526 1194; x_wconf 87' lang='lat' dir='ltr'><strong><em>sa.</em></strong></span> <span class='ocrx_word' id='word_1_75' title='bbox 543 1155 628 1204; x_wconf 86' lang='lat' dir='ltr'><strong><em>tn,</em></strong></span> <span class='ocrx_word' id='word_1_76' title='bbox 651 1139 702 1204; x_wconf 76' lang='grc'><strong><em>1,</em></strong></span> <span class='ocrx_word' id='word_1_77' title='bbox 725 1138 804 1210; x_wconf 75' lang='grc'>2),</span> <span class='ocrx_word' id='word_1_78' title='bbox 829 1147 882 1192; x_wconf 87' lang='lat' dir='ltr'><strong><em>et</em></strong></span> <span class='ocrx_word' id='word_1_79' title='bbox 893 1147 1086 1192; x_wconf 72' lang='lat' dir='ltr'><strong><em>caetera</em></strong></span> <span class='ocrx_word' id='word_1_80' title='bbox 1101 1151 1221 1206; x_wconf 67' lang='lat' dir='ltr'><strong><em>qua:</em></strong></span> <span class='ocrx_word' id='word_1_81' title='bbox 1241 1137 1586 1208; x_wconf 73' lang='lat' dir='ltr'><strong><em>propheticus</em></strong></span> <span class='ocrx_word' id='word_1_82' title='bbox 1599 1151 1716 1192; x_wconf 85' lang='lat' dir='ltr'><strong><em>ser-</em></strong></span> 
     </span>
    </p>
   </div>
   <div class='ocr_carea' id='block_1_12' title="bbox 159 1229 1718 1305">
    <p class='ocr_par' dir='ltr' id='par_1_12' title="bbox 159 1229 1718 1305">
     <span class='ocr_line' id='line_1_12' title="bbox 159 1229 1718 1305; baseline -0.003 -15"><span class='ocrx_word' id='word_1_83' title='bbox 159 1251 242 1290; x_wconf 89' lang='lat' dir='ltr'><strong><em>mo</em></strong></span> <span class='ocrx_word' id='word_1_84' title='bbox 287 1231 596 1305; x_wconf 82' lang='lat' dir='ltr'><strong><em>contexuit.]</em></strong></span> <span class='ocrx_word' id='word_1_85' title='bbox 629 1233 670 1302; x_wconf 99' lang='lat'><strong><em>1-</em></strong></span> <span class='ocrx_word' id='word_1_86' title='bbox 697 1231 826 1286; x_wconf 89' lang='lat' dir='ltr'><strong><em>Post</em></strong></span> <span class='ocrx_word' id='word_1_87' title='bbox 855 1231 1286 1286; x_wconf 78' lang='lat' dir='ltr'><strong><em>interfectionem</em></strong></span> <span class='ocrx_word' id='word_1_88' title='bbox 1331 1231 1528 1302; x_wconf 79' lang='lat' dir='ltr'><strong><em>quippe</em></strong></span> <span class='ocrx_word' id='word_1_89' title='bbox 1567 1229 1718 1286; x_wconf 84' lang='lat' dir='ltr'><strong><em>illius</em></strong></span> 
     </span>
    </p>
   </div>
   <div class='ocr_carea' id='block_1_13' title="bbox 157 1321 1716 1398">
    <p class='ocr_par' dir='ltr' id='par_1_13' title="bbox 157 1321 1716 1398">
     <span class='ocr_line' id='line_1_13' title="bbox 157 1321 1716 1398; baseline -0.004 -14"><span class='ocrx_word' id='word_1_90' title='bbox 157 1343 330 1384; x_wconf 87' lang='lat' dir='ltr'><strong><em>omnes</em></strong></span> <span class='ocrx_word' id='word_1_91' title='bbox 370 1327 552 1398; x_wconf 70' lang='lat' dir='ltr'><strong><em>gratia:</em></strong></span> <span class='ocrx_word' id='word_1_92' title='bbox 573 1335 628 1382; x_wconf 85' lang='lat' dir='ltr'><strong><em>et</em></strong></span> <span class='ocrx_word' id='word_1_93' title='bbox 643 1323 960 1380; x_wconf 84' lang='lat' dir='ltr'><strong><em>donationes</em></strong></span> <span class='ocrx_word' id='word_1_94' title='bbox 1003 1323 1228 1378; x_wconf 86' lang='lat' dir='ltr'><strong><em>sublatae</em></strong></span> <span class='ocrx_word' id='word_1_95' title='bbox 1249 1321 1624 1388; x_wconf 71' lang='lat' dir='ltr'><strong><em>suntludaeis,</em></strong></span> <span class='ocrx_word' id='word_1_96' title='bbox 1659 1331 1716 1378; x_wconf 86' lang='lat' dir='ltr'><strong><em>et</em></strong></span> 
     </span>
    </p>
   </div>
   <div class='ocr_carea' id='block_1_14' title="bbox 157 1413 1718 1488">
    <p class='ocr_par' dir='ltr' id='par_1_14' title="bbox 157 1413 1718 1488">
     <span class='ocr_line' id='line_1_14' title="bbox 157 1413 1718 1488; baseline -0.004 -14"><span class='ocrx_word' id='word_1_97' title='bbox 157 1419 430 1474; x_wconf 87' lang='lat' dir='ltr'><strong><em>secundum</em></strong></span> <span class='ocrx_word' id='word_1_98' title='bbox 461 1417 605 1488; x_wconf 86' lang='lat' dir='ltr'><strong><em>quod</em></strong></span> <span class='ocrx_word' id='word_1_99' title='bbox 645 1417 700 1470; x_wconf 87' lang='lat' dir='ltr'><strong><em>in</em></strong></span> <span class='ocrx_word' id='word_1_100' title='bbox 739 1415 1028 1484; x_wconf 80' lang='lat' dir='ltr'><strong><em>Evangelia</em></strong></span> <span class='ocrx_word' id='word_1_101' title='bbox 1063 1414 1324 1484; x_wconf 88' lang='lat' dir='ltr'><strong><em>scriptum</em></strong></span> <span class='ocrx_word' id='word_1_102' title='bbox 1355 1422 1440 1468; x_wconf 89' lang='lat' dir='ltr'><strong><em>est</em></strong></span> <span class='ocrx_word' id='word_1_103' title='bbox 1471 1431 1486 1466; x_wconf 89' lang='lat'><strong>:</strong></span> <span class='ocrx_word' id='word_1_104' title='bbox 1531 1413 1642 1468; x_wconf 80' lang='lat' dir='ltr'><strong><em>Lea:</em></strong></span> <span class='ocrx_word' id='word_1_105' title='bbox 1663 1423 1718 1468; x_wconf 89' lang='lat' dir='ltr'><strong><em>et-</em></strong></span> 
     </span>
    </p>
   </div>
   <div class='ocr_carea' id='block_1_15' title="bbox 151 1503 1710 1581">
    <p class='ocr_par' dir='ltr' id='par_1_15' title="bbox 151 1503 1710 1581">
     <span class='ocr_line' id='line_1_15' title="bbox 151 1503 1710 1581; baseline -0.001 -19"><span class='ocrx_word' id='word_1_106' title='bbox 151 1511 392 1581; x_wconf 78' lang='lat' dir='ltr'><strong><em>propltette</em></strong></span> <span class='ocrx_word' id='word_1_107' title='bbox 417 1525 578 1580; x_wconf 84' lang='lat' dir='ltr'><strong><em>usque</em></strong></span> <span class='ocrx_word' id='word_1_108' title='bbox 597 1507 666 1561; x_wconf 88' lang='lat' dir='ltr'><strong><em>ad</em></strong></span> <span class='ocrx_word' id='word_1_109' title='bbox 686 1507 944 1560; x_wconf 81' lang='lat' dir='ltr'><strong><em>Joannem</em></strong></span> <span class='ocrx_word' id='word_1_110' title='bbox 964 1505 1258 1575; x_wconf 88' lang='lat' dir='ltr'><strong><em>Baptistam</em></strong></span> <span class='ocrx_word' id='word_1_111' title='bbox 1279 1503 1430 1576; x_wconf 88' lang='lat' dir='ltr'><strong><em>(Luc.</em></strong></span> <span class='ocrx_word' id='word_1_112' title='bbox 1465 1503 1710 1568; x_wconf 74' lang='lat' dir='ltr'><strong><em>xvr,‘16).</em></strong></span> 
     </span>
    </p>
   </div>
   <div class='ocr_carea' id='block_1_16' title="bbox 149 1595 1391 1674">
    <p class='ocr_par' dir='ltr' id='par_1_16' title="bbox 149 1595 1391 1674">
     <span class='ocr_line' id='line_1_16' title="bbox 149 1595 1391 1674; baseline -0.008 -16"><span class='ocrx_word' id='word_1_113' title='bbox 149 1603 188 1674; x_wconf 71' lang='grc' dir='ltr'><strong><em>οῖ·</em></strong></span> <span class='ocrx_word' id='word_1_114' title='bbox 223 1601 344 1656; x_wconf 82' lang='lat' dir='ltr'><strong><em>Hinc</em></strong></span> <span class='ocrx_word' id='word_1_115' title='bbox 376 1601 487 1670; x_wconf 89' lang='lat' dir='ltr'><strong><em>ipse</em></strong></span> <span class='ocrx_word' id='word_1_116' title='bbox 509 1599 768 1654; x_wconf 85' lang='lat' dir='ltr'><strong>Dominus</strong></span> <span class='ocrx_word' id='word_1_117' title='bbox 795 1597 1032 1666; x_wconf 83' lang='lat' dir='ltr'><strong>loquitur</strong></span> <span class='ocrx_word' id='word_1_118' title='bbox 1058 1597 1124 1650; x_wconf 90' lang='lat' dir='ltr'><strong><em>ad</em></strong></span> <span class='ocrx_word' id='word_1_119' title='bbox 1155 1595 1336 1650; x_wconf 84' lang='lat' dir='ltr'><strong><em>Mosen</em></strong></span> <span class='ocrx_word' id='word_1_120' title='bbox 1377 1613 1391 1649; x_wconf 90' lang='lat'><strong>:</strong></span> 
     </span>
    </p>
   </div>
   <div class='ocr_carea' id='block_1_17' title="bbox 149 1685 1712 1760">
    <p class='ocr_par' dir='ltr' id='par_1_17' title="bbox 149 1685 1712 1760">
     <span class='ocr_line' id='line_1_17' title="bbox 149 1685 1712 1760; baseline -0.006 -10"><span class='ocrx_word' id='word_1_121' title='bbox 149 1695 371 1760; x_wconf 86' lang='lat' dir='ltr'><strong><em>surdum,</em></strong></span> <span class='ocrx_word' id='word_1_122' title='bbox 411 1701 456 1746; x_wconf 87' lang='lat' dir='ltr'><strong><em>et</em></strong></span> <span class='ocrx_word' id='word_1_123' title='bbox 483 1701 686 1744; x_wconf 87' lang='lat' dir='ltr'><strong><em>mutum</em></strong></span> <span class='ocrx_word' id='word_1_124' title='bbox 709 1731 720 1752; x_wconf 91' lang='lat'><strong><em>,</em></strong></span> <span class='ocrx_word' id='word_1_125' title='bbox 747 1689 1000 1744; x_wconf 78' lang='lat' dir='ltr'><strong><em>videntem</em></strong></span> <span class='ocrx_word' id='word_1_126' title='bbox 1039 1699 1086 1742; x_wconf 88' lang='lat' dir='ltr'><strong><em>et</em></strong></span> <span class='ocrx_word' id='word_1_127' title='bbox 1115 1687 1353 1742; x_wconf 69' lang='lat' dir='ltr'><strong><em>circum?</em></strong></span> <span class='ocrx_word' id='word_1_128' title='bbox 1381 1703 1554 1740; x_wconf 83' lang='lat' dir='ltr'><strong><em>nonne</em></strong></span> <span class='ocrx_word' id='word_1_129' title='bbox 1581 1685 1712 1756; x_wconf 72' lang='lat' dir='ltr'><strong><em>ego?</em></strong></span> 
     </span>
    </p>
   </div>
   <div class='ocr_carea' id='block_1_18' title="bbox 147 1783 992 1862">
    <p class='ocr_par' dir='ltr' id='par_1_18' title="bbox 147 1783 992 1862">
     <span class='ocr_line' id='line_1_18' title="bbox 147 1783 992 1862; baseline -0.009 -20"><span class='ocrx_word' id='word_1_130' title='bbox 147 1787 332 1862; x_wconf 73' lang='lat' dir='ltr'><strong><em>(Exod.</em></strong></span> <span class='ocrx_word' id='word_1_131' title='bbox 357 1803 432 1854; x_wconf 82' lang='lat' dir='ltr'><strong><em>1v,</em></strong></span> <span class='ocrx_word' id='word_1_132' title='bbox 459 1785 568 1856; x_wconf 83' lang='lat' dir='ltr'><strong><em>ll).</em></strong></span> <span class='ocrx_word' id='word_1_133' title='bbox 605 1783 796 1840; x_wconf 85' lang='lat' dir='ltr'><strong><em>Dicens</em></strong></span> <span class='ocrx_word' id='word_1_134' title='bbox 819 1797 950 1853; x_wconf 79' lang='lat' dir='ltr'><strong><em>ergo</em></strong></span> <span class='ocrx_word' id='word_1_135' title='bbox 979 1799 992 1834; x_wconf 88' lang='lat'><strong>:</strong></span> 
     </span>
    </p>
   </div>
   <div class='ocr_carea' id='block_1_19' title="bbox 673 1943 1152 2000">
    <p class='ocr_par' dir='ltr' id='par_1_19' title="bbox 673 1943 1152 2000">
     <span class='ocr_line' id='line_1_19' title="bbox 673 1943 1152 2000; baseline -0.006 -16"><span class='ocrx_word' id='word_1_136' title='bbox 673 1943 900 1984; x_wconf 71' lang='lat' dir='ltr'><strong><em>JOANNES</em></strong></span> <span class='ocrx_word' id='word_1_137' title='bbox 935 1943 1152 2000; x_wconf 74' lang='lat' dir='ltr'><strong><em>sco-rus.</em></strong></span> 
     </span>
    </p>
   </div>
   <div class='ocr_carea' id='block_1_20' title="bbox 211 2069 1712 2148">
    <p class='ocr_par' dir='ltr' id='par_1_20' title="bbox 211 2069 1712 2148">
     <span class='ocr_line' id='line_1_20' title="bbox 211 2069 1712 2148; baseline -0.009 -14"><span class='ocrx_word' id='word_1_138' title='bbox 211 2077 352 2148; x_wconf 84' lang='lat' dir='ltr'><strong><em>(Cap.</em></strong></span> <span class='ocrx_word' id='word_1_139' title='bbox 385 2077 468 2138; x_wconf 76' lang='grc'><strong><em>15,</em></strong></span> <span class='ocrx_word' id='word_1_140' title='bbox 499 2089 648 2130; x_wconf 90' lang='lat' dir='ltr'><strong><em>num.</em></strong></span> <span class='ocrx_word' id='word_1_141' title='bbox 684 2073 773 2138; x_wconf 87' lang='lat' dir='ltr'><strong><em>l6,</em></strong></span> <span class='ocrx_word' id='word_1_142' title='bbox 793 2082 928 2128; x_wconf 90' lang='lat' dir='ltr'><strong><em>sect.</em></strong></span> <span class='ocrx_word' id='word_1_143' title='bbox 963 2073 1132 2144; x_wconf 82' lang='grc' dir='ltr'><strong><em>10.)Θ</em></strong></span> <span class='ocrx_word' id='word_1_144' title='bbox 1151 2069 1382 2125; x_wconf 84' lang='lat' dir='ltr'><strong><em>Proinde</em></strong></span> <span class='ocrx_word' id='word_1_145' title='bbox 1411 2071 1500 2141; x_wconf 85' lang='lat' dir='ltr'><strong><em>qui</em></strong></span> <span class='ocrx_word' id='word_1_146' title='bbox 1529 2069 1668 2123; x_wconf 85' lang='lat' dir='ltr'><strong><em>dolet</em></strong></span> <span class='ocrx_word' id='word_1_147' title='bbox 1689 2091 1712 2136; x_wconf 83' lang='lat'><strong><em>,-</em></strong></span> 
     </span>
    </p>
   </div>
   <div class='ocr_carea' id='block_1_21' title="bbox 137 2163 1707 2242">
    <p class='ocr_par' dir='ltr' id='par_1_21' title="bbox 137 2163 1707 2242">
     <span class='ocr_line' id='line_1_21' title="bbox 137 2163 1707 2242; baseline -0.005 -19"><span class='ocrx_word' id='word_1_148' title='bbox 137 2170 258 2242; x_wconf 84' lang='lat' dir='ltr'><strong><em>quid</em></strong></span> <span class='ocrx_word' id='word_1_149' title='bbox 273 2169 384 2234; x_wconf 86' lang='lat' dir='ltr'><strong><em>scit,</em></strong></span> <span class='ocrx_word' id='word_1_150' title='bbox 407 2167 510 2222; x_wconf 88' lang='lat' dir='ltr'><strong><em>nisi</em></strong></span> <span class='ocrx_word' id='word_1_151' title='bbox 525 2167 700 2220; x_wconf 87' lang='lat' dir='ltr'><strong><em>abesse</em></strong></span> <span class='ocrx_word' id='word_1_152' title='bbox 723 2167 1000 2220; x_wconf 78' lang='lat' dir='ltr'><strong><em>sanitatem</em></strong></span> <span class='ocrx_word' id='word_1_153' title='bbox 1017 2163 1288 2220; x_wconf 85' lang='lat' dir='ltr'><strong><em>?Dolendo</em></strong></span> <span class='ocrx_word' id='word_1_154' title='bbox 1319 2163 1480 2233; x_wconf 83' lang='lat' dir='ltr'><strong><em>igitur</em></strong></span> <span class='ocrx_word' id='word_1_155' title='bbox 1501 2179 1602 2216; x_wconf 89' lang='lat' dir='ltr'><strong><em>non</em></strong></span> <span class='ocrx_word' id='word_1_156' title='bbox 1627 2163 1707 2232; x_wconf 85' lang='lat' dir='ltr'><strong><em>ip-</em></strong></span> 
     </span>
    </p>
   </div>
   <div class='ocr_carea' id='block_1_22' title="bbox 135 2252 1708 2328">
    <p class='ocr_par' dir='ltr' id='par_1_22' title="bbox 135 2252 1708 2328">
     <span class='ocr_line' id='line_1_22' title="bbox 135 2252 1708 2328; baseline -0.006 -12"><span class='ocrx_word' id='word_1_157' title='bbox 135 2279 248 2316; x_wconf 89' lang='lat' dir='ltr'><strong><em>sum</em></strong></span> <span class='ocrx_word' id='word_1_158' title='bbox 269 2259 512 2324; x_wconf 87' lang='lat' dir='ltr'><strong><em>dolorem,</em></strong></span> <span class='ocrx_word' id='word_1_159' title='bbox 529 2258 618 2312; x_wconf 88' lang='lat' dir='ltr'><strong><em>sed</em></strong></span> <span class='ocrx_word' id='word_1_160' title='bbox 639 2258 806 2328; x_wconf 89' lang='lat' dir='ltr'><strong><em>ipsam</em></strong></span> <span class='ocrx_word' id='word_1_161' title='bbox 825 2257 1104 2310; x_wconf 81' lang='lat' dir='ltr'><strong><em>sanitatem</em></strong></span> <span class='ocrx_word' id='word_1_162' title='bbox 1121 2255 1278 2320; x_wconf 84' lang='lat' dir='ltr'><strong><em>novit,</em></strong></span> <span class='ocrx_word' id='word_1_163' title='bbox 1294 2271 1452 2326; x_wconf 88' lang='lat' dir='ltr'><strong><em>quam</em></strong></span> <span class='ocrx_word' id='word_1_164' title='bbox 1476 2252 1708 2323; x_wconf 78' lang='lat' dir='ltr'><strong><em>profecto</em></strong></span> 
     </span>
    </p>
   </div>
   <div class='ocr_carea' id='block_1_23' title="bbox 133 2345 1702 2418">
    <p class='ocr_par' dir='ltr' id='par_1_23' title="bbox 133 2345 1702 2418">
     <span class='ocr_line' id='line_1_23' title="bbox 133 2345 1702 2418; baseline -0.008 -12"><span class='ocrx_word' id='word_1_165' title='bbox 133 2369 236 2406; x_wconf 86' lang='lat' dir='ltr'><strong><em>non</em></strong></span> <span class='ocrx_word' id='word_1_166' title='bbox 257 2360 444 2416; x_wconf 83' lang='lat' dir='ltr'><strong><em>nosset,</em></strong></span> <span class='ocrx_word' id='word_1_167' title='bbox 473 2349 518 2404; x_wconf 87' lang='lat' dir='ltr'><strong><em>si</em></strong></span> <span class='ocrx_word' id='word_1_168' title='bbox 539 2350 602 2404; x_wconf 89' lang='lat' dir='ltr'><strong><em>de</em></strong></span> <span class='ocrx_word' id='word_1_169' title='bbox 631 2347 722 2402; x_wconf 84' lang='lat' dir='ltr'><strong><em>illa</em></strong></span> <span class='ocrx_word' id='word_1_170' title='bbox 751 2349 1008 2402; x_wconf 87' lang='lat' dir='ltr'><strong><em>notionem</em></strong></span> <span class='ocrx_word' id='word_1_171' title='bbox 1033 2345 1316 2418; x_wconf 84' lang='lat' dir='ltr'><strong><em>quamdam</em></strong></span> <span class='ocrx_word' id='word_1_172' title='bbox 1348 2361 1450 2400; x_wconf 89' lang='lat' dir='ltr'><strong><em>non</em></strong></span> <span class='ocrx_word' id='word_1_173' title='bbox 1471 2345 1702 2398; x_wconf 81' lang='lat' dir='ltr'><strong><em>haberet.</em></strong></span> 
     </span>
    </p>
   </div>
   <div class='ocr_carea' id='block_1_24' title="bbox 135 2437 1708 2512">
    <p class='ocr_par' dir='ltr' id='par_1_24' title="bbox 135 2437 1708 2512">
     <span class='ocr_line' id='line_1_24' title="bbox 135 2437 1708 2512; baseline -0.006 -15"><span class='ocrx_word' id='word_1_174' title='bbox 135 2441 438 2498; x_wconf 81' lang='lat' dir='ltr'><strong><em>Recordatio</em></strong></span> <span class='ocrx_word' id='word_1_175' title='bbox 466 2441 652 2512; x_wconf 75' lang='lat' dir='ltr'><strong><em>quippe</em></strong></span> <span class='ocrx_word' id='word_1_176' title='bbox 673 2439 916 2493; x_wconf 85' lang='lat' dir='ltr'><strong><em>sanitatis</em></strong></span> <span class='ocrx_word' id='word_1_177' title='bbox 945 2441 1000 2494; x_wconf 88' lang='lat' dir='ltr'><strong><em>in</em></strong></span> <span class='ocrx_word' id='word_1_178' title='bbox 1026 2437 1260 2492; x_wconf 83' lang='lat' dir='ltr'><strong><em>sensibus</em></strong></span> <span class='ocrx_word' id='word_1_179' title='bbox 1304 2445 1566 2500; x_wconf 86' lang='lat' dir='ltr'><strong><em>remanet,</em></strong></span> <span class='ocrx_word' id='word_1_180' title='bbox 1591 2437 1708 2504; x_wconf 87' lang='lat' dir='ltr'><strong><em>ipsa</em></strong></span> 
     </span>
    </p>
   </div>
   <div class='ocr_carea' id='block_1_25' title="bbox 133 2529 1706 2604">
    <p class='ocr_par' dir='ltr' id='par_1_25' title="bbox 133 2529 1706 2604">
     <span class='ocr_line' id='line_1_25' title="bbox 133 2529 1706 2604; baseline -0.008 -12"><span class='ocrx_word' id='word_1_181' title='bbox 133 2553 248 2592; x_wconf 75' lang='lat' dir='ltr'><strong><em>vero</em></strong></span> <span class='ocrx_word' id='word_1_182' title='bbox 277 2535 328 2590; x_wconf 89' lang='lat' dir='ltr'><strong><em>in</em></strong></span> <span class='ocrx_word' id='word_1_183' title='bbox 355 2535 446 2590; x_wconf 88' lang='lat' dir='ltr'><strong><em>illa</em></strong></span> <span class='ocrx_word' id='word_1_184' title='bbox 472 2534 764 2588; x_wconf 85' lang='lat' dir='ltr'><strong><em>substantia</em></strong></span> <span class='ocrx_word' id='word_1_185' title='bbox 789 2549 944 2604; x_wconf 88' lang='lat' dir='ltr'><strong><em>quam</em></strong></span> <span class='ocrx_word' id='word_1_186' title='bbox 968 2531 1108 2586; x_wconf 87' lang='lat' dir='ltr'><strong><em>Deus</em></strong></span> <span class='ocrx_word' id='word_1_187' title='bbox 1131 2531 1318 2584; x_wconf 75' lang='lat' dir='ltr'><strong><em>crearit</em></strong></span> <span class='ocrx_word' id='word_1_188' title='bbox 1347 2529 1534 2583; x_wconf 85' lang='lat' dir='ltr'><strong><em>residet</em></strong></span> <span class='ocrx_word' id='word_1_189' title='bbox 1557 2545 1574 2581; x_wconf 92' lang='lat'><em>:</em></span> <span class='ocrx_word' id='word_1_190' title='bbox 1603 2545 1706 2581; x_wconf 88' lang='lat' dir='ltr'><strong><em>non</em></strong></span> 
     </span>
    </p>
   </div>
   <div class='ocr_carea' id='block_1_26' title="bbox 127 2617 1706 2696">
    <p class='ocr_par' dir='ltr' id='par_1_26' title="bbox 127 2617 1706 2696">
     <span class='ocr_line' id='line_1_26' title="bbox 127 2617 1706 2696; baseline -0.008 -14"><span class='ocrx_word' id='word_1_191' title='bbox 127 2630 264 2682; x_wconf 88' lang='lat' dir='ltr'><strong><em>enim</em></strong></span> <span class='ocrx_word' id='word_1_192' title='bbox 301 2627 519 2681; x_wconf 79' lang='lat' dir='ltr'><strong><em>Creator</em></strong></span> <span class='ocrx_word' id='word_1_193' title='bbox 549 2617 702 2696; x_wconf 79' lang='lat' dir='ltr'><strong><em>punit</em></strong></span> <span class='ocrx_word' id='word_1_194' title='bbox 739 2641 856 2696; x_wconf 71' lang='lat' dir='ltr'><strong><em>quia</em></strong></span> <span class='ocrx_word' id='word_1_195' title='bbox 895 2621 1040 2690; x_wconf 77' lang='lat' dir='ltr'><strong><em>fecit,</em></strong></span> <span class='ocrx_word' id='word_1_196' title='bbox 1071 2639 1162 2676; x_wconf 87' lang='lat' dir='ltr'><strong><em>nec</em></strong></span> <span class='ocrx_word' id='word_1_197' title='bbox 1207 2621 1270 2674; x_wconf 91' lang='lat' dir='ltr'><strong><em>ab</em></strong></span> <span class='ocrx_word' id='word_1_198' title='bbox 1317 2621 1390 2674; x_wconf 86' lang='lat' dir='ltr'><strong><em>eis</em></strong></span> <span class='ocrx_word' id='word_1_199' title='bbox 1439 2617 1706 2672; x_wconf 84' lang='lat' dir='ltr'><strong><em>naturalia</em></strong></span> 
     </span>
    </p>
   </div>
   <div class='ocr_carea' id='block_1_27' title="bbox 127 2709 1706 2784">
    <p class='ocr_par' dir='ltr' id='par_1_27' title="bbox 127 2709 1706 2784">
     <span class='ocr_line' id='line_1_27' title="bbox 127 2709 1706 2784; baseline -0.008 -10"><span class='ocrx_word' id='word_1_200' title='bbox 127 2737 344 2774; x_wconf 86' lang='lat' dir='ltr'><strong><em>munera</em></strong></span> <span class='ocrx_word' id='word_1_201' title='bbox 392 2719 546 2772; x_wconf 86' lang='lat' dir='ltr'><strong><em>tollit.</em></strong></span> <span class='ocrx_word' id='word_1_202' title='bbox 575 2715 716 2770; x_wconf 86' lang='lat' dir='ltr'><strong><em>Nam</em></strong></span> <span class='ocrx_word' id='word_1_203' title='bbox 752 2717 800 2770; x_wconf 92' lang='lat' dir='ltr'><strong><em>si</em></strong></span> <span class='ocrx_word' id='word_1_204' title='bbox 849 2717 904 2768; x_wconf 90' lang='lat' dir='ltr'><strong><em>in</em></strong></span> <span class='ocrx_word' id='word_1_205' title='bbox 931 2715 1046 2784; x_wconf 86' lang='lat' dir='ltr'><strong><em>ipsa</em></strong></span> <span class='ocrx_word' id='word_1_206' title='bbox 1092 2721 1282 2767; x_wconf 84' lang='lat' dir='ltr'><strong><em>natura</em></strong></span> <span class='ocrx_word' id='word_1_207' title='bbox 1325 2709 1546 2764; x_wconf 80' lang='lat' dir='ltr'><strong><em>dolentis</em></strong></span> <span class='ocrx_word' id='word_1_208' title='bbox 1579 2727 1706 2778; x_wconf 79' lang='lat' dir='ltr'><strong><em>quo-</em></strong></span> 
     </span>
    </p>
   </div>
   <div class='ocr_carea' id='block_1_28' title="bbox 125 2803 1704 2888">
    <p class='ocr_par' dir='ltr' id='par_1_28' title="bbox 125 2803 1704 2888">
     <span class='ocr_line' id='line_1_28' title="bbox 125 2803 1704 2888; baseline -0.009 -22"><span class='ocrx_word' id='word_1_209' title='bbox 125 2811 404 2866; x_wconf 85' lang='lat' dir='ltr'><strong><em>dantmodo</em></strong></span> <span class='ocrx_word' id='word_1_210' title='bbox 437 2811 635 2864; x_wconf 84' lang='lat' dir='ltr'><strong><em>sanitas</em></strong></span> <span class='ocrx_word' id='word_1_211' title='bbox 665 2825 768 2862; x_wconf 89' lang='lat' dir='ltr'><strong><em>non</em></strong></span> <span class='ocrx_word' id='word_1_212' title='bbox 799 2807 1020 2872; x_wconf 86' lang='lat' dir='ltr'><strong><em>inesset,</em></strong></span> <span class='ocrx_word' id='word_1_213' title='bbox 1048 2821 1162 2858; x_wconf 86' lang='lat' dir='ltr'><strong><em>eam</em></strong></span> <span class='ocrx_word' id='word_1_214' title='bbox 1184 2803 1388 2875; x_wconf 58' lang='lat' dir='ltr'><strong><em>punitus</em></strong></span> <span class='ocrx_word' id='word_1_215' title='bbox 1417 2803 1704 2888; x_wconf 72' lang='lat' dir='ltr'><strong><em>ignoraret,</em></strong></span> 
     </span>
    </p>
   </div>
   <div class='ocr_carea' id='block_1_29' title="bbox 121 2891 1704 2972">
    <p class='ocr_par' dir='ltr' id='par_1_29' title="bbox 121 2891 1704 2972">
     <span class='ocr_line' id='line_1_29' title="bbox 121 2891 1704 2972; baseline -0.009 -16"><span class='ocrx_word' id='word_1_216' title='bbox 121 2897 286 2972; x_wconf 85' lang='lat' dir='ltr'><strong><em>neque</em></strong></span> <span class='ocrx_word' id='word_1_217' title='bbox 311 2901 373 2954; x_wconf 91' lang='lat' dir='ltr'><strong><em>ab</em></strong></span> <span class='ocrx_word' id='word_1_218' title='bbox 394 2899 506 2970; x_wconf 84' lang='lat' dir='ltr'><strong><em>ejus</em></strong></span> <span class='ocrx_word' id='word_1_219' title='bbox 531 2897 734 2954; x_wconf 86' lang='lat' dir='ltr'><strong><em>occulta</em></strong></span> <span class='ocrx_word' id='word_1_220' title='bbox 749 2897 968 2951; x_wconf 86' lang='lat' dir='ltr'><strong><em>scientia</em></strong></span> <span class='ocrx_word' id='word_1_221' title='bbox 993 2895 1244 2949; x_wconf 83' lang='lat' dir='ltr'><strong><em>memoria</em></strong></span> <span class='ocrx_word' id='word_1_222' title='bbox 1265 2891 1509 2963; x_wconf 85' lang='lat' dir='ltr'><strong><em>patientis</em></strong></span> <span class='ocrx_word' id='word_1_223' title='bbox 1540 2891 1704 2962; x_wconf 85' lang='lat' dir='ltr'><strong><em>ipsius</em></strong></span> 
     </span>
    </p>
   </div>
   <div class='ocr_carea' id='block_1_30' title="bbox 120 2994 1704 3062">
    <p class='ocr_par' dir='ltr' id='par_1_30' title="bbox 120 2994 1704 3062">
     <span class='ocr_line' id='line_1_30' title="bbox 120 2994 1704 3062; baseline -0.008 -15"><span class='ocrx_word' id='word_1_224' title='bbox 120 2995 354 3048; x_wconf 73' lang='lat' dir='ltr'><strong><em>absentia</em></strong></span> <span class='ocrx_word' id='word_1_225' title='bbox 409 3001 762 3062; x_wconf 73' lang='lat' dir='ltr'><strong><em>[ormaretur,</em></strong></span> <span class='ocrx_word' id='word_1_226' title='bbox 813 3005 976 3059; x_wconf 81' lang='lat' dir='ltr'><strong><em>neque</em></strong></span> <span class='ocrx_word' id='word_1_227' title='bbox 1019 3005 1197 3042; x_wconf 89' lang='lat' dir='ltr'><strong><em>amore</em></strong></span> <span class='ocrx_word' id='word_1_228' title='bbox 1237 2994 1532 3054; x_wconf 66' lang='lat' dir='ltr'><strong><em>prarsenttar</em></strong></span> <span class='ocrx_word' id='word_1_229' title='bbox 1589 2999 1704 3054; x_wconf 64' lang='lat' dir='ltr'><strong><em>ejus</em></strong></span> 
     </span>
    </p>
   </div>
   <div class='ocr_carea' id='block_1_31' title="bbox 118 3095 466 3158">
    <p class='ocr_par' dir='ltr' id='par_1_31' title="bbox 118 3095 466 3158">
     <span class='ocr_line' id='line_1_31' title="bbox 118 3095 466 3158; baseline -0.006 -18"><span class='ocrx_word' id='word_1_230' title='bbox 118 3095 466 3158; x_wconf 81' lang='lat' dir='ltr'><strong><em>torqueretur.</em></strong></span> 
     </span>
    </p>
   </div>
   <div class='ocr_carea' id='block_1_32' title="bbox 751 3209 1074 3250">
    <p class='ocr_par' dir='ltr' id='par_1_32' title="bbox 751 3209 1074 3250">
     <span class='ocr_line' id='line_1_32' title="bbox 751 3209 1074 3250; baseline -0.009 0"><span class='ocrx_word' id='word_1_231' title='bbox 751 3209 1074 3250; x_wconf 72' lang='lat' dir='ltr'><strong><em>COBRECTIO.</em></strong></span> 
     </span>
    </p>
   </div>
   <div class='ocr_carea' id='block_1_33' title="bbox 187 3329 1704 3402">
    <p class='ocr_par' dir='ltr' id='par_1_33' title="bbox 187 3329 1704 3402">
     <span class='ocr_line' id='line_1_33' title="bbox 187 3329 1704 3402; baseline -0.003 -16"><span class='ocrx_word' id='word_1_232' title='bbox 187 3333 228 3402; x_wconf 91' lang='lat'><strong><em>1-</em></strong></span> <span class='ocrx_word' id='word_1_233' title='bbox 267 3331 466 3386; x_wconf 87' lang='lat' dir='ltr'><strong><em>Studes</em></strong></span> <span class='ocrx_word' id='word_1_234' title='bbox 513 3345 730 3386; x_wconf 88' lang='lat' dir='ltr'><strong><em>omncm</em></strong></span> <span class='ocrx_word' id='word_1_235' title='bbox 773 3329 1100 3398; x_wconf 77' lang='lat' dir='ltr'><strong><em>iudiciorum</em></strong></span> <span class='ocrx_word' id='word_1_236' title='bbox 1149 3329 1258 3384; x_wconf 88' lang='lat' dir='ltr'><strong><em>Deo</em></strong></span> <span class='ocrx_word' id='word_1_237' title='bbox 1302 3331 1600 3401; x_wconf 82' lang='lat' dir='ltr'><strong><em>potentiam</em></strong></span> <span class='ocrx_word' id='word_1_238' title='bbox 1647 3337 1704 3384; x_wconf 87' lang='lat' dir='ltr'><strong><em>et</em></strong></span> 
     </span>
    </p>
   </div>
   <div class='ocr_carea' id='block_1_34' title="bbox 111 3422 1704 3494">
    <p class='ocr_par' dir='ltr' id='par_1_34' title="bbox 111 3422 1704 3494">
     <span class='ocr_line' id='line_1_34' title="bbox 111 3422 1704 3494; baseline -0.001 -16"><span class='ocrx_word' id='word_1_239' title='bbox 111 3425 404 3478; x_wconf 76' lang='lat' dir='ltr'><strong><em>veritatem</em></strong></span> <span class='ocrx_word' id='word_1_240' title='bbox 453 3424 756 3494; x_wconf 82' lang='lat' dir='ltr'><strong><em>abrogare,</em></strong></span> <span class='ocrx_word' id='word_1_241' title='bbox 807 3423 1002 3494; x_wconf 86' lang='lat' dir='ltr'><strong>quibus</strong></span> <span class='ocrx_word' id='word_1_242' title='bbox 1050 3422 1348 3491; x_wconf 65' lang='lat' dir='ltr'><strong><em>sepissime</em></strong></span> <span class='ocrx_word' id='word_1_243' title='bbox 1389 3429 1704 3494; x_wconf 82' lang='lat' dir='ltr'><strong><em>peccatores</em></strong></span> 
     </span>
    </p>
   </div>
   <div class='ocr_carea' id='block_1_35' title="bbox 111 3515 1702 3586">
    <p class='ocr_par' dir='ltr' id='par_1_35' title="bbox 111 3515 1702 3586">
     <span class='ocr_line' id='line_1_35' title="bbox 111 3515 1702 3586; baseline -0.003 -14"><span class='ocrx_word' id='word_1_244' title='bbox 111 3517 312 3572; x_wconf 87' lang='lat' dir='ltr'><strong><em>merito</em></strong></span> <span class='ocrx_word' id='word_1_245' title='bbox 331 3531 444 3570; x_wconf 68' lang='lat' dir='ltr'><strong><em>suae</em></strong></span> <span class='ocrx_word' id='word_1_246' title='bbox 464 3515 758 3585; x_wconf 83' lang='lat' dir='ltr'><strong><em>impietatis</em></strong></span> <span class='ocrx_word' id='word_1_247' title='bbox 775 3517 930 3572; x_wconf 92' lang='lat' dir='ltr'><strong><em>donis</em></strong></span> <span class='ocrx_word' id='word_1_248' title='bbox 955 3515 1048 3570; x_wconf 88' lang='lat' dir='ltr'><strong><em>Dei</em></strong></span> <span class='ocrx_word' id='word_1_249' title='bbox 1071 3517 1382 3586; x_wconf 85' lang='lat' dir='ltr'><strong><em>privamur;</em></strong></span> <span class='ocrx_word' id='word_1_250' title='bbox 1401 3517 1564 3570; x_wconf 88' lang='lat' dir='ltr'><strong><em>etiam</em></strong></span> <span class='ocrx_word' id='word_1_251' title='bbox 1588 3515 1702 3586; x_wconf 86' lang='lat' dir='ltr'><strong><em>ipsa</em></strong></span> 
     </span>
    </p>
   </div>
   <div class='ocr_carea' id='block_1_36' title="bbox 107 3607 1700 3678">
    <p class='ocr_par' dir='ltr' id='par_1_36' title="bbox 107 3607 1700 3678">
     <span class='ocr_line' id='line_1_36' title="bbox 107 3607 1700 3678; baseline -0.001 -14"><span class='ocrx_word' id='word_1_252' title='bbox 107 3609 324 3664; x_wconf 79' lang='lat' dir='ltr'><strong><em>sanitas</em></strong></span> <span class='ocrx_word' id='word_1_253' title='bbox 355 3607 601 3678; x_wconf 89' lang='lat' dir='ltr'><strong><em>corporis</em></strong></span> <span class='ocrx_word' id='word_1_254' title='bbox 629 3607 958 3664; x_wconf 83' lang='lat' dir='ltr'><strong><em>creberrime</em></strong></span> <span class='ocrx_word' id='word_1_255' title='bbox 987 3623 1092 3664; x_wconf 87' lang='lat' dir='ltr'><strong><em>non</em></strong></span> <span class='ocrx_word' id='word_1_256' title='bbox 1137 3607 1308 3664; x_wconf 88' lang='lat' dir='ltr'><strong><em>solum</em></strong></span> <span class='ocrx_word' id='word_1_257' title='bbox 1333 3624 1362 3662; x_wconf 90' lang='lat' dir='ltr'><strong><em>a</em></strong></span> <span class='ocrx_word' id='word_1_258' title='bbox 1395 3607 1700 3678; x_wconf 86' lang='lat' dir='ltr'><strong><em>peccatori-</em></strong></span> 
     </span>
    </p>
   </div>
   <div class='ocr_carea' id='block_1_37' title="bbox 105 3701 1701 3774">
    <p class='ocr_par' dir='ltr' id='par_1_37' title="bbox 105 3701 1701 3774">
     <span class='ocr_line' id='line_1_37' title="bbox 105 3701 1701 3774; baseline -0.002 -15"><span class='ocrx_word' id='word_1_259' title='bbox 105 3705 234 3770; x_wconf 89' lang='lat' dir='ltr'><strong><em>bus,</em></strong></span> <span class='ocrx_word' id='word_1_260' title='bbox 251 3717 444 3758; x_wconf 88' lang='lat' dir='ltr'><strong><em>verum</em></strong></span> <span class='ocrx_word' id='word_1_261' title='bbox 459 3701 622 3757; x_wconf 88' lang='lat' dir='ltr'><strong><em>etiam</em></strong></span> <span class='ocrx_word' id='word_1_262' title='bbox 647 3717 676 3756; x_wconf 89' lang='lat' dir='ltr'><strong><em>a</em></strong></span> <span class='ocrx_word' id='word_1_263' title='bbox 701 3703 862 3774; x_wconf 85' lang='lat' dir='ltr'><strong><em>justis</em></strong></span> <span class='ocrx_word' id='word_1_264' title='bbox 887 3701 1241 3767; x_wconf 80' lang='lat' dir='ltr'><strong><em>subtrahitur,</em></strong></span> <span class='ocrx_word' id='word_1_265' title='bbox 1257 3703 1436 3758; x_wconf 86' lang='lat' dir='ltr'><strong><em>causis</em></strong></span> <span class='ocrx_word' id='word_1_266' title='bbox 1461 3711 1701 3758; x_wconf 83' lang='lat' dir='ltr'><strong><em>nostram</em></strong></span> 
     </span>
    </p>
   </div>
   <div class='ocr_carea' id='block_1_38' title="bbox 103 3793 1704 3866">
    <p class='ocr_par' dir='ltr' id='par_1_38' title="bbox 103 3793 1704 3866">
     <span class='ocr_line' id='line_1_38' title="bbox 103 3793 1704 3866; baseline 0 -16"><span class='ocrx_word' id='word_1_267' title='bbox 103 3795 490 3850; x_wconf 84' lang='lat' dir='ltr'><strong><em>inﬁrmitatem</em></strong></span> <span class='ocrx_word' id='word_1_268' title='bbox 515 3793 826 3858; x_wconf 87' lang='lat' dir='ltr'><strong><em>latentibus,</em></strong></span> <span class='ocrx_word' id='word_1_269' title='bbox 843 3795 954 3850; x_wconf 89' lang='lat' dir='ltr'><strong><em>Deo</em></strong></span> <span class='ocrx_word' id='word_1_270' title='bbox 979 3811 1106 3852; x_wconf 83' lang='lat' dir='ltr'><strong><em>vero</em></strong></span> <span class='ocrx_word' id='word_1_271' title='bbox 1129 3793 1499 3850; x_wconf 75' lang='lat' dir='ltr'><strong><em>indubitanter</em></strong></span> <span class='ocrx_word' id='word_1_272' title='bbox 1513 3805 1704 3866; x_wconf 85' lang='lat' dir='ltr'><strong><em>paten—</em></strong></span> 
     </span>
    </p>
   </div>
   <div class='ocr_carea' id='block_1_39' title="bbox 101 3885 1706 3960">
    <p class='ocr_par' dir='ltr' id='par_1_39' title="bbox 101 3885 1706 3960">
     <span class='ocr_line' id='line_1_39' title="bbox 101 3885 1706 3960; baseline 0.001 -20"><span class='ocrx_word' id='word_1_273' title='bbox 101 3885 278 3940; x_wconf 82' lang='lat' dir='ltr'><strong><em>tibus.</em></strong></span> <span class='ocrx_word' id='word_1_274' title='bbox 309 3887 374 3941; x_wconf 88' lang='lat' dir='ltr'><strong><em>Et</em></strong></span> <span class='ocrx_word' id='word_1_275' title='bbox 397 3887 610 3958; x_wconf 89' lang='lat' dir='ltr'><strong><em>quoties</em></strong></span> <span class='ocrx_word' id='word_1_276' title='bbox 635 3888 756 3960; x_wconf 86' lang='lat' dir='ltr'><strong><em>quis</em></strong></span> <span class='ocrx_word' id='word_1_277' title='bbox 787 3887 1108 3954; x_wconf 80' lang='lat' dir='ltr'><strong><em>inﬁrmatur,</em></strong></span> <span class='ocrx_word' id='word_1_278' title='bbox 1129 3889 1215 3944; x_wconf 89' lang='lat' dir='ltr'><strong><em>vel</em></strong></span> <span class='ocrx_word' id='word_1_279' title='bbox 1239 3903 1564 3959; x_wconf 86' lang='lat' dir='ltr'><strong><em>quocunque</em></strong></span> <span class='ocrx_word' id='word_1_280' title='bbox 1587 3888 1706 3942; x_wconf 90' lang='lat' dir='ltr'><strong><em>lan-</em></strong></span> 
     </span>
    </p>
   </div>
   <div class='ocr_carea' id='block_1_40' title="bbox 101 3977 1702 4050">
    <p class='ocr_par' dir='ltr' id='par_1_40' title="bbox 101 3977 1702 4050">
     <span class='ocr_line' id='line_1_40' title="bbox 101 3977 1702 4050; baseline 0.002 -20"><span class='ocrx_word' id='word_1_281' title='bbox 101 3993 280 4050; x_wconf 81' lang='lat' dir='ltr'><strong><em>guore</em></strong></span> <span class='ocrx_word' id='word_1_282' title='bbox 295 3977 634 4048; x_wconf 83' lang='lat' dir='ltr'><strong><em>deprimitur,</em></strong></span> <span class='ocrx_word' id='word_1_283' title='bbox 653 3981 894 4048; x_wconf 84' lang='lat' dir='ltr'><strong><em>nunquid</em></strong></span> <span class='ocrx_word' id='word_1_284' title='bbox 911 3979 1110 4034; x_wconf 88' lang='lat' dir='ltr'><strong><em>inestei</em></strong></span> <span class='ocrx_word' id='word_1_285' title='bbox 1127 3979 1368 4034; x_wconf 86' lang='lat' dir='ltr'><strong><em>sanitas?</em></strong></span> <span class='ocrx_word' id='word_1_286' title='bbox 1387 3979 1442 4032; x_wconf 91' lang='lat' dir='ltr'><strong><em>Si</em></strong></span> <span class='ocrx_word' id='word_1_287' title='bbox 1467 3995 1702 4049; x_wconf 84' lang='lat' dir='ltr'><strong><em>unquam</em></strong></span> 
     </span>
    </p>
   </div>
   <div class='ocr_carea' id='block_1_41' title="bbox 101 4067 1704 4140">
    <p class='ocr_par' dir='ltr' id='par_1_41' title="bbox 101 4067 1704 4140">
     <span class='ocr_line' id='line_1_41' title="bbox 101 4067 1704 4140; baseline 0.001 -18"><span class='ocrx_word' id='word_1_288' title='bbox 101 4069 468 4124; x_wconf 87' lang='lat' dir='ltr'><strong><em>decubuisses</em></strong></span> <span class='ocrx_word' id='word_1_289' title='bbox 485 4107 500 4132; x_wconf 86' lang='lat'><strong><em>,</em></strong></span> <span class='ocrx_word' id='word_1_290' title='bbox 529 4069 799 4139; x_wconf 88' lang='lat' dir='ltr'><strong><em>potuisses</em></strong></span> <span class='ocrx_word' id='word_1_291' title='bbox 825 4081 1116 4140; x_wconf 76' lang='lat' dir='ltr'><strong><em>agnoscere</em></strong></span> <span class='ocrx_word' id='word_1_292' title='bbox 1142 4067 1704 4124; x_wconf 83' lang='lat' dir='ltr'><strong><em>defuissetibisanita-</em></strong></span> 
     </span>
    </p>
   </div>
   <div class='ocr_carea' id='block_1_42' title="bbox 101 4159 1704 4230">
    <p class='ocr_par' dir='ltr' id='par_1_42' title="bbox 101 4159 1704 4230">
     <span class='ocr_line' id='line_1_42' title="bbox 101 4159 1704 4230; baseline 0.002 -18"><span class='ocrx_word' id='word_1_293' title='bbox 101 4167 221 4212; x_wconf 88' lang='lat' dir='ltr'><strong><em>tem</em></strong></span> <span class='ocrx_word' id='word_1_294' title='bbox 241 4159 476 4215; x_wconf 89' lang='lat' dir='ltr'><strong><em>dicendo</em></strong></span> <span class='ocrx_word' id='word_1_295' title='bbox 489 4175 612 4216; x_wconf 89' lang='lat' dir='ltr'><strong><em>cum</em></strong></span> <span class='ocrx_word' id='word_1_296' title='bbox 625 4159 892 4230; x_wconf 87' lang='lat' dir='ltr'><strong><em>Propheta</em></strong></span> <span class='ocrx_word' id='word_1_297' title='bbox 910 4161 1220 4214; x_wconf 83' lang='lat' dir='ltr'><strong><em>salutariter</em></strong></span> <span class='ocrx_word' id='word_1_298' title='bbox 1231 4161 1374 4230; x_wconf 86' lang='lat' dir='ltr'><strong><em>poeni</em></strong></span> <span class='ocrx_word' id='word_1_299' title='bbox 1385 4169 1528 4216; x_wconf 86' lang='lat' dir='ltr'><strong><em>lente</em></strong></span> <span class='ocrx_word' id='word_1_300' title='bbox 1547 4179 1560 4214; x_wconf 90' lang='lat'><strong>:</strong></span> <span class='ocrx_word' id='word_1_301' title='bbox 1581 4161 1704 4216; x_wconf 89' lang='lat' dir='ltr'><strong><em>Non</em></strong></span> 
     </span>
    </p>
   </div>
   <div class='ocr_carea' id='block_1_43' title="bbox 99 4253 1704 4325">
    <p class='ocr_par' dir='ltr' id='par_1_43' title="bbox 99 4253 1704 4325">
     <span class='ocr_line' id='line_1_43' title="bbox 99 4253 1704 4325; baseline 0.002 -19"><span class='ocrx_word' id='word_1_302' title='bbox 99 4260 182 4306; x_wconf 84' lang='lat' dir='ltr'><strong><em>est</em></strong></span> <span class='ocrx_word' id='word_1_303' title='bbox 213 4253 428 4306; x_wconf 83' lang='lat' dir='ltr'><strong><em>sanitas</em></strong></span> <span class='ocrx_word' id='word_1_304' title='bbox 451 4253 504 4306; x_wconf 90' lang='lat' dir='ltr'><strong><em>in</em></strong></span> <span class='ocrx_word' id='word_1_305' title='bbox 535 4269 692 4306; x_wconf 88' lang='lat' dir='ltr'><strong><em>carne</em></strong></span> <span class='ocrx_word' id='word_1_306' title='bbox 717 4267 836 4308; x_wconf 88' lang='lat' dir='ltr'><strong><em>mea</em></strong></span> <span class='ocrx_word' id='word_1_307' title='bbox 879 4271 912 4306; x_wconf 90' lang='lat' dir='ltr'><strong><em>a</em></strong></span> <span class='ocrx_word' id='word_1_308' title='bbox 941 4253 1076 4322; x_wconf 75' lang='lat' dir='ltr'><strong><em>facie</em></strong></span> <span class='ocrx_word' id='word_1_309' title='bbox 1101 4255 1196 4308; x_wconf 72' lang='lat' dir='ltr'><strong><em>ira:</em></strong></span> <span class='ocrx_word' id='word_1_310' title='bbox 1221 4265 1350 4320; x_wconf 80' lang='lat' dir='ltr'><strong><em>tute,</em></strong></span> <span class='ocrx_word' id='word_1_311' title='bbox 1377 4271 1480 4308; x_wconf 89' lang='lat' dir='ltr'><strong><em>non</em></strong></span> <span class='ocrx_word' id='word_1_312' title='bbox 1505 4265 1578 4310; x_wconf 88' lang='lat' dir='ltr'><strong><em>est</em></strong></span> <span class='ocrx_word' id='word_1_313' title='bbox 1599 4271 1704 4325; x_wconf 74' lang='lat' dir='ltr'><strong><em>pax</em></strong></span> 
     </span>
    </p>
   </div>
   <div class='ocr_carea' id='block_1_44' title="bbox 99 4343 1700 4416">
    <p class='ocr_par' dir='ltr' id='par_1_44' title="bbox 99 4343 1700 4416">
     <span class='ocr_line' id='line_1_44' title="bbox 99 4343 1700 4416; baseline 0.002 -20"><span class='ocrx_word' id='word_1_314' title='bbox 99 4343 320 4398; x_wconf 81' lang='lat' dir='ltr'><strong><em>ossibus</em></strong></span> <span class='ocrx_word' id='word_1_315' title='bbox 391 4345 518 4398; x_wconf 84' lang='lat' dir='ltr'><strong><em>meis</em></strong></span> <span class='ocrx_word' id='word_1_316' title='bbox 571 4361 602 4398; x_wconf 90' lang='lat' dir='ltr'><strong><em>a</em></strong></span> <span class='ocrx_word' id='word_1_317' title='bbox 653 4345 790 4414; x_wconf 78' lang='lat' dir='ltr'><strong><em>facie</em></strong></span> <span class='ocrx_word' id='word_1_318' title='bbox 849 4355 1180 4414; x_wconf 84' lang='lat' dir='ltr'><strong><em>peccatorum</em></strong></span> <span class='ocrx_word' id='word_1_319' title='bbox 1237 4361 1470 4400; x_wconf 89' lang='lat' dir='ltr'><strong><em>meorum</em></strong></span> <span class='ocrx_word' id='word_1_320' title='bbox 1523 4345 1700 4416; x_wconf 86' lang='lat' dir='ltr'><strong><em>(Psal.</em></strong></span> 
     </span>
    </p>
   </div>
   <div class='ocr_carea' id='block_1_45' title="bbox 99 4435 1702 4508">
    <p class='ocr_par' dir='ltr' id='par_1_45' title="bbox 99 4435 1702 4508">
     <span class='ocr_line' id='line_1_45' title="bbox 99 4435 1702 4508; baseline 0.004 -18"><span class='ocrx_word' id='word_1_321' title='bbox 99 4451 326 4500; x_wconf 72' lang='lat' dir='ltr'><strong><em>xxxv&quot;,</em></strong></span> <span class='ocrx_word' id='word_1_322' title='bbox 355 4435 416 4502; x_wconf 73' lang='grc'><strong><em>4,</em></strong></span> <span class='ocrx_word' id='word_1_323' title='bbox 441 4435 520 4508; x_wconf 86' lang='grc'><strong><em>8);</em></strong></span> <span class='ocrx_word' id='word_1_324' title='bbox 549 4445 604 4492; x_wconf 87' lang='lat' dir='ltr'><strong><em>et</em></strong></span> <span class='ocrx_word' id='word_1_325' title='bbox 627 4437 788 4507; x_wconf 85' lang='lat' dir='ltr'><strong><em>paulo</em></strong></span> <span class='ocrx_word' id='word_1_326' title='bbox 813 4445 934 4506; x_wconf 89' lang='lat' dir='ltr'><strong><em>post</em></strong></span> <span class='ocrx_word' id='word_1_327' title='bbox 961 4455 973 4491; x_wconf 91' lang='lat'><strong>:</strong></span> <span class='ocrx_word' id='word_1_328' title='bbox 1002 4437 1264 4503; x_wconf 82' lang='lat' dir='ltr'><strong><em>Quoniam</em></strong></span> <span class='ocrx_word' id='word_1_329' title='bbox 1289 4437 1452 4493; x_wconf 85' lang='lat' dir='ltr'><strong><em>lumbi</em></strong></span> <span class='ocrx_word' id='word_1_330' title='bbox 1477 4441 1576 4494; x_wconf 88' lang='lat' dir='ltr'><strong><em>mei</em></strong></span> <span class='ocrx_word' id='word_1_331' title='bbox 1601 4443 1702 4495; x_wconf 87' lang='lat' dir='ltr'><strong><em>im--</em></strong></span> 
     </span>
    </p>
   </div>
   <div class='ocr_carea' id='block_1_46' title="bbox 99 4525 1704 4592">
    <p class='ocr_par' dir='ltr' id='par_1_46' title="bbox 99 4525 1704 4592">
     <span class='ocr_line' id='line_1_46' title="bbox 99 4525 1704 4592; baseline 0.006 -14"><span class='ocrx_word' id='word_1_332' title='bbox 99 4525 234 4580; x_wconf 83' lang='lat' dir='ltr'><strong><em>nleti</em></strong></span> <span class='ocrx_word' id='word_1_333' title='bbox 263 4537 390 4580; x_wconf 85' lang='lat' dir='ltr'><strong><em>sunt</em></strong></span> <span class='ocrx_word' id='word_1_334' title='bbox 415 4525 748 4582; x_wconf 85' lang='lat' dir='ltr'><strong><em>illusionibus</em></strong></span> <span class='ocrx_word' id='word_1_335' title='bbox 767 4568 782 4592; x_wconf 94' lang='lat'><strong><em>,</em></strong></span> <span class='ocrx_word' id='word_1_336' title='bbox 805 4537 852 4582; x_wconf 90' lang='lat' dir='ltr'><strong><em>et</em></strong></span> <span class='ocrx_word' id='word_1_337' title='bbox 877 4545 980 4582; x_wconf 91' lang='lat' dir='ltr'><strong><em>non</em></strong></span> <span class='ocrx_word' id='word_1_338' title='bbox 1003 4537 1078 4582; x_wconf 88' lang='lat' dir='ltr'><strong><em>est</em></strong></span> <span class='ocrx_word' id='word_1_339' title='bbox 1105 4531 1308 4584; x_wconf 87' lang='lat' dir='ltr'><strong><em>sanitas</em></strong></span> <span class='ocrx_word' id='word_1_340' title='bbox 1331 4531 1386 4584; x_wconf 90' lang='lat' dir='ltr'><strong><em>in</em></strong></span> <span class='ocrx_word' id='word_1_341' title='bbox 1413 4548 1568 4586; x_wconf 88' lang='lat' dir='ltr'><strong><em>carne</em></strong></span> <span class='ocrx_word' id='word_1_342' title='bbox 1589 4551 1704 4588; x_wconf 87' lang='lat' dir='ltr'><strong><em>mea</em></strong></span> 
     </span>
    </p>
   </div>
   <div class='ocr_carea' id='block_1_47' title="bbox 99 4609 1782 4690">
    <p class='ocr_par' dir='ltr' id='par_1_47' title="bbox 99 4609 1782 4690">
     <span class='ocr_line' id='line_1_47' title="bbox 99 4609 1782 4690; baseline 0.005 -20"><span class='ocrx_word' id='word_1_343' title='bbox 99 4621 112 4690; x_wconf 67' lang='grc' dir='ltr'>ξ</span> <span class='ocrx_word' id='word_1_344' title='bbox 123 4617 282 4672; x_wconf 86' lang='lat' dir='ltr'><strong><em>Ibid.</em></strong></span> <span class='ocrx_word' id='word_1_345' title='bbox 319 4637 370 4674; x_wconf 84' lang='grc' dir='ltr'><strong><em>υ.</em></strong></span> <span class='ocrx_word' id='word_1_346' title='bbox 403 4619 481 4690; x_wconf 87' lang='grc'><strong><em>8).</em></strong></span> <span class='ocrx_word' id='word_1_347' title='bbox 513 4619 578 4673; x_wconf 87' lang='lat' dir='ltr'><strong><em>Et</em></strong></span> <span class='ocrx_word' id='word_1_348' title='bbox 611 4619 872 4674; x_wconf 90' lang='lat' dir='ltr'><strong><em>Dominus</em></strong></span> <span class='ocrx_word' id='word_1_349' title='bbox 899 4635 996 4690; x_wconf 90' lang='lat' dir='ltr'><strong><em>per</em></strong></span> <span class='ocrx_word' id='word_1_350' title='bbox 1031 4623 1346 4690; x_wconf 81' lang='lat' dir='ltr'><strong><em>prophetam</em></strong></span> <span class='ocrx_word' id='word_1_351' title='bbox 1383 4641 1398 4676; x_wconf 90' lang='lat'><strong>:</strong></span> <span class='ocrx_word' id='word_1_352' title='bbox 1429 4621 1596 4679; x_wconf 87' lang='lat' dir='ltr'><strong><em>Omne</em></strong></span> <span class='ocrx_word' id='word_1_353' title='bbox 1615 4641 1704 4678; x_wconf 86' lang='lat' dir='ltr'><strong><em>ca-</em></strong></span> <span class='ocrx_word' id='word_1_354' title='bbox 1731 4609 1782 4668; x_wconf 76' lang='grc' dir='ltr'>Β</span> 
     </span>
    </p>
   </div>
   <div class='ocr_carea' id='block_1_48' title="bbox 99 4711 1704 4787">
    <p class='ocr_par' dir='ltr' id='par_1_48' title="bbox 99 4711 1704 4787">
     <span class='ocr_line' id='line_1_48' title="bbox 99 4711 1704 4787; baseline 0.006 -23"><span class='ocrx_word' id='word_1_355' title='bbox 99 4720 196 4764; x_wconf 68' lang='lat' dir='ltr'><strong><em>aut</em></strong></span> <span class='ocrx_word' id='word_1_356' title='bbox 227 4711 552 4780; x_wconf 85' lang='lat' dir='ltr'><strong><em>languidum</em></strong></span> <span class='ocrx_word' id='word_1_357' title='bbox 572 4751 586 4774; x_wconf 93' lang='lat'><strong><em>,</em></strong></span> <span class='ocrx_word' id='word_1_358' title='bbox 615 4721 666 4764; x_wconf 93' lang='lat' dir='ltr'><strong><em>et</em></strong></span> <span class='ocrx_word' id='word_1_359' title='bbox 692 4727 842 4766; x_wconf 88' lang='lat' dir='ltr'><strong><em>omne</em></strong></span> <span class='ocrx_word' id='word_1_360' title='bbox 885 4727 977 4766; x_wconf 90' lang='lat' dir='ltr'><strong><em>cor</em></strong></span> <span class='ocrx_word' id='word_1_361' title='bbox 1004 4729 1258 4780; x_wconf 69' lang='lat' dir='ltr'><strong><em>atterens;</em></strong></span> <span class='ocrx_word' id='word_1_362' title='bbox 1287 4732 1318 4768; x_wconf 89' lang='lat' dir='ltr'><strong><em>a</em></strong></span> <span class='ocrx_word' id='word_1_363' title='bbox 1341 4714 1522 4786; x_wconf 85' lang='lat' dir='ltr'><strong><em>planta</em></strong></span> <span class='ocrx_word' id='word_1_364' title='bbox 1556 4719 1704 4787; x_wconf 86' lang='lat' dir='ltr'><strong><em>pedis</em></strong></span> 
     </span>
    </p>
   </div>
   <div class='ocr_carea' id='block_1_49' title="bbox 100 4801 1700 4882">
    <p class='ocr_par' dir='ltr' id='par_1_49' title="bbox 100 4801 1700 4882">
     <span class='ocr_line' id='line_1_49' title="bbox 100 4801 1700 4882; baseline 0.006 -26"><span class='ocrx_word' id='word_1_365' title='bbox 100 4817 276 4871; x_wconf 56' lang='lat' dir='ltr'><strong><em>isque</em></strong></span> <span class='ocrx_word' id='word_1_366' title='bbox 318 4801 392 4854; x_wconf 86' lang='lat' dir='ltr'><strong><em>ad</em></strong></span> <span class='ocrx_word' id='word_1_367' title='bbox 425 4801 660 4856; x_wconf 76' lang='lat' dir='ltr'><strong><em>verticem</em></strong></span> <span class='ocrx_word' id='word_1_368' title='bbox 699 4819 802 4856; x_wconf 89' lang='lat' dir='ltr'><strong><em>non</em></strong></span> <span class='ocrx_word' id='word_1_369' title='bbox 839 4811 913 4858; x_wconf 90' lang='lat' dir='ltr'><strong><em>est</em></strong></span> <span class='ocrx_word' id='word_1_370' title='bbox 951 4805 1008 4860; x_wconf 87' lang='lat' dir='ltr'><strong><em>in</em></strong></span> <span class='ocrx_word' id='word_1_371' title='bbox 1045 4821 1106 4860; x_wconf 85' lang='lat' dir='ltr'><strong><em>eo</em></strong></span> <span class='ocrx_word' id='word_1_372' title='bbox 1133 4809 1334 4862; x_wconf 88' lang='lat' dir='ltr'><strong><em>sanitas</em></strong></span> <span class='ocrx_word' id='word_1_373' title='bbox 1363 4807 1498 4880; x_wconf 86' lang='lat' dir='ltr'><strong><em>(Isa.</em></strong></span> <span class='ocrx_word' id='word_1_374' title='bbox 1527 4825 1578 4876; x_wconf 84' lang='grc' dir='ltr'><strong><em>ι,</em></strong></span> <span class='ocrx_word' id='word_1_375' title='bbox 1623 4811 1700 4882; x_wconf 87' lang='grc'><strong><em>6).</em></strong></span> 
     </span>
    </p>
   </div>
   <div class='ocr_carea' id='block_1_50' title="bbox 99 4889 1705 4962">
    <p class='ocr_par' dir='ltr' id='par_1_50' title="bbox 99 4889 1705 4962">
     <span class='ocr_line' id='line_1_50' title="bbox 99 4889 1705 4962; baseline 0.007 -16"><span class='ocrx_word' id='word_1_376' title='bbox 99 4889 246 4946; x_wconf 65' lang='lat' dir='ltr'><strong><em>Nam</em></strong></span> <span class='ocrx_word' id='word_1_377' title='bbox 279 4889 417 4944; x_wconf 87' lang='lat' dir='ltr'><strong><em>licet</em></strong></span> <span class='ocrx_word' id='word_1_378' title='bbox 441 4891 826 4962; x_wconf 67' lang='lat' dir='ltr'><strong><em>aegrotantibus</em></strong></span> <span class='ocrx_word' id='word_1_379' title='bbox 857 4893 1012 4950; x_wconf 86' lang='lat' dir='ltr'><strong><em>nobis</em></strong></span> <span class='ocrx_word' id='word_1_380' title='bbox 1041 4897 1094 4950; x_wconf 89' lang='lat' dir='ltr'><strong><em>in</em></strong></span> <span class='ocrx_word' id='word_1_381' title='bbox 1123 4899 1384 4954; x_wconf 85' lang='lat' dir='ltr'><strong><em>memoria</em></strong></span> <span class='ocrx_word' id='word_1_382' title='bbox 1423 4909 1610 4956; x_wconf 87' lang='lat' dir='ltr'><strong><em>nostra</em></strong></span> <span class='ocrx_word' id='word_1_383' title='bbox 1634 4903 1705 4958; x_wconf 91' lang='lat' dir='ltr'><strong><em>sit</em></strong></span> 
     </span>
    </p>
   </div>
   <div class='ocr_carea' id='block_1_51' title="bbox 99 4983 1700 5064">
    <p class='ocr_par' dir='ltr' id='par_1_51' title="bbox 99 4983 1700 5064">
     <span class='ocr_line' id='line_1_51' title="bbox 99 4983 1700 5064; baseline 0.007 -26"><span class='ocrx_word' id='word_1_384' title='bbox 99 4983 430 5038; x_wconf 83' lang='lat' dir='ltr'><strong><em>recordatio</em></strong></span> <span class='ocrx_word' id='word_1_385' title='bbox 457 4983 738 5050; x_wconf 86' lang='lat' dir='ltr'><strong><em>sanitatis,</em></strong></span> <span class='ocrx_word' id='word_1_386' title='bbox 777 5001 940 5056; x_wconf 87' lang='lat' dir='ltr'><strong><em>quam</em></strong></span> <span class='ocrx_word' id='word_1_387' title='bbox 987 4989 1290 5058; x_wconf 87' lang='lat' dir='ltr'><strong><em>appetimus</em></strong></span> <span class='ocrx_word' id='word_1_388' title='bbox 1332 5001 1388 5045; x_wconf 90' lang='lat' dir='ltr'><strong><em>et</em></strong></span> <span class='ocrx_word' id='word_1_389' title='bbox 1415 5001 1700 5064; x_wconf 83' lang='lat' dir='ltr'><strong><em>Optamus,</em></strong></span> 
     </span>
    </p>
   </div>
   <div class='ocr_carea' id='block_1_52' title="bbox 99 5075 1704 5156">
    <p class='ocr_par' dir='ltr' id='par_1_52' title="bbox 99 5075 1704 5156">
     <span class='ocr_line' id='line_1_52' title="bbox 99 5075 1704 5156; baseline 0.006 -24"><span class='ocrx_word' id='word_1_390' title='bbox 99 5075 310 5132; x_wconf 77' lang='lat' dir='ltr'><strong><em>deesse</em></strong></span> <span class='ocrx_word' id='word_1_391' title='bbox 339 5083 524 5131; x_wconf 87' lang='lat' dir='ltr'><strong><em>tamen</em></strong></span> <span class='ocrx_word' id='word_1_392' title='bbox 549 5077 708 5133; x_wconf 88' lang='lat' dir='ltr'><strong><em>nobis</em></strong></span> <span class='ocrx_word' id='word_1_393' title='bbox 735 5079 1018 5136; x_wconf 86' lang='lat' dir='ltr'><strong><em>sanitatem</em></strong></span> <span class='ocrx_word' id='word_1_394' title='bbox 1055 5085 1428 5152; x_wconf 79' lang='lat' dir='ltr'><strong><em>cognoscimus</em></strong></span> <span class='ocrx_word' id='word_1_395' title='bbox 1455 5093 1510 5140; x_wconf 88' lang='lat' dir='ltr'><strong><em>et</em></strong></span> <span class='ocrx_word' id='word_1_396' title='bbox 1533 5085 1704 5156; x_wconf 81' lang='lat' dir='ltr'><strong><em>pluri-</em></strong></span> 
     </span>
    </p>
   </div>
   <div class='ocr_carea' id='block_1_53' title="bbox 99 5169 1706 5242">
    <p class='ocr_par' dir='ltr' id='par_1_53' title="bbox 99 5169 1706 5242">
     <span class='ocr_line' id='line_1_53' title="bbox 99 5169 1706 5242; baseline 0.007 -16"><span class='ocrx_word' id='word_1_397' title='bbox 99 5183 258 5226; x_wconf 87' lang='lat' dir='ltr'><strong><em>mum</em></strong></span> <span class='ocrx_word' id='word_1_398' title='bbox 289 5169 562 5225; x_wconf 85' lang='lat' dir='ltr'><strong><em>dolemus.</em></strong></span> <span class='ocrx_word' id='word_1_399' title='bbox 607 5171 686 5227; x_wconf 83' lang='lat' dir='ltr'><strong><em>Ac</em></strong></span> <span class='ocrx_word' id='word_1_400' title='bbox 725 5187 826 5242; x_wconf 88' lang='lat' dir='ltr'><strong><em>per</em></strong></span> <span class='ocrx_word' id='word_1_401' title='bbox 853 5175 958 5230; x_wconf 88' lang='lat' dir='ltr'><strong><em>hoc</em></strong></span> <span class='ocrx_word' id='word_1_402' title='bbox 985 5191 1090 5230; x_wconf 90' lang='lat' dir='ltr'><strong><em>non</em></strong></span> <span class='ocrx_word' id='word_1_403' title='bbox 1135 5185 1220 5232; x_wconf 89' lang='lat' dir='ltr'><strong><em>est</em></strong></span> <span class='ocrx_word' id='word_1_404' title='bbox 1245 5187 1376 5233; x_wconf 86' lang='lat' dir='ltr'><strong><em>tunc</em></strong></span> <span class='ocrx_word' id='word_1_405' title='bbox 1413 5179 1470 5233; x_wconf 90' lang='lat' dir='ltr'><strong><em>in</em></strong></span> <span class='ocrx_word' id='word_1_406' title='bbox 1511 5191 1706 5238; x_wconf 89' lang='lat' dir='ltr'><strong><em>natura</em></strong></span> 
     </span>
    </p>
   </div>
   <div class='ocr_carea' id='block_1_54' title="bbox 99 5263 1704 5358">
    <p class='ocr_par' dir='ltr' id='par_1_54' title="bbox 99 5263 1704 5358">
     <span class='ocr_line' id='line_1_54' title="bbox 99 5263 1704 5358; baseline 0.008 -43"><span class='ocrx_word' id='word_1_407' title='bbox 99 5269 302 5316; x_wconf 86' lang='lat' dir='ltr'><strong><em>nostra</em></strong></span> <span class='ocrx_word' id='word_1_408' title='bbox 331 5263 572 5331; x_wconf 86' lang='lat' dir='ltr'><strong><em>sanitas,</em></strong></span> <span class='ocrx_word' id='word_1_409' title='bbox 601 5267 850 5336; x_wconf 81' lang='lat' dir='ltr'><strong><em>quamvis</em></strong></span> <span class='ocrx_word' id='word_1_410' title='bbox 887 5267 940 5324; x_wconf 92' lang='lat' dir='ltr'><strong><em>in</em></strong></span> <span class='ocrx_word' id='word_1_411' title='bbox 977 5269 1233 5336; x_wconf 83' lang='lat' dir='ltr'><strong><em>memoria</em></strong></span> <span class='ocrx_word' id='word_1_412' title='bbox 1259 5273 1612 5358; x_wconf 75' lang='lat' dir='ltr'><strong><em>recordemur</em></strong></span> <span class='ocrx_word' id='word_1_413' title='bbox 1637 5273 1704 5330; x_wconf 87' lang='lat' dir='ltr'><strong><em>il-</em></strong></span> 
     </span>
    </p>
   </div>
   <div class='ocr_carea' id='block_1_55' title="bbox 99 5351 1708 5431">
    <p class='ocr_par' dir='ltr' id='par_1_55' title="bbox 99 5351 1708 5431">
     <span class='ocr_line' id='line_1_55' title="bbox 99 5351 1708 5431; baseline 0.012 -26"><span class='ocrx_word' id='word_1_414' title='bbox 99 5351 210 5406; x_wconf 83' lang='lat' dir='ltr'><strong><em>lius</em></strong></span> <span class='ocrx_word' id='word_1_415' title='bbox 241 5370 256 5406; x_wconf 91' lang='lat'><strong>:</strong></span> <span class='ocrx_word' id='word_1_416' title='bbox 291 5365 422 5422; x_wconf 72' lang='lat' dir='ltr'><strong><em>quae</em></strong></span> <span class='ocrx_word' id='word_1_417' title='bbox 447 5369 554 5409; x_wconf 89' lang='lat' dir='ltr'><strong><em>non</em></strong></span> <span class='ocrx_word' id='word_1_418' title='bbox 584 5365 668 5410; x_wconf 88' lang='lat' dir='ltr'><strong><em>est</em></strong></span> <span class='ocrx_word' id='word_1_419' title='bbox 689 5357 884 5413; x_wconf 76' lang='lat' dir='ltr'><strong><em>animze</em></strong></span> <span class='ocrx_word' id='word_1_420' title='bbox 909 5369 1108 5416; x_wconf 66' lang='lat' dir='ltr'><strong><em>nostra!</em></strong></span> <span class='ocrx_word' id='word_1_421' title='bbox 1133 5363 1432 5419; x_wconf 86' lang='lat' dir='ltr'><strong><em>substantia</em></strong></span> <span class='ocrx_word' id='word_1_422' title='bbox 1453 5405 1468 5431; x_wconf 94' lang='lat'><strong><em>,</em></strong></span> <span class='ocrx_word' id='word_1_423' title='bbox 1491 5351 1584 5422; x_wconf 78' lang='lat' dir='ltr'><strong><em>sed</em></strong></span> <span class='ocrx_word' id='word_1_424' title='bbox 1611 5367 1708 5424; x_wconf 89' lang='lat' dir='ltr'><strong><em>do-</em></strong></span> 
     </span>
    </p>
   </div>
   <div class='ocr_carea' id='block_1_56' title="bbox 99 5443 1702 5513">
    <p class='ocr_par' dir='ltr' id='par_1_56' title="bbox 99 5443 1702 5513">
     <span class='ocr_line' id='line_1_56' title="bbox 99 5443 1702 5513; baseline 0.009 -18"><span class='ocrx_word' id='word_1_425' title='bbox 99 5457 242 5496; x_wconf 87' lang='lat' dir='ltr'><strong><em>num</em></strong></span> <span class='ocrx_word' id='word_1_426' title='bbox 295 5443 474 5498; x_wconf 88' lang='lat' dir='ltr'><strong><em>divini</em></strong></span> <span class='ocrx_word' id='word_1_427' title='bbox 519 5445 790 5512; x_wconf 86' lang='lat' dir='ltr'><strong><em>muneris,</em></strong></span> <span class='ocrx_word' id='word_1_428' title='bbox 823 5447 1074 5503; x_wconf 89' lang='lat' dir='ltr'><strong><em>collatum</em></strong></span> <span class='ocrx_word' id='word_1_429' title='bbox 1125 5461 1326 5508; x_wconf 64' lang='lat' dir='ltr'><strong><em>nostrae</em></strong></span> <span class='ocrx_word' id='word_1_430' title='bbox 1369 5457 1702 5513; x_wconf 59' lang='lat' dir='ltr'><strong><em>substantia.</em></strong></span> 
     </span>
    </p>
   </div>
   <div class='ocr_carea' id='block_1_57' title="bbox 167 5551 1706 5642">
    <p class='ocr_par' dir='ltr' id='par_1_57' title="bbox 167 5551 1706 5642">
     <span class='ocr_line' id='line_1_57' title="bbox 167 5551 1706 5642; baseline 0.014 -33"><span class='ocrx_word' id='word_1_431' title='bbox 167 5551 344 5612; x_wconf 88' lang='lat' dir='ltr'><strong><em>Unde</em></strong></span> <span class='ocrx_word' id='word_1_432' title='bbox 359 5557 698 5628; x_wconf 75' lang='lat' dir='ltr'><strong><em>Augustinus</em></strong></span> <span class='ocrx_word' id='word_1_433' title='bbox 717 5559 770 5614; x_wconf 90' lang='lat' dir='ltr'><strong><em>in</em></strong></span> <span class='ocrx_word' id='word_1_434' title='bbox 793 5559 930 5616; x_wconf 89' lang='lat' dir='ltr'><strong><em>libro</em></strong></span> <span class='ocrx_word' id='word_1_435' title='bbox 953 5563 1018 5618; x_wconf 90' lang='lat' dir='ltr'><strong><em>de</em></strong></span> <span class='ocrx_word' id='word_1_436' title='bbox 1039 5563 1268 5623; x_wconf 85' lang='lat' dir='ltr'><strong><em>Civitate</em></strong></span> <span class='ocrx_word' id='word_1_437' title='bbox 1289 5569 1382 5624; x_wconf 90' lang='lat' dir='ltr'><strong><em>Dei</em></strong></span> <span class='ocrx_word' id='word_1_438' title='bbox 1397 5581 1594 5642; x_wconf 84' lang='lat' dir='ltr'><strong><em>quarto</em></strong></span> <span class='ocrx_word' id='word_1_439' title='bbox 1613 5575 1706 5630; x_wconf 91' lang='lat' dir='ltr'><strong><em>de-</em></strong></span> 
     </span>
    </p>
   </div>
   <div class='ocr_carea' id='block_1_58' title="bbox 99 5643 1704 5734">
    <p class='ocr_par' dir='ltr' id='par_1_58' title="bbox 99 5643 1704 5734">
     <span class='ocr_line' id='line_1_58' title="bbox 99 5643 1704 5734; baseline 0.015 -37"><span class='ocrx_word' id='word_1_440' title='bbox 99 5643 258 5698; x_wconf 86' lang='lat' dir='ltr'><strong><em>cimo</em></strong></span> <span class='ocrx_word' id='word_1_441' title='bbox 285 5645 440 5716; x_wconf 89' lang='lat' dir='ltr'><strong><em>(cap.</em></strong></span> <span class='ocrx_word' id='word_1_442' title='bbox 487 5647 576 5720; x_wconf 81' lang='grc'><strong><em>15)</em></strong></span> <span class='ocrx_word' id='word_1_443' title='bbox 605 5663 618 5701; x_wconf 91' lang='lat'><strong>:</strong></span> <span class='ocrx_word' id='word_1_444' title='bbox 647 5647 942 5722; x_wconf 88' lang='lat' dir='ltr'><strong><em>[Denique,</em></strong></span> <span class='ocrx_word' id='word_1_445' title='bbox 991 5665 1048 5708; x_wconf 87' lang='lat' dir='ltr'><strong><em>ut</em></strong></span> <span class='ocrx_word' id='word_1_446' title='bbox 1099 5657 1337 5734; x_wconf 76' lang='lat' dir='ltr'><strong><em>breviter</em></strong></span> <span class='ocrx_word' id='word_1_447' title='bbox 1377 5661 1620 5732; x_wconf 88' lang='lat' dir='ltr'><strong><em>dicatur,</em></strong></span> <span class='ocrx_word' id='word_1_448' title='bbox 1649 5665 1704 5720; x_wconf 91' lang='lat' dir='ltr'><strong><em>in</em></strong></span> 
     </span>
    </p>
   </div>
   <div class='ocr_carea' id='block_1_59' title="bbox 99 5735 1702 5816">
    <p class='ocr_par' dir='ltr' id='par_1_59' title="bbox 99 5735 1702 5816">
     <span class='ocr_line' id='line_1_59' title="bbox 99 5735 1702 5816; baseline 0.015 -24"><span class='ocrx_word' id='word_1_449' title='bbox 99 5735 256 5792; x_wconf 84' lang='lat' dir='ltr'><strong><em>illius</em></strong></span> <span class='ocrx_word' id='word_1_450' title='bbox 271 5740 492 5808; x_wconf 81' lang='lat' dir='ltr'><strong><em>peccati</em></strong></span> <span class='ocrx_word' id='word_1_451' title='bbox 511 5755 672 5812; x_wconf 73' lang='lat' dir='ltr'><strong><em>pmna</em></strong></span> <span class='ocrx_word' id='word_1_452' title='bbox 688 5745 814 5814; x_wconf 85' lang='lat' dir='ltr'><strong><em>quid</em></strong></span> <span class='ocrx_word' id='word_1_453' title='bbox 829 5745 1204 5806; x_wconf 71' lang='lat' dir='ltr'><strong><em>inobcdicntiac</em></strong></span> <span class='ocrx_word' id='word_1_454' title='bbox 1227 5753 1326 5808; x_wconf 81' lang='lat' dir='ltr'><strong><em>nisi</em></strong></span> <span class='ocrx_word' id='word_1_455' title='bbox 1343 5755 1702 5816; x_wconf 87' lang='lat' dir='ltr'><strong><em>inobedientia</em></strong></span> 
     </span>
    </p>
   </div>
   <div class='ocr_carea' id='block_1_60' title="bbox 99 5827 1700 5918">
    <p class='ocr_par' dir='ltr' id='par_1_60' title="bbox 99 5827 1700 5918">
     <span class='ocr_line' id='line_1_60' title="bbox 99 5827 1700 5918; baseline 0.016 -38"><span class='ocrx_word' id='word_1_456' title='bbox 99 5827 518 5888; x_wconf 68' lang='lat' dir='ltr'><strong><em>tetributaest‘l</em></strong></span> <span class='ocrx_word' id='word_1_457' title='bbox 539 5833 676 5890; x_wconf 87' lang='lat' dir='ltr'><strong><em>Nam</em></strong></span> <span class='ocrx_word' id='word_1_458' title='bbox 691 5851 810 5906; x_wconf 82' lang='lat' dir='ltr'><strong><em>quae</em></strong></span> <span class='ocrx_word' id='word_1_459' title='bbox 837 5838 1072 5897; x_wconf 87' lang='lat' dir='ltr'><strong><em>hominis</em></strong></span> <span class='ocrx_word' id='word_1_460' title='bbox 1097 5851 1180 5898; x_wconf 88' lang='lat' dir='ltr'><strong><em>est</em></strong></span> <span class='ocrx_word' id='word_1_461' title='bbox 1209 5845 1312 5901; x_wconf 87' lang='lat' dir='ltr'><strong><em>alia</em></strong></span> <span class='ocrx_word' id='word_1_462' title='bbox 1339 5845 1700 5918; x_wconf 86' lang='lat' dir='ltr'><strong><em>miseria,nisi</em></strong></span> 
     </span>
    </p>
   </div>
   <div class='ocr_carea' id='block_1_61' title="bbox 1433 1585 1750 1665">
    <p class='ocr_par' dir='ltr' id='par_1_61' title="bbox 1433 1585 1750 1665">
     <span class='ocr_line' id='line_1_61' title="bbox 1433 1585 1750 1665; baseline 0 -17"><span class='ocrx_word' id='word_1_463' title='bbox 1433 1595 1562 1660; x_wconf 82' lang='lat' dir='ltr'><strong><em>Quis</em></strong></span> <span class='ocrx_word' id='word_1_464' title='bbox 1591 1594 1712 1665; x_wconf 80' lang='lat' dir='ltr'><strong><em>fecit</em></strong></span> <span class='ocrx_word' id='word_1_465' title='bbox 1745 1585 1750 1590; x_wconf 55' lang='grc'><em>’</em></span> 
     </span>
    </p>
   </div>
   <div class='ocr_carea' id='block_1_62' title="bbox 1817 593 3394 679">
    <p class='ocr_par' dir='ltr' id='par_1_62' title="bbox 1817 593 3394 679">
     <span class='ocr_line' id='line_1_62' title="bbox 1817 593 3394 679; baseline 0.009 -35"><span class='ocrx_word' id='word_1_466' title='bbox 1817 593 1958 660; x_wconf 86' lang='lat' dir='ltr'><strong><em>quod</em></strong></span> <span class='ocrx_word' id='word_1_467' title='bbox 1979 593 2326 662; x_wconf 80' lang='lat' dir='ltr'><strong><em>voluitpmuit</em></strong></span> <span class='ocrx_word' id='word_1_468' title='bbox 2345 593 2462 666; x_wconf 85' lang='lat' dir='ltr'><strong><em>[al.,</em></strong></span> <span class='ocrx_word' id='word_1_469' title='bbox 2483 603 2542 648; x_wconf 91' lang='lat' dir='ltr'><strong><em>ut</em></strong></span> <span class='ocrx_word' id='word_1_470' title='bbox 2563 597 2818 666; x_wconf 88' lang='lat' dir='ltr'><strong><em>quoniam</em></strong></span> <span class='ocrx_word' id='word_1_471' title='bbox 2835 597 3004 656; x_wconf 88' lang='lat' dir='ltr'><strong><em>noluit</em></strong></span> <span class='ocrx_word' id='word_1_472' title='bbox 3021 603 3160 670; x_wconf 89' lang='lat' dir='ltr'><strong><em>quod</em></strong></span> <span class='ocrx_word' id='word_1_473' title='bbox 3175 605 3394 679; x_wconf 85' lang='lat' dir='ltr'><strong><em>potuit],</em></strong></span> 
     </span>
    </p>
   </div>
   <div class='ocr_carea' id='block_1_63' title="bbox 1817 686 3394 760">
    <p class='ocr_par' dir='ltr' id='par_1_63' title="bbox 1817 686 3394 760">
     <span class='ocr_line' id='line_1_63' title="bbox 1817 686 3394 760; baseline 0.01 -22"><span class='ocrx_word' id='word_1_474' title='bbox 1817 686 1956 754; x_wconf 88' lang='lat' dir='ltr'><strong><em>quod</em></strong></span> <span class='ocrx_word' id='word_1_475' title='bbox 1993 701 2098 740; x_wconf 89' lang='lat' dir='ltr'><strong><em>non</em></strong></span> <span class='ocrx_word' id='word_1_476' title='bbox 2131 695 2308 756; x_wconf 85' lang='lat' dir='ltr'><strong><em>potest</em></strong></span> <span class='ocrx_word' id='word_1_477' title='bbox 2333 687 2496 742; x_wconf 81' lang='lat' dir='ltr'><strong><em>velit?</em></strong></span> <span class='ocrx_word' id='word_1_478' title='bbox 2523 687 2580 742; x_wconf 90' lang='lat' dir='ltr'><strong><em>In</em></strong></span> <span class='ocrx_word' id='word_1_479' title='bbox 2603 691 2856 760; x_wconf 82' lang='lat' dir='ltr'><strong><em>paradiso</em></strong></span> <span class='ocrx_word' id='word_1_480' title='bbox 2881 693 3024 748; x_wconf 88' lang='lat' dir='ltr'><strong><em>enim</em></strong></span> <span class='ocrx_word' id='word_1_481' title='bbox 3047 697 3258 752; x_wconf 87' lang='lat' dir='ltr'><strong><em>etiamsi</em></strong></span> <span class='ocrx_word' id='word_1_482' title='bbox 3287 714 3394 754; x_wconf 92' lang='lat' dir='ltr'><strong><em>non</em></strong></span> 
     </span>
    </p>
   </div>
   <div class='ocr_carea' id='block_1_64' title="bbox 1815 779 3394 856">
    <p class='ocr_par' dir='ltr' id='par_1_64' title="bbox 1815 779 3394 856">
     <span class='ocr_line' id='line_1_64' title="bbox 1815 779 3394 856; baseline 0.011 -26"><span class='ocrx_word' id='word_1_483' title='bbox 1815 779 1992 832; x_wconf 87' lang='lat' dir='ltr'><strong><em>omnia</em></strong></span> <span class='ocrx_word' id='word_1_484' title='bbox 2027 787 2239 850; x_wconf 85' lang='lat' dir='ltr'><strong><em>poterat</em></strong></span> <span class='ocrx_word' id='word_1_485' title='bbox 2267 791 2392 836; x_wconf 87' lang='lat' dir='ltr'><strong><em>ante</em></strong></span> <span class='ocrx_word' id='word_1_486' title='bbox 2427 793 2710 852; x_wconf 87' lang='lat' dir='ltr'><strong><em>peccatum</em></strong></span> <span class='ocrx_word' id='word_1_487' title='bbox 2731 824 2746 846; x_wconf 91' lang='lat'><strong><em>,</em></strong></span> <span class='ocrx_word' id='word_1_488' title='bbox 2778 785 3036 856; x_wconf 83' lang='lat' dir='ltr'><strong><em>quidquid</em></strong></span> <span class='ocrx_word' id='word_1_489' title='bbox 3079 795 3258 844; x_wconf 88' lang='lat' dir='ltr'><strong><em>tamen</em></strong></span> <span class='ocrx_word' id='word_1_490' title='bbox 3289 805 3394 846; x_wconf 90' lang='lat' dir='ltr'><strong><em>non</em></strong></span> 
     </span>
    </p>
   </div>
   <div class='ocr_carea' id='block_1_65' title="bbox 1815 871 3400 950">
    <p class='ocr_par' dir='ltr' id='par_1_65' title="bbox 1815 871 3400 950">
     <span class='ocr_line' id='line_1_65' title="bbox 1815 871 3400 950; baseline 0.011 -30"><span class='ocrx_word' id='word_1_491' title='bbox 1815 879 2058 938; x_wconf 84' lang='lat' dir='ltr'><strong><em>poterat,</em></strong></span> <span class='ocrx_word' id='word_1_492' title='bbox 2083 887 2188 926; x_wconf 89' lang='lat' dir='ltr'><strong><em>non</em></strong></span> <span class='ocrx_word' id='word_1_493' title='bbox 2223 871 2464 939; x_wconf 86' lang='lat' dir='ltr'><strong><em>volebat;</em></strong></span> <span class='ocrx_word' id='word_1_494' title='bbox 2493 883 2548 928; x_wconf 90' lang='lat' dir='ltr'><strong><em>et</em></strong></span> <span class='ocrx_word' id='word_1_495' title='bbox 2571 875 2692 930; x_wconf 88' lang='lat' dir='ltr'><strong><em>ideo</em></strong></span> <span class='ocrx_word' id='word_1_496' title='bbox 2713 885 2928 946; x_wconf 87' lang='lat' dir='ltr'><strong><em>poterat</em></strong></span> <span class='ocrx_word' id='word_1_497' title='bbox 2955 879 3134 934; x_wconf 87' lang='lat' dir='ltr'><strong><em>omnia</em></strong></span> <span class='ocrx_word' id='word_1_498' title='bbox 3161 895 3280 950; x_wconf 72' lang='lat' dir='ltr'><strong><em>qua:</em></strong></span> <span class='ocrx_word' id='word_1_499' title='bbox 3307 897 3400 938; x_wconf 82' lang='lat' dir='ltr'><strong><em>vo-</em></strong></span> 
     </span>
    </p>
   </div>
   <div class='ocr_carea' id='block_1_66' title="bbox 1815 961 3396 1044">
    <p class='ocr_par' dir='ltr' id='par_1_66' title="bbox 1815 961 3396 1044">
     <span class='ocr_line' id='line_1_66' title="bbox 1815 961 3396 1044; baseline 0.011 -30"><span class='ocrx_word' id='word_1_500' title='bbox 1815 961 1980 1018; x_wconf 85' lang='lat' dir='ltr'><strong><em>lebat.</em></strong></span> <span class='ocrx_word' id='word_1_501' title='bbox 2015 963 2166 1018; x_wconf 86' lang='lat' dir='ltr'><strong><em>Nnnc</em></strong></span> <span class='ocrx_word' id='word_1_502' title='bbox 2193 981 2323 1020; x_wconf 91' lang='lat' dir='ltr'><strong><em>vero</em></strong></span> <span class='ocrx_word' id='word_1_503' title='bbox 2371 967 2514 1024; x_wconf 88' lang='lat' dir='ltr'><strong><em>sicut</em></strong></span> <span class='ocrx_word' id='word_1_504' title='bbox 2543 967 2594 1022; x_wconf 91' lang='lat' dir='ltr'><strong><em>in</em></strong></span> <span class='ocrx_word' id='word_1_505' title='bbox 2625 969 2742 1038; x_wconf 83' lang='lat' dir='ltr'><strong><em>ejus</em></strong></span> <span class='ocrx_word' id='word_1_506' title='bbox 2771 971 2940 1040; x_wconf 86' lang='lat' dir='ltr'><strong><em>stirpe</em></strong></span> <span class='ocrx_word' id='word_1_507' title='bbox 2984 975 3396 1044; x_wconf 77' lang='lat' dir='ltr'><strong><em>cognoscimus,</em></strong></span> 
     </span>
    </p>
   </div>
   <div class='ocr_carea' id='block_1_67' title="bbox 1805 1053 3398 1126">
    <p class='ocr_par' dir='ltr' id='par_1_67' title="bbox 1805 1053 3398 1126">
     <span class='ocr_line' id='line_1_67' title="bbox 1805 1053 3398 1126; baseline 0.008 -17"><span class='ocrx_word' id='word_1_508' title='bbox 1805 1063 1870 1110; x_wconf 65' lang='grc' dir='ltr'><strong><em>ει</em></strong></span> <span class='ocrx_word' id='word_1_509' title='bbox 1913 1055 2092 1108; x_wconf 88' lang='lat' dir='ltr'><strong><em>divina</em></strong></span> <span class='ocrx_word' id='word_1_510' title='bbox 2144 1053 2426 1126; x_wconf 84' lang='lat' dir='ltr'><strong><em>Scriptura</em></strong></span> <span class='ocrx_word' id='word_1_511' title='bbox 2473 1065 2726 1124; x_wconf 86' lang='lat' dir='ltr'><strong><em>testatur,</em></strong></span> <span class='ocrx_word' id='word_1_512' title='bbox 2763 1063 2916 1116; x_wconf 87' lang='lat' dir='ltr'><strong><em>homo</em></strong></span> <span class='ocrx_word' id='word_1_513' title='bbox 2959 1067 3176 1118; x_wconf 85' lang='lat' dir='ltr'><strong><em>vanitati</em></strong></span> <span class='ocrx_word' id='word_1_514' title='bbox 3211 1066 3398 1120; x_wconf 86' lang='lat' dir='ltr'><strong><em>similis</em></strong></span> 
     </span>
    </p>
   </div>
   <div class='ocr_carea' id='block_1_68' title="bbox 1815 1145 3400 1222">
    <p class='ocr_par' dir='ltr' id='par_1_68' title="bbox 1815 1145 3400 1222">
     <span class='ocr_line' id='line_1_68' title="bbox 1815 1145 3400 1222; baseline 0.01 -25"><span class='ocrx_word' id='word_1_515' title='bbox 1815 1145 1990 1215; x_wconf 79' lang='lat' dir='ltr'><strong><em>factus</em></strong></span> <span class='ocrx_word' id='word_1_516' title='bbox 2031 1155 2106 1200; x_wconf 90' lang='lat' dir='ltr'><strong><em>est</em></strong></span> <span class='ocrx_word' id='word_1_517' title='bbox 2135 1145 2307 1218; x_wconf 86' lang='lat' dir='ltr'><strong><em>(Psal.</em></strong></span> <span class='ocrx_word' id='word_1_518' title='bbox 2361 1164 2558 1214; x_wconf 72' lang='lat' dir='ltr'><strong><em>CXLIII,</em></strong></span> <span class='ocrx_word' id='word_1_519' title='bbox 2607 1149 2686 1222; x_wconf 68' lang='lat'><strong><em>4).</em></strong></span> <span class='ocrx_word' id='word_1_520' title='bbox 2740 1151 2872 1218; x_wconf 84' lang='lat' dir='ltr'><strong><em>Quis</em></strong></span> <span class='ocrx_word' id='word_1_521' title='bbox 2927 1155 3068 1208; x_wconf 86' lang='lat' dir='ltr'><strong><em>enim</em></strong></span> <span class='ocrx_word' id='word_1_522' title='bbox 3119 1167 3400 1214; x_wconf 88' lang='lat' dir='ltr'><strong><em>enumeret</em></strong></span> 
     </span>
    </p>
   </div>
   <div class='ocr_carea' id='block_1_69' title="bbox 1815 1237 3396 1320">
    <p class='ocr_par' dir='ltr' id='par_1_69' title="bbox 1815 1237 3396 1320">
     <span class='ocr_line' id='line_1_69' title="bbox 1815 1237 3396 1320; baseline 0.013 -33"><span class='ocrx_word' id='word_1_523' title='bbox 1815 1251 1978 1304; x_wconf 87' lang='lat' dir='ltr'><strong><em>quam</em></strong></span> <span class='ocrx_word' id='word_1_524' title='bbox 2035 1237 2202 1292; x_wconf 88' lang='lat' dir='ltr'><strong><em>multa</em></strong></span> <span class='ocrx_word' id='word_1_525' title='bbox 2253 1253 2372 1308; x_wconf 69' lang='lat' dir='ltr'><strong><em>quae</em></strong></span> <span class='ocrx_word' id='word_1_526' title='bbox 2417 1255 2524 1294; x_wconf 91' lang='lat' dir='ltr'><strong><em>non</em></strong></span> <span class='ocrx_word' id='word_1_527' title='bbox 2575 1251 2754 1312; x_wconf 86' lang='lat' dir='ltr'><strong><em>potest</em></strong></span> <span class='ocrx_word' id='word_1_528' title='bbox 2779 1245 2946 1312; x_wconf 87' lang='lat' dir='ltr'><strong><em>velit,</em></strong></span> <span class='ocrx_word' id='word_1_529' title='bbox 2974 1247 3100 1302; x_wconf 89' lang='lat' dir='ltr'><strong><em>dum</em></strong></span> <span class='ocrx_word' id='word_1_530' title='bbox 3127 1250 3230 1304; x_wconf 85' lang='lat' dir='ltr'><strong><em>sibi</em></strong></span> <span class='ocrx_word' id='word_1_531' title='bbox 3263 1251 3396 1320; x_wconf 88' lang='lat' dir='ltr'><strong><em>ipse,</em></strong></span> 
     </span>
    </p>
   </div>
   <div class='ocr_carea' id='block_1_70' title="bbox 1817 1329 3396 1410">
    <p class='ocr_par' dir='ltr' id='par_1_70' title="bbox 1817 1329 3396 1410">
     <span class='ocr_line' id='line_1_70' title="bbox 1817 1329 3396 1410; baseline 0.01 -28"><span class='ocrx_word' id='word_1_532' title='bbox 1817 1329 1868 1382; x_wconf 91' lang='lat' dir='ltr'><strong><em>id</em></strong></span> <span class='ocrx_word' id='word_1_533' title='bbox 1895 1337 1978 1384; x_wconf 89' lang='lat' dir='ltr'><strong><em>est</em></strong></span> <span class='ocrx_word' id='word_1_534' title='bbox 2007 1329 2268 1385; x_wconf 75' lang='lat' dir='ltr'><strong><em>voluntati</em></strong></span> <span class='ocrx_word' id='word_1_535' title='bbox 2305 1330 2453 1400; x_wconf 85' lang='lat' dir='ltr'><strong><em>ejus,</em></strong></span> <span class='ocrx_word' id='word_1_536' title='bbox 2485 1333 2600 1404; x_wconf 86' lang='lat' dir='ltr'><strong><em>ipse</em></strong></span> <span class='ocrx_word' id='word_1_537' title='bbox 2629 1335 2844 1392; x_wconf 87' lang='lat' dir='ltr'><strong><em>animus</em></strong></span> <span class='ocrx_word' id='word_1_538' title='bbox 2867 1337 3016 1408; x_wconf 83' lang='lat' dir='ltr'><strong><em>ejus,</em></strong></span> <span class='ocrx_word' id='word_1_539' title='bbox 3055 1353 3228 1410; x_wconf 86' lang='lat' dir='ltr'><strong><em>coque</em></strong></span> <span class='ocrx_word' id='word_1_540' title='bbox 3257 1339 3396 1400; x_wconf 82' lang='lat' dir='ltr'><strong><em>infe-</em></strong></span> 
     </span>
    </p>
   </div>
   <div class='ocr_carea' id='block_1_71' title="bbox 1815 1421 3398 1500">
    <p class='ocr_par' dir='ltr' id='par_1_71' title="bbox 1815 1421 3398 1500">
     <span class='ocr_line' id='line_1_71' title="bbox 1815 1421 3398 1500; baseline 0.009 -25"><span class='ocrx_word' id='word_1_541' title='bbox 1815 1421 1928 1476; x_wconf 86' lang='lat' dir='ltr'><strong><em>rior</em></strong></span> <span class='ocrx_word' id='word_1_542' title='bbox 1957 1437 2086 1476; x_wconf 87' lang='lat' dir='ltr'><strong><em>caro</em></strong></span> <span class='ocrx_word' id='word_1_543' title='bbox 2115 1421 2230 1490; x_wconf 84' lang='lat' dir='ltr'><strong><em>ejus</em></strong></span> <span class='ocrx_word' id='word_1_544' title='bbox 2274 1439 2378 1478; x_wconf 94' lang='lat' dir='ltr'><strong><em>non</em></strong></span> <span class='ocrx_word' id='word_1_545' title='bbox 2423 1425 2798 1496; x_wconf 78' lang='lat' dir='ltr'><strong><em>obtemperat?</em></strong></span> <span class='ocrx_word' id='word_1_546' title='bbox 2823 1429 2943 1499; x_wconf 89' lang='lat' dir='ltr'><strong><em>Ipso</em></strong></span> <span class='ocrx_word' id='word_1_547' title='bbox 2972 1445 3206 1500; x_wconf 87' lang='lat' dir='ltr'><strong><em>namque</em></strong></span> <span class='ocrx_word' id='word_1_548' title='bbox 3232 1432 3398 1489; x_wconf 89' lang='lat' dir='ltr'><strong><em>invito</em></strong></span> 
     </span>
    </p>
   </div>
   <div class='ocr_carea' id='block_1_72' title="bbox 1815 1511 3400 1588">
    <p class='ocr_par' dir='ltr' id='par_1_72' title="bbox 1815 1511 3400 1588">
     <span class='ocr_line' id='line_1_72' title="bbox 1815 1511 3400 1588; baseline 0.011 -25"><span class='ocrx_word' id='word_1_549' title='bbox 1815 1519 1870 1564; x_wconf 86' lang='lat' dir='ltr'><strong><em>et</em></strong></span> <span class='ocrx_word' id='word_1_550' title='bbox 1899 1511 2114 1567; x_wconf 87' lang='lat' dir='ltr'><strong><em>animus</em></strong></span> <span class='ocrx_word' id='word_1_551' title='bbox 2143 1513 2460 1586; x_wconf 88' lang='lat' dir='ltr'><strong><em>plerumque</em></strong></span> <span class='ocrx_word' id='word_1_552' title='bbox 2485 1519 2752 1582; x_wconf 86' lang='lat' dir='ltr'><strong><em>turbatur,</em></strong></span> <span class='ocrx_word' id='word_1_553' title='bbox 2781 1527 2836 1574; x_wconf 88' lang='lat' dir='ltr'><strong><em>et</em></strong></span> <span class='ocrx_word' id='word_1_554' title='bbox 2863 1535 2994 1576; x_wconf 86' lang='lat' dir='ltr'><strong><em>caro</em></strong></span> <span class='ocrx_word' id='word_1_555' title='bbox 3021 1521 3198 1588; x_wconf 88' lang='lat' dir='ltr'><strong><em>dolet,</em></strong></span> <span class='ocrx_word' id='word_1_556' title='bbox 3225 1533 3282 1578; x_wconf 85' lang='lat' dir='ltr'><strong><em>et</em></strong></span> <span class='ocrx_word' id='word_1_557' title='bbox 3309 1541 3400 1580; x_wconf 86' lang='lat' dir='ltr'><strong><em>ve-</em></strong></span> 
     </span>
    </p>
   </div>
   <div class='ocr_carea' id='block_1_73' title="bbox 1815 1603 3394 1686">
    <p class='ocr_par' dir='ltr' id='par_1_73' title="bbox 1815 1603 3394 1686">
     <span class='ocr_line' id='line_1_73' title="bbox 1815 1603 3394 1686; baseline 0.011 -32"><span class='ocrx_word' id='word_1_558' title='bbox 1815 1603 2068 1668; x_wconf 86' lang='lat' dir='ltr'><strong><em>terascit,</em></strong></span> <span class='ocrx_word' id='word_1_559' title='bbox 2125 1613 2180 1659; x_wconf 87' lang='lat' dir='ltr'><strong><em>et</em></strong></span> <span class='ocrx_word' id='word_1_560' title='bbox 2223 1607 2480 1674; x_wconf 88' lang='lat' dir='ltr'><strong><em>moritur;</em></strong></span> <span class='ocrx_word' id='word_1_561' title='bbox 2533 1611 2598 1664; x_wconf 79' lang='lat' dir='ltr'><strong><em>et&#39;</em></strong></span> <span class='ocrx_word' id='word_1_562' title='bbox 2637 1611 2898 1680; x_wconf 88' lang='lat' dir='ltr'><strong><em>quidquid</em></strong></span> <span class='ocrx_word' id='word_1_563' title='bbox 2947 1615 3094 1668; x_wconf 88' lang='lat' dir='ltr'><strong><em>aliud</em></strong></span> <span class='ocrx_word' id='word_1_564' title='bbox 3139 1616 3394 1686; x_wconf 86' lang='lat' dir='ltr'><strong><em>patimur,</em></strong></span> 
     </span>
    </p>
   </div>
   <div class='ocr_carea' id='block_1_74' title="bbox 1815 1693 3398 1768">
    <p class='ocr_par' dir='ltr' id='par_1_74' title="bbox 1815 1693 3398 1768">
     <span class='ocr_line' id='line_1_74' title="bbox 1815 1693 3398 1768; baseline 0.013 -23"><span class='ocrx_word' id='word_1_565' title='bbox 1815 1693 1958 1760; x_wconf 86' lang='lat' dir='ltr'><strong><em>quod</em></strong></span> <span class='ocrx_word' id='word_1_566' title='bbox 2007 1711 2114 1750; x_wconf 87' lang='lat' dir='ltr'><strong><em>non</em></strong></span> <span class='ocrx_word' id='word_1_567' title='bbox 2169 1707 2480 1767; x_wconf 88' lang='lat' dir='ltr'><strong><em>pateremur</em></strong></span> <span class='ocrx_word' id='word_1_568' title='bbox 2535 1701 2724 1768; x_wconf 79' lang='lat' dir='ltr'><strong><em>inviti,</em></strong></span> <span class='ocrx_word' id='word_1_569' title='bbox 2782 1705 2828 1760; x_wconf 85' lang='lat' dir='ltr'><strong><em>si</em></strong></span> <span class='ocrx_word' id='word_1_570' title='bbox 2879 1707 3140 1762; x_wconf 79' lang='lat' dir='ltr'><strong><em>voluntati</em></strong></span> <span class='ocrx_word' id='word_1_571' title='bbox 3199 1717 3398 1766; x_wconf 61' lang='lat' dir='ltr'><strong><em>nostra:</em></strong></span> 
     </span>
    </p>
   </div>
   <div class='ocr_carea' id='block_1_75' title="bbox 1815 1781 3398 1870">
    <p class='ocr_par' dir='ltr' id='par_1_75' title="bbox 1815 1781 3398 1870">
     <span class='ocr_line' id='line_1_75' title="bbox 1815 1781 3398 1870; baseline 0.011 -30"><span class='ocrx_word' id='word_1_572' title='bbox 1815 1795 1998 1842; x_wconf 87' lang='lat' dir='ltr'><strong><em>nostra</em></strong></span> <span class='ocrx_word' id='word_1_573' title='bbox 2024 1799 2215 1844; x_wconf 89' lang='lat' dir='ltr'><strong><em>natura</em></strong></span> <span class='ocrx_word' id='word_1_574' title='bbox 2251 1793 2558 1847; x_wconf 88' lang='lat' dir='ltr'><strong><em>omnimodo</em></strong></span> <span class='ocrx_word' id='word_1_575' title='bbox 2581 1801 2742 1864; x_wconf 90' lang='lat' dir='ltr'><strong><em>atque</em></strong></span> <span class='ocrx_word' id='word_1_576' title='bbox 2765 1811 2830 1851; x_wconf 84' lang='lat' dir='ltr'><strong><em>ex</em></strong></span> <span class='ocrx_word' id='word_1_577' title='bbox 2873 1781 3126 1855; x_wconf 81' lang='lat' dir='ltr'><strong><em>omnibus</em></strong></span> <span class='ocrx_word' id='word_1_578' title='bbox 3151 1802 3398 1870; x_wconf 88' lang='lat' dir='ltr'><strong><em>partibus</em></strong></span> 
     </span>
    </p>
   </div>
   <div class='ocr_carea' id='block_1_76' title="bbox 1736 1865 3398 1962">
    <p class='ocr_par' dir='ltr' id='par_1_76' title="bbox 1736 1865 3398 1962">
     <span class='ocr_line' id='line_1_76' title="bbox 1736 1865 3398 1962; baseline 0.015 -35"><span class='ocrx_word' id='word_1_579' title='bbox 1736 1865 1784 1927; x_wconf 83' lang='grc' dir='ltr'><strong>Β</strong></span> <span class='ocrx_word' id='word_1_580' title='bbox 1811 1879 2074 1934; x_wconf 85' lang='lat' dir='ltr'><strong><em>obediret.</em></strong></span> <span class='ocrx_word' id='word_1_581' title='bbox 2109 1881 2176 1934; x_wconf 85' lang='lat' dir='ltr'><strong><em>At</em></strong></span> <span class='ocrx_word' id='word_1_582' title='bbox 2204 1883 2346 1936; x_wconf 90' lang='lat' dir='ltr'><strong><em>enim</em></strong></span> <span class='ocrx_word' id='word_1_583' title='bbox 2395 1883 2598 1954; x_wconf 76' lang='lat' dir='ltr'><strong><em>aliquid</em></strong></span> <span class='ocrx_word' id='word_1_584' title='bbox 2631 1901 2760 1942; x_wconf 88' lang='lat' dir='ltr'><strong><em>caro</em></strong></span> <span class='ocrx_word' id='word_1_585' title='bbox 2787 1885 3012 1958; x_wconf 87' lang='lat' dir='ltr'><strong><em>patitur,</em></strong></span> <span class='ocrx_word' id='word_1_586' title='bbox 3059 1865 3166 1962; x_wconf 83' lang='lat' dir='ltr'><strong><em>quo</em></strong></span> <span class='ocrx_word' id='word_1_587' title='bbox 3193 1895 3398 1952; x_wconf 83' lang='lat' dir='ltr'><strong><em>servire</em></strong></span> 
     </span>
    </p>
   </div>
   <div class='ocr_carea' id='block_1_77' title="bbox 1811 1971 3396 2060">
    <p class='ocr_par' dir='ltr' id='par_1_77' title="bbox 1811 1971 3396 2060">
     <span class='ocr_line' id='line_1_77' title="bbox 1811 1971 3396 2060; baseline 0.014 -36"><span class='ocrx_word' id='word_1_588' title='bbox 1811 1985 1916 2024; x_wconf 86' lang='lat' dir='ltr'><strong><em>non</em></strong></span> <span class='ocrx_word' id='word_1_589' title='bbox 1959 1971 2172 2026; x_wconf 88' lang='lat' dir='ltr'><strong><em>sinitur.</em></strong></span> <span class='ocrx_word' id='word_1_590' title='bbox 2217 1973 2356 2040; x_wconf 85' lang='lat' dir='ltr'><strong><em>Quid</em></strong></span> <span class='ocrx_word' id='word_1_591' title='bbox 2403 1977 2626 2034; x_wconf 88' lang='lat' dir='ltr'><strong><em>interest</em></strong></span> <span class='ocrx_word' id='word_1_592' title='bbox 2665 1981 2840 2048; x_wconf 88' lang='lat' dir='ltr'><strong><em>unde,</em></strong></span> <span class='ocrx_word' id='word_1_593' title='bbox 2891 1983 3018 2038; x_wconf 88' lang='lat' dir='ltr'><strong><em>dum</em></strong></span> <span class='ocrx_word' id='word_1_594' title='bbox 3071 1995 3248 2046; x_wconf 85' lang='lat' dir='ltr'><strong><em>tamen</em></strong></span> <span class='ocrx_word' id='word_1_595' title='bbox 3297 2003 3396 2060; x_wconf 89' lang='lat' dir='ltr'><strong><em>pro</em></strong></span> 
     </span>
    </p>
   </div>
   <div class='ocr_carea' id='block_1_78' title="bbox 1803 2061 3397 2146">
    <p class='ocr_par' dir='ltr' id='par_1_78' title="bbox 1803 2061 3397 2146">
     <span class='ocr_line' id='line_1_78' title="bbox 1803 2061 3397 2146; baseline 0.014 -30"><span class='ocrx_word' id='word_1_596' title='bbox 1803 2061 2012 2132; x_wconf 76' lang='lat' dir='ltr'><strong><em>iustitia</em></strong></span> <span class='ocrx_word' id='word_1_597' title='bbox 2073 2066 2380 2124; x_wconf 87' lang='lat' dir='ltr'><strong><em>damnantis</em></strong></span> <span class='ocrx_word' id='word_1_598' title='bbox 2457 2069 2576 2143; x_wconf 89' lang='lat' dir='ltr'><strong><em>[al.,</em></strong></span> <span class='ocrx_word' id='word_1_599' title='bbox 2645 2088 2740 2142; x_wconf 86' lang='lat' dir='ltr'><strong><em>per</em></strong></span> <span class='ocrx_word' id='word_1_600' title='bbox 2793 2077 3060 2146; x_wconf 86' lang='lat' dir='ltr'><strong><em>justitiam</em></strong></span> <span class='ocrx_word' id='word_1_601' title='bbox 3113 2081 3397 2138; x_wconf 86' lang='lat' dir='ltr'><strong><em>dominan-</em></strong></span> 
     </span>
    </p>
   </div>
   <div class='ocr_carea' id='block_1_79' title="bbox 1809 2155 3392 2236">
    <p class='ocr_par' dir='ltr' id='par_1_79' title="bbox 1809 2155 3392 2236">
     <span class='ocr_line' id='line_1_79' title="bbox 1809 2155 3392 2236; baseline 0.013 -26"><span class='ocrx_word' id='word_1_602' title='bbox 1809 2155 1902 2228; x_wconf 89' lang='lat' dir='ltr'><strong><em>tis]</em></strong></span> <span class='ocrx_word' id='word_1_603' title='bbox 1933 2157 2056 2222; x_wconf 87' lang='lat' dir='ltr'><strong><em>Dei,</em></strong></span> <span class='ocrx_word' id='word_1_604' title='bbox 2089 2160 2176 2214; x_wconf 92' lang='lat' dir='ltr'><strong><em>cui</em></strong></span> <span class='ocrx_word' id='word_1_605' title='bbox 2215 2161 2416 2216; x_wconf 88' lang='lat' dir='ltr'><strong><em>subditi</em></strong></span> <span class='ocrx_word' id='word_1_606' title='bbox 2465 2165 2674 2220; x_wconf 86' lang='lat' dir='ltr'><strong><em>servire</em></strong></span> <span class='ocrx_word' id='word_1_607' title='bbox 2705 2167 3010 2236; x_wconf 89' lang='lat' dir='ltr'><strong><em>noluimus,</em></strong></span> <span class='ocrx_word' id='word_1_608' title='bbox 3045 2187 3174 2228; x_wconf 88' lang='lat' dir='ltr'><strong><em>caro</em></strong></span> <span class='ocrx_word' id='word_1_609' title='bbox 3205 2183 3392 2230; x_wconf 85' lang='lat' dir='ltr'><strong><em>nostra</em></strong></span> 
     </span>
    </p>
   </div>
   <div class='ocr_carea' id='block_1_80' title="bbox 1809 2247 3394 2328">
    <p class='ocr_par' dir='ltr' id='par_1_80' title="bbox 1809 2247 3394 2328">
     <span class='ocr_line' id='line_1_80' title="bbox 1809 2247 3394 2328; baseline 0.015 -28"><span class='ocrx_word' id='word_1_610' title='bbox 1809 2247 1994 2312; x_wconf 87' lang='lat' dir='ltr'><strong><em>nobis,</em></strong></span> <span class='ocrx_word' id='word_1_611' title='bbox 2027 2263 2148 2318; x_wconf 79' lang='lat' dir='ltr'><strong><em>quae</em></strong></span> <span class='ocrx_word' id='word_1_612' title='bbox 2177 2248 2299 2322; x_wconf 81' lang='lat' dir='ltr'><strong><em>[al.,</em></strong></span> <span class='ocrx_word' id='word_1_613' title='bbox 2327 2267 2434 2321; x_wconf 88' lang='lat' dir='ltr'><strong><em>qua</em></strong></span> <span class='ocrx_word' id='word_1_614' title='bbox 2465 2253 2642 2328; x_wconf 86' lang='lat' dir='ltr'><strong><em>nobis]</em></strong></span> <span class='ocrx_word' id='word_1_615' title='bbox 2673 2255 2886 2312; x_wconf 85' lang='lat' dir='ltr'><strong><em>subdita</em></strong></span> <span class='ocrx_word' id='word_1_616' title='bbox 2915 2258 3113 2327; x_wconf 81' lang='lat' dir='ltr'><strong><em>fuerat,</em></strong></span> <span class='ocrx_word' id='word_1_617' title='bbox 3143 2279 3248 2318; x_wconf 85' lang='lat' dir='ltr'><strong><em>non</em></strong></span> <span class='ocrx_word' id='word_1_618' title='bbox 3275 2281 3394 2322; x_wconf 77' lang='lat' dir='ltr'><strong><em>ser-</em></strong></span> 
     </span>
    </p>
   </div>
   <div class='ocr_carea' id='block_1_81' title="bbox 1807 2335 3392 2423">
    <p class='ocr_par' dir='ltr' id='par_1_81' title="bbox 1807 2335 3392 2423">
     <span class='ocr_line' id='line_1_81' title="bbox 1807 2335 3392 2423; baseline 0.016 -35"><span class='ocrx_word' id='word_1_619' title='bbox 1807 2335 2002 2392; x_wconf 82' lang='lat' dir='ltr'><strong><em>viendo</em></strong></span> <span class='ocrx_word' id='word_1_620' title='bbox 2025 2339 2248 2396; x_wconf 86' lang='lat' dir='ltr'><strong><em>molesta</em></strong></span> <span class='ocrx_word' id='word_1_621' title='bbox 2272 2343 2372 2408; x_wconf 88' lang='lat' dir='ltr'><strong><em>sit;</em></strong></span> <span class='ocrx_word' id='word_1_622' title='bbox 2405 2348 2654 2414; x_wconf 86' lang='lat' dir='ltr'><strong><em>quamvis</em></strong></span> <span class='ocrx_word' id='word_1_623' title='bbox 2683 2365 2782 2406; x_wconf 89' lang='lat' dir='ltr'><strong><em>nos</em></strong></span> <span class='ocrx_word' id='word_1_624' title='bbox 2811 2349 2922 2406; x_wconf 90' lang='lat' dir='ltr'><strong><em>Deo</em></strong></span> <span class='ocrx_word' id='word_1_625' title='bbox 2953 2369 3058 2408; x_wconf 90' lang='lat' dir='ltr'><strong><em>non</em></strong></span> <span class='ocrx_word' id='word_1_626' title='bbox 3083 2357 3392 2423; x_wconf 84' lang='lat' dir='ltr'><strong><em>serviendo,</em></strong></span> 
     </span>
    </p>
   </div>
   <div class='ocr_carea' id='block_1_82' title="bbox 1808 2429 3394 2516">
    <p class='ocr_par' dir='ltr' id='par_1_82' title="bbox 1808 2429 3394 2516">
     <span class='ocr_line' id='line_1_82' title="bbox 1808 2429 3394 2516; baseline 0.014 -34"><span class='ocrx_word' id='word_1_627' title='bbox 1808 2429 2022 2484; x_wconf 72' lang='lat' dir='ltr'><strong><em>molesﬁ</em></strong></span> <span class='ocrx_word' id='word_1_628' title='bbox 2047 2433 2204 2486; x_wconf 88' lang='lat' dir='ltr'><strong><em>nobis</em></strong></span> <span class='ocrx_word' id='word_1_629' title='bbox 2227 2435 2563 2502; x_wconf 87' lang='lat' dir='ltr'><strong><em>potuerimus</em></strong></span> <span class='ocrx_word' id='word_1_630' title='bbox 2589 2453 2712 2494; x_wconf 88' lang='lat' dir='ltr'><strong><em>esse</em></strong></span> <span class='ocrx_word' id='word_1_631' title='bbox 2731 2480 2744 2504; x_wconf 90' lang='lat'><strong><em>,</em></strong></span> <span class='ocrx_word' id='word_1_632' title='bbox 2769 2457 2874 2496; x_wconf 90' lang='lat' dir='ltr'><strong><em>non</em></strong></span> <span class='ocrx_word' id='word_1_633' title='bbox 2902 2443 3017 2498; x_wconf 86' lang='lat' dir='ltr'><strong><em>illi?</em></strong></span> <span class='ocrx_word' id='word_1_634' title='bbox 3043 2443 3226 2516; x_wconf 85' lang='lat' dir='ltr'><strong><em>Neque</em></strong></span> <span class='ocrx_word' id='word_1_635' title='bbox 3247 2449 3394 2504; x_wconf 90' lang='lat' dir='ltr'><strong><em>enim</em></strong></span> 
     </span>
    </p>
   </div>
   <div class='ocr_carea' id='block_1_83' title="bbox 1809 2521 3391 2610">
    <p class='ocr_par' dir='ltr' id='par_1_83' title="bbox 1809 2521 3391 2610">
     <span class='ocr_line' id='line_1_83' title="bbox 1809 2521 3391 2610; baseline 0.014 -35"><span class='ocrx_word' id='word_1_636' title='bbox 1809 2521 1886 2575; x_wconf 90' lang='lat' dir='ltr'><strong><em>sic</em></strong></span> <span class='ocrx_word' id='word_1_637' title='bbox 1919 2521 2008 2576; x_wconf 91' lang='lat' dir='ltr'><strong><em>illc</em></strong></span> <span class='ocrx_word' id='word_1_638' title='bbox 2039 2533 2256 2590; x_wconf 88' lang='lat' dir='ltr'><strong><em>nostro,</em></strong></span> <span class='ocrx_word' id='word_1_639' title='bbox 2291 2535 2352 2580; x_wconf 89' lang='lat' dir='ltr'><strong><em>ut</em></strong></span> <span class='ocrx_word' id='word_1_640' title='bbox 2379 2544 2476 2584; x_wconf 91' lang='lat' dir='ltr'><strong><em>nos</em></strong></span> <span class='ocrx_word' id='word_1_641' title='bbox 2505 2533 2732 2588; x_wconf 82' lang='lat' dir='ltr'><strong><em>servitio</em></strong></span> <span class='ocrx_word' id='word_1_642' title='bbox 2761 2537 3006 2604; x_wconf 83' lang='lat' dir='ltr'><strong><em>corporis</em></strong></span> <span class='ocrx_word' id='word_1_643' title='bbox 3041 2539 3342 2610; x_wconf 82' lang='lat' dir='ltr'><strong><em>indigemus</em></strong></span> <span class='ocrx_word' id='word_1_644' title='bbox 3375 2559 3391 2597; x_wconf 89' lang='lat'><strong>:</strong></span> 
     </span>
    </p>
   </div>
   <div class='ocr_carea' id='block_1_84' title="bbox 1807 2613 3392 2706">
    <p class='ocr_par' dir='ltr' id='par_1_84' title="bbox 1807 2613 3392 2706">
     <span class='ocr_line' id='line_1_84' title="bbox 1807 2613 3392 2706; baseline 0.014 -40"><span class='ocrx_word' id='word_1_645' title='bbox 1807 2621 1862 2666; x_wconf 90' lang='lat' dir='ltr'><strong><em>ct</em></strong></span> <span class='ocrx_word' id='word_1_646' title='bbox 1891 2613 2012 2668; x_wconf 89' lang='lat' dir='ltr'><strong><em>idco</em></strong></span> <span class='ocrx_word' id='word_1_647' title='bbox 2037 2625 2221 2671; x_wconf 89' lang='lat' dir='ltr'><strong><em>nostra</em></strong></span> <span class='ocrx_word' id='word_1_648' title='bbox 2263 2627 2346 2674; x_wconf 89' lang='lat' dir='ltr'><strong><em>est</em></strong></span> <span class='ocrx_word' id='word_1_649' title='bbox 2365 2622 2508 2688; x_wconf 86' lang='lat' dir='ltr'><strong><em>quod</em></strong></span> <span class='ocrx_word' id='word_1_650' title='bbox 2535 2625 2824 2694; x_wconf 88' lang='lat' dir='ltr'><strong><em>recipimus</em></strong></span> <span class='ocrx_word' id='word_1_651' title='bbox 2851 2625 2972 2698; x_wconf 89' lang='lat' dir='ltr'><strong><em>[al.,</em></strong></span> <span class='ocrx_word' id='word_1_652' title='bbox 3003 2631 3392 2706; x_wconf 88' lang='lat' dir='ltr'><strong><em>percipimus],</em></strong></span> 
     </span>
    </p>
   </div>
   <div class='ocr_carea' id='block_1_85' title="bbox 1807 2705 3392 2794">
    <p class='ocr_par' dir='ltr' id='par_1_85' title="bbox 1807 2705 3392 2794">
     <span class='ocr_line' id='line_1_85' title="bbox 1807 2705 3392 2794; baseline 0.013 -32"><span class='ocrx_word' id='word_1_653' title='bbox 1807 2719 1912 2762; x_wconf 82' lang='lat' dir='ltr'><strong><em>non</em></strong></span> <span class='ocrx_word' id='word_1_654' title='bbox 1947 2705 2088 2764; x_wconf 89' lang='lat' dir='ltr'><strong><em>illius</em></strong></span> <span class='ocrx_word' id='word_1_655' title='bbox 2113 2723 2274 2780; x_wconf 84' lang='lat' dir='ltr'><strong><em>poena</em></strong></span> <span class='ocrx_word' id='word_1_656' title='bbox 2301 2713 2444 2780; x_wconf 86' lang='lat' dir='ltr'><strong><em>quod</em></strong></span> <span class='ocrx_word' id='word_1_657' title='bbox 2471 2713 2714 2772; x_wconf 81' lang='lat' dir='ltr'><strong><em>fecimus.</em></strong></span> <span class='ocrx_word' id='word_1_658' title='bbox 2745 2717 2970 2776; x_wconf 85' lang='lat' dir='ltr'><strong><em>Dolores</em></strong></span> <span class='ocrx_word' id='word_1_659' title='bbox 2999 2737 3164 2792; x_wconf 89' lang='lat' dir='ltr'><strong><em>porro</em></strong></span> <span class='ocrx_word' id='word_1_660' title='bbox 3187 2727 3280 2794; x_wconf 86' lang='lat' dir='ltr'><strong><em>qui</em></strong></span> <span class='ocrx_word' id='word_1_661' title='bbox 3307 2705 3392 2782; x_wconf 80' lang='lat' dir='ltr'><strong><em>di-</em></strong></span> 
     </span>
    </p>
   </div>
   <div class='ocr_carea' id='block_1_86' title="bbox 1807 2805 3392 2889">
    <p class='ocr_par' dir='ltr' id='par_1_86' title="bbox 1807 2805 3392 2889">
     <span class='ocr_line' id='line_1_86' title="bbox 1807 2805 3392 2889; baseline 0.015 -35"><span class='ocrx_word' id='word_1_662' title='bbox 1807 2811 2004 2856; x_wconf 84' lang='lat' dir='ltr'><strong><em>cuntur</em></strong></span> <span class='ocrx_word' id='word_1_663' title='bbox 2025 2805 2224 2870; x_wconf 84' lang='lat' dir='ltr'><strong><em>carnis,</em></strong></span> <span class='ocrx_word' id='word_1_664' title='bbox 2247 2809 2440 2862; x_wconf 65' lang='lat' dir='ltr'><strong><em>animae</em></strong></span> <span class='ocrx_word' id='word_1_665' title='bbox 2461 2819 2584 2864; x_wconf 88' lang='lat' dir='ltr'><strong><em>sunt</em></strong></span> <span class='ocrx_word' id='word_1_666' title='bbox 2607 2811 2660 2866; x_wconf 90' lang='lat' dir='ltr'><strong><em>in</em></strong></span> <span class='ocrx_word' id='word_1_667' title='bbox 2683 2828 2850 2868; x_wconf 87' lang='lat' dir='ltr'><strong><em>carne</em></strong></span> <span class='ocrx_word' id='word_1_668' title='bbox 2875 2825 2928 2870; x_wconf 87' lang='lat' dir='ltr'><strong><em>et</em></strong></span> <span class='ocrx_word' id='word_1_669' title='bbox 2948 2832 3014 2870; x_wconf 80' lang='lat' dir='ltr'><strong><em>ex</em></strong></span> <span class='ocrx_word' id='word_1_670' title='bbox 3039 2833 3224 2874; x_wconf 90' lang='lat' dir='ltr'><strong><em>carne.</em></strong></span> <span class='ocrx_word' id='word_1_671' title='bbox 3251 2819 3392 2889; x_wconf 86' lang='lat' dir='ltr'><strong><em>Quid</em></strong></span> 
     </span>
    </p>
   </div>
   <div class='ocr_carea' id='block_1_87' title="bbox 1807 2893 3394 2977">
    <p class='ocr_par' dir='ltr' id='par_1_87' title="bbox 1807 2893 3394 2977">
     <span class='ocr_line' id='line_1_87' title="bbox 1807 2893 3394 2977; baseline 0.014 -32"><span class='ocrx_word' id='word_1_672' title='bbox 1807 2893 1950 2946; x_wconf 86' lang='lat' dir='ltr'><strong><em>enim</em></strong></span> <span class='ocrx_word' id='word_1_673' title='bbox 2000 2911 2126 2950; x_wconf 87' lang='lat' dir='ltr'><strong><em>caro</em></strong></span> <span class='ocrx_word' id='word_1_674' title='bbox 2173 2913 2273 2968; x_wconf 87' lang='lat' dir='ltr'><strong><em>per</em></strong></span> <span class='ocrx_word' id='word_1_675' title='bbox 2320 2900 2552 2970; x_wconf 88' lang='lat' dir='ltr'><strong><em>scipsam</em></strong></span> <span class='ocrx_word' id='word_1_676' title='bbox 2601 2903 2717 2958; x_wconf 88' lang='lat' dir='ltr'><strong><em>sine</em></strong></span> <span class='ocrx_word' id='word_1_677' title='bbox 2764 2906 2940 2960; x_wconf 86' lang='lat' dir='ltr'><strong><em>anima</em></strong></span> <span class='ocrx_word' id='word_1_678' title='bbox 2973 2908 3056 2962; x_wconf 85' lang='lat' dir='ltr'><strong><em>vel</em></strong></span> <span class='ocrx_word' id='word_1_679' title='bbox 3102 2910 3276 2977; x_wconf 88' lang='lat' dir='ltr'><strong><em>dolet,</em></strong></span> <span class='ocrx_word' id='word_1_680' title='bbox 3307 2913 3394 2968; x_wconf 86' lang='lat' dir='ltr'><strong><em>vel</em></strong></span> 
     </span>
    </p>
   </div>
   <div class='ocr_carea' id='block_1_88' title="bbox 1807 2989 3396 3067">
    <p class='ocr_par' dir='ltr' id='par_1_88' title="bbox 1807 2989 3396 3067">
     <span class='ocr_line' id='line_1_88' title="bbox 1807 2989 3396 3067; baseline 0.013 -27"><span class='ocrx_word' id='word_1_681' title='bbox 1807 2989 2178 3058; x_wconf 86' lang='lat' dir='ltr'><strong><em>concupiscit?</em></strong></span> <span class='ocrx_word' id='word_1_682' title='bbox 2215 2991 2318 3046; x_wconf 92' lang='lat' dir='ltr'><strong><em>Scd</em></strong></span> <span class='ocrx_word' id='word_1_683' title='bbox 2347 3009 2470 3048; x_wconf 89' lang='lat' dir='ltr'><strong><em>cum</em></strong></span> <span class='ocrx_word' id='word_1_684' title='bbox 2497 2997 2884 3067; x_wconf 86' lang='lat' dir='ltr'><strong><em>concupiscere</em></strong></span> <span class='ocrx_word' id='word_1_685' title='bbox 2913 3017 3042 3056; x_wconf 90' lang='lat' dir='ltr'><strong><em>caro</em></strong></span> <span class='ocrx_word' id='word_1_686' title='bbox 3071 3003 3272 3058; x_wconf 87' lang='lat' dir='ltr'><strong><em>dicitur</em></strong></span> <span class='ocrx_word' id='word_1_687' title='bbox 3309 3006 3396 3060; x_wconf 89' lang='lat' dir='ltr'><strong><em>vel</em></strong></span> 
     </span>
    </p>
   </div>
   <div class='ocr_carea' id='block_1_89' title="bbox 1807 3079 3392 3162">
    <p class='ocr_par' dir='ltr' id='par_1_89' title="bbox 1807 3079 3392 3162">
     <span class='ocr_line' id='line_1_89' title="bbox 1807 3079 3392 3162; baseline 0.012 -30"><span class='ocrx_word' id='word_1_688' title='bbox 1807 3079 2020 3148; x_wconf 85' lang='lat' dir='ltr'><strong><em>dolere,</em></strong></span> <span class='ocrx_word' id='word_1_689' title='bbox 2065 3093 2158 3136; x_wconf 90' lang='lat' dir='ltr'><strong><em>aut</em></strong></span> <span class='ocrx_word' id='word_1_690' title='bbox 2205 3085 2316 3155; x_wconf 85' lang='lat' dir='ltr'><strong><em>ipsc</em></strong></span> <span class='ocrx_word' id='word_1_691' title='bbox 2359 3087 2520 3143; x_wconf 89' lang='lat' dir='ltr'><strong><em>homo</em></strong></span> <span class='ocrx_word' id='word_1_692' title='bbox 2547 3097 2660 3154; x_wconf 89' lang='lat' dir='ltr'><strong><em>est,</em></strong></span> <span class='ocrx_word' id='word_1_693' title='bbox 2693 3089 2829 3146; x_wconf 87' lang='lat' dir='ltr'><strong><em>sicut</em></strong></span> <span class='ocrx_word' id='word_1_694' title='bbox 2880 3093 3266 3162; x_wconf 85' lang='lat' dir='ltr'><strong><em>disseruimus;</em></strong></span> <span class='ocrx_word' id='word_1_695' title='bbox 3298 3081 3392 3152; x_wconf 72' lang='lat' dir='ltr'><strong><em>aui.</em></strong></span> 
     </span>
    </p>
   </div>
   <div class='ocr_carea' id='block_1_90' title="bbox 1809 3169 3390 3256">
    <p class='ocr_par' dir='ltr' id='par_1_90' title="bbox 1809 3169 3390 3256">
     <span class='ocr_line' id='line_1_90' title="bbox 1809 3169 3390 3256; baseline 0.011 -34"><span class='ocrx_word' id='word_1_696' title='bbox 1809 3169 2012 3240; x_wconf 85' lang='lat' dir='ltr'><strong><em>aliquid</em></strong></span> <span class='ocrx_word' id='word_1_697' title='bbox 2039 3173 2232 3226; x_wconf 68' lang='lat' dir='ltr'><strong><em>anisum</em></strong></span> <span class='ocrx_word' id='word_1_698' title='bbox 2255 3177 2396 3245; x_wconf 87' lang='lat' dir='ltr'><strong><em>quod</em></strong></span> <span class='ocrx_word' id='word_1_699' title='bbox 2425 3177 2607 3232; x_wconf 87' lang='lat' dir='ltr'><strong><em>carnis</em></strong></span> <span class='ocrx_word' id='word_1_700' title='bbox 2627 3177 2790 3234; x_wconf 83' lang='lat' dir='ltr'><strong><em>allicit</em></strong></span> <span class='ocrx_word' id='word_1_701' title='bbox 2816 3183 3025 3252; x_wconf 86' lang='lat' dir='ltr'><strong><em>passio,</em></strong></span> <span class='ocrx_word' id='word_1_702' title='bbox 3055 3183 3138 3237; x_wconf 88' lang='lat' dir='ltr'><strong><em>vel</em></strong></span> <span class='ocrx_word' id='word_1_703' title='bbox 3166 3199 3354 3256; x_wconf 88' lang='lat' dir='ltr'><strong><em>aspera</em></strong></span> <span class='ocrx_word' id='word_1_704' title='bbox 3375 3226 3390 3252; x_wconf 95' lang='lat'><strong><em>,</em></strong></span> 
     </span>
    </p>
   </div>
   <div class='ocr_carea' id='block_1_91' title="bbox 1809 3261 3394 3342">
    <p class='ocr_par' dir='ltr' id='par_1_91' title="bbox 1809 3261 3394 3342">
     <span class='ocr_line' id='line_1_91' title="bbox 1809 3261 3394 3342; baseline 0.01 -28"><span class='ocrx_word' id='word_1_705' title='bbox 1809 3269 1868 3315; x_wconf 93' lang='lat' dir='ltr'><strong><em>ut</em></strong></span> <span class='ocrx_word' id='word_1_706' title='bbox 1911 3261 2078 3317; x_wconf 84' lang='lat' dir='ltr'><strong><em>l‘aciat</em></strong></span> <span class='ocrx_word' id='word_1_707' title='bbox 2115 3265 2386 3332; x_wconf 88' lang='lat' dir='ltr'><strong><em>dolorem;</em></strong></span> <span class='ocrx_word' id='word_1_708' title='bbox 2431 3267 2512 3322; x_wconf 89' lang='lat' dir='ltr'><strong><em>vel</em></strong></span> <span class='ocrx_word' id='word_1_709' title='bbox 2561 3269 2732 3336; x_wconf 89' lang='lat' dir='ltr'><strong><em>lenis,</em></strong></span> <span class='ocrx_word' id='word_1_710' title='bbox 2783 3279 2840 3326; x_wconf 87' lang='lat' dir='ltr'><strong><em>ut</em></strong></span> <span class='ocrx_word' id='word_1_711' title='bbox 2889 3271 3240 3342; x_wconf 89' lang='lat' dir='ltr'><strong><em>voluptatem.</em></strong></span> <span class='ocrx_word' id='word_1_712' title='bbox 3285 3271 3394 3330; x_wconf 87' lang='lat' dir='ltr'><strong><em>Sed</em></strong></span> 
     </span>
    </p>
   </div>
   <div class='ocr_carea' id='block_1_92' title="bbox 1805 3355 3393 3420">
    <p class='ocr_par' dir='ltr' id='par_1_92' title="bbox 1805 3355 3393 3420">
     <span class='ocr_line' id='line_1_92' title="bbox 1805 3355 3393 3420; baseline 0.008 -12"><span class='ocrx_word' id='word_1_713' title='bbox 1805 3355 1959 3410; x_wconf 88' lang='lat' dir='ltr'><strong><em>dolor</em></strong></span> <span class='ocrx_word' id='word_1_714' title='bbox 2025 3359 2206 3412; x_wconf 86' lang='lat' dir='ltr'><strong><em>carnis</em></strong></span> <span class='ocrx_word' id='word_1_715' title='bbox 2255 3361 2626 3416; x_wconf 87' lang='lat' dir='ltr'><strong><em>tantummodo</em></strong></span> <span class='ocrx_word' id='word_1_716' title='bbox 2676 3361 2900 3418; x_wconf 85' lang='lat' dir='ltr'><strong><em>oll‘ensio</em></strong></span> <span class='ocrx_word' id='word_1_717' title='bbox 2947 3371 3028 3419; x_wconf 90' lang='lat' dir='ltr'><strong><em>est</em></strong></span> <span class='ocrx_word' id='word_1_718' title='bbox 3076 3363 3270 3420; x_wconf 61' lang='lat' dir='ltr'><strong><em>animus</em></strong></span> <span class='ocrx_word' id='word_1_719' title='bbox 3301 3375 3393 3420; x_wconf 78' lang='lat' dir='ltr'><strong><em>&quot;ex</em></strong></span> 
     </span>
    </p>
   </div>
   <div class='ocr_carea' id='block_1_93' title="bbox 1805 3451 3390 3524">
    <p class='ocr_par' dir='ltr' id='par_1_93' title="bbox 1805 3451 3390 3524">
     <span class='ocr_line' id='line_1_93' title="bbox 1805 3451 3390 3524; baseline 0.006 -22"><span class='ocrx_word' id='word_1_720' title='bbox 1805 3461 1968 3502; x_wconf 83' lang='lat' dir='ltr'><strong><em>carne</em></strong></span> <span class='ocrx_word' id='word_1_721' title='bbox 1987 3489 2001 3512; x_wconf 89' lang='lat'><strong><em>,</em></strong></span> <span class='ocrx_word' id='word_1_722' title='bbox 2042 3457 2096 3502; x_wconf 87' lang='lat' dir='ltr'><strong><em>et</em></strong></span> <span class='ocrx_word' id='word_1_723' title='bbox 2128 3451 2374 3520; x_wconf 72' lang='lat' dir='ltr'><strong><em>quanlam</em></strong></span> <span class='ocrx_word' id='word_1_724' title='bbox 2401 3451 2470 3506; x_wconf 90' lang='lat' dir='ltr'><strong><em>ab</em></strong></span> <span class='ocrx_word' id='word_1_725' title='bbox 2495 3451 2612 3521; x_wconf 89' lang='lat' dir='ltr'><strong><em>ejus</em></strong></span> <span class='ocrx_word' id='word_1_726' title='bbox 2637 3453 3216 3524; x_wconf 75' lang='lat' dir='ltr'><strong><em>passione&#39;dissensio;</em></strong></span> <span class='ocrx_word' id='word_1_727' title='bbox 3247 3457 3390 3512; x_wconf 88' lang='lat' dir='ltr'><strong><em>sicut</em></strong></span> 
     </span>
    </p>
   </div>
   <div class='ocr_carea' id='block_1_94' title="bbox 1807 3541 3391 3618">
    <p class='ocr_par' dir='ltr' id='par_1_94' title="bbox 1807 3541 3391 3618">
     <span class='ocr_line' id='line_1_94' title="bbox 1807 3541 3391 3618; baseline 0.008 -26"><span class='ocrx_word' id='word_1_728' title='bbox 1807 3541 2000 3594; x_wconf 72' lang='lat' dir='ltr'><strong><em>animae</em></strong></span> <span class='ocrx_word' id='word_1_729' title='bbox 2048 3541 2225 3608; x_wconf 88' lang='lat' dir='ltr'><strong><em>dolor,</em></strong></span> <span class='ocrx_word' id='word_1_730' title='bbox 2277 3560 2396 3614; x_wconf 71' lang='lat' dir='ltr'><strong><em>qua:</em></strong></span> <span class='ocrx_word' id='word_1_731' title='bbox 2445 3547 2666 3602; x_wconf 87' lang='lat' dir='ltr'><strong><em>tristitia</em></strong></span> <span class='ocrx_word' id='word_1_732' title='bbox 2719 3557 3076 3618; x_wconf 85' lang='lat' dir='ltr'><strong><em>nuncupatur,</em></strong></span> <span class='ocrx_word' id='word_1_733' title='bbox 3125 3549 3391 3604; x_wconf 89' lang='lat' dir='ltr'><strong><em>dissensio</em></strong></span> 
     </span>
    </p>
   </div>
   <div class='ocr_carea' id='block_1_95' title="bbox 1805 3633 3386 3705">
    <p class='ocr_par' dir='ltr' id='par_1_95' title="bbox 1805 3633 3386 3705">
     <span class='ocr_line' id='line_1_95' title="bbox 1805 3633 3386 3705; baseline 0.004 -19"><span class='ocrx_word' id='word_1_734' title='bbox 1805 3642 1886 3686; x_wconf 88' lang='lat' dir='ltr'><strong><em>est</em></strong></span> <span class='ocrx_word' id='word_1_735' title='bbox 1934 3635 2002 3686; x_wconf 88' lang='lat' dir='ltr'><strong><em>ab</em></strong></span> <span class='ocrx_word' id='word_1_736' title='bbox 2049 3633 2134 3688; x_wconf 89' lang='lat' dir='ltr'><strong><em>his</em></strong></span> <span class='ocrx_word' id='word_1_737' title='bbox 2171 3635 2332 3690; x_wconf 86' lang='lat' dir='ltr'><strong><em>rebus</em></strong></span> <span class='ocrx_word' id='word_1_738' title='bbox 2359 3651 2480 3705; x_wconf 83' lang='lat' dir='ltr'><strong><em>quae</em></strong></span> <span class='ocrx_word' id='word_1_739' title='bbox 2527 3637 2682 3691; x_wconf 89' lang='lat' dir='ltr'><strong><em>nobis</em></strong></span> <span class='ocrx_word' id='word_1_740' title='bbox 2714 3637 3025 3694; x_wconf 89' lang='lat' dir='ltr'><strong><em>nolentibus</em></strong></span> <span class='ocrx_word' id='word_1_741' title='bbox 3051 3639 3386 3695; x_wconf 87' lang='lat' dir='ltr'><strong><em>acciderunt.</em></strong></span> 
     </span>
    </p>
   </div>
   <div class='ocr_carea' id='block_1_96' title="bbox 1806 3721 3388 3802">
    <p class='ocr_par' dir='ltr' id='par_1_96' title="bbox 1806 3721 3388 3802">
     <span class='ocr_line' id='line_1_96' title="bbox 1806 3721 3388 3802; baseline 0.006 -24"><span class='ocrx_word' id='word_1_742' title='bbox 1806 3721 1912 3778; x_wconf 89' lang='lat' dir='ltr'><strong><em>Sed</em></strong></span> <span class='ocrx_word' id='word_1_743' title='bbox 1963 3725 2234 3780; x_wconf 84' lang='lat' dir='ltr'><strong><em>tristitiam</em></strong></span> <span class='ocrx_word' id='word_1_744' title='bbox 2283 3727 2598 3796; x_wconf 88' lang='lat' dir='ltr'><strong><em>plerumque</em></strong></span> <span class='ocrx_word' id='word_1_745' title='bbox 2645 3731 2899 3800; x_wconf 69' lang='lat' dir='ltr'><strong><em>prmcedit</em></strong></span> <span class='ocrx_word' id='word_1_746' title='bbox 2945 3739 3155 3796; x_wconf 85' lang='lat' dir='ltr'><strong><em>metus,</em></strong></span> <span class='ocrx_word' id='word_1_747' title='bbox 3199 3731 3292 3802; x_wconf 88' lang='lat' dir='ltr'><strong><em>qui</em></strong></span> <span class='ocrx_word' id='word_1_748' title='bbox 3331 3739 3388 3788; x_wconf 89' lang='lat' dir='ltr'><strong><em>et</em></strong></span> 
     </span>
    </p>
   </div>
   <div class='ocr_carea' id='block_1_97' title="bbox 1805 3815 3390 3886">
    <p class='ocr_par' dir='ltr' id='par_1_97' title="bbox 1805 3815 3390 3886">
     <span class='ocr_line' id='line_1_97' title="bbox 1805 3815 3390 3886; baseline 0.004 -16"><span class='ocrx_word' id='word_1_749' title='bbox 1805 3815 1922 3886; x_wconf 88' lang='lat' dir='ltr'><strong><em>ipse</em></strong></span> <span class='ocrx_word' id='word_1_750' title='bbox 1961 3817 2014 3870; x_wconf 91' lang='lat' dir='ltr'><strong><em>in</em></strong></span> <span class='ocrx_word' id='word_1_751' title='bbox 2057 3819 2240 3871; x_wconf 88' lang='lat' dir='ltr'><strong><em>anima</em></strong></span> <span class='ocrx_word' id='word_1_752' title='bbox 2277 3827 2388 3884; x_wconf 87' lang='lat' dir='ltr'><strong><em>est,</em></strong></span> <span class='ocrx_word' id='word_1_753' title='bbox 2441 3834 2546 3872; x_wconf 91' lang='lat' dir='ltr'><strong><em>non</em></strong></span> <span class='ocrx_word' id='word_1_754' title='bbox 2589 3819 2642 3872; x_wconf 91' lang='lat' dir='ltr'><strong><em>in</em></strong></span> <span class='ocrx_word' id='word_1_755' title='bbox 2691 3835 2874 3874; x_wconf 88' lang='lat' dir='ltr'><strong><em>carne.</em></strong></span> <span class='ocrx_word' id='word_1_756' title='bbox 2909 3819 3160 3876; x_wconf 89' lang='lat' dir='ltr'><strong><em>Dolorem</em></strong></span> <span class='ocrx_word' id='word_1_757' title='bbox 3209 3831 3390 3878; x_wconf 87' lang='lat' dir='ltr'><strong><em>autem</em></strong></span> 
     </span>
    </p>
   </div>
   <div class='ocr_carea' id='block_1_98' title="bbox 1805 3909 3390 3986">
    <p class='ocr_par' dir='ltr' id='par_1_98' title="bbox 1805 3909 3390 3986">
     <span class='ocr_line' id='line_1_98' title="bbox 1805 3909 3390 3986; baseline 0.006 -24"><span class='ocrx_word' id='word_1_758' title='bbox 1805 3909 1987 3964; x_wconf 89' lang='lat' dir='ltr'><strong><em>carnis</em></strong></span> <span class='ocrx_word' id='word_1_759' title='bbox 2017 3925 2120 3964; x_wconf 88' lang='lat' dir='ltr'><strong><em>non</em></strong></span> <span class='ocrx_word' id='word_1_760' title='bbox 2151 3911 2408 3980; x_wconf 69' lang='lat' dir='ltr'><strong><em>praecedit</em></strong></span> <span class='ocrx_word' id='word_1_761' title='bbox 2451 3911 2588 3966; x_wconf 87' lang='lat' dir='ltr'><strong><em>ullus</em></strong></span> <span class='ocrx_word' id='word_1_762' title='bbox 2627 3909 2780 3982; x_wconf 88' lang='lat' dir='ltr'><strong><em>quasi</em></strong></span> <span class='ocrx_word' id='word_1_763' title='bbox 2829 3923 3003 3970; x_wconf 87' lang='lat' dir='ltr'><strong><em>metus</em></strong></span> <span class='ocrx_word' id='word_1_764' title='bbox 3049 3917 3264 3982; x_wconf 88' lang='lat' dir='ltr'><strong><em>carnis,</em></strong></span> <span class='ocrx_word' id='word_1_765' title='bbox 3297 3917 3390 3986; x_wconf 90' lang='lat' dir='ltr'><strong><em>qui</em></strong></span> 
     </span>
    </p>
   </div>
   <div class='ocr_carea' id='block_1_99' title="bbox 1807 4001 3388 4077">
    <p class='ocr_par' dir='ltr' id='par_1_99' title="bbox 1807 4001 3388 4077">
     <span class='ocr_line' id='line_1_99' title="bbox 1807 4001 3388 4077; baseline 0.006 -23"><span class='ocrx_word' id='word_1_766' title='bbox 1807 4009 1931 4054; x_wconf 87' lang='lat' dir='ltr'><strong><em>ante</em></strong></span> <span class='ocrx_word' id='word_1_767' title='bbox 1966 4001 2206 4056; x_wconf 88' lang='lat' dir='ltr'><strong><em>dolorem</em></strong></span> <span class='ocrx_word' id='word_1_768' title='bbox 2249 4004 2302 4056; x_wconf 92' lang='lat' dir='ltr'><strong><em>in</em></strong></span> <span class='ocrx_word' id='word_1_769' title='bbox 2347 4017 2510 4058; x_wconf 80' lang='lat' dir='ltr'><strong><em>Carne</em></strong></span> <span class='ocrx_word' id='word_1_770' title='bbox 2548 4005 2830 4060; x_wconf 88' lang='lat' dir='ltr'><strong><em>sentiatur.</em></strong></span> <span class='ocrx_word' id='word_1_771' title='bbox 2865 4005 3208 4077; x_wconf 79' lang='lat' dir='ltr'><strong><em>Voluptatem</em></strong></span> <span class='ocrx_word' id='word_1_772' title='bbox 3259 4024 3388 4064; x_wconf 88' lang='lat' dir='ltr'><strong><em>vero</em></strong></span> 
     </span>
    </p>
   </div>
   <div class='ocr_carea' id='block_1_100' title="bbox 1805 4095 3386 4170">
    <p class='ocr_par' dir='ltr' id='par_1_100' title="bbox 1805 4095 3386 4170">
     <span class='ocr_line' id='line_1_100' title="bbox 1805 4095 3386 4170; baseline 0.006 -22"><span class='ocrx_word' id='word_1_773' title='bbox 1805 4095 2060 4164; x_wconf 55' lang='lat' dir='ltr'><strong><em>praecedit</em></strong></span> <span class='ocrx_word' id='word_1_774' title='bbox 2099 4097 2367 4168; x_wconf 83' lang='lat' dir='ltr'><strong><em>appetitus</em></strong></span> <span class='ocrx_word' id='word_1_775' title='bbox 2414 4097 2667 4170; x_wconf 87' lang='lat' dir='ltr'><strong><em>quidam,</em></strong></span> <span class='ocrx_word' id='word_1_776' title='bbox 2715 4099 2806 4170; x_wconf 91' lang='lat' dir='ltr'><strong><em>qui</em></strong></span> <span class='ocrx_word' id='word_1_777' title='bbox 2851 4101 3082 4154; x_wconf 88' lang='lat' dir='ltr'><strong><em>sentitur</em></strong></span> <span class='ocrx_word' id='word_1_778' title='bbox 3121 4101 3176 4155; x_wconf 92' lang='lat' dir='ltr'><strong><em>in</em></strong></span> <span class='ocrx_word' id='word_1_779' title='bbox 3221 4115 3386 4158; x_wconf 90' lang='lat' dir='ltr'><strong><em>carne</em></strong></span> 
     </span>
    </p>
   </div>
   <div class='ocr_carea' id='block_1_101' title="bbox 1805 4187 3385 4262">
    <p class='ocr_par' dir='ltr' id='par_1_101' title="bbox 1805 4187 3385 4262">
     <span class='ocr_line' id='line_1_101' title="bbox 1805 4187 3385 4262; baseline 0.005 -22"><span class='ocrx_word' id='word_1_780' title='bbox 1805 4187 1958 4258; x_wconf 88' lang='lat' dir='ltr'><strong><em>quasi</em></strong></span> <span class='ocrx_word' id='word_1_781' title='bbox 1985 4187 2250 4260; x_wconf 88' lang='lat' dir='ltr'><strong><em>cupiditas</em></strong></span> <span class='ocrx_word' id='word_1_782' title='bbox 2277 4189 2424 4260; x_wconf 85' lang='lat' dir='ltr'><strong><em>ejus,</em></strong></span> <span class='ocrx_word' id='word_1_783' title='bbox 2455 4191 2596 4246; x_wconf 89' lang='lat' dir='ltr'><strong><em>sicut</em></strong></span> <span class='ocrx_word' id='word_1_784' title='bbox 2623 4191 2794 4246; x_wconf 80' lang='lat' dir='ltr'><strong><em>futues</em></strong></span> <span class='ocrx_word' id='word_1_785' title='bbox 2831 4201 2885 4246; x_wconf 87' lang='lat' dir='ltr'><strong><em>et</em></strong></span> <span class='ocrx_word' id='word_1_786' title='bbox 2917 4193 3064 4258; x_wconf 89' lang='lat' dir='ltr'><strong><em>sitis,</em></strong></span> <span class='ocrx_word' id='word_1_787' title='bbox 3095 4201 3148 4248; x_wconf 91' lang='lat' dir='ltr'><strong><em>et</em></strong></span> <span class='ocrx_word' id='word_1_788' title='bbox 3171 4207 3235 4248; x_wconf 84' lang='lat' dir='ltr'><strong><em>ea</em></strong></span> <span class='ocrx_word' id='word_1_789' title='bbox 3265 4207 3385 4262; x_wconf 77' lang='lat' dir='ltr'><strong><em>quae</em></strong></span> 
     </span>
    </p>
   </div>
   <div class='ocr_carea' id='block_1_102' title="bbox 1805 4269 3386 4350">
    <p class='ocr_par' dir='ltr' id='par_1_102' title="bbox 1805 4269 3386 4350">
     <span class='ocr_line' id='line_1_102' title="bbox 1805 4269 3386 4350; baseline 0.008 -18"><span class='ocrx_word' id='word_1_790' title='bbox 1805 4275 1860 4332; x_wconf 87' lang='lat' dir='ltr'><strong><em>in</em></strong></span> <span class='ocrx_word' id='word_1_791' title='bbox 1885 4279 2208 4348; x_wconf 78' lang='lat' dir='ltr'><strong><em>genitalibus</em></strong></span> <span class='ocrx_word' id='word_1_792' title='bbox 2247 4281 2498 4336; x_wconf 88' lang='lat' dir='ltr'><strong><em>usitatius</em></strong></span> <span class='ocrx_word' id='word_1_793' title='bbox 2545 4277 2712 4338; x_wconf 85' lang='lat' dir='ltr'><strong><em>libido</em></strong></span> <span class='ocrx_word' id='word_1_794' title='bbox 2753 4284 3084 4350; x_wconf 89' lang='lat' dir='ltr'><strong><em>nominatur,</em></strong></span> <span class='ocrx_word' id='word_1_795' title='bbox 3115 4269 3236 4340; x_wconf 77' lang='lat' dir='ltr'><strong><em>eum</em></strong></span> <span class='ocrx_word' id='word_1_796' title='bbox 3285 4289 3386 4344; x_wconf 92' lang='lat' dir='ltr'><strong><em>hoc</em></strong></span> 
     </span>
    </p>
   </div>
   <div class='ocr_carea' id='block_1_103' title="bbox 1807 4371 3390 4452">
    <p class='ocr_par' dir='ltr' id='par_1_103' title="bbox 1807 4371 3390 4452">
     <span class='ocr_line' id='line_1_103' title="bbox 1807 4371 3390 4452; baseline 0.008 -27"><span class='ocrx_word' id='word_1_797' title='bbox 1807 4371 1878 4425; x_wconf 88' lang='lat' dir='ltr'><strong><em>sit</em></strong></span> <span class='ocrx_word' id='word_1_798' title='bbox 1905 4373 2156 4443; x_wconf 81' lang='lat' dir='ltr'><strong><em>generale</em></strong></span> <span class='ocrx_word' id='word_1_799' title='bbox 2201 4375 2525 4430; x_wconf 86' lang='lat' dir='ltr'><strong><em>vocabulum</em></strong></span> <span class='ocrx_word' id='word_1_800' title='bbox 2575 4377 2752 4432; x_wconf 85' lang='lat' dir='ltr'><strong><em>omnis</em></strong></span> <span class='ocrx_word' id='word_1_801' title='bbox 2801 4377 3158 4452; x_wconf 89' lang='lat' dir='ltr'><strong><em>cupiditatis.]</em></strong></span> <span class='ocrx_word' id='word_1_802' title='bbox 3191 4379 3232 4452; x_wconf 91' lang='lat'><strong><em>1-</em></strong></span> <span class='ocrx_word' id='word_1_803' title='bbox 3261 4381 3390 4436; x_wconf 83' lang='lat' dir='ltr'><strong><em>item</em></strong></span> 
     </span>
    </p>
   </div>
   <div class='ocr_carea' id='block_1_104' title="bbox 1807 4465 2142 4522">
    <p class='ocr_par' dir='ltr' id='par_1_104' title="bbox 1807 4465 2142 4522">
     <span class='ocr_line' id='line_1_104' title="bbox 1807 4465 2142 4522; baseline 0.009 -2"><span class='ocrx_word' id='word_1_804' title='bbox 1807 4465 2087 4522; x_wconf 76' lang='lat' dir='ltr'><strong><em>subdendo</em></strong></span> <span class='ocrx_word' id='word_1_805' title='bbox 2129 4485 2142 4522; x_wconf 87' lang='lat'>:</span> 
     </span>
    </p>
   </div>
   <div class='ocr_carea' id='block_1_105' title="bbox 2355 4599 2844 4644">
    <p class='ocr_par' dir='ltr' id='par_1_105' title="bbox 2355 4599 2844 4644">
     <span class='ocr_line' id='line_1_105' title="bbox 2355 4599 2844 4644; baseline 0.006 -5"><span class='ocrx_word' id='word_1_806' title='bbox 2355 4601 2582 4642; x_wconf 73' lang='lat' dir='ltr'><strong><em>JOANNES</em></strong></span> <span class='ocrx_word' id='word_1_807' title='bbox 2627 4599 2844 4644; x_wconf 82' lang='lat' dir='ltr'><strong><em>SCOTUS.</em></strong></span> 
     </span>
    </p>
   </div>
   <div class='ocr_carea' id='block_1_106' title="bbox 1881 4695 3388 4774">
    <p class='ocr_par' dir='ltr' id='par_1_106' title="bbox 1881 4695 3388 4774">
     <span class='ocr_line' id='line_1_106' title="bbox 1881 4695 3388 4774; baseline 0.003 -22"><span class='ocrx_word' id='word_1_808' title='bbox 1881 4695 2046 4768; x_wconf 86' lang='lat' dir='ltr'><strong><em>(Cap.</em></strong></span> <span class='ocrx_word' id='word_1_809' title='bbox 2081 4697 2180 4764; x_wconf 77' lang='grc'><strong><em>15,</em></strong></span> <span class='ocrx_word' id='word_1_810' title='bbox 2211 4715 2360 4754; x_wconf 85' lang='lat' dir='ltr'><strong><em>num.</em></strong></span> <span class='ocrx_word' id='word_1_811' title='bbox 2397 4701 2494 4765; x_wconf 77' lang='lat' dir='ltr'><strong><em>l7,</em></strong></span> <span class='ocrx_word' id='word_1_812' title='bbox 2529 4710 2664 4762; x_wconf 89' lang='lat' dir='ltr'><strong><em>sect.</em></strong></span> <span class='ocrx_word' id='word_1_813' title='bbox 2695 4701 2820 4772; x_wconf 78' lang='grc'><strong><em>10.)</em></strong></span> <span class='ocrx_word' id='word_1_814' title='bbox 2851 4711 2892 4758; x_wconf 83' lang='grc' dir='ltr'>Θ</span> <span class='ocrx_word' id='word_1_815' title='bbox 2922 4701 3090 4756; x_wconf 86' lang='lat' dir='ltr'><strong><em>Nulla</em></strong></span> <span class='ocrx_word' id='word_1_816' title='bbox 3133 4701 3388 4774; x_wconf 83' lang='lat' dir='ltr'><strong><em>siquidem</em></strong></span> 
     </span>
    </p>
   </div>
   <div class='ocr_carea' id='block_1_107' title="bbox 1807 4789 3386 4866">
    <p class='ocr_par' dir='ltr' id='par_1_107' title="bbox 1807 4789 3386 4866">
     <span class='ocr_line' id='line_1_107' title="bbox 1807 4789 3386 4866; baseline 0.005 -24"><span class='ocrx_word' id='word_1_817' title='bbox 1807 4789 2086 4844; x_wconf 86' lang='lat' dir='ltr'><strong><em>rationalis</em></strong></span> <span class='ocrx_word' id='word_1_818' title='bbox 2116 4799 2308 4845; x_wconf 86' lang='lat' dir='ltr'><strong><em>natura</em></strong></span> <span class='ocrx_word' id='word_1_819' title='bbox 2331 4802 2438 4856; x_wconf 88' lang='lat' dir='ltr'><strong><em>est,</em></strong></span> <span class='ocrx_word' id='word_1_820' title='bbox 2467 4811 2586 4864; x_wconf 58' lang='lat' dir='ltr'><strong><em>qua?</em></strong></span> <span class='ocrx_word' id='word_1_821' title='bbox 2605 4811 2710 4849; x_wconf 87' lang='lat' dir='ltr'><strong><em>non</em></strong></span> <span class='ocrx_word' id='word_1_822' title='bbox 2739 4795 2856 4850; x_wconf 81' lang='lat' dir='ltr'><strong><em>velit</em></strong></span> <span class='ocrx_word' id='word_1_823' title='bbox 2893 4795 3072 4866; x_wconf 80' lang='lat' dir='ltr'><strong><em>fugere</em></strong></span> <span class='ocrx_word' id='word_1_824' title='bbox 3102 4795 3386 4860; x_wconf 87' lang='lat' dir='ltr'><strong><em>miseriam,</em></strong></span> 
     </span>
    </p>
   </div>
   <div class='ocr_carea' id='block_1_108' title="bbox 1805 4882 3390 4958">
    <p class='ocr_par' dir='ltr' id='par_1_108' title="bbox 1805 4882 3390 4958">
     <span class='ocr_line' id='line_1_108' title="bbox 1805 4882 3390 4958; baseline 0.004 -22"><span class='ocrx_word' id='word_1_825' title='bbox 1805 4889 1854 4936; x_wconf 85' lang='lat' dir='ltr'><strong><em>et</em></strong></span> <span class='ocrx_word' id='word_1_826' title='bbox 1875 4882 2140 4952; x_wconf 77' lang='lat' dir='ltr'><strong><em>pervenire</em></strong></span> <span class='ocrx_word' id='word_1_827' title='bbox 2161 4883 2228 4936; x_wconf 88' lang='lat' dir='ltr'><strong><em>ad</em></strong></span> <span class='ocrx_word' id='word_1_828' title='bbox 2252 4883 2622 4940; x_wconf 86' lang='lat' dir='ltr'><strong><em>beatitudinem</em></strong></span> <span class='ocrx_word' id='word_1_829' title='bbox 2639 4927 2654 4952; x_wconf 92' lang='lat'><strong><em>,</em></strong></span> <span class='ocrx_word' id='word_1_830' title='bbox 2683 4897 2774 4941; x_wconf 90' lang='lat' dir='ltr'><strong><em>aut</em></strong></span> <span class='ocrx_word' id='word_1_831' title='bbox 2797 4895 3008 4958; x_wconf 83' lang='lat' dir='ltr'><strong><em>gustata</em></strong></span> <span class='ocrx_word' id='word_1_832' title='bbox 3033 4887 3278 4942; x_wconf 85' lang='lat' dir='ltr'><strong><em>beatitate</em></strong></span> <span class='ocrx_word' id='word_1_833' title='bbox 3309 4903 3390 4950; x_wconf 56' lang='lat' dir='ltr'><strong><em>ne:</em></strong></span> 
     </span>
    </p>
   </div>
   <div class='ocr_carea' id='block_1_109' title="bbox 1803 4969 2660 5048">
    <p class='ocr_par' dir='ltr' id='par_1_109' title="bbox 1803 4969 2660 5048">
     <span class='ocr_line' id='line_1_109' title="bbox 1803 4969 2660 5048; baseline 0.008 -22"><span class='ocrx_word' id='word_1_834' title='bbox 1803 4969 1866 5026; x_wconf 84' lang='lat' dir='ltr'><strong><em>lit</em></strong></span> <span class='ocrx_word' id='word_1_835' title='bbox 1895 4973 2130 5030; x_wconf 86' lang='lat' dir='ltr'><strong><em>recedere</em></strong></span> <span class='ocrx_word' id='word_1_836' title='bbox 2157 4977 2500 5048; x_wconf 83' lang='lat' dir='ltr'><strong><em>miseramque</em></strong></span> <span class='ocrx_word' id='word_1_837' title='bbox 2529 4995 2660 5034; x_wconf 85' lang='lat' dir='ltr'><strong><em>esse.</em></strong></span> 
     </span>
    </p>
   </div>
   <div class='ocr_carea' id='block_1_110' title="bbox 2447 5107 2764 5150">
    <p class='ocr_par' dir='ltr' id='par_1_110' title="bbox 2447 5107 2764 5150">
     <span class='ocr_line' id='line_1_110' title="bbox 2447 5107 2764 5150; baseline 0 -2"><span class='ocrx_word' id='word_1_838' title='bbox 2447 5107 2764 5150; x_wconf 77' lang='lat' dir='ltr'><strong><em>CORRECTIO.</em></strong></span> 
     </span>
    </p>
   </div>
   <div class='ocr_carea' id='block_1_111' title="bbox 1877 5205 3386 5284">
    <p class='ocr_par' dir='ltr' id='par_1_111' title="bbox 1877 5205 3386 5284">
     <span class='ocr_line' id='line_1_111' title="bbox 1877 5205 3386 5284; baseline 0.003 -23"><span class='ocrx_word' id='word_1_839' title='bbox 1877 5205 1918 5278; x_wconf 82' lang='lat'><strong><em>1-</em></strong></span> <span class='ocrx_word' id='word_1_840' title='bbox 1955 5205 2064 5262; x_wconf 87' lang='lat' dir='ltr'><strong><em>Cur</em></strong></span> <span class='ocrx_word' id='word_1_841' title='bbox 2087 5223 2192 5263; x_wconf 91' lang='lat' dir='ltr'><strong><em>non</em></strong></span> <span class='ocrx_word' id='word_1_842' title='bbox 2219 5211 2452 5266; x_wconf 87' lang='lat' dir='ltr'><strong><em>attendis</em></strong></span> <span class='ocrx_word' id='word_1_843' title='bbox 2478 5205 2750 5266; x_wconf 87' lang='lat' dir='ltr'><strong><em>diabolum</em></strong></span> <span class='ocrx_word' id='word_1_844' title='bbox 2787 5217 2842 5265; x_wconf 87' lang='lat' dir='ltr'><strong><em>et</em></strong></span> <span class='ocrx_word' id='word_1_845' title='bbox 2884 5209 3104 5282; x_wconf 84' lang='lat' dir='ltr'><strong><em>angelos</em></strong></span> <span class='ocrx_word' id='word_1_846' title='bbox 3139 5209 3254 5282; x_wconf 81' lang='lat' dir='ltr'><strong><em>ejus</em></strong></span> <span class='ocrx_word' id='word_1_847' title='bbox 3289 5227 3386 5284; x_wconf 66' lang='grc' dir='ltr'><strong><em>ευρ</em></strong></span> 
     </span>
    </p>
   </div>
   <div class='ocr_carea' id='block_1_112' title="bbox 1809 5289 3391 5388">
    <p class='ocr_par' dir='ltr' id='par_1_112' title="bbox 1809 5289 3391 5388">
     <span class='ocr_line' id='line_1_112' title="bbox 1809 5289 3391 5388; baseline 0.004 -35"><span class='ocrx_word' id='word_1_848' title='bbox 1809 5307 1950 5382; x_wconf 71' lang='lat' dir='ltr'><strong><em>stata</em></strong></span> <span class='ocrx_word' id='word_1_849' title='bbox 1999 5299 2255 5376; x_wconf 70' lang='lat' dir='ltr'><strong><em>beatitatc</em></strong></span> <span class='ocrx_word' id='word_1_850' title='bbox 2297 5303 2600 5360; x_wconf 86' lang='lat' dir='ltr'><strong><em>voluntarie</em></strong></span> <span class='ocrx_word' id='word_1_851' title='bbox 2673 5305 2996 5372; x_wconf 88' lang='lat' dir='ltr'><strong><em>recessisse,</em></strong></span> <span class='ocrx_word' id='word_1_852' title='bbox 3057 5289 3391 5388; x_wconf 79' lang='lat' dir='ltr'><strong><em>miserosque</em></strong></span> 
     </span>
    </p>
   </div>
   <div class='ocr_carea' id='block_1_113' title="bbox 1807 5385 3388 5466">
    <p class='ocr_par' dir='ltr' id='par_1_113' title="bbox 1807 5385 3388 5466">
     <span class='ocr_line' id='line_1_113' title="bbox 1807 5385 3388 5466; baseline 0.007 -25"><span class='ocrx_word' id='word_1_853' title='bbox 1807 5385 1981 5460; x_wconf 68' lang='lat' dir='ltr'><strong><em>factos</em></strong></span> <span class='ocrx_word' id='word_1_854' title='bbox 2011 5408 2284 5462; x_wconf 86' lang='lat' dir='ltr'><strong><em>nunquam</em></strong></span> <span class='ocrx_word' id='word_1_855' title='bbox 2325 5409 2356 5446; x_wconf 87' lang='lat' dir='ltr'><strong><em>a</em></strong></span> <span class='ocrx_word' id='word_1_856' title='bbox 2385 5393 2600 5448; x_wconf 86' lang='lat' dir='ltr'><strong><em>miseria</em></strong></span> <span class='ocrx_word' id='word_1_857' title='bbox 2631 5393 2766 5450; x_wconf 89' lang='lat' dir='ltr'><strong><em>velle</em></strong></span> <span class='ocrx_word' id='word_1_858' title='bbox 2809 5385 3300 5466; x_wconf 27' lang='lat' dir='ltr'><strong><em>recedere,&#39;neque</em></strong></span> <span class='ocrx_word' id='word_1_859' title='bbox 3321 5395 3388 5452; x_wconf 88' lang='lat' dir='ltr'><strong><em>ad</em></strong></span> 
     </span>
    </p>
   </div>
   <div class='ocr_carea' id='block_1_114' title="bbox 1731 5481 3390 5564">
    <p class='ocr_par' dir='ltr' id='par_1_114' title="bbox 1731 5481 3390 5564">
     <span class='ocr_line' id='line_1_114' title="bbox 1731 5481 3390 5564; baseline 0.005 -26"><span class='ocrx_word' id='word_1_860' title='bbox 1731 5535 1734 5538; x_wconf 89' lang='lat'><strong><em>.</em></strong></span> <span class='ocrx_word' id='word_1_861' title='bbox 1815 5481 2204 5541; x_wconf 86' lang='lat' dir='ltr'><strong><em>beatitudinem</em></strong></span> <span class='ocrx_word' id='word_1_862' title='bbox 2233 5487 2545 5556; x_wconf 89' lang='lat' dir='ltr'><strong><em>pervenire;</em></strong></span> <span class='ocrx_word' id='word_1_863' title='bbox 2571 5488 2806 5564; x_wconf 82' lang='lat' dir='ltr'><strong><em>maxime</em></strong></span> <span class='ocrx_word' id='word_1_864' title='bbox 2835 5489 3047 5544; x_wconf 90' lang='lat' dir='ltr'><strong><em>dicente</em></strong></span> <span class='ocrx_word' id='word_1_865' title='bbox 3071 5489 3300 5544; x_wconf 88' lang='lat' dir='ltr'><strong><em>Domino</em></strong></span> <span class='ocrx_word' id='word_1_866' title='bbox 3321 5489 3390 5546; x_wconf 87' lang='lat' dir='ltr'><strong><em>ad</em></strong></span> 
     </span>
    </p>
   </div>
   <div class='ocr_carea' id='block_1_115' title="bbox 1813 5571 3385 5656">
    <p class='ocr_par' dir='ltr' id='par_1_115' title="bbox 1813 5571 3385 5656">
     <span class='ocr_line' id='line_1_115' title="bbox 1813 5571 3385 5656; baseline 0.005 -28"><span class='ocrx_word' id='word_1_867' title='bbox 1813 5571 1946 5628; x_wconf 82' lang='lat' dir='ltr'><strong><em>Job:</em></strong></span> <span class='ocrx_word' id='word_1_868' title='bbox 1977 5574 2080 5640; x_wconf 84' lang='lat' dir='ltr'><strong><em>Qui</em></strong></span> <span class='ocrx_word' id='word_1_869' title='bbox 2105 5577 2276 5646; x_wconf 81' lang='lat' dir='ltr'><strong><em>factus</em></strong></span> <span class='ocrx_word' id='word_1_870' title='bbox 2301 5589 2374 5632; x_wconf 88' lang='lat' dir='ltr'><strong><em>est</em></strong></span> <span class='ocrx_word' id='word_1_871' title='bbox 2403 5589 2456 5632; x_wconf 89' lang='lat' dir='ltr'><strong><em>ut</em></strong></span> <span class='ocrx_word' id='word_1_872' title='bbox 2483 5580 2686 5634; x_wconf 85' lang='lat' dir='ltr'><strong><em>nullum</em></strong></span> <span class='ocrx_word' id='word_1_873' title='bbox 2713 5583 2912 5636; x_wconf 90' lang='lat' dir='ltr'><strong><em>timeret</em></strong></span> <span class='ocrx_word' id='word_1_874' title='bbox 2961 5583 3084 5654; x_wconf 82' lang='lat' dir='ltr'><strong><em>(Job</em></strong></span> <span class='ocrx_word' id='word_1_875' title='bbox 3119 5601 3204 5640; x_wconf 81' lang='lat' dir='ltr'><strong><em>xu</em></strong></span> <span class='ocrx_word' id='word_1_876' title='bbox 3225 5623 3241 5652; x_wconf 90' lang='lat'><strong><em>,</em></strong></span> <span class='ocrx_word' id='word_1_877' title='bbox 3267 5583 3385 5656; x_wconf 70' lang='grc'><strong><em>24).</em></strong></span> 
     </span>
    </p>
   </div>
   <div class='ocr_carea' id='block_1_116' title="bbox 1817 5669 3382 5758">
    <p class='ocr_par' dir='ltr' id='par_1_116' title="bbox 1817 5669 3382 5758">
     <span class='ocr_line' id='line_1_116' title="bbox 1817 5669 3382 5758; baseline 0.006 -34"><span class='ocrx_word' id='word_1_878' title='bbox 1817 5669 1970 5724; x_wconf 87' lang='lat' dir='ltr'><strong><em>Unde</em></strong></span> <span class='ocrx_word' id='word_1_879' title='bbox 1999 5669 2188 5726; x_wconf 84' lang='lat' dir='ltr'><strong><em>beatus</em></strong></span> <span class='ocrx_word' id='word_1_880' title='bbox 2210 5671 2506 5744; x_wconf 84' lang='lat' dir='ltr'><strong><em>Gregorius</em></strong></span> <span class='ocrx_word' id='word_1_881' title='bbox 2531 5675 2586 5730; x_wconf 90' lang='lat' dir='ltr'><strong><em>in</em></strong></span> <span class='ocrx_word' id='word_1_882' title='bbox 2601 5675 2913 5742; x_wconf 85' lang='lat' dir='ltr'><strong><em>Moralibus,</em></strong></span> <span class='ocrx_word' id='word_1_883' title='bbox 2941 5677 3078 5734; x_wconf 88' lang='lat' dir='ltr'><strong><em>libro</em></strong></span> <span class='ocrx_word' id='word_1_884' title='bbox 3107 5678 3382 5758; x_wconf 82' lang='lat' dir='ltr'><strong><em>trigesimo</em></strong></span> 
     </span>
    </p>
   </div>
   <div class='ocr_carea' id='block_1_117' title="bbox 1813 5763 3382 5839">
    <p class='ocr_par' dir='ltr' id='par_1_117' title="bbox 1813 5763 3382 5839">
     <span class='ocr_line' id='line_1_117' title="bbox 1813 5763 3382 5839; baseline 0.01 -26"><span class='ocrx_word' id='word_1_885' title='bbox 1813 5773 2007 5830; x_wconf 86' lang='lat' dir='ltr'><strong><em>quarto</em></strong></span> <span class='ocrx_word' id='word_1_886' title='bbox 2036 5763 2176 5836; x_wconf 85' lang='lat' dir='ltr'><strong><em>(cap.</em></strong></span> <span class='ocrx_word' id='word_1_887' title='bbox 2195 5763 2280 5836; x_wconf 70' lang='lat'><strong><em>~17)</em></strong></span> <span class='ocrx_word' id='word_1_888' title='bbox 2307 5783 2318 5818; x_wconf 94' lang='lat'>:</span> <span class='ocrx_word' id='word_1_889' title='bbox 2349 5763 2570 5839; x_wconf 82' lang='lat' dir='ltr'><strong><em>[Factus</em></strong></span> <span class='ocrx_word' id='word_1_890' title='bbox 2591 5779 2667 5824; x_wconf 88' lang='lat' dir='ltr'><strong><em>est</em></strong></span> <span class='ocrx_word' id='word_1_891' title='bbox 2689 5781 2906 5839; x_wconf 83' lang='lat' dir='ltr'><strong><em>ergo,ut</em></strong></span> <span class='ocrx_word' id='word_1_892' title='bbox 2933 5771 3136 5826; x_wconf 87' lang='lat' dir='ltr'><strong><em>nullum</em></strong></span> <span class='ocrx_word' id='word_1_893' title='bbox 3162 5773 3382 5830; x_wconf 86' lang='lat' dir='ltr'><strong><em>timeret.</em></strong></span> 
     </span>
    </p>
   </div>
   <div class='ocr_carea' id='block_1_118' title="bbox 1813 5847 3387 5938">
    <p class='ocr_par' dir='ltr' id='par_1_118' title="bbox 1813 5847 3387 5938">
     <span class='ocr_line' id='line_1_118' title="bbox 1813 5847 3387 5938; baseline 0.008 -28"><span class='ocrx_word' id='word_1_894' title='bbox 1813 5855 2026 5912; x_wconf 86' lang='lat' dir='ltr'><strong><em>Nullum</em></strong></span> <span class='ocrx_word' id='word_1_895' title='bbox 2055 5857 2329 5926; x_wconf 83' lang='lat' dir='ltr'><strong><em>videlicet,</em></strong></span> <span class='ocrx_word' id='word_1_896' title='bbox 2381 5861 2506 5932; x_wconf 89' lang='lat' dir='ltr'><strong><em>quia</em></strong></span> <span class='ocrx_word' id='word_1_897' title='bbox 2549 5879 2650 5920; x_wconf 89' lang='lat' dir='ltr'><strong><em>nec</em></strong></span> <span class='ocrx_word' id='word_1_898' title='bbox 2693 5847 3016 5932; x_wconf 69' lang='lat' dir='ltr'><strong><em>Deum,sed</em></strong></span> <span class='ocrx_word' id='word_1_899' title='bbox 3065 5883 3240 5938; x_wconf 83' lang='lat' dir='ltr'><strong><em>neque</em></strong></span> <span class='ocrx_word' id='word_1_900' title='bbox 3281 5867 3387 5922; x_wconf 83' lang='lat' dir='ltr'><strong><em>hoc</em></strong></span> 
     </span>
    </p>
   </div>
  </div>
