4010 6352
925 261 929 266 .
1019 259 1095 285 3’.
1757 256 2224 285 ._...,.,,,,.<J.m
2265 270 2272 276 _
2333 257 2340 264 .

523 377 665 436 1223

1515 371 1574 429 S.
1615 367 1986 429 PRUDENTII
2022 359 2405 422 TRECENSIS
2437 355 2748 417 EPISCOPI

3649 351 3786 408 1224

429 519 432 524 -
521 491 665 564 quod
694 502 953 562 passurus
979 493 1063 543 est
1089 482 1300 541 metuit.
1324 482 1422 539 Cui
1449 482 1662 538 felicius
1692 479 1946 535 nimirum
1977 476 2098 531 fue-
2126 482 2177 542 Α
2271 474 2463 528 Annon
2507 480 2627 526 erat
2667 477 2859 524 natura
2916 468 3070 534 Cain,
3111 461 3124 470 ’
3147 467 3235 538 qui
3279 466 3492 538 primus
3537 468 3791 522 omnium

523 592 611 640 rat
629 581 869 640 timendo
895 581 1065 634 vitane
1088 577 1350 648 supplicia
1370 617 1382 640 ,
1407 591 1567 646 quam
1597 589 1706 627 non
1737 572 1974 626 timendo
2015 577 2096 624 to-

522 676 730 740 lerare;
761 671 1054 742 appetitum
1091 669 1275 738 itaque
1315 665 1652 724 celsitudinis
1675 665 1837 720 vertit
1871 663 1925 717 in
1953 662 2096 733 rigo-

525 783 642 824 rem
666 765 864 821 mentis
881 804 896 828 ,
921 771 982 816 ut
1005 761 1288 817 damnatus
1316 760 1429 830 jam
1465 773 1562 830 per
1588 757 1842 812 duritiam
1873 769 1934 810 se
1959 753 2099 808 male

526 872 647 912 esse
677 855 798 929 [al.,
829 851 1027 926 egisse]
1057 867 1165 907 non
1194 851 1428 916 sentiat,
1458 849 1551 920 qui
1584 861 1815 918 praeesse
1852 847 1949 916 per
1981 844 2098 916 glo-

528 947 662 1004 riam
692 944 986 1015 quzerehat.
1033 942 1201 1007 Nam,
1243 941 1368 1010 quia
1408 939 1498 1010 jus
1543 937 1780 1008 quaesitae
1815 933 2100 1005 potestatis

529 1055 637 1095 non
675 1037 938 1104 obtinuit,
985 1035 1141 1106 quasi
1181 1034 1451 1104 quoddam
1479 1031 1744 1102 superbia:
1787 1043 1900 1085 suae
1927 1041 2103 1083 reme-

530 1131 675 1186 dium
711 1129 976 1184 insaniam
1005 1124 1431 1182 insensihilitatis
1473 1123 1790 1187 invenit,~et
1829 1120 1955 1190 quia
1983 1134 2082 1189 pro

531 1221 671 1278 fectu
704 1219 1005 1292 transgredi
1027 1224 1220 1274 cuncta
1249 1231 1356 1271 non
1378 1215 1587 1286 potuit,
1613 1213 1867 1282 despectu
1894 1227 1952 1266 se
1973 1225 2097 1266 con-

531 1321 612 1366 tra
634 1320 828 1367 cuncta
843 1306 1210 1381 praeparavit.]
1233 1308 1272 1376 -ι-
1295 1306 1352 1360 ιιι
1372 1306 1562 1362 eodem
1581 1303 1873 1374 Gregorius
1888 1299 2098 1373 (lbid.):

528 1403 636 1459 Cor
660 1402 776 1470 ejus
819 1401 1161 1456 indurabitur
1201 1398 1352 1468 quasi
1395 1397 1561 1467 lapis,
1589 1411 1686 1452 cor
1724 1395 1868 1450 enim
1899 1392 2105 1462 antiqui

531 1492 703 1548 hostis
741 1500 800 1546 ut
825 1491 960 1560 lapis
989 1489 1348 1553 indurabitur,
1379 1485 1504 1555 quia
1535 1484 1684 1539 nulla
1710 1497 1950 1553 unquam
1975 1496 2104 1536 con-

528 1584 792 1640 versionis
821 1582 1138 1654 pmnitentia
1167 1579 1452 1635 mollietur.
1481 1577 1521 1648 ἰ-
1549 1577 1623 1632 De
1643 1591 1748 1646 qua
1785 1590 1844 1630 re
1869 1573 1995 1644 quia
2023 1573 2101 1627 in-

529 1677 884 1748 sequentibus
911 1675 1081 1732 multa
1109 1672 1483 1747 prosequeris,
1529 1678 1585 1726 et
1618 1685 1718 1726 nos
1761 1667 1982 1724 interim
2018 1664 2102 1721 fa-

529 1778 690 1824 vente
715 1768 943 1824 Domino
968 1767 1317 1837 respiremus.

1126 1877 1352 1937 CAPUT
1391 1876 1530 1932 XVI.

483 2015 497 2028 .
529 1975 608 2031 De
631 1991 691 2030 eo
715 1973 856 2046 quod
875 1971 1023 2028 nulla
1052 1981 1244 2052 natura
1265 1980 1506 2052 naturam
1527 1968 1699 2052 punit,
1728 1973 1775 2020 et
1804 1963 1945 2019 nihil.
1964 1961 2110 2018 aliud

673 2061 783 2100 esse
800 2061 977 2116 poenas
997 2051 1350 2114 peccatorum,
1374 2046 1476 2094 nisi
1502 2046 1716 2110 peccata
1743 2052 1946 2091 eorum.

603 2155 800 2210 Sextus
841 2152 1080 2208 decimus
1120 2148 1525 2220 phantasiarum
1583 2152 1797 2198 tuarum
1845 2143 2040 2198 horror
2079 2153 2112 2195 ιι

532 2246 785 2311 veritate,
825 2252 987 2312 atque
1024 2239 1349 2296 auctoritate
1406 2235 1612 2292 Veteris
1654 2243 1710 2288 et
1760 2232 1894 2287 Novi
1923 2231 2114 2286 Testa-

533 2339 700 2395 menti
749 2336 1055 2393 omnimodo
1112 2331 1451 2391 convincitur
1501 2328 1724 2384 alienus.
1794 2326 1873 2381 lta
1917 2325 2114 2397 quippe

531 2431 684 2486 virus
715 2439 818 2485 tua:
841 2426 1079 2500 perfidiae
1106 2425 1340 2481 cuditur.

1084 2531 1307 2573 JOANNSS
1338 2528 1552 2570 SCO'I'US.

603 2608 783 2683 (Num.
821 2610 871 2664 1.
910 2609 963 2665 in
991 2607 1081 2679 Τ.)
1113 2617 1154 2664 Θ
1179 2606 1258 2662 De
1289 2623 1349 2662 eo
1375 2604 1514 2676 quod
1557 2601 1703 2657 nulla
1742 2609 1931 2656 natura
1964 2607 2118 2653 natu-

533 2717 648 2754 ram
669 2701 838 2773 punit,
879 2709 927 2754 et
959 2697 1090 2752 nihil
1119 2696 1265 2750 aliud
1300 2710 1409 2750 esse
1435 2709 1609 2765 pinnas
1631 2699 1981 2762 peccatorum,
2014 2687 2117 2742 nisi
2181 2721 2183 2724 ι

532 2788 746 2851 peccata
768 2794 969 2835 eorum.

1158 2859 1478 2903 COBRECTIO.

604 2936 660 3010 f
692 2939 844 3008 Quod
866 2940 1007 2994 Deus
1026 2938 1215 3010 puniat
1241 2945 1574 3007 peccatores,
1603 2947 1793 2990 omnes
1813 2930 2118 2987 divinorum

535 3032 868 3104 eloquiorum
892 3031 1098 3104 pagina:
1125 3037 1408 3084 testantur.
1442 3025 1618 3096 Negas
1642 3039 1770 3096 ergo
1795 3022 1962 3077 Deum
1998 3033 2121 3076 esse

2199 561 2504 618 mortalium
2544 559 2758 615 invidiae
2793 558 3002 613 facibus
3049 573 3306 613 accensus
3349 557 3575 611 fratrem
3629 572 3792 610 suum

2196 652 2436 710 occidit?
2471 651 2608 705 Audi
2641 649 2875 720 qualiter
2919 658 2974 702 et
3013 649 3124 718 ipse
3149 649 3371 718 punitus
3402 649 3510 704 sit:
3535 647 3796 717 Dixitque

2196 744 2265 798 ad
2287 759 2402 796 eum
2425 741 2717 796 Dominus:
2743 739 2881 806 Quid
2909 740 3078 810 fecisti
3101 742 3125 793 ?
3164 755 3261 793 vox
3285 741 3562 808 sanguinis
3605 739 3799 808 fratris

2197 835 2273 890 tui
2294 833 2485 888 clamat
2508 836 2576 886 ad
2605 848 2684 886 me
2710 831 2774 886 de
2799 843 2940 884 terra
2966 847 2985 884 :
3017 829 3174 884 Nunc
3203 845 3323 900 ergo
3346 829 3670 882 maledictus
3694 831 3800 884 eris

2197 943 2352 998 super
2365 937 2582 990 terram,
2612 939 2729 995 qua:
2750 924 2955 993 aperuit
2976 938 3034 976 os
3055 938 3207 976 suum
3229 931 3278 975 et
3307 920 3534 990 suscepit
3575 923 3804 990 sangui-

2201 1035 2316 1074 nem
2353 1017 2533 1087 fratris
2574 1016 2650 1069 tui
2691 1015 2755 1069 de
2803 1031 2966 1068 manu
3005 1023 3096 1066 tua
3125 1026 3144 1064 :
3169 1009 3301 1066 Cum
3338 1021 3596 1082 operatus
3631 1012 3804 1080 fueris

2199 1127 2333 1173 eam,
2382 1125 2486 1164 non
2508 1108 2653 1162 dabit
2675 1107 2879 1177 fructus
2921 1122 3082 1160 suos:
3107 1121 3267 1176 vagus
3311 1118 3360 1159 et
3387 1103 3658 1174 profugus
3699 1105 3803 1157 eris

2202 1215 2358 1270 super
2393 1207 2609 1254 terram.
2679 1195 3108 1268 DixitquexCain
3142 1196 3210 1249 ad
3245 1194 3534 1248 Dominum
3564 1208 3586 1245 :
3619 1193 3808 1262 Major

2203 1303 2277 1349 est
2313 1293 2558 1364 iniquitas
2605 1307 2718 1346 mea
2742 1305 2901 1362 quam
2934 1297 2990 1343 ut
3020 1289 3222 1344 veniam
3247 1303 3471 1342 merear.
3519 1285 3670 1339 Ecce
3709 1285 3810 1353 (ᾗ.

2204 1387 2306 1440 cies
2330 1401 2409 1438 me
2429 1383 2581 1438 hodie
2617 1399 2650 1436 a
2675 1382 2810 1452 facie
2833 1391 3007 1446 terrar,
3045 1389 3093 1434 et
3115 1397 3147 1434 a
3172 1379 3306 1448 facie
3331 1388 3422 1432 tua
3467 1377 3809 1441 abscondat,

2205 1486 2253 1532 et
2290 1492 2377 1530 ero
2410 1491 2571 1546 vagus
2621 1482 2668 1528 et
2706 1472 2962 1544 profugus
3004 1471 3219 1526 interra
3247 1483 3266 1522 :
3291 1469 3463 1524 omnis
3486 1469 3684 1539 igitur,
3717 1469 3810 1538 qui

2205 1563 2454 1619 invenerit
2500 1577 2580 1616 me
2637 1561 2833 1616 occidet
2894 1575 2996 1614 me.
3055 1557 3303 1628 Dixitque
3351 1560 3399 1612 ei
3461 1557 3740 1611 Dominus
3791 1575 3810 1610 :

2208 1653 2554 1724 Nequaquam
2583 1652 2658 1706 ita
2698 1652 2788 1721 ﬁet
2806 1670 2826 1717 ,'
2870 1650 2961 1704 sed
3007 1650 3173 1704 omnis
3214 1653 3305 1720 qui
3334 1648 3596 1702 occiderit
3648 1646 3808 1714 Cain,

2206 1742 2499 1816 septuplum
2532 1743 2796 1812 punietur.
2819 1738 3110 1812 Posuitque
3123 1740 3380 1796 Dominus
3396 1738 3541 1793 Cain
3561 1740 3807 1811 signum,

2131 1834 2182 1896 B
2207 1847 2265 1891 ut
2328 1853 2430 1892 non
2457 1853 2575 1892 eum
2617 1835 2931 1904 interﬁceret
2999 1835 3170 1890 omnis
3208 1835 3298 1904 qui
3343 1833 3638 1888 invenisset
3691 1850 3809 1886 enni

2211 1927 2361 2002 (Gen.
2409 1943 2482 1993 tv,
2532 1926 2737 1998 10-15).
2784 1925 2919 1982 [tem
2947 1942 2962 1978 :
2987 1923 3235 1996 Dixitque
3275 1922 3508 1977 Lamech
3549 1924 3812 1976 uxoribus

2209 2021 2319 2076 suis
2341 2019 2471 2074 Adae
2509 2028 2558 2073 et
2579 2016 2735 2073 Sella:
2769 2033 2788 2072 :
2818 2015 3012 2070 Audite
3043 2031 3217 2070 vocem
3239 2029 3432 2078 meam,
3478 2029 3688 2066 uxores
3711 2011 3814 2064 La-

2212 2115 2380 2180 mech,
2424 2111 2713 2166 auscultate
2734 2125 3024 2165 sermonem
3043 2123 3212 2162 meum
3235 2107 3496 2177 quoniam
3522 2105 3702 2158 occidi
3736 2105 3812 2158 ri-

2213 2221 2326 2260 rum
2360 2205 2413 2259 in
2439 2202 2630 2259 vulnus
2665 2219 2860 2268 meum,
2910 2209 2957 2255 et
2999 2197 3443 2254 adolescentulum
3493 2199 3556 2252 in
3589 2197 3812 2251 livorem

2213 2313 2383 2352 meum
2409 2313 2428 2362 ;
2469 2294 2759 2366 septuplum
2783 2292 2913 2347 ultio
2936 2290 3148 2346 dabitur
3175 2290 3239 2345 de
3265 2289 3422 2354 Cain,
3467 2291 3539 2343 de
3578 2289 3812 2343 Lamech

2213 2405 2332 2443 vero
2372 2388 2660 2458 septuagies
2699 2387 2884 2457 septies
2909 2383 3061 2456 (Gen.
3101 2399 3180 2450 IV,
3216 2381 3454 2452 25,24).
3505 2381 3692 2436 Audis
3720 2397 3815 2451 ρας

2213 2479 2444 2545 nientes,
2487 2478 2640 2533 audis
2665 2475 2914 2548 punitos;
2938 2483 2993 2531 et
3025 2473 3192 2530 audes
3214 2473 3443 2544 gannire
3470 2480 3684 2526 natura
3709 2486 3816 2526 non

2215 2567 2394 2640 puniri
2418 2575 2668 2623 naturam
2689 2566 2712 2620 ?

2229 2821 2236 2826 ἡ
2288 2750 2395 2807 Aut
2420 2749 2585 2822 igitur
2611 2747 2804 2806 falsum
2825 2753 2912 2802 est
2939 2743 3082 2814 quod
3103 2757 3270 2800 verax
3307 2739 3612 2811 Scriptura
3647 2748 3818 2794 testa-

2217 2852 2330 2910 tur,
2356 2851 2413 2897 et
2440 2856 2626 2897 verum
2651 2842 2756 2895 erit
2783 2837 2926 2907 quod
2949 2835 3112 2891 fallax
3141 2835 3288 2890 ﬁctio
3323 2831 3818 2895 comminiscimr;

2218 2944 2312 2992 aut
2339 2936 2385 2992 si
2407 2934 2717 2990 nullatenus
2742 2931 2880 2986 ratio
2909 2927 3148 2986 admittit
3176 2926 3436 2982 Veritatis
3461 2923 3821 2994 Scriptum

2218 3042 2378 3104 posse
2402 3025 2639 3090 mentiri,
2664 3023 2907 3094 sequitur
2935 3035 3030 3092 per
3051 3019 3234 3075 omnia
3276 3017 3476 3072 falsum
3511 3032 3649 3072 esse
3675 3017 3820 3086 quod

538 3132 785 3179 naturam
821 3125 912 3192 qui
955 3120 1128 3191 punit,
1169 3128 1225 3174 et
1253 3116 1471 3188 angelos
1498 3122 1789 3188 apostatas,
1837 3121 1998 3183 atque
2021 3111 2119 3165 bo-
2157 3187 2189 3192 _
2223 3129 2315 3176 tua
2344 3117 2554 3174 falsitas
2594 3114 2886 3171 adinvenit.
2912 3111 3106 3166 Annon
3133 3117 3219 3166 est
3243 3117 3460 3172 natura,
3499 3108 3604 3177 qui
3647 3107 3818 3161 dicit:

538 3215 715 3272 mines
744 3187 1194 3284 transgressores,
1243 3187 1380 3280 quos
1415 3187 1589 3279 punit.
1645 3204 1780 3259 Nam
1809 3201 1878 3259 de
1903 3199 2115 3256 diabolo

2220 3211 2412 3268 Delebo
2444 3208 2726 3273 hominem,
2765 3221 2917 3279 quem
2945 3204 3133 3269 creari,
3159 3221 3191 3257 a
3233 3201 3370 3273 facie
3407 3211 3596 3266 terrae,
3632 3201 3706 3253 ab
3728 3199 3822 3252 ho-

539 3322 637 3380 pcr
666 3305 978 3378 prophetam
1029 3303 1096 3358 ad
1126 3302 1294 3356 Deum
1327 3299 1524 3356 dicitur
1565 3315 1580 3351 :
1624 3293 1879 3366 Nunquid
1923 3307 2027 3346 non
2060 3300 2119 3344 tu

539 3397 837 3471 percussisti
850 3395 1149 3467 superbum,
1167 3391 1451 3448 vulnerasti
1473 3386 1782 3443 draconem?
1799 3383 1930 3457 (Isa.
1948 3399 2024 3450 LI,
2038 3381 2118 3454 9.)

539 3489 607 3546 Et
642 3489 803 3544 item:
844 3485 923 3542 Tu
958 3484 1244 3540 humiliasti
1279 3487 1411 3538 sicut
1461 3480 1792 3536 vulneratum
1819 3476 2118 3548 superbum.

541 3579 610 3635 In
639 3577 850 3632 brachio
874 3577 1076 3632 virtutis
1101 3585 1205 3631 tute
1228 3573 1518 3644 dispersisti
1540 3570 1778 3626 inimicos
1801 3578 1916 3623 tuos
1939 3564 2119 3640 (Psal.

547 3686 812 3737 Lxxxvut,
835 3667 946 3740 11).
986 3668 1058 3724 Et
1081 3682 1297 3722 rursum
1323 3684 1336 3720 :
1381 3664 1459 3720 Tu
1485 3663 1783 3733 confregisti
1804 3661 1976 3732 capita
1997 3660 2122 3712 dra-

539 3765 684 3819 conis
711 3779 729 3818 :
752 3762 943 3817 dedisti
977 3776 1095 3816 eum
1125 3775 1298 3814 escam
1341 3755 1546 3829 papulis
1581 3754 1894 3824 {Ethiopum
1946 3749 2121 3822 (Psal.

540 3873 732 3924 Lxxnt,
774 3856 887 3926 M).
938 3853 1189 3909 Pbccanti
1216 3866 1346 3906 vero
1371 3849 1575 3905 homini
1598 3848 1801 3903 dictum
1824 3854 1908 3900 est
1935 3845 2125 3915 utique

539 3964 571 4002 a
599 3947 707 4003 Deo
733 3964 748 4002 :
787 3945 1074 4001 Maledicta
1103 3953 1243 4002 terra
1295 3942 1353 3994 in
1389 3956 1540 4011 opere
1571 3949 1660 3992 tuo
1697 3935 1850 4009 (Gen.
1879 3952 1960 4003 ιιι,
1992 3935 2122 4006 17);

541 4037 674 4092 Cum
723 4045 968 4108 operatus
1013 4034 1176 4104 fueris
1222 4047 1360 4096 eam,
1423 4046 1528 4084 non
1565 4028 1708 4082 dabit
1759 4025 1961 4097 fructus
2000 4040 2124 4079 suos

542 4129 696 4200 (Gen.
727 4145 798 4193 Iv,
846 4128 959 4200 12).
991 4127 1182 4198 Spinas
1213 4134 1259 4180 et
1293 4121 1513 4177 tribulos
1545 4120 1853 4192 germinabit
1894 4119 2025 4172 tibi:
2055 4117 2124 4171 In

2219 3303 2356 3359 mine
2383 3316 2545 3372 usque
2585 3298 2652 3353 ad
2683 3296 2995 3358 animantia.
3027 3311 3059 3348 a
3084 3291 3254 3363 reptili
3280 3307 3442 3362 usque
3466 3291 3544 3343 ad
3577 3293 3822 3344 volucres

2219 3396 2356 3452 cali.
2381 3393 2605 3449 Paenitet
2631 3392 2769 3446 enim
2811 3406 2890 3444 me
2920 3389 3102 3459 fecisse
3141 3403 3227 3441 eos
3270 3399 3287 3437 :
3317 3385 3386 3440 Et
3421 3383 3573 3438 infra
3613 3401 3631 3438 :
3669 3381 3824 3436 Finis

2219 3488 2477 3542 universa:
2506 3481 2681 3537 carnis
2724 3480 2858 3535 venit
2907 3492 3082 3531 coram
3128 3491 3209 3529 me
3243 3488 3262 3527 :
3293 3473 3498 3544 repleta
3551 3484 3636 3527 est
3687 3483 3824 3526 terra

2221 3577 2496 3649 iniquitate
2535 3591 2568 3627 a
2609 3571 2743 3642 facie
2769 3584 2972 3633 eorum,
2995 3575 3041 3621 et
3083 3581 3174 3635 ego
3201 3563 3516 3634 disperdam
3566 3580 3666 3617 eos
3707 3579 3822 3616 cas

2221 3683 2381 3725 terra.
2412 3667 2480 3722 Et
2509 3678 2761 3720 rursum:
2793 3659 2928 3714 Ecce
2955 3675 3046 3729 ego
3091 3656 3353 3710 adducam
3395 3655 3593 3710 diluvii
3655 3674 3821 3725 aquas

2222 3776 2377 3832 super
2397 3769 2612 3824 terram,
2644 3763 2700 3809 ut
2728 3753 3039 3822 interﬁciant
3076 3765 3277 3804 onmem
3321 3764 3568 3815 carnem,
3613 3751 3675 3803 in
3726 3766 3822 3821 qua

2222 3853 2439 3924 spiritus
2474 3851 2592 3904 vita:
2613 3857 2687 3902 est
2717 3847 2894 3900 subter
2915 3843 3120 3897 uelum.
3135 3840 3410 3905 Unitversa,
3431 3856 3560 3909 qua:
3579 3841 3644 3893 in
3687 3850 3822 3894 terra

2223 3953 2365 4008 sunt,
2411 3949 2781 4006 consumentur
2817 3935 2969 4008 (Gen.
3024 3949 3112 3999 γι,
3154 3932 3210 3998 7,
3260 3931 3359 3995 15,
3417 3932 3549 4003 17).
3609 3933 3686 3986 Et
3729 3934 3824 3986 ite-

2223 4050 2342 4089 rum
2376 4052 2389 4087 :
2418 4033 2650 4103 Cumque
2687 4028 2993 4084 transissent
3031 4034 3224 4096 septem
3261 4024 3394 4088 dies,
3439 4040 3608 4094 aqum
3641 4024 3824 4076 Αὔειτξὶ

2223 4126 2608 4182 inundaverant
2651 4137 2808 4192 super
2855 4129 3049 4194 terram
3078 4133 3097 4172 :
3146 4115 3408 4188 Ruptique
3463 4124 3598 4168 sunt
3645 4132 3824 4169 omnes

539 4219 730 4272 sudore
751 4218 921 4275 uultus
941 4219 1019 4272 tui
1065 4216 1303 4272 comedes
1327 4229 1515 4286 panem
1549 4221 1694 4266 tuum
1722 4211 1920 4265 cunctis
1941 4209 2115 4264 diebus

2226 4222 2390 4291 fontes
2421 4219 2596 4290 abyssi
2620 4233 2844 4288 magnis,
2873 4225 2920 4270 et
2945 4224 3224 4270 cataractae
3241 4212 3353 4267 ειειὶ
3369 4223 3576 4282 aperta:
3597 4224 3758 4278 sunt,
3779 4223 3826 4267 et

540 4311 659 4365 υίιίε
688 4319 814 4374 λίπ’
875 4310 1038 4364 donec
1093 4307 1365 4363 ’θυεηανίεῖ
1405 4307 1459 4378 in
1505 4313 1700 4357 “"“m
1741 4301 1804 4356 de
1825 4317 1929 4371 qua
1950 4316 2094 4355 ωιτη·-
2182 4309 2188 4314 ’
2227 4315 2382 4386 facta
2403 4322 2524 4368 sunt
2545 4311 2736 4382 pluvia:
2773 4325 2929 4379 super
2950 4318 3144 4362 terram
3173 4304 3534 4378 quadraginta
3557 4305 3757 4359 diebus
3779 4315 3824 4359 et

543 4409 664 4472 ptus
702 4415 789 4464 es,
851 4399 975 4470 quia
1016 4398 1182 4470 pulvis
1223 4415 1308 4464 es,
1371 4407 1419 4451 et
1460 4397 1518 4450 in
1551 4392 1810 4464 pulverem
1857 4393 2115 4449 reverterit

2224 4405 2576 4478 quadraginta
2589 4396 3012 4472 noctibus-(Gen.
3040 4415 3134 4464 vn,
3161 4397 3245 4463 10,
3276 4397 3365 4461 ll,
3392 4395 3509 4467 12).
3539 4396 3613 4451 Et
3641 4397 3785 4451 inin
3808 4411 3826 4448 :

542 4488 695 4563 (θεηο
726 4504 810 4600 ιιξῖ
838 4489 1058 4600 ίδναίθξ·
1092 4487 1461 4600 Αυάίδιυθυῖη
1489 4485 1802 4591 Ρξιηίθιηθω
1827 4484 2097 4591 homin?!“
2145 4537 2200 4600 Β
2228 4494 2533 4562 Quindecim
2560 4493 2748 4546 cubitis
2777 4490 2933 4544 altior
2953 4490 3052 4559 fuit
3073 4505 3210 4560 aqua
3234 4503 3391 4557 super
3429 4498 3672 4553 montes,
3700 4503 3828 4556 quas

540 4600 646 4656 que
665 4583 954 4655 punitum?
991 4591 1046 4639 et
1071 4598 1177 4638 non
1211 4582 1384 4638 solum
1404 4580 1697 4645 hominem,
1731 4595 1918 4635 verum
1957 4579 2122 4635 etiam

543 4684 744 4734 terram
787 4677 842 4732 in
872 4691 1088 4748 penam
1116 4675 1259 4732 illius
1285 4675 1578 4746 punitam?
1625 4685 1681 4732 et
1715 4692 1879 4748 negas
1927 4687 2121 4733 natura

539 4771 720 4844 puniri
765 4778 1012 4828 naturam
1041 4770 1056 4823 Ξ
1097 4768 1232 4825 ltem
1267 4770 1401 4825 dixit
1426 4769 1688 4828 Dominus
1723 4771 1866 4828 Deus
1901 4772 1967 4826 ad
2005 4786 2122 4827 ser-

540 4871 756 4934 pentem
787 4879 802 4918 :
843 4862 983 4929 Quia
1017 4860 1184 4931 fecisti
1209 4861 1326 4927 hoc,
1361 4861 1671 4917 maledictus
1689 4878 1742 4916 es
1779 4863 1916 4916 inter
1942 4862 2120 4917 omnia

542 4954 833 5009 animantia
859 4963 906 5007 et
929 4952 1116 5007 bestias
1139 4962 1289 5007 terra:
1307 4966 1326 5004 .'
1359 4951 1530 5024 Super
1545 4962 1722 5020 pectus
1747 4962 1894 5006 tuum
1911 4952 2120 5022 gradie-

543 5047 637 5114 ris,
673 5057 720 5102 et
760 5056 956 5102 terram
982 5046 1220 5100 comedes
1250 5047 1456 5100 cunctis
1479 5045 1660 5099 diebus
1695 5045 1953 5099 vitatum.
2005 5043 2122 5098 Ini-

543 5139 767 5192 micitias
786 5152 977 5208 ponam
997 5136 1134 5190 inter
1161 5144 1210 5189 te
1257 5145 1305 5189 et
1336 5133 1631 5200 mulierem,
1683 5145 1730 5188 et
1756 5151 1928 5188 semen
1973 5144 2122 5188 tuum

544 5240 593 5284 et
623 5244 797 5284 semen
836 5227 980 5281 illius
1011 5227 1159 5297 :ipsa
1185 5235 1408 5280 conteret
1440 5233 1594 5294 caput
1633 5233 1800 5290 tuum,
1836 5235 1884 5278 et
1905 5234 1960 5279 tu
1989 5225 2120 5279 insi-

543 5319 772 5374 diaberis
816 5317 1061 5374 calcaneo
1084 5317 1199 5387 ejus
1223 5312 1378 5387 (Gen.
1407 5330 1488 5380 ιιι,
1519 5313 1628 5385 11).
1678 5313 1884 5369 Mulieri
1907 5331 2120 5387 quoque

546 5411 683 5467 dixit
714 5428 727 5465 :
763 5409 1124 5480 Multiplicabo
1153 5424 1414 5462 (erumnas
1438 5418 1555 5462 tuas
1581 5416 1628 5461 et
1651 5417 1924 5477 conceptus
1962 5419 2076 5463 tuos
2099 5427 2119 5466 :

541 5504 603 5562 in
653 5504 833 5560 dolore
871 5503 1041 5573 paries
1085 5500 1246 5570 filios,
1287 5509 1333 5554 et
1361 5501 1457 5555 sub
1489 5500 1586 5554 viri
1623 5508 1871 5571 potestate
1905 5503 2027 5566 eris,
2074 5510 2122 5555 et

545 5599 655 5669 ipse
697 5597 1050 5652 dominabitur
1075 5596 1149 5649 tui
1187 5593 1338 5668 (Gen.
1385 5610 1471 5661 ιιι,
1499 5594 1613 5667 16).
1668 5594 1839 5650 Audis
1879 5594 2123 5665 punitum

549 5689 822 5758 angelum,
873 5689 1183 5759 pariterque
1212 5687 1474 5742 feminam
1507 5704 1522 5754 ;
1550 5696 1606 5745 et
1641 5687 1889 5744 diffiteris
1935 5693 2124 5740 natura

547 5776 730 5852 puniri
757 5786 1000 5834 naturam
1031 5781 1045 5832 !

2228 4595 2522 4660 operuerat.
2547 4583 2865 4654 Consumpta
2892 4593 2967 4638 est
3008 4582 3173 4637 omnis
3195 4595 3318 4634 caro
3357 4595 3479 4649 qum
3511 4580 3828 4633 monebatur

2227 4696 2384 4752 super
2397 4688 2610 4740 terram,
2644 4675 2931 4739 volucrum,
2956 4673 3322 4736 animantium,
3354 4670 3682 4734 bestiarum,
3719 4687 3828 4725 on-

2229 4773 2474 4840 niumque
2497 4767 2909 4839 reptilium,qute
2932 4773 3132 4835 reptant
3153 4779 3310 4833 super
3327 4770 3556 4827 terram,
3581 4762 3822 4815 imit-arsi

2225 4863 2479 4927 homines,
2503 4869 2550 4915 et
2590 4868 2776 4914 cuncta
2807 4859 2862 4912 in
2902 4856 3086 4928 quibus
3114 4854 3433 4925 spiraculum
3459 4852 3590 4906 vita
3639 4863 3742 4915 est,
3769 4854 3822 4904 in

2227 4964 2368 5009 terra
2385 4962 2592 5006 mortua
2611 4960 2751 5006 sunt.
2789 4948 2858 5003 Et
2878 4946 3061 5002 delevit
3080 4962 3280 5000 omnem
3308 4944 3676 5000 substantias!
3706 4960 3822 5015 qua

2230 5055 2341 5102 erat
2365 5061 2521 5116 super
2541 5053 2754 5107 terram,
2779 5041 2844 5094 ab
2873 5039 3078 5093 homine
3108 5052 3267 5107 usque
3287 5035 3355 5088 ad
3379 5051 3570 5105 pecus,
3589 5046 3710 5088 tam
3743 5052 3822 5088 re-

2228 5136 2356 5210 ptile
2375 5152 2536 5208 quam
2561 5133 2794 5188 volucres
2817 5130 2965 5194 caeli;
2993 5139 3039 5183 et
3067 5127 3235 5182 deleta
3253 5135 3373 5181 sunt
3398 5126 3462 5180 de
3491 5136 3644 5181 terra
3663 5126 3819 5199 (Gen.

2230 5245 2329 5294 vn,
2349 5228 2438 5292 20,
2453 5223 2774 5296 21,22,215).
2803 5221 2941 5290 Quid
2963 5219 3298 5274 manifestius
3319 5227 3415 5272 aut
3437 5220 3660 5275 certius
3673 5235 3824 5290 qum-

2230 5320 2404 5375 ritur?
2423 5319 2565 5372 Deus
2586 5317 2769 5386 utique
2784 5324 2978 5368 natura
2995 5320 3079 5366 est
3098 5301 3435 5380 incorporea,
3453 5311 3824 5366 incommuta-

2228 5410 2373 5476 bilis,
2401 5409 2770 5478 omnipotens,
2799 5403 3152 5473 sempiterna,
3173 5401 3410 5457 creatrix
3434 5401 3677 5456 aliarum
3705 5419 3822 5458 om-

2233 5503 2382 5558 nium
2413 5509 2744 5562 naturarum,
2773 5494 3137 5566 corporalium
3169 5502 3331 5563 atque
3360 5494 3818 5564 incorporalia,

2233 5604 2289 5652 et
2341 5593 2702 5648 mutabilium.
2731 5590 2872 5645 Ecce
2901 5603 3065 5643 verax
3088 5585 3366 5656 Scriptura
3403 5587 3576 5641 Deum
3615 5587 3820 5642 clamat

2233 5683 2497 5740 delevisse
2524 5689 2804 5736 creaturas
2831 5678 3132 5741 hominum,
3166 5674 3468 5741 volucrum,
3512 5677 3816 5731 bestiarum

2236 5783 2396 5843 atque
2421 5770 2711 5842 reptilium,
2743 5784 2861 5838 quae
2899 5769 3023 5838 quia
3057 5756 3272 5822 mentiri
3302 5780 3586 5834 nunquam
3617 5773 3814 5836 potest,
