4010 6352
96 355 260 409 12ὶὸ

973 359 1061 414 DE
1097 356 1773 415 PRIEDESTINATIONE
1812 356 2089 414 CONTRA
2128 359 2177 415 J.
2222 357 2523 417 SCOTUM.

3235 359 3374 422 1226

105 467 420 526 certissime
450 482 550 524 nos
583 469 739 524 docet
767 470 1012 535 credere,
1045 478 1102 524 et
1126 469 1296 525 libere
1319 467 1566 524 confiteri
1596 481 1693 522 na-
1719 473 1770 534 Α
1801 466 1995 522 ιΙιωιιιη
2021 467 2175 540 (Cap.
2205 485 2281 536 ιιι,
2309 469 2428 541 28.)
2460 470 2532 524 ita
2564 470 2832 526 edisserit.
2867 469 3162 541 (Duplieent
3193 481 3377 527 autem

102 570 318 627 turam,
339 561 534 630 punire
560 569 831 616 naturam.

198 655 332 723 Quae
383 664 564 711 tamen
608 655 820 726 punitio
861 657 916 711 in
965 655 1289 726 quibusdam
1345 653 1693 710 abolitionem

97 750 498 814 omnimodam,
537 749 590 803 in
643 749 965 819 quibusdam
998 748 1382 819 temporariam
1415 753 1690 816 operatur.

98 844 243 899 Nam
269 842 567 898 animantia
597 842 825 898 rationis
846 842 1090 914 expertia
1117 841 1426 897 omnimode
1445 839 1693 896 consumi
1722 897 1728 906 κ

99 940 250 993 ratio
277 945 332 994 et
361 935 660 992 auctoritas
684 934 956 999 indicant;
1002 932 1296 988 rationales
1327 938 1695 1015 verocreatu—

96 1045 198 1086 ras
228 1044 336 1085 non
365 1027 698 1092 omnimodo,
734 1025 812 1080 ita
855 1033 917 1079 ut
967 1039 1075 1078 non
1103 1024 1211 1079 sint
1243 1037 1466 1078 :verum
1517 1022 1590 1076 ita
1636 1028 1696 1076 ut

91 1121 246 1192 justo
271 1136 334 1176 ac
367 1133 603 1188 congrue
630 1132 728 1189 pro
750 1116 924 1172 modis
955 1115 1057 1171 sibi
1085 1113 1517 1184 competentibus
1542 1111 1694 1168 ordi-

97 1223 248 1268 nata:
285 1221 447 1282 atque
472 1209 727 1279 iudicatae
771 1208 882 1264 sint
932 1206 1148 1276 quidem
1178 1219 1278 1276 per
1305 1204 1690 1269 substantiam,

95 1303 199 1359 sed
249 1319 356 1358 non
407 1302 518 1357 sint
559 1315 658 1371 per
700 1298 1154 1363 misericordiam,
1180 1313 1375 1368 quam,
1422 1297 1477 1351 in
1516 1295 1694 1365 paenis

97 1393 317 1447 meritis
355 1391 688 1455 constitutae,
716 1404 994 1459 nunquam
1030 1389 1290 1458 consequi
1317 1386 1692 1442 merebuntur.

95 1480 306 1550 Nempe
335 1481 503 1550 ignem
538 1489 585 1533 et
618 1477 840 1548 sulphur
865 1477 1000 1548 pluit
1039 1477 1298 1533 Dominus
1318 1495 1350 1531 α
1371 1476 1619 1541 Domino,
1644 1483 1693 1529 et

95 1571 421 1639 consumpsit
453 1569 686 1622 homines
709 1578 763 1622 et
787 1569 966 1622 omnia
1007 1585 1125 1639 qua:
1148 1568 1360 1638 fuerant
1399 1569 1455 1621 in
1491 1565 1693 1621 Penta-

91 1660 210 1731 poli
234 1659 384 1732 (Cen.
415 1677 539 1724 xix,
565 1660 690 1731 24);
723 1661 776 1714 in
812 1671 890 1716 tot
917 1661 1088 1732 plagis
1111 1676 1142 1714 a
1169 1660 1399 1715 Domino
1433 1661 1486 1714 in
1528 1659 1694 1731 Egy-

95 1752 245 1822 ptios
275 1752 718 1823 illatis,'semper
767 1753 1031 1808 Dominus
1078 1754 1291 1818 facere,
1324 1761 1380 1808 et
1422 1762 1688 1808 creaturae

1799 574 1918 615 esse
1966 562 2268 628 gehennam
2303 563 2456 617 nimii
2488 563 2629 632 ignis
2663 572 2718 617 et
2759 544 2975 635 frigoris
3023 566 3076 617 in
3126 563 3227 620 Job
3271 555 3382 635 plei

1798 650 2024 707 nissime
2061 652 2308 724 legimus.
2346 655 2386 723 ’ξι
2413 653 2558 710 Beda
2605 671 2658 709 in
2699 655 3035 725 expositione
3085 655 3377 711 Parabola-

1799 758 1918 798 rum
1981 743 2284 801 Salomonis
2343 745 2457 816 (lib.
2520 763 2604 812 ιιι,
2675 739 2794 816 cap.
2864 747 2926 801 51
2990 747 3045 800 in
3108 747 3305 817 medio)
3361 765 3374 802 :

1801 834 1928 892 Non
1979 839 2175 893 timebit
2226 839 2404 892 domui
2471 856 2582 893 sua:
2629 856 2661 892 a
2711 839 2991 910 frigoribus
3044 838 3173 894 nivis
3205 856 3224 894 :
3255 855 3380 910 pos-

1798 939 1927 986 sunt
1975 941 2155 986 autem
2215 930 2412 1002 frigora
2459 932 2601 988 nivis
2643 932 2804 987 etiam
2862 939 3128 988 tormenta
3177 943 3379 987 aeterna

1799 1022 2064 1095 intelligi,
2119 1040 2239 1095 quae
2295 1027 2418 1096 igne
2481 1032 2536 1080 et
2597 1024 2796 1094 frigore
2850 1025 3006 1080 mista
3073 1041 3194 1082 esse
3251 1025 3382 1097 legi-

1799 1127 1940 1168 mus.
1993 1113 2129 1169 Cum
2184 1113 2424 1170 dicitur:
2472 1113 2559 1168 Ibi
2597 1116 2750 1185 ﬂetus
2806 1124 2854 1170 et
2902 1115 3100 1171 stridor
3147 1117 3379 1171 dentium

1799 1205 2014 1279 (Matth.
2045 1223 2164 1275 vin,
2198 1208 2285 1280 12)
2309 1249 2323 1276 ,
2354 1207 2535 1264 fletum
2566 1211 2762 1280 quippe
2789 1209 2983 1275 oculis,
3034 1211 3174 1282 ignis
3204 1220 3259 1266 et
3297 1209 3381 1264 fn-

1797 1315 1944 1366 mus,
1968 1300 2255 1357 stridorem
2291 1317 2421 1357 vero
2467 1303 2718 1358 dentibus
2755 1303 2890 1359 solet
2921 1303 3089 1374 frigus
3136 1305 3375 1377 gignere.

1801 1391 1956 1448 Unde
2002 1403 2057 1449 et
2099 1393 2290 1451 beatus
2313 1394 2414 1452 Job
2441 1395 2507 1450 de
2533 1397 2710 1465 ptenis
2750 1398 3103 1468 reproborum
3153 1397 3380 1469 loquens

1797 1487 2016 1543 aeternis
2049 1505 2062 1541 ε
2093 1489 2176 1542 Ad
2215 1488 2463 1557 calorem,
2494 1489 2688 1560 inquit,
2731 1491 2950 1544 nimium
2995 1500 3262 1546 transeant
3314 1493 3379 1546 ab

1797 1579 1948 1647 aquis
1980 1579 2175 1634 nivium
2198 1579 2320 1653 (Job
2368 1597 2516 1646 “tv,
2549 1581 2685 1655 19).]
2715 1582 2755 1653 οξ-
2787 1582 2882 1638 Sin
2909 1598 3037 1638 vero
3061 1585 3249 1639 eadem
3277 1585 3378 1639 du-

1796 1667 1915 1739 plex
1949 1683 2108 1739 poena
2135 1685 2242 1726 non
2290 1671 2358 1727 ad
2405 1671 2672 1743 duplicem
2722 1669 3082 1728 substantiam
3127 1690 3282 1744 aquae
3325 1683 3380 1730 et

1795 1759 1937 1830 ignis
1956 1801 1972 1827 ,
2001 1761 2094 1816 sed
2114 1762 2184 1818 ad
2214 1778 2395 1829 unam,
2422 1764 2671 1819 videlicet
2707 1764 2848 1836 ignis
2887 1765 3168 1822 referenda
3200 1767 3380 1836 potius

94 1843 314 1898 Domini
367 1844 699 1900 voluntatem
745 1853 1106 1916 exsequentes
1154 1845 1504 1900 inducuntur.
1547 1844 1689 1900 Num
1716 1839 1767 1900 Β
1793 1851 2122 1920 aestimatur,
2174 1861 2382 1923 potest,
2421 1856 2718 1911 secundum
2767 1855 3071 1926 Philippum
3103 1856 3378 1927 presbyte-

93 1941 260 1988 erant
285 1941 492 1990 natura:
537 1935 706 1991 maris
733 1934 905 1990 Rubri
945 1933 1167 2001 fluenta,
1192 1950 1312 2004 qua“:
1346 1935 1708 1998 Pharaonem,

92 2035 154 2081 et
181 2025 297 2094 ejus
323 2027 625 2083 exercitum
649 2027 1042 2084 interfecerunt
1067 2028 1266 2097 (Exod.
1299 2045 1410 2094 xxv,
1427 2029 1686 2099 28)?Non

93 2128 257 2174 erant
285 2128 493 2176 natura:
521 2121 664 2192 ignis
690 2121 746 2176 in
774 2135 960 2178 eremo
1011 2131 1315 2193 serpentes,
1344 2132 1400 2178 et
1424 2124 1687 2178 exterrui-

93 2217 284 2274 nator,
310 2209 402 2279 qui
443 2218 521 2266 tot
566 2211 844 2267 hominum
871 2211 1038 2267 millia
1080 2213 1684 2286 peremerunt?(Num.

91 2315 217 2365 xxi,
250 2298 304 2362 6,
333 2298 365 2352 7
411 2300 554 2371 seq.)
621 2300 728 2358 Sed
773 2303 902 2374 quid
938 2305 1006 2360 de
1051 2303 1350 2376 Scripturis
1379 2314 1524 2361 tanta
1553 2321 1684 2362 con-

97 2387 216 2456 geri
244 2401 466 2444 necesse
495 2390 612 2445 est?
635 2406 759 2446 cum
785 2390 928 2447 facta
968 2393 1282 2462 quotidiana
1327 2410 1428 2450 nos
1459 2395 1689 2452 doceant

93 2491 378 2546 numquam
431 2487 687 2535 naturam
732 2481 838 2536 nisi
885 2492 1080 2538 natura
1119 2499 1124 2503 ‘
1139 2484 1339 2553 puniri.
1383 2485 1493 2540 Aut
1540 2486 1687 2541 enim

82 2569 212 2638 ipse
250 2568 480 2625 Creator
517 2579 838 2628 naturarum
864 2574 1107 2644 ,rebelles
1148 2576 1249 2631 sibi
1295 2584 1457 2647 atque
1502 2578 1689 2634 inobe—

91 2661 311 2717 dientes
356 2671 580 2720 naturas
631 2665 926 2722 rationales
971 2677 1102 2722 nutu
1158 2668 1688 2738 onmipotentissimo

87 2753 255 2824 punit
293 2765 386 2811 aut
422 2756 712 2828 aliquando
756 2759 1071 2829 manifesto,
1117 2761 1407 2833 aliquando
1449 2763 1684 2832 occulto,

86 2861 374 2916 nunquam
423 2857 605 2906 tamen
655 2848 856 2920 injuste
900 2852 1104 2924 judicio
1153 2862 1378 2910 naturas
1411 2862 1624 2912 creatas
1654 2872 1686 2912 a

87 2939 306 2993 naturis
337 2939 534 2996 creatis
563 2941 918 3012 punirijubet
946 2943 1030 2999 vel
1059 2945 1208 3001 sinit.

168 3025 420 3098 Nunquid
462 3030 626 3087 homo
670 3033 948 3089 hominem
995 3034 1358 3105 interficiens,
1386 3046 1482 3094 aut
1508 3039 1684 3096 bestia

85 3119 351 3187 bestiam,
379 3121 466 3177 vel
495 3123 610 3179 avis
628 3138 801 3189 avem,
831 3140 928 3181 seu
954 3125 1095 3198 ignis
1124 3127 1286 3200 ligna,
1317 3129 1433 3186 sive
1452 3128 1681 3198 ferrum,

1792 1957 1913 1996 rum
1944 1941 2348 2013 explanatorem
2395 1947 2541 2001 beati
2569 1943 2688 2010 Job,
2721 1954 2776 2000 et
2805 1945 2882 2000 ita
2914 1945 3165 2016 intelligi,
3191 1947 3282 2015 qui
3314 1947 3380 2000 de

1789 2035 2107 2092 memoratis
2139 2036 2283 2092 beati
2305 2035 2406 2093 Job
2444 2037 2626 2120 verbis
2669 2037 2744 2093 ita
2769 2037 2983 2094 locutus
3029 2045 3116 2093 est
3141 2036 3230 2109 (in
3251 2037 3373 2100 Job,

1789 2123 1881 2205 lib.
1909 2141 1969 2191 ιι,
1997 2141 2047 2183 c.
2087 2126 2182 2193 24,
2205 2128 2306 2184 sub
2330 2128 2539 2201 finem).

1863 2215 2063 2289 [Quasi
2095 2218 2230 2274 duas
2252 2219 2528 2291 gehennas
2553 2231 2773 2280 sanctus
2805 2227 2908 2284 Job
2947 2228 3129 2286 dicere
3164 2217 3378 2288 videtur

1746 2328 1749 2330 ·
1790 2308 1932 2380 ignis
1973 2317 2028 2364 et
2083 2309 2320 2380 frigoris,
2351 2326 2451 2382 per
2493 2328 2628 2384 quas
2668 2316 2938 2387 diabolus,
2989 2321 3278 2380 haereticus
3323 2335 3380 2381 et

1788 2399 1952 2455 homo
1979 2400 2174 2470 impius
2198 2413 2576 2472 commutetur,
2607 2422 2728 2463 cum
2757 2408 2810 2464 in
2831 2411 3121 2484 Evangelio
3146 2414 3376 2486 duplicis

1788 2489 1950 2558 hujus
1997 2506 2173 2561 poenae
2203 2493 2306 2548 sibi
2361 2495 2640 2554 dissimilis
2691 2503 3073 2560 auctoritatem
3124 2521 3234 2563 non
3281 2509 3378 2565 ha-

1788 2582 2034 2639 beamus.
2059 2583 2280 2640 Certum
2301 2587 2519 2656 quidem
2543 2600 2755 2648 estnon
2782 2595 2961 2650 minus
2983 2613 3146 2668 quam
3172 2600 3376 2671 in.igne

1790 2688 1912 2730 esse
1949 2675 2246 2732 adustionis
2275 2677 2334 2733 in
2363 2676 2596 2748 frigore;
2629 2683 2723 2738 sed
2771 2684 2816 2739 si
2862 2687 3107 2755 gehenna
3137 2686 3376 2746 tanturn-

1788 2765 1950 2821 modo
1976 2767 2116 2839 ignis
2153 2776 2254 2834 est,
2273 2768 2414 2826 forte
2439 2771 2494 2826 in
2524 2771 2639 2841 ipsa
2669 2774 2790 2831 talis
2821 2791 3013 2835 sensus
3037 2763 3373 2839 cruciatuum

1789 2857 1885 2913 ﬁet
1935 2858 2046 2916 illis
2097 2861 2192 2930 qui
2243 2861 2298 2916 in
2350 2875 2412 2916 ea
2468 2867 2890 2936 torquebuntur,
2923 2879 2984 2925 ut
3027 2887 3173 2930 nunc
3217 2877 3374 2946 quasi

1789 2947 1970 3020 ignem
1999 2950 2280 3008 ardentem
2303 2954 2563 3022 sentiant,
2604 2973 2747 3015 nunc
2768 2960 2921 3017 nimii
2948 2962 3146 3036 algoris
3183 2966 3370 3024 incen-

1788 3039 1967 3108 dium;
1991 3052 2047 3098 et
2074 3044 2305 3113 poenalis
2335 3049 2722 3118 commutatio,
2753 3068 2897 3110 nunc
2929 3054 3102 3128 frigus
3134 3059 3373 3117 sentien-

1789 3133 1954 3201 tibus,
1984 3149 2131 3191 nunc
2163 3137 2422 3206 calorem,
2455 3141 2609 3210 quasi
2655 3143 2722 3198 de
2760 3143 2879 3202 loco
2907 3149 2976 3204 ad
3002 3148 3180 3205 locum
3208 3151 3372 3209 alium

90 3210 352 3279 quaelibet
379 3213 676 3270 animantia
720 3230 829 3271 non
857 3225 984 3272 sunt
1027 3226 1258 3286 naturae,
1299 3221 1582 3291 punientia
1631 3231 1684 3278 et
1711 3202 1760 3267 C
1790 3227 2056 3284 transitus
2079 3202 2416 3286 aestimetur.
2439 3202 2507 3287 Et
2536 3234 2662 3292 inde
2685 3202 3200 3300 fortassisilludrsit
3231 3247 3377 3316 quod

95 3301 327 3370 punita?
377 3301 659 3374 Siquidem
706 3321 956 3376 veneno,
997 3309 1196 3366 boletis
1245 3311 1523 3384 nimiaque
1550 3329 1685 3384 quo-

89 3391 354 3448 rumlibet
407 3393 650 3450 ciborum
723 3397 1035 3466 edacitate,
1089 3408 1358 3472 potusque
1423 3403 1682 3472 superﬂui

92 3483 392 3551 ebrietate,
421 3485 622 3544 multos
649 3487 846 3558 perimi
886 3497 942 3546 et
976 3490 1283 3548 audivimus
1317 3500 1373 3547 et
1401 3492 1678 3550 dolemus:

91 3575 168 3631 de
195 3591 299 3660 qua
327 3593 386 3633 re
415 3578 565 3634 nulla
595 3579 738 3637 inter
769 3582 1070 3641 catholicos
1097 3591 1419 3642 tractatores
1441 3603 1682 3660 unquam

91 3665 433 3723 dissonantia
472 3668 594 3725 fuit.

166 3755 300 3811 Illud
331 3758 458 3814 vero
489 3762 633 3830 quod
668 3763 822 3820 addis
850 3773 1182 3836 peccatorum
1216 3785 1393 3840 poenas
1416 3769 1548 3826 nihil
1571 3767 1682 3829 esse

91 3846 247 3900 aliud
293 3864 452 3918 quam
493 3862 707 3922 peccata
738 3871 945 3913 eorum.
975 3857 1256 3925 Quomodo
1288 3876 1431 3917 nunc
1458 3873 1683 3932 peccata

89 3951 290 4008 patrias
322 3949 670 4010 peccatorum
723 3947 1016 4013 enuntias,
1068 3965 1190 4018 qum
1235 3949 1500 4006 hactenus
1549 3953 1685 4006 nihil

87 4043 222 4084 esse
241 4031 565 4090 confirmare
593 4035 812 4092 molitus
841 4039 936 4093 es?
971 4038 1254 4106 Quomodo
1277 4053 1520 4110 peccata,
1563 4059 1686 4115 quae

90 4122 236 4176 nihil
261 4133 408 4192 sunt,
434 4141 610 4196 paenae
633 4135 890 4199 poterunt
913 4143 1064 4197 esse,
1096 4147 1216 4202 quze
1233 4173 1249 4198 ,
1277 4134 1575 4190 secundum
1607 4145 1683 4203 te,

89 4212 349 4268 similiter
389 4215 526 4271 nihil
578 4217 747 4272 sunt?
791 4216 899 4274 Sed
945 4220 1074 4290 quia
1110 4235 1302 4290 poenas
1352 4222 1487 4276 nihil
1538 4224 1685 4281 aliud

93 4319 263 4373 quam
290 4307 678 4364 conscientiam
699 4319 1044 4380 peccatorum
1065 4310 1224 4382 juxta
1251 4312 1565 4386 Origenem,
1600 4318 1686 4373 vel

92 4399 396 4454 secundum
421 4409 476 4457 te
501 4401 675 4458 solum
704 4404 1004 4460 absentiam
1035 4403 1384 4462 beatitudinis
1415 4408 1498 4463 vis
1523 4409 1684 4465 intel-

95 4486 224 4557 ligi,
255 4495 311 4543 et
355 4489 411 4544 in
449 4492 800 4562 sequentibus
845 4492 1124 4565 loquacius
1173 4496 1280 4551 imo
1329 4495 1576 4554 fallacius
1620 4514 1683 4555 ea

90 4581 438 4652 exsequeris,
472 4582 606 4638 locis
630 4584 742 4641 suis
786 4585 1034 4658 (Christo
1063 4589 1318 4662 propitio)
1355 4591 1422 4646 de
1452 4591 1684 4664 singulis

87 4673 403 4730 videamus.
432 4673 692 4745 Sequeris
713 4677 897 4747 igitur,
930 4689 986 4736 et
1007 4682 1160 4738 dicis.

655 4804 883 4848 JOANNES
940 4809 1154 4852 SCO'I'US.

173 4894 327 4968 (Cap.
361 4897 460 4967 16,
497 4915 648 4958 num.
688 4901 754 4970 2,
785 4914 921 4962 sect.
947 4907 1026 4979 l.)
1057 4919 1098 4967 Θ
1147 4909 1215 4966 1η
1267 4930 1457 4987 magno
1509 4919 1686 4990 itaque
1723 4953 1730 4959 ο

96 4991 284 5046 teterni
310 4991 448 5062 ignis
471 4993 663 5052 ardore
695 4997 826 5052 nihil
865 4999 1015 5056 aliud
1067 5005 1133 5058 sit
1181 5009 1404 5078 pwnalis
1445 5013 1684 5081 miseria,

95 5095 263 5152 quam
292 5081 455 5138 beata:
481 5083 751 5154 felicitatis
778 5089 1032 5147 absentia.

733 5216 1052 5262 COBRECTIO.

179 5308 221 5378 -ι-
241 5307 342 5364 Ast
361 5312 650 5370 orthodoxi
677 5323 999 5376 traetatores
1027 5337 1134 5378 non
1173 5325 1344 5380 solum
1375 5328 1537 5385 aliam
1569 5347 1685 5402 poe-

99 5413 254 5466 nam,
280 5415 469 5458 verum
496 5405 661 5460 etiam
705 5407 972 5479 duplicem
1004 5427 1124 5470 esse
1168 5431 1383 5486 ptenam
1423 5422 1684 5492 gehennae

102 5491 349 5549 sentiunt
398 5499 724 5554 auctoritate
780 5511 980 5557 sanctae
1034 5502 1365 5577 Scripturae,
1428 5491 1531 5583 qua
1589 5531 1685 5586 per

103 5585 322 5640 beatum
346 5586 448 5644 Job
471 5590 708 5648 dicitur:
747 5593 828 5648 Ad
857 5596 1074 5652 nimium
1107 5600 1330 5656 calorem
1363 5585 1599 5662 transeat
1619 5610 1684 5663 ab

105 5674 260 5744 aquis
291 5677 487 5733 nivium
525 5681 648 5752 (Job
703 5699 850 5752 xxrv,
884 5685 993 5757 l9).
1027 5687 1266 5756 Quorum
1311 5705 1532 5754 sanctus
1562 5699 1685 5755 Hie-

105 5783 367 5842 ronymus
402 5774 456 5829 in
491 5778 830 5846 expositione
872 5782 1144 5854 Evangelii
1191 5791 1487 5845 secundum
1550 5792 1687 5850 Mat-

351 5867 622 5932 ΡΑΤιιοι..
669 5872 859 5938 CXV.

1789 3315 2051 3373 Dominus
2080 3320 2157 3374 ait
2185 3319 2239 3375 in
2269 3321 2563 3395 Evangelio
2599 3343 2611 3379 :
2647 3325 2839 3382 Mittite
2865 3329 3016 3387 illum
3047 3333 3101 3388 in
3139 3315 3376 3393 tenebras

1786 3410 2092 3477 exteriores,
2133 3410 2242 3466 illic
2271 3414 2370 3468 erit
2395 3415 2550 3484 ﬂetus
2575 3425 2624 3471 et
2668 3419 2868 3474 stridor
2888 3422 3125 3479 dentium
3156 3427 3374 3498 (Matth.

1785 3517 1924 3570 χχιι,
1964 3503 2085 3576 15);
2120 3514 2180 3560 ut
2220 3507 2309 3564 hic
2335 3509 2534 3565 stridor
2556 3510 2792 3568 dentium
2828 3514 2895 3570 de
2933 3519 3115 3588 rigore
3155 3520 3376 3592 frigoris

1784 3595 2011 3652 oriatur.
2049 3597 2149 3655 Ubi
2195 3608 2249 3655 et
2293 3601 2703 3658 similitudinem
2749 3609 3036 3674 quamdam
3070 3625 3137 3665 ex
3174 3615 3376 3670 nostris

1784 3689 2104 3758 corporibus
2133 3691 2477 3761 aliquatenus
2521 3709 2809 3765 possumus
2856 3698 3122 3769 invenire,
3150 3703 3204 3758 in
3251 3707 3375 3776 qui-

1783 3777 1907 3843 bus,
1942 3793 2011 3834 ex
2039 3777 2181 3834 fellis
2232 3781 2332 3836 rufi
2388 3782 2752 3851 abundantia,
2797 3790 2939 3856 quod
2989 3799 3072 3846 est
3107 3794 3376 3852 calidissi-

1786 3885 1935 3924 mum
1971 3871 2026 3926 in
2059 3872 2253 3942 topicis
2286 3874 2512 3942 morbis,
2537 3876 2899 3937 intolerabilis
2940 3883 3091 3960 rigor
3114 3891 3373 3956 praecedit

1786 3958 1966 4029 ignem
1993 3959 2131 4016 febri
2161 3963 2542 4021 ardentissima
2582 3977 2917 4027 secuturum.
2962 3958 3030 4029 Et
3055 3976 3310 4035 dicuntur
3337 3999 3368 4037 a

1785 4050 2012 4106 medicis
2038 4053 2156 4108 haec
2179 4054 2285 4110 duo
2314 4041 2433 4124 quae
2456 4057 2559 4114 sibi
2584 4062 2858 4118 contraria
2880 4064 3288 4138 dignoscuntur,
3307 4089 3374 4130 ex

1789 4159 1899 4199 una
1947 4145 2086 4202 fellis
2135 4148 2366 4204 materia
2405 4150 2460 4204 in
2490 4151 2708 4208 homine
2749 4160 3083 4236 procreari.]
3114 4163 3154 4234 -ι-
3177 4163 3376 4224 Beatus

1787 4233 2079 4316 Gregorius
2111 4238 2168 4294 in
2198 4239 2550 4309 Expositione
2575 4242 2711 4313 Job,
2739 4245 2834 4302 lib.
2860 4264 2957 4306 ιιιι.

1811 4319 1838 4333 ³
1861 4326 1954 4399 [Et
1974 4329 2107 4400 ignis
2146 4329 2413 4387 devorabit
2446 4334 2787 4394 tabernacula
2813 4357 2998 4398 eorum
3033 4348 3126 4416 qui
3155 4366 3375 4408 munera

1787 4418 2010 4474 libenter
2051 4421 2314 4491 accipiunt
2361 4421 2484 4495 (Job
2509 4440 2599 4491 xv,
2624 4426 2717 4498 54)
2752 4447 2765 4483 :
2797 4429 2879 4485 sin
2926 4447 3052 4490 vero
3078 4454 3264 4496 eorum
3295 4451 3378 4498 tav

1790 4510 2082 4567 bernacula
2103 4527 2332 4584 corpora
2371 4515 2631 4575 debemus
2662 4522 2910 4594 accipere
2936 4526 2990 4582 in
3037 4532 3234 4601 quibus
3263 4534 3378 4590 illo-

1794 4621 1914 4661 rum
1959 4607 2154 4662 animze
2198 4607 2467 4678 habitant,
2500 4611 2641 4684 ignis
2670 4629 2858 4672 eorum
2889 4620 3233 4680 tabernacula
3277 4629 3373 4684 de-

1791 4704 1987 4752 vorat:
2019 4697 2145 4767 quia
2173 4699 2266 4769 qui
2295 4699 2384 4754 hic
2409 4701 2466 4756 in
2492 4712 2677 4761 mente
2715 4709 2909 4764 ardent
2944 4711 3068 4782 igne
3109 4717 3373 4783 avaritiae,

1790 4787 1902 4844 illic
1929 4789 2094 4843 etiam
2117 4789 2171 4844 in
2201 4803 2366 4847 carne
2390 4805 2811 4853 concremantur
2828 4799 3041 4872 ignibus
3067 4806 3370 4884 gehenna]

1791 4880 1833 4950 -ι-
1863 4878 2007 4936 Idem
2049 4880 2103 4934 in
2155 4879 2293 4937 libro
2334 4898 2424 4937 XVI
2455 4883 2598 4956 (cap.
2639 4887 2731 4960 26)
2763 4909 2775 4944 :
2805 4890 3022 4963 [Nonne
3045 4899 3252 4954 succisa
3296 4878 3375 4958 est

1790 4971 1980 5026 erectio
2009 4987 2212 5034 eorum,
2233 4982 2281 5027 et
2305 4973 2552 5045 reliquias
2575 4995 2755 5035 eorum
2779 4982 3045 5040 devorabit
3062 4985 3180 5059 [al.,
3205 4989 3372 5049 devo-

1790 5061 1954 5136 ravit]
1979 5065 2113 5134 ignis
2141 5063 2263 5134 (Job
2293 5081 2430 5132 xxu,
2455 5067 2585 5141 20)?
2613 5069 2713 5128 Hic
2743 5089 2974 5144 namque
3000 5077 3172 5150 iniqui
3201 5087 3374 5142 erecti

1791 5161 1935 5218 sunt,
1971 5153 2098 5224 quia
2150 5153 2205 5209 in
2257 5156 2440 5226 pravis
2489 5161 2795 5218 actionibus
2844 5167 3195 5238 extolluntur,
3245 5177 3373 5246 quia

1789 5251 1846 5299 et
1872 5259 2127 5314 perverse
2167 5254 2352 5317 agunt,
2381 5255 2437 5303 et
2488 5256 2668 5305 tamen
2715 5267 2816 5322 pro
2844 5259 3116 5324 perversis
3162 5265 3373 5324 actibus

1791 5335 2013 5390 minime
2059 5336 2330 5393 feriuntur
2361 5353 2374 5392 :
2405 5350 2631 5412 peccant
2673 5352 2726 5399 et
2755 5343 2969 5416 ﬂorent,
2999 5363 3221 5422 peccata
3270 5374 3370 5414 au-

1789 5437 1937 5499 gent,
1969 5438 2024 5486 et
2054 5439 2270 5487 terrena
2302 5434 2444 5490 bona
2472 5435 2862 5512 multiplicant;
2913 5445 3007 5502 sed
3031 5461 3220 5506 eorum
3247 5468 3369 5510 cre-

1789 5520 1896 5574 etio
1927 5529 2052 5576 tunc
2095 5523 2407 5578 succidetur
2435 5541 2556 5581 cunt
2579 5528 2665 5604 vel
2695 5545 2724 5584 a
2751 5536 3001 5602 praesenti
3030 5538 3140 5595 vita
3187 5543 3257 5598 ad
3287 5545 3372 5599 in-

1791 5613 2032 5679 teritum,
2059 5615 2144 5668 vel
2173 5630 2206 5670 a
2247 5628 2537 5688 conspectu
2567 5623 2754 5677 aeterni
2779 5624 2976 5693 iudicis
3004 5633 3072 5687 ad
3106 5642 3368 5692 aeternum

1791 5705 2050 5774 gehennae
2097 5707 2406 5764 incendium
2455 5701 2860 5780 pertrahuntur.
2898 5718 3075 5788 Quia,
3131 5725 3232 5780 etsi
3282 5727 3371 5782 hic

1723 5842 1739 5858 .
1794 5808 2062 5855 mortuam
2109 5816 2263 5856 suam
2311 5817 2526 5860 carnem
2577 5807 2907 5879 relinquunt,
2938 5813 3108 5882 ipsam
3155 5832 3370 5889 quoque

2855 5907 2933 5966 39
