4010 6352
590 380 731 441 i227

1583 377 1640 434 s.
1683 376 2055 435 pnunssru
2093 334 2478 431 assensus
2514 372 2822 432 EPISCOP]

585 514 647 554 ιιι
673 492 1073 552 resurrectione
1100 489 1389 562 recipiunt,
1417 496 1477 545 ut
1498 503 1621 545 cum
1645 504 1809 545 carne
1835 488 2080 553 ardeant,
2116 487 2169 542 in
2200 489 2252 551 Α
2278 486 2422 541 tione
2445 497 2758 556 pascuntur.
2788 485 2942 544 Unde
2959 488 3282 560 quibusdam
3306 488 3545 545 dicitur:
3584 488 3697 546 Vos
3711 502 3881 549 αιιιειι

588 603 694 661 qua
716 592 1098 659 peccaverunt.
1128 581 1281 639 Sicut
1324 582 1467 647 enim
1490 596 1678 637 eorum
1708 580 1861 650 culpa
1906 580 1958 634 in
1992 587 2171 634 mente

587 678 694 736 fuit
718 687 774 733 ct
797 691 1042 747 corpore,
1089 674 1166 729 ita
1203 687 1390 728 eorum
1435 685 1595 743 paena
1626 673 1679 727 iu
1729 671 1909 726 anima
1937 672 2042 726 erit
2072 686 2171 741 pa-

588 766 724 827 riter
744 777 799 825 et
818 782 1000 823 carne.
1029 765 1164 833 Quia
1195 778 1325 835 ergo
1366 779 1467 820 nec
1496 764 1597 818 hoc
1636 764 1717 819 eis
1742 764 1846 819 erit
1887 762 2114 819 liberum
2139 778 2172 818 a

591 858 884 921 tormento,
912 855 1054 928 quod
1076 852 1165 910 hic
1193 863 1463 908 mortuum
1498 852 1830 924 relinquunt,
1861 860 2006 908 recte
2030 864 2173 906 nunc

588 952 790 1011 dicitur
819 969 832 1006 :
859 947 1127 1020 Reliquias
1147 964 1327 1002 eorum
1350 945 1611 1001 devorabit
1636 944 1817 1018 ignis.]
1841 946 1880 1016 ἦ
1904 945 1962 1000 lu
1982 945 2170 1000 eodem

588 1046 704 1120 (lib.
738 1059 828 1109 xv,
851 1058 970 1114 cap.
1002 1040 1092 1111 50)
1120 1058 1132 1094 :
1164 1038 1233 1093 Et
1254 1040 1387 1093 sicut
1415 1035 1595 1108 favilla
1613 1052 1770 1108 quam
1794 1036 1944 1090 turbo
1967 1035 2173 1106 disper-

583 1138 660 1210 git
697 1145 818 1191 ante
859 1132 1225 1203 omnipotentis
1270 1128 1367 1185 Dei
1395 1128 1570 1184 oculos
1598 1128 1719 1201 (Job
1771 1145 1886 1193 XXI,
1920 1128 2029 1198 l8).
2068 1126 2172 1182 lni-

587 1229 681 1299 qui
714 1226 823 1281 vita
849 1225 1031 1295 favilla
1052 1233 1156 1289 est,
1184 1222 1328 1292 quia,
1357 1220 1459 1277 etsi
1489 1228 1711 1291 apparet
1744 1221 1812 1273 ad
1841 1227 2170 1274 momentum

583 1322 794 1384 viridis,
822 1320 891 1376 ab
918 1316 1035 1388 ejus
1060 1327 1238 1373 tamen
1260 1317 1466 1389 judicio
1498 1315 1612 1384 jam
1655 1322 1971 1385 consumpta
2001 1313 2172 1369 cerni-

584 1422 696 1477 tur,
730 1411 858 1481 quia
908 1408 1307 1479 consumptioni
1338 1416 1421 1463 est
1458 1415 1675 1462 aeternae
1720 1406 1995 1476 deputata,
2028 1406 2171 1462 hanc

584 1503 825 1559 favillam
854 1502 1011 1557 turbo
1040 1498 1459 1571 dispergit,quia
1492 1497 1628 1551 Deus
1653 1496 1961 1566 manifestus
1986 1497 2170 1563 veniet,

586 1598 730 1654 Deus
762 1606 936 1652 noster
960 1605 1027 1650 ~et
1080 1610 1183 1649 non
1214 1593 1403 1648 silebit.
1455 1590 1601 1661 Ignis
1646 1590 1700 1643 in
1741 1598 2019 1659 conspectu
2058 1586 2170 1658 ejus

584 1689 813 1755 ardebit,
840 1696 889 1744 et
936 1689 991 1742 in
1039 1686 1261 1741 circuitu
1290 1684 1405 1754 ejus
1453 1690 1727 1752 tempestas
1773 1678 1946 1734 valida
1994 1676 2168 1749 (Psal.

583 1795 740 1845 χιιι,
795 1778 867 1845 ’5,
903 1776 980 1849 4).
1021 1773 1232 1849 [llujus
1280 1775 1422 1828 enim
1464 1769 1801 1842 tempestatis
1848 1768 2062 1825 turbine
2102 1767 2172 1823 ab

2275 579 2332 632 in
2357 595 2514 633 carne
2542 595 2645 633 non
2666 579 2811 645 estis,
2848 579 2940 635 sed
2967 581 3023 635 in
3049 581 3237 652 spiritu
3276 580 3458 653 (Rom.
3490 599 3619 646 vm,
3665 584 3750 657 9).
3784 584 3880 640 Ne-

2277 684 2382 740 que
2410 669 2554 725 enim
2579 670 2633 725 in
2661 685 2827 727 carne
2858 686 2964 726 non
2996 685 3174 739 erant,
3214 674 3304 744 qui
3330 690 3431 746 per
3454 675 3721 745 magistri
3766 676 3884 747 Epi-

2276 762 2446 823 Stolas
2481 764 2875 820 exhortationis
2900 764 3113 835 eloquia
3154 767 3560 836 suscipiebant;
3600 770 3705 823 sed
3733 785 3879 840 quasi

2268 850 2384 924 jam
2413 869 2519 910 non
2545 854 2599 909 in
2625 868 2788 910 carne
2813 869 2933 911 esse
2956 865 3060 922 est,
3104 858 3171 913 de
3196 872 3381 914 amore
3412 859 3738 914 carnalium
3762 862 3880 917 nihl

2272 942 2498 1004 habere.
2550 946 2621 1003 At
2640 954 2827 1004 contra
2866 948 3085 1019 iniquus
3117 949 3240 1017 iste,
3261 950 3389 1023 quia
3412 967 3584 1007 omne
3626 955 3877 1024 gaudium

2277 1052 2433 1095 Suum
2464 1038 2519 1092 in
2557 1038 2761 1093 carnali
2802 1038 2911 1094 vita
2964 1041 3161 1111 posuit.
3199 1042 3253 1097 in
3298 1042 3672 1100 tabernaculo
3708 1048 3878 1103 carnis

2276 1128 2572 1196 habitavit;
2601 1145 2765 1202 quam
2796 1130 3045 1187 videlicet
3092 1147 3311 1189 carnem
3352 1150 3479 1191 cum
3524 1136 3583 1191 in
3636 1153 3876 1194 resurre—

2275 1218 2455 1274 ctione
2507 1220 2795 1291 receperit,
2843 1235 2967 1275 cum
2991 1234 3055 1276 ea
3088 1222 3347 1294 gehennae
3375 1225 3605 1296 ignibus
3658 1229 3879 1285 traditus

2274 1306 2506 1376 ardebit,
2541 1318 2667 1365 tunc
2684 1310 2755 1365 ab
2780 1325 2843 1365 ea
2869 1311 3024 1367 educi
3054 1313 3281 1383 appetit,
3309 1322 3436 1370 tunc
3460 1316 3589 1387 ejus
3614 1327 3877 1376 tormenta

2275 1399 2523 1463 evadere,
2577 1400 2622 1455 si
2652 1401 2854 1467 valeat,
2886 1402 3102 1473 quauit,
3144 1412 3270 1460 tunc
3299 1405 3495 1477 incipit
3524 1409 3677 1466 velle
3720 1413 3879 1470 vitare

2274 1489 2418 1558 quod
2443 1490 2645 1546 amavit
2672 1504 2687 1545 :
2717 1491 2813 1547 sed
2839 1493 2965 1563 quia
2985 1494 3230 1550 eamdem
3262 1511 3489 1552 carnem
3522 1499 3651 1555 Deo
3686 1516 3879 1573 prapo-

2274 1584 2400 1649 suit,
2422 1582 2698 1653 iudicante
2748 1586 2856 1642 Deo
2897 1588 3075 1658 agitur
3106 1598 3161 1642 ut
3192 1604 3259 1645 ex
3291 1606 3355 1646 ea
3395 1593 3651 1663 amplius
3694 1594 3882 1669 inigne

2275 1676 2570 1733 crucietur.
2618 1676 2719 1734 llic
2762 1678 2947 1749 itaque
2988 1694 3105 1735 eam
3145 1681 3453 1753 relinquere
3488 1703 3607 1743 non
3650 1690 3794 1756 vult,
3838 1704 3884 1746 et

2276 1773 2454 1821 tamen
2472 1766 2541 1821 ab
2561 1781 2625 1822 ea
2648 1768 3005 1826 abstrahitur.
3036 1770 3147 1827 Illic
3169 1788 3287 1828 eam
3310 1776 3640 1848 relinquere
3668 1784 3880 1853 appetit.

582 1871 769 1926 aeterni
801 1876 1091 1940 conspectu
1140 1865 1339 1936 judicis
1394 1863 1564 1934 iniqui
1617 1862 1917 1933 rapiuntur,
1968 1866 2024 1916 et
2072 1861 2163 1933 qui
2196 1854 2245 1917 Β
2272 1866 2327 1916 et
2358 1867 2535 1915 tamen
2584 1860 2636 1916 in
2664 1877 2729 1918 ea
2774 1871 2997 1933 propter
3041 1864 3303 1936 supplicia
3343 1877 3637 1925 servatur.
3684 1870 3769 1927 Ad
3796 1890 3883 1928 au-

581 1962 673 2017 bic
717 1970 954 2016 mentem
1004 1957 1275 2014 desiderio
1329 1969 1584 2027 perverso
1642 1952 2043 2017 solidaverunt,
2092 1950 2168 2008 ibi

582 2052 754 2125 paleae
795 2059 849 2106 et
900 2048 1094 2107 favillae
1148 2045 1507 2112 videbantur,
1564 2045 1691 2116 quia
1724 2058 1818 2100 eos
1861 2044 1929 2099 ad
1967 2051 2167 2099 aeterna

585 2142 846 2215 supplicia
884 2141 1041 2196 turbo
1066 2139 1284 2215 rapiens
1311 2132 1607 2209 asportat.]
1636 2134 1678 2208 -ιι
1724 2135 1782 2192 lu
1806 2136 1996 2192 eodem
2048 2134 2164 2208 (lib.

582 2244 659 2302 tv,
695 2249 817 2306 cap.
842 2232 954 2305 l7).

657 2324 1099 2401 [Devorabiteum
1136 2323 1271 2396 ignis
1305 2321 1395 2395 qui
1420 2339 1523 2377 non
1559 2318 1893 2378 succenditur
1918 2319 2017 2395 [ιιι.
2052 2334 2167 2376 suc-

580 2416 852 2492 cendetur]
907 2416 1029 2491 (Job
1074 2428 1164 2482 xx,
1209 2414 1323 2489 26).
1368 2412 1503 2471 Miro
1550 2413 1707 2470 valde
1766 2413 1926 2469 modo
1983 2413 2171 2484 paucis

578 2509 762 2568 verbis
810 2518 1102 2580 expressus
1146 2514 1231 2563 est
1293 2506 1431 2578 ignis
1483 2507 1762 2579 gehennae.
1828 2502 1972 2577 Ignis
2019 2520 2170 2559 nam-

579 2618 684 2675 que
731 2614 1046 2672 corporeus,
1095 2607 1156 2655 ut
1181 2614 1300 2656 esse
1352 2598 1493 2669 ignis
1521 2598 1716 2663 valeat,
1758 2596 2039 2668 corporeis
2080 2597 2166 2651 in-

576 2694 725 2768 diget
772 2690 1044 2759 fomentis,
1096 2691 1188 2762 qui
1226 2705 1350 2747 cum
1413 2704 1635 2746 necesse
1681 2694 1765 2745 e'st
1801 2697 1861 2744 ut
1900 2696 2167 2755 servetur,

579 2802 681 2861 per
718 2788 973 2857 congesta
1022 2782 1167 2856 ligna
1211 2781 1397 2854 procul
1442 2782 1603 2837 dubio
1648 2781 1905 2846 nutritur,
1946 2794 2047 2836 nec
2078 2794 2170 2834 va—

577 2874 654 2934 let
697 2876 798 2933 nisi
840 2888 1131 2931 succensus
1179 2888 1301 2930 esse
1351 2881 1408 2929 et
1454 2872 1559 2928 nisi
1594 2872 1800 2927 refotus
1847 2870 2166 2928 subsistere.

577 2968 649 3025 At
673 2972 859 3024 contra
886 2966 1145 3038 gehennae
1180 2964 1321 3036 ignis
1361 2978 1485 3019 cum
1516 2963 1588 3018 sit
1614 2963 1986 3033 incorporeus,
2037 2961 2169 3017 etin

578 3068 641 3115 se
673 3058 869 3112 missos
912 3055 1173 3126 reprobus
1205 3053 1559 3124 corporaliter
1582 3061 1798 3118 exurat,
1849 3067 1947 3108 nec
1991 3051 2168 3107 studio

578 3146 815 3206 humano
844 3145 1207 3210 succenditur,
1234 3160 1333 3200 nec
1353 3144 1515 3218 lignis
1538 3143 1777 3199 nutritur
1797 3158 1811 3197 :
1835 3143 1929 3199 sed
1950 3150 2166 3198 creatus

578 3330 744 3400 eliget,
771 3335 828 3383 et
863 3326 1057 3381 ardore
1082 3336 1185 3381 neu
1217 3332 1387 3380 caret.
1414 3323 1563 3380 Bene
1591 3338 1724 3396 ergo
1756 3325 1820 3380 dc
1848 3324 1952 3380 hoc
1980 3324 2167 3392 iniquo

577 3423 815 3479 dicitur:
854 3417 1131 3475 Devorabit
1183 3428 1300 3473 cum
1344 3416 1481 3493 ignis
1527 3416 1617 3488 qui
1650 3432 1754 3472 non
1808 3415 2163 3472 succenditur.

580 3513 707 3587 (Job
758 3528 825 3600 ξι
847 3551 862 3577 ,
896 3510 1016 3581 26.)
1044 3508 1179 3578 Quia
1205 3508 1600 3579 Omnipotentis
1622 3507 1832 3580 justitia
1860 3502 2166 3564 futurorum

577 3606 826 3678 praescia,
857 3604 925 3659 ab
953 3603 1068 3673 ipsa
1094 3600 1279 3656 mundi
1300 3600 1509 3673 origine
1528 3602 1789 3673 gehennze
1814 3602 1990 3673 ignem
2020 3616 2169 3656 crea-

577 3697 675 3761 vit,
711 3695 804 3766 qui
840 3696 894 3748 in
930 3706 1091 3763 penna
1120 3690 1471 3761 reproborum
1506 3706 1627 3746 esse
1666 3691 1833 3746 semel
1880 3689 2164 3761 inciperet:

578 3790 673 3846 sed
702 3789 950 3845 ardorem
974 3799 1132 3841 suum
1151 3784 1319 3839 etiam
1340 3783 1461 3839 sine
1483 3783 1641 3856 lignis
1663 3798 1938 3853 nunquam
1966 3778 2164 3838 li‘niret.

579 3878 874 3935 Sciendum
930 3889 1063 3931 vero
1099 3881 1184 3929 est
1235 3873 1377 3942 quod
1409 3884 1599 3929 ornnes
1651 3873 1891 3944 reprobi,
1933 3874 2058 3944 quia
2099 3886 2168 3928 cx

577 3971 759 4025 anima
795 3969 955 4024 simul
1009 3976 1063 4023 et
1088 3982 1255 4022 carne
1293 3975 1685 4036 peccaverunt,
1730 3966 1840 4023 illic
1889 3968 1942 4023 in
1988 3968 2168 4023 anima

575 4062 781 4133 pariter
810 4071 866 4116 et
901 4072 1064 4114 carne
1098 4058 1427 4113 cruciantur.
1479 4057 1631 4113 Unde
1687 4073 1782 4129 per
1827 4056 2166 4115 Psalmist'am

579 4153 782 4208 dicitur
812 4170 825 4206 ε
855 4151 1026 4207 Panes
1061 4166 1147 4204 eos
1199 4158 1255 4203 ut
1309 4147 1571 4203 clibanum
1620 4150 1780 4219 ignis,
1838 4150 1893 4204 in
1941 4160 2168 4222 tempore

576 4244 753 4298 vultus
793 4244 868 4297 tui
905 4260 922 4308 ;
965 4241 1221 4296 Dominus
1256 4243 1312 4296 in
1360 4242 1445 4295 ira
1486 4258 1584 4296 sua
1624 4241 1951 4296 conturbabit
1985 4259 2071 4298 eos
2119 4250 2170 4299 et

575 4333 838 4388 devorabit
878 4348 965 4387 eos
1002 4333 1136 4403 ignis
1167 4329 1339 4404 (Psal.
1371 4348 1463 4399 xx,
1493 4331 1603 4404 40).
1637 4332 1893 4388 Clibanus
1936 4348 2171 4405 namque

576 4421 902 4477 intrinsecus
929 4424 1114 4486 ardet;
1143 4421 1193 4475 is
1212 4434 1342 4475 vero
1378 4421 1475 4490 qui
1493 4423 1562 4476 ab
1592 4421 1715 4493 igne
1749 4422 2062 4490 devoratur,
2101 4425 2170 4480 ab

572 4513 831 4570 exteriori
874 4513 1063 4584 incipit
1102 4521 1265 4584 parte
1311 4514 1670 4568 concremari.
1720 4512 1791 4570 Ut
1837 4531 1968 4589 ergo
2006 4530 2163 4574 sacra

571 4603 785 4677 eloquia
823 4604 1017 4660 ardere
1055 4613 1112 4660 et
1151 4605 1393 4660 exterius
1415 4614 1472 4661 et
1508 4605 1736 4663 interius
1772 4609 2030 4681 reprobus
2066 4613 2160 4667 dc-

464 4698 469 4702 ’
571 4706 964 4765 monstrarent,
1001 4713 1096 4754 eos
1133 4704 1189 4754 et
1219 4699 1288 4754 ab
1314 4698 1436 4770 igne
1463 4698 1734 4768 devorari,
1783 4710 1839 4757 et
1871 4703 2014 4759 sicut
2061 4704 2160 4760 cli-

570 4791 771 4847 bannm
816 4789 945 4861 poni
981 4797 1269 4856 testantur,
1318 4800 1378 4844 ut
1406 4806 1503 4861 per
1531 4791 1708 4863 ignem
1757 4796 2069 4851 crucientur
2110 4797 2163 4852 in

570 4896 817 4955 corpore,
862 4893 916 4940 et
945 4898 1043 4955 per
1067 4883 1306 4941 dolorem
1336 4886 1560 4942 ardeant
1583 4888 1635 4942 in
1668 4898 1866 4945 mente.
1902 4890 2052 4947 Unde
2076 4893 2165 4948 hic

570 4988 810 5044 quoque,
850 4988 973 5031 cum
1001 4975 1068 5031 de
1094 4974 1197 5031 hoc
1234 4975 1402 5046 impio
1424 4976 1699 5033 diceretur
1734 4979 2000 5036 devorabit
2047 4998 2165 5038 eum

568 5066 707 5138 ignis
752 5067 841 5138 qui
883 5080 987 5121 non
1028 5066 1385 5134 succenditur,
1436 5069 1683 5138 protinus
1718 5070 1787 5125 de
1814 5070 1933 5141 ejus
1975 5074 2166 5144 spiritu

571 5156 796 5212 additur
829 5174 845 5211 :

642 5246 904 5319 Aﬂigitur
953 5244 1074 5319 (ait,
1128 5247 1407 5321 aﬁgetur]
1455 5248 1667 5305 relictus
1730 5251 1786 5307 in
1827 5253 2164 5314 tabernaculo

568 5358 706 5409 suo;
747 5342 918 5413 iniqui
956 5343 1109 5398 enim
1135 5344 1543 5400 tabernaculum
1570 5361 1699 5402 caro
1722 5354 1804 5402 est
1834 5347 1956 5421 (Job
1982 5354 2162 5427 xvtu),

569 5434 696 5504 quia
716 5434 891 5504 ipsum
907 5433 1061 5490 laetus
1079 5434 1367 5502 inhabitat,
1391 5447 1463 5500 et,
1481 5438 1525 5493 si
1548 5438 1618 5494 sit
1636 5439 1913 5510 possibile,
1930 5452 2081 5515 Optat
2104 5453 2162 5501 ut

569 5539 693 5579 eam
728 5517 1003 5595 nunquam
1035 5525 1338 5596 relinquat,
1368 5526 1501 5597 justi
1543 5546 1706 5598 vero,
1742 5533 1865 5604 quia
1904 5537 2158 5607 gaudium

569 5629 729 5671 suum
744 5616 801 5671 iu
828 5630 924 5687 spe
950 5617 1248 5673 cmlestium
1260 5628 1490 5689 ponunt,
1521 5637 1799 5695 eorumque
1832 5630 2158 5685 conversatio

588 5722 624 5760 ιι
644 5707 788 5762 catis
807 5718 882 5763 est
898 5706 1064 5780 (Phil.
1084 5725 1143 5766 Ill
1162 5751 1176 5775 ,
1200 5710 1313 5782 20),
1336 5719 1528 5768 etcum
1553 5715 1730 5773 adhuc
1746 5717 1801 5773 in
1817 5732 1982 5775 carne
2008 5731 2158 5790 sunt,

570 5795 728 5859 «and
742 5796 796 5855 in
811 5810 977 5855 carne
994 5801 1107 5871 jam
1130 5816 1235 5858 non
1250 5810 1394 5869 sunt,
1411 5805 1536 5877 quia
1560 5808 1701 5863 nulla
1715 5810 1896 5866 carnis
1918 5810 2155 5871 delecta-

2250 1959 2552 2023 gmentum
2592 1953 2777 2024 itaque
2802 1955 3056 2011 tormenti
3083 1964 3136 2011 et
3174 1957 3263 2045 hic
3288 1957 3357 2014 de
3407 1976 3663 2032 corpore
3708 1966 3883 2023 nolens

2272 2043 2542 2110 educitur,
2591 2055 2647 2100 et
2692 2045 2801 2100 illic
2842 2046 2899 2101 in
2945 2058 3174 2118 corpore
3219 2043 3435 2105 tenetur
3458 2052 3709 2111 invitus.
3760 2056 3883 2127 Quia

2271 2150 2403 2208 ergo
2437 2134 2553 2205 ejus
2578 2136 2801 2207 spiritus
2832 2152 3077 2204 carnem,
3121 2140 3282 2209 quam
3332 2141 3437 2197 sibi
3470 2142 3628 2199 male
3661 2149 3883 2203 amando

2270 2227 2584 2298 praeposuit,
2637 2228 2868 2284 evadere
2890 2229 2944 2284 in
2973 2236 3244 2286 tormento
3270 2231 3440 2297 volet,
3489 2244 3551 2289 et
3580 2252 3705 2294 non
3736 2239 3885 2306 valet,

2271 2320 2422 2374 recte
2442 2334 2582 2375 nunc
2604 2318 2797 2376 dicitur
2840 2339 2852 2375 :
2888 2316 3149 2393 adligetur
3177 2322 3402 2397 relictus
3426 2325 3488 2382 in
3530 2320 3885 2389 tabernaculo

2274 2408 2421 2482 suo.]
2452 2410 2493 2482 -ι-
2520 2407 2665 2466 Idem
2701 2411 2755 2465 in
2784 2408 2923 2467 libro
2956 2428 3099 2469 nono
3129 2415 3271 2489 (cap.
3294 2406 3407 2490 38).

2348 2521 2661 2597 [Antequam
2683 2525 2871 2581 cadam
2903 2536 3081 2583 etnon
3112 2540 3347 2607 reuertar
3386 2532 3463 2587 ad
3506 2542 3725 2592 terra
3768 2548 3888 2595 te»

2274 2617 2479 2673 brosam
2525 2626 2575 2672 et
2608 2621 3036 2690 opertammortis
3077 2621 3301 2694 caligine
3321 2622 3452 2693 (Job
3478 2642 3541 2695 ι,
3564 2627 3701 2687 21).
3755 2630 3881 2700 Quid

2273 2708 2419 2764 enim
2483 2719 2639 2766 terrae
2690 2711 2990 2771 tenebrosa:
3055 2714 3276 2773 nomine
3342 2717 3451 2773 nisi
3498 2726 3663 2776 terra
3705 2728 3887 2781 tartari

2273 2799 2509 2857 claustra
2545 2801 2845 2873 signantur,
2876 2817 2996 2873 qua:
3039 2812 3258 2863 aeterme
3302 2808 3507 2865 mortis
3548 2811 3745 2885 caligo
3770 2829 3885 2887 ops-

2272 2892 2379 2947 rit?
2398 2893 2524 2964 quia
2541 2893 2827 2950 damnatos
2846 2911 3089 2968 quosque
3113 2897 3167 2953 in
3195 2909 3531 2971 perpetuum
3557 2920 3599 2960 α
3626 2907 3747 2963 vita
3767 2907 3885 2965 heir

2275 2981 2397 3067 (aL,
2420 2984 2529 3043 vita
2557 2984 2697 3058 luce]
2719 2984 2976 3059 disiungit
3004 3004 3139 3046 :nec
3168 2988 3445 3053 immerito
3474 2994 3883 3056 infernum

2276 3070 2509 3141 dicitur,
2547 3074 2675 3145 quia
2731 3075 2916 3147 quiqui
2970 3075 3093 3150 [al.,
3143 3080 3495 3156 quicunque]
3535 3085 3613 3140 ab
3650 3103 3723 3145 eo
3762 3092 3881 3160 qi

2081 3158 2166 3251 Elis
2193 3202 2240 3251 ﬂ.
2274 3160 2477 3221 fuerint.
2491 3158 3041 3223 stabiliter'tenentur.
3065 3168 3337 3251 Scriptum
3352 3173 3709 3251 quippeest:
3737 3158 3881 3235 Gene-

578 3240 766 3305 semel,
797 3239 955 3294 durat
992 3232 1461 3308 inexstinguibilis,
1489 3244 1543 3290 et
1571 3233 1919 3290 succensione
1944 3249 2051 3289 non
2080 3233 2164 3287 in-
2193 3222 2240 3287 C
2273 3255 2409 3308 mm,
2430 3256 2681 3308 mmm-L
2709 3266 2759 3308 ει
2790 3260 3052 3308 gemma"
3078 3244 3155 3308 ad;

2273 3255 2409 3312 ratio
2429 3256 2683 3326 prwterit,
2709 3266 2773 3337 et,
2788 3260 3052 3337 generatio
3078 3261 3311 3337 adnuit,
3330 3272 3483 3321 terra
3508 3283 3641 3325 uero
3662 3270 3727 3325 in
3750 3282 3881 3327 αα·

2274 3364 2400 3403 num
2428 3358 2546 3403 stat.
2567 3348 2731 3405 Recte
2748 3336 2910 3423 igitur
2932 3336 3389 3415 inlerniclaustra
3409 3359 3730 3421 tenebrosa
3754 3374 3876 3419 Iern

2273 3439 2642 3509 nominantur,
2667 3442 2793 3513 quia
2813 3458 2950 3514 quos
2974 3446 3281 3527 puniendos
3319 3451 3651 3523 accipiunt,
3684 3470 3871 3526 nequ-

2272 3546 2435 3600 quam
2481 3546 2640 3602 poena
2680 3534 2997 3593 transitoria
3030 3538 3114 3594 vel
3148 3537 3445 3603 fantastica

2273 3621 2537 3688 cruciant,
2582 3624 2677 3679 scd
2723 3624 2933 3682 ultione
2974 3627 3146 3684 solida
3192 3639 3485 3702 perpetua
3510 3635 3871 3695 (inualidi

2272 3722 2515 3767 servant.
2553 3711 2685 3783 Quae
2720 3715 3013 3786 aliquando
3042 3726 3225 3777 tamen
3269 3721 3373 3779 loci
3404 3725 3870 3797 appellatio-esi-

2272 3810 2540 3874 gnantur,
2580 3805 2845 3875 propheta
2879 3815 3209 3877 attestante,
3235 3811 3328 3883 qui
3358 3813 3441 3869 ait
3469 3830 3487 3871 :
3522 3812 3869 3873 Part-aaut

2271 3892 2615 3965 ignominiam
2648 3913 2799 3953 suam
2856 3916 2985 3977 cum,
3006 3901 3089 3958 liis
3129 3904 3222 3975 qui
3255 3904 3601 3964 descendant
3628 3910 3693 3965 in
3718 3911 3873 3966 lac-

2273 3984 2490 4058 (Ezeclt.
2551 4005 2701 4057 xxvi,
2729 3991 2842 4060 20).
2894 3992 3143 4052 lni‘ernus
3177 4013 3307 4071 ergo
3345 4007 3405 4055 et
3442 4009 3609 4058 terra
3640 4006 3873 4061 ιιοιιιίιι-

2274 4087 2362 4133 tur
2407 4080 2535 4151 quia
2586 4092 2870 4154 susceptos
2909 4086 3177 4145 stabiliter
3199 4096 3363 4153 tenet.
3400 4102 3463 4147 et
3495 4092 3667 4151 lacus
3694 4096 3873 4153 dicit.

2271 4170 2398 4239 quia
2427 4172 2526 4229 hos
2549 4188 2687 4244 quos
2732 4174 2902 4233 semel
2926 4180 3153 4251 ceperit,
3191 4196 3409 4254 semper
3433 4182 3791 4245 ﬂuctuantes
3828 4198 3873 4247 α

2273 4266 2514 4336 trepidos
2541 4270 2829 4326 tormentis
2863 4271 3364 4331 circumﬂuentibus
3403 4277 3710 4339 absorbet.
3754 4282 3871 4338 Sal-

2272 4367 2394 4413 ctus
2423 4369 2608 4415 autem
2634 4361 2719 4416 vir
2743 4363 2858 4418 sive
2883 4380 2983 4419 sua
3009 4380 3107 4421 seu
3134 4366 3356 4423 humani
3379 4372 3617 4439 generis
3646 4388 3783 4430 voce
3804 4373 3871 4427 ὦ·
3974 4410 3975 4419 η

2273 4448 2417 4505 ιιιίιιί
2448 4464 2508 4506 se
2532 4453 2793 4525 postulat,
2824 4465 3107 4527 antequam
3135 4458 3327 4524 vadat;
3358 4475 3476 4517 non
3514 4462 3657 4532 quia
3682 4466 3756 4520 ad
3782 4475 3869 4521 ισ-

2190 4572 2243 4638 o
2274 4557 2389 4638 ram
2415 4546 2761 4638 tenebrosam
2786 4547 2878 4638 qui
2899 4548 3113 4621 culpam
3136 4549 3469 4609 deﬂecturus
3487 4566 3603 4623 est,
3632 4558 3865 4628 suiqu
3972 4564 3973 4638 ᾗ

2270 4630 2338 4686 ad
2362 4631 2502 4688 hanc
2526 4634 2711 4704 procul
2733 4636 2897 4693 dubio
2909 4639 3001 4709 qui
3019 4638 3273 4713 plangere
3286 4641 3533 4714 neglexit
3555 4643 3696 4719 [ειη
3714 4648 3869 4719 ιιςὸ-

2271 4720 2395 4795 git],
2438 4725 2604 4778 vadit.
2648 4724 2804 4782 Sicut
2832 4728 3064 4785 debitori
3095 4746 3195 4786 suo
3225 4733 3470 4789 creditor
3497 4736 3648 4794 dicit
3678 4761 3693 4793 ;
3722 4739 3865 4796 Solve
3970 4768 3971 4796 ξ

2273 4811 2516 4868 debitum
2571 4815 2888 4888 priusquam
2931 4832 3031 4890 pro
3074 4821 3258 4878 debito
3298 4827 3759 4901 constringaris;
3786 4832 3865 4903 Qui

2275 4914 2453 4960 tamen
2486 4920 2593 4963 non
2622 4910 3033 4983 constringitur,
3065 4914 3112 4969 si
3152 4912 3509 4985 quod-deiter
3522 4920 3863 4979 solvere-na

2274 5007 2538 5054 moratur.
2576 4999 2677 5056 Ubi
2701 5010 2758 5057 et
2784 5012 2933 5059 recte
2970 5005 3259 5062 subditur:
3288 5004 3419 5063 Noti
3442 5022 3730 5081 revertar;
3750 5016 3860 5088 quia

2274 5102 2614 5179 nequaquam
2645 5090 2782 5146 ultra
2808 5093 3181 5152 misericordia
3204 5102 3484 5171 parcentis
3510 5102 3725 5163 liberat
3742 5122 3863 5179 quas

2275 5177 2439 5234 semel
2469 5181 2521 5233 in
2554 5178 2690 5236 locis
2707 5183 3015 5253 pcenalibus
3034 5185 3248 5256 iustitia
3270 5189 3580 5260 iudicantis
3604 5177 3857 5254 damnat:

2269 5283 2389 5340 quae
2418 5270 2594 5341 adhuc
2616 5273 2868 5331 subtilius
2896 5275 3015 5334 loca
3046 5279 3453 5343 describuntur.
3484 5285 3639 5349 Gula
3668 5293 3862 5351 {iam

2268 5369 2410 5414 terra
2448 5362 2672 5417 miseriae
2721 5374 2769 5419 et
2818 5367 3171 5439 tenebrarum,
3216 5373 3435 5431 miseria
3488 5378 3567 5435 ad
3622 5382 3859 5441 ὼῌυ

2268 5452 2523 5523 pcrtinet,
2570 5463 2626 5510 et
2678 5458 2916 5549 tenebra
2943 5461 3010 5516 ad
3039 5462 3363 5522 czecitatem.
3398 5468 3480 5529 Ea
3518 5485 3855 5549 crispa

2270 5554 2560 5614 conspectu
2590 5546 2823 5605 districti
2874 5550 3075 5622 judicis
3118 5556 3374 5628 expulsos
3424 5570 3593 5623 tem

2269 5642 2324 5690 et
2350 5636 2694 5694 tenebrarum
2748 5649 2893 5698 terra
2934 5645 3290 5716 perhibetur,
3337 5652 3469 5722 quia
3520 5652 3671 5714 foris
3709 5658 3855 5715 dul-

2268 5730 2476 5787 cruciat
2526 5747 2662 5802 qnos
2712 5735 2914 5793 divisos
2954 5754 2984 5792 a
3032 5755 3160 5797 vero
3208 5742 3411 5802 lumine
3452 5746 3613 5807 intus
3642 5752 3851 5809 ccci-

2267 5819 2556 5890 obscurat;
2588 5826 2838 5895 quamvis
2870 5829 3101 5891 miseriae
3128 5842 3183 5890 et
3221 5835 3573 5895 tenebrarum
3602 5850 3755 5899 terra
3779 5843 3847 5896 il-
