4010 6352
178 401 318 498 {229

1027 427 1114 483 DE
1151 397 1820 481 PRIEDESTINATIONE
1857 415 2137 472 CONTRA
2175 417 2226 474 ι.
2271 371 2568 474 suorum.

3296 423 3436 480 £230

178 549 344 619 telligi
379 553 433 601 et
477 544 635 600 aliter
679 549 876 613 potest.
921 539 1059 594 Nam
1112 539 1226 592 haec
1261 549 1475 606 quoque
1514 544 1656 587 terra
1695 531 1750 585 in
1780 513 1926 600 Av},
1961 530 2013 593 7,
2059 529 2133 600 9).
2191 528 2328 584 Hinc
2359 530 2411 584 in
2465 529 2752 601 Babylonis
2799 531 3142 588 damnatione
3186 533 3386 591 dicitur
3419 555 3430 590 :

177 659 284 716 qua
321 641 616 701 nascimur,
655 646 738 692 est
766 635 980 704 quidem
1011 631 1264 694 miseriae,
1293 629 1386 684 sed
1411 627 1757 716 tenebrarum

177 715 287 792 lien
312 741 415 796 est,
446 731 571 802 quia
618 728 783 783 multa
837 725 925 780 hic
973 720 1338 792 corruptionis
1381 727 1583 773 nostra:
1601 715 1758 770 mala

177 828 437 899 patimur,
470 823 564 879 sed
619 829 798 874 tamen
846 817 1024 872 adhuc
1072 815 1124 870 in
1164 828 1229 867 ea
1263 827 1361 882 per
1390 807 1766 864 conversionis-

177 917 410 990 gratiam
441 914 506 968 ad
544 912 720 967 lucem
769 910 1009 964 redimus
1042 907 1273 960 veritate
1320 902 1602 964 suadente,
1641 915 1764 969 qua:

178 1005 595 1064 aitzAmbulate
628 1004 754 1056 dum
800 1000 969 1055 luc‘em
1013 997 1238 1059 habetis,
1288 1011 1351 1051 ne
1399 1010 1488 1048 vos
1539 990 1762 1045 tenebrte

179 1098 619 1168 comprehendant
651 1093 832 1165 (Joan.
865 1107 962 1152 xu,
998 1089 1111 1160 55).
1141 1088 1235 1142 llla
1267 1102 1397 1142 vero
1431 1083 1588 1139 simul
1616 1083 1765 1136 mise-

179 1192 278 1246 rite
298 1199 344 1243 et
375 1189 705 1243 tenebrarum
741 1195 883 1240 terra
927 1192 1031 1247 est,
1076 1181 1200 1251 quia
1233 1179 1480 1250 quisquis
1522 1176 1589 1230 ad
1629 1173 1763 1228 tole-

182 1283 351 1340 randa
381 1280 496 1349 ejus
524 1279 663 1334 mala
689 1277 1050 1341 descenderit,
1080 1288 1428 1345 nequaquam
1447 1269 1673 1325 ulterius
1696 1267 1764 1322 ad

181 1372 357 1428 lucem
398 1371 558 1426 redit.
588 1369 645 1424 ln
683 1369 835 1440 cujus
885 1368 1064 1423 adhuc
1093 1363 1456 1434 descriptione
1484 1360 1764 1430 subjungi-

183 1472 309 1520 tur:
339 1459 438 1515 Ubi
469 1462 651 1515 umbra
678 1461 884 1525 mortis,
915 1469 961 1514 et
988 1458 1164 1513 nullus
1207 1457 1334 1512 ordo
1378 1455 1498 1526 (Job
1537 1471 1592 1518 x,
1635 1452 1760 1522 29):

183 1551 340 1609 Sicut
386 1567 532 1608 mors
561 1553 799 1606 exterior
825 1550 894 1604 ab
935 1551 1116 1604 anima
1169 1549 1361 1603 dividit
1401 1562 1640 1609 carnem,
1691 1544 1764 1600 ita

183 1657 334 1700 mors
360 1643 586 1698 interior
623 1657 654 1696 a
695 1641 805 1695 Deo
851 1648 1073 1709 separat
1111 1639 1368 1693 animam.
1405 1637 1606 1692 Umbra
1635 1649 1766 1706 ergo

184 1735 375 1792 mortis
407 1743 491 1790 est
523 1733 828 1788 obscuritas
858 1731 1083 1786 visionis
1134 1730 1256 1801 [al.,
1281 1727 1601 1800 divisionis],
1642 1728 1767 1797 quia

183 1826 469 1884 damnatus
500 1825 728 1895 quisque
752 1839 876 1878 cum
915 1833 1120 1878 aeterno
1151 1823 1273 1893 igne
1299 1819 1666 1883 succenditur,
1699 1819 1766 1872 ab

1863 626 2130 702 Quantum
2158 622 2403 677 exaltari!
2433 640 2486 678 se
2526 635 2575 678 et
2616 626 2670 679 in
2700 625 2899 680 deliciis
2929 626 3053 695 fuit,
3084 638 3287 682 tantum
3317 629 3436 684 date

1860 714 1939 770 illi
1964 723 2217 769 tormenta
2241 723 2286 768 et
2309 713 2506 769 luctum
2524 715 2706 786 (Apoc.
2740 731 2894 781 xvm,
2921 715 2996 786 7).
3015 716 3068 770 Si
3098 717 3260 788 igitur
3277 702 3436 783 juxta

1860 791 2076 872 modum
2104 806 2272 876 culpae
2301 822 2460 886 poena
2493 806 2840 877 distinguitur
2864 849 2878 872 ,
2923 818 3138 864 constat
3183 809 3437 886 nimirum

1861 899 2002 976 quod
2029 898 2082 953 in
2117 883 2392 969 suppliciis
2427 883 2561 978 ordo
2590 907 2868 972 servatur;
2925 907 2979 952 et
3013 900 3114 955 nisi
3143 883 3439 978 tormento-

1863 1004 1981 1043 rum
2021 1003 2285 1042 summam
2321 997 2637 1042 meritorum
2667 1000 2791 1043 acta
2841 988 3200 1056 dirimerent,
3236 1007 3441 1061 nequa-

1863 1095 2020 1150 quam
2049 1079 2210 1149 judex
2246 1079 2467 1134 veniens
2521 1079 2790 1134 dicturum
2843 1095 2901 1136 se
2946 1081 3274 1138 messoribus
3323 1067 3442 1138 esse

1861 1171 2170 1242 perhiberet
2201 1188 2214 1224 ε
2249 1169 2490 1240 Colligite
2522 1171 2748 1240 primum
2788 1171 3013 1240 zizania,
3045 1182 3093 1226 et
3120 1171 3276 1243 ligate
3298 1163 3358 1226 ea
3388 1173 3444 1226 in

1864 1262 2142 1333 fasciculos
2202 1262 2270 1315 ad
2322 1262 2726 1315 comburendum
2775 1261 2991 1332 (Matth.
3044 1279 3161 1328 xm,
3216 1262 3329 1334 50).
3385 1249 3444 1318 Si

1863 1353 2005 1408 enim
2042 1351 2220 1407 nullus
2252 1351 2303 1404 in
2335 1351 2612 1422 suppliciis
2640 1351 2773 1406 ordo
2821 1353 3138 1414 servabitur,
3175 1369 3272 1408 cur
3299 1368 3447 1407 com-

1863 1440 2104 1496 burenda
2133 1441 2339 1495 zizania
2370 1441 2422 1496 iu
2452 1439 2720 1495 fasciculis
2747 1440 3018 1511 ligantur?
3057 1440 3162 1496 Sed
3190 1433 3444 1496 nimirum

1864 1533 2150 1590 fasciculos
2204 1535 2270 1588 ad
2327 1527 2752 1592 comburendum
2802 1532 2970 1624 ligare
3023 1529 3142 1598 est,
3207 1525 3303 1588 hos
3353 1511 3448 1605 qui

1863 1634 2065 1699 interno
2103 1625 2209 1697 igni
2252 1625 2490 1679 tradendi
2526 1633 2652 1679 sunt
2678 1639 2836 1694 pares
2865 1625 3085 1694 paribus
3116 1626 3344 1690 sociare,
3388 1633 3448 1680 ut

1865 1731 2000 1785 quos
2029 1716 2218 1771 similis
2258 1715 2412 1786 culpa
2460 1715 2704 1785 inquinat
2753 1731 2852 1786 par
2895 1716 3058 1770 etiam
3105 1731 3266 1786 poena
3313 1731 3446 1782 eone

1867 1803 2119 1879 Strin'gat,
2152 1816 2203 1861 et
2231 1807 2321 1878 qui
2346 1823 2685 1877 nequaquam
2719 1807 2917 1877 dispari
2947 1808 3231 1879 iniquitate
3259 1808 3449 1880 polluti

185 1919 398 1974 interno
425 1891 1018 1973 lumine-tenebratur.
1076 1891 1279 1968 Natura
1326 1928 1455 1967 vero
1492 1910 1631 1982 ignis
1659 1919 1766 1975 cst,
1796 1891 1842 1949 Β
1871 1909 2017 1986 sunt,
2066 1914 2403 1968 nequaquam
2463 1898 2664 1968 dispari
2724 1907 2992 1954 tormento
3058 1893 3370 1957 crucientur
3432 1922 3444 1962 :

185 2021 246 2068 ut
273 2026 338 2066 ex
381 2012 558 2080 seipso
579 2019 636 2066 et
662 2009 836 2065 lucem
858 2009 1141 2071 exhibeat,
1167 2018 1221 2062 et
1250 2004 1766 2068 concrematiouem,

185 2102 282 2157 sed
329 2109 728 2156 transactorum
769 2099 859 2153 illa
897 2098 1059 2152 ultrix
1101 2096 1318 2150 ﬂamma
1357 2094 1609 2148 vitiorum
1641 2108 1770 2147 con-

186 2195 575 2250 cremationcm
621 2192 782 2248 habet
835 2203 889 2246 et
933 2190 1106 2246 lucem
1156 2205 1262 2243 non
1307 2186 1488 2243 habet.
1525 2185 1662 2240 Hinc
1685 2190 1769 2239 est

185 2285 332 2340 enim
372 2284 513 2354 quod
545 2283 790 2353 reprobis
829 2280 1042 2338 Veritas
1087 2281 1216 2335 dicit
1249 2297 1261 2332 :
1303 2278 1564 2333 Discedite
1601 2293 1634 2329 a
1665 2293 1768 2342 me,

185 2376 476 2442 maledicti,
522 2377 577 2430 in
599 2377 770 2445 ignem
801 2385 1072 2439 aeternum,
1103 2374 1191 2444 qui
1213 2383 1430 2443 paratus
1457 2379 1530 2426 est
1561 2369 1768 2424 diabolo

186 2480 236 2525 et
261 2468 457 2540 angelis
483 2469 596 2539 ejus
621 2467 838 2538 (Matth.
868 2484 993 2530 xxv,
1016 2467 1144 2538 il);
1179 2482 1407 2536 quorum
1437 2479 1626 2518 rursus
1650 2479 1769 2518 om-

186 2562 338 2620 nium
383 2575 580 2631 corpus
635 2560 690 2614 iu
739 2560 896 2615 unius
957 2575 1187 2630 persona
1234 2557 1567 2629 signiﬁcans,
1597 2556 1768 2610 dicit:

188 2653 372 2725 Ligate
406 2653 454 2707 ei
501 2669 688 2706 manus
732 2661 781 2706 et
815 2651 990 2722 pedes,
1022 2659 1068 2704 et
1103 2650 1288 2704 mittite
1313 2665 1430 2702 eum
1459 2648 1514 2701 in
1534 2647 1770 2702 tenebras

188 2745 470 2799 exteriores
512 2743 728 2813 (Matth.
765 2758 902 2807 xxu,
947 2741 1054 2814 15).
1095 2741 1152 2797 Si
1178 2741 1360 2812 itaque
1391 2740 1532 2810 ignis
1564 2739 1654 2810 qui
1689 2755 1774 2793 re—

189 2835 388 2906 probos
420 2834 648 2899 cruciat,
681 2833 860 2888 lumen
893 2835 1094 2889 habere
1129 2832 1414 2904 potuisset,
1454 2833 1499 2887 is
1537 2831 1628 2900 qui
1687 2845 1773 2885 re-

189 2927 429 2998 pellitur,
479 2942 820 3001 nequaquam
863 2927 1005 2982 mitti
1063 2927 1116 2980 in
1175 2927 1427 2981 tenebras
1475 2925 1768 2979 diceretur.

192 3017 330 3074 Hinc
357 3019 522 3072 etiam
547 3017 834 3073 Psalmista
857 3018 934 3073 ait
961 3035 974 3072 :
1009 3017 1182 3086 Super
1213 3034 1299 3071 eos
1328 3016 1511 3072 cecidit
1537 3016 1696 3084 ignis,
1723 3023 1771 3068 et

191 3126 296 3170 non
322 3109 558 3163 viderunt
583 3108 743 3164 solem
768 3107 940 3180 (Psal.
978 3125 1106 3174 Lvu,
1131 3109 1186 3180 9)
1219 3125 1233 3162 :
1265 3108 1406 3179 ignis
1439 3108 1580 3162 enim
1612 3121 1775 3175 super

192 3201 388 3272 impios
424 3202 588 3267 cadit,
648 3204 743 3258 sed
789 3202 868 3258 sol
903 3203 1026 3273 igne
1067 3203 1294 3258 cadente
1341 3217 1447 3257 non
1492 3201 1766 3267 cernitur;

192 3293 320 3363 quia
348 3308 456 3363 quo
483 3293 602 3348 illos
644 3294 904 3364 gehennae
939 3293 1156 3350 ﬂamma
1201 3293 1454 3358 devorat,
1491 3308 1522 3347 a
1565 3293 1771 3348 visione

192 3383 308 3438 veri
342 3383 559 3438 luminis
579 3392 768 3451 caecat,
812 3392 868 3439 ut
897 3394 951 3440 et
986 3383 1120 3439 foris
1150 3399 1244 3440 eos
1274 3384 1427 3439 dolor
1449 3383 1775 3440 combustio-

193 3473 283 3527 nis
310 3473 535 3539 cruciet,
569 3483 625 3530 et
655 3475 801 3530 intus
837 3489 998 3545 paena
1025 3476 1288 3531 caecitatis
1325 3478 1598 3532 obscuret.
1633 3477 1775 3544 Qua-

195 3574 356 3622 tenus
377 3567 468 3637 qui
492 3567 698 3624 auctori
739 3583 836 3623 suo
863 3582 1091 3638 corpore
1128 3576 1184 3624 et
1217 3569 1381 3624 corde
1407 3568 1774 3637 deliquerunt,

194 3658 355 3715 simul
382 3673 611 3729 corpore
643 3667 700 3714 et
727 3661 888 3714 corde
925 3660 1240 3730 puniantur,
1268 3667 1321 3715 et
1348 3660 1636 3731 utrobique
1661 3674 1778 3730 po:-

193 3765 296 3806 nas
321 3753 553 3807 sentiant
583 3752 675 3822 qui
710 3752 836 3808 dum
877 3753 966 3808 hic
1005 3753 1246 3808 viverent
1273 3752 1454 3823 pravis
1493 3752 1607 3808 suis
1635 3751 1778 3808 dele-

193 3845 525 3901 ctationibus
573 3860 636 3900 ex
682 3854 914 3916 utroque
955 3845 1284 3902 serviebant.
1319 3845 1474 3902 Unde
1511 3845 1651 3900 bene
1680 3858 1779 3913 per

191 3938 514 4010 prophetam
558 3938 793 3996 dicitur:
833 3938 1222 3994 Descenderam
1263 3940 1316 3993 in
1354 3938 1619 4007 infernum
1659 3953 1778 3990 cum

193 4031 361 4085 armis
389 4032 499 4086 suis
527 4029 744 4105 (Ezech.
779 4045 951 4095 xxxu,
973 4031 1086 4100 27).
1124 4029 1289 4084 Arma
1317 4029 1515 4100 quippe
1546 4043 1780 4098 peccan-

193 4121 332 4176 tium
363 4129 490 4176 sunt
528 4120 771 4176 membra
806 4120 1053 4190 corporis
1102 4119 1300 4188 quibus
1345 4134 1602 4190 perversa
1633 4118 1780 4174 desi-

195 4211 349 4266 deria
379 4225 497 4282 quae
539 4211 854 4281 concipiunt
891 4219 1280 4280 exsequuntur.
1316 4209 1468 4266 Unde
1499 4217 1648 4264 recte
1687 4224 1784 4280 per

194 4299 424 4356 Paulum
457 4303 686 4358 dicitur:
721 4302 902 4375 Neque
923 4302 1209 4358 exhibeatis
1234 4304 1464 4356 membra
1487 4311 1657 4356 uestra
1696 4318 1784 4356 ar-

194 4409 288 4448 ma
316 4395 606 4466 iniquitatis
629 4406 839 4467 peccato
864 4395 1038 4466 (Rom.
1065 4412 1141 4462 vr,
1170 4397 1280 4467 15):
1307 4412 1431 4450 cum
1462 4396 1629 4450 armis
1655 4410 1785 4466 ergo

193 4484 268 4540 ad
291 4485 562 4543 infernum
589 4489 916 4544 descendere
946 4497 1047 4554 est,
1075 4505 1198 4544 eum
1223 4489 1354 4558 ipsis
1375 4505 1594 4559 quoque
1617 4504 1786 4544 mem-

1868 1983 2132 2064 quateuus
2159 1990 2318 2044 simul
2345 1992 2620 2045 damnatio
2647 2000 3056 2068 conteratsquos
3093 1993 3250 2048 simul
3288 1977 3451 2050 elatio

1869 2083 2215 2160 sublevabat;
2247 2097 2490 2152 quosque
2532 2097 2634 2135 non
2678 2061 3016 2137 dissimiliter
3051 2083 3299 2138 dilatavit
3337 2100 3451 2140 am-

1869 2167 2026 2248 bitio,
2062 2188 2167 2226 non
2195 2172 2473 2227 dissimilis
2499 2170 2717 2227 afﬂictio
2741 2169 3012 2245 anguStet,
3039 2181 3095 2228 et
3117 2191 3216 2244 par
3245 2176 3452 2234 cruciet

1869 2253 2082 2321 ﬂamma
2120 2266 2366 2336 supplicii
2402 2281 2537 2336 quos
2565 2267 2618 2319 in
2647 2267 2768 2336 igne
2797 2265 3022 2322 luxuria:
3051 2283 3151 2337 par
3173 2270 3454 2324 succendit

1870 2357 2084 2412 ﬂamma
2113 2355 2514 2428 peecati.Sicut
2535 2357 2680 2412 enim
2711 2358 2765 2410 in
2786 2357 2940 2411 domo
2962 2358 3128 2427 patris
3159 2359 3455 2414 mansiones

1871 2439 2052 2504 inulta:
2088 2462 2205 2504 sunt
2254 2449 2434 2521 (Joan.
2469 2465 2577 2514 xlv,
2611 2449 2664 2520 ‘2)
2703 2465 2801 2519 pro
2841 2449 3157 2504 diversitate
3213 2443 3454 2518 virtutis,

1873 2539 1952 2594 sic
2007 2540 2292 2592 damnatos
2341 2539 2551 2594 diverso
2615 2537 2877 2608 supplicio
2934 2538 3194 2609 gehennm
3243 2538 3456 2609 ignibus

1875 2633 2091 2702 subjicit
2134 2632 2460 2702 disparilitas
2500 2631 2772 2695 criminis;
2809 2615 2928 2700 qua:
2959 2631 3166 2686 scilicet
3208 2632 3456 2702 gehenna

1875 2713 2124 2796 quamvis
2169 2723 2376 2776 cunctis
2426 2737 2530 2774 una
2559 2721 2649 2786 sit,
2697 2736 2803 2776 non
2846 2732 3022 2774 tamen
3075 2731 3300 2776 cunctos
3351 2739 3456 2798 una

1875 2799 2171 2890 eademque
2209 2812 2471 2891 qualitate
2505 2810 2799 2865 succendit.
2835 2810 3003 2874 Nam,
3043 2811 3180 2879 sicut
3209 2827 3314 2865 uno
3345 2807 3457 2866 sole

1875 2922 2066 2964 omnes
2124 2906 2434 2976 tangimur,
2494 2920 2595 2959 nec
2647 2913 2826 2958 tamen
2878 2904 2976 2958 sub
3015 2920 3078 2957 eo
3117 2919 3225 2959 uno
3267 2903 3457 2959 ordine

1877 2989 2064 3054 Omnes
2109 3007 2402 3052 :estuamus
2430 3039 2445 3061 ,
2492 2997 2614 3066 quia
2650 2993 2804 3064 juxta
2859 2994 3172 3064 qualitatem
3213 2997 3458 3067 corporis

1878 3093 2113 3160 sentitur
2139 3091 2306 3152 etiam
2336 3091 2547 3161 pondus
2576 3088 2792 3153 canoris,
2825 3089 2904 3142 sic
2931 3089 3218 3142 damnatos
3256 3095 3309 3141 et
3353 3105 3457 3142 una

1877 3193 1959 3240 est
1987 3176 2272 3256 'gehenna,
2320 3198 2438 3254 qua:
2469 3180 2650 3246 allicit,
2681 3189 2734 3236 et
2764 3189 2940 3234 tamen
2984 3197 3090 3234 non
3138 3196 3243 3234 una
3272 3195 3460 3235 omnes

1881 3275 2140 3346 qualitate
2175 3274 2477 3340 comburit;
2508 3272 2634 3342 quia
2666 3273 2808 3341 quod
2837 3271 2925 3325 hic
2957 3271 3064 3342 agit
3103 3269 3286 3342 dispar
3313 3273 3462 3338 vale-e

1881 3369 2009 3424 tudo
2034 3383 2345 3438 corporum,
2373 3367 2474 3422 boc
2513 3365 2622 3420 illic
2667 3365 2886 3420 exhibet
2935 3364 3119 3442 dispar
3153 3380 3315 3421 causa
3348 3381 3464 3421 me-

1878 3461 2128 3516 ritorum.
2161 3459 2442 3528 Quomodo
2477 3473 2607 3530 ergo
2639 3457 2814 3513 nullus
2841 3458 3020 3512 inesse
3045 3458 3177 3512 ordo
3206 3445 3462 3528 supplicii

1878 3553 2074 3608 dicitur
2089 3552 2141 3606 in
2157 3552 2350 3622 quibus
2365 3550 2609 3622 profecto
2633 3552 2861 3620 quisque
2878 3547 3031 3618 juxta
3056 3551 3269 3605 modum
3292 3536 3464 3622 culpa:

1879 3629 2196 3700 cruciatur?
2224 3643 2330 3699 Sed
2369 3651 2592 3698 sanctus
2615 3643 2718 3708 vir,
2749 3651 3032 3712 postquam
3056 3643 3302 3697 umbram
3326 3627 3470 3698 mor-

1881 3734 1948 3788 tis
1980 3733 2180 3806 intulit,
2207 3743 2405 3802 quanta
2431 3731 2502 3788 sit
2523 3730 2767 3804 confusio
2796 3733 2849 3784 in
2879 3717 3259 3785 damnatorum
3285 3739 3467 3788 mente

1879 3827 2156 3896 subjungit
2184 3844 2197 3880 :
2225 3823 2294 3879 Et
2337 3825 2514 3880 nullus
2542 3825 2689 3880 ordo.
2733 3811 2868 3892 Quia
2915 3827 3029 3896 ipsa
3074 3841 3288 3898 quoque
3340 3843 3465 3897 sup-

1879 3903 2037 3992 plicia
2064 3933 2185 3988 qua:
2223 3918 2471 3972 ordinata
2497 3927 2640 3984 sunt,
2690 3918 2939 3994 ordinata
2972 3918 3158 3989 procul
3197 3919 3360 3975 dubio
3408 3913 3464 3976 in

1882 4012 2043 4066 corde
2069 4008 2414 4064 morientium
2446 4024 2552 4063 non
2584 4017 2726 4064 sunt.
2759 4008 2830 4064 Ut
2853 4010 2996 4064 enim
3025 4009 3183 4080 paulo
3216 4003 3464 4081 superius

1883 4100 2138 4166 diximus,
2169 4100 2295 4154 dum
2323 4100 2609 4156 damnatus
2639 4085 2868 4171 quisque
2916 4099 3050 4156 foris
3084 4099 3298 4166 ﬂamma
3337 4118 3463 4160 suc-

1882 4191 2164 4258 cenditur,
2225 4191 2372 4247 intus
2415 4191 2674 4247 caecitatis
2705 4192 2826 4264 igne
2856 4193 3168 4248 devoratur.
3201 4195 3378 4265 Atque
3407 4195 3463 4250 in

1885 4285 2068 4340 dolore
2093 4285 2327 4356 positus,
2357 4283 2597 4339 exterius
2626 4284 2961 4354 interiusque
2989 4285 3338 4342 confunditur
3359 4329 3374 4352 ,
3411 4297 3472 4343 ut

1885 4392 1982 4432 sua
2014 4377 2291 4432 dexterius
2328 4374 2647 4431 confusione
2697 4375 2988 4431 crucietur.
3047 4375 3297 4448 Repulsis
3339 4393 3469 4451 ergo

1886 4469 2020 4524 ordo
2067 4468 2120 4522 in
2168 4466 2432 4538 supplicio
2481 4482 2588 4522 non
2635 4467 2776 4532 erit,
2825 4467 2952 4536 quia
2981 4468 3032 4521 in
3063 4483 3249 4523 eorum
3299 4478 3476 4526 morte

187 4580 338 4646 bris,
361 4583 556 4652 quibus
577 4583 844 4638 desideria
886 4583 1177 4652 voluptatis
1197 4557 1570 4653 expleverunt,
1595 4581 1783 4636 aeterni
1813 4605 1863 4662 ο
1889 4559 2129 4662 mimi“
2171 4559 2290 4662 ipsa.
2329 4557 2574 4662 θίξηίξξθίθ
2619 4557 2844 4662 fnemis.
2872 4559 3026 4615 533v“
3049 4601 3080 4662 _’_
3101 4577 3261 4631 quam
3296 4571 3474 4619 mne“

185 4673 384 4745 iudicii
415 4682 682 4740 tormenta
719 4674 972 4729 tolerare.
1003 4675 1074 4730 Ut
1113 4683 1338 4729 cunctos
1360 4672 1480 4746 [al.,
1511 4683 1637 4728 tunc
1667 4672 1782 4745 eos]

190 4763 445 4832 undique
465 4763 620 4818 dolor
661 4763 970 4830 absorbeat,
1007 4764 1100 4835 qui
1145 4780 1308 4828 nunc,
1333 4765 1447 4819 suis
1472 4764 1787 4819 delectatio-

193 4853 366 4912 nibus
396 4855 618 4921 subditi,
651 4854 888 4926 undique
930 4865 1119 4912 contra
1159 4853 1432 4923 justitiam
1464 4853 1611 4924 juste
1641 4852 1780 4922 iudi-

194 4949 381 5005 cantis
405 4959 666 5020 pugnant.

277 5042 473 5098 Mirum
490 5058 620 5098 vero
638 5051 721 5098 est
735 5043 892 5098 valde
905 5042 1047 5113 quod
1073 5042 1301 5098 dicitur:
1337 5039 1438 5096 Ubi
1463 5039 1638 5096 nullus
1659 5042 1787 5098 ordo

201 5133 380 5208 (Rom.
430 5149 628 5201 χχιιι,
677 5135 790 5207 22).
822 5135 1009 5207 Neque
1062 5136 1208 5191 enim
1257 5135 1602 5206 omnipotens
1624 5136 1786 5202 Deus,

201 5229 301 5298 qui
341 5228 483 5284 mala
523 5229 662 5285 bene
708 5229 886 5298 punit,
945 5228 1253 5284 inordinata
1280 5242 1405 5284 esse
1441 5227 1589 5283 nullo
1633 5228 1792 5285 modo

204 5319 296 5375 vel
325 5327 590 5376 tormenta
632 5319 918 5391 permittit,
952 5320 1078 5390 quia
1122 5321 1240 5390 ipsa
1271 5335 1490 5391 quoque
1527 5319 1792 5390 supplicia

204 5425 332 5482 qua:
351 5427 416 5468 ex
449 5412 603 5468 lance
633 5410 864 5480 justitiae
908 5413 1195 5482 prodeunt,
1230 5411 1422 5467 inferri
1464 5411 1582 5467 sine
1603 5411 1794 5468 ordine

205 5517 552 5577 tmuaquam
589 5513 847 5576 possunt;
881 5505 1154 5575 quomodo
1203 5520 1438 5575 namque
1483 5505 1538 5561 in
1590 5505 1793 5574 suppli-

218 5598 323 5655 ciis
359 5600 494 5658 ordo
535 5615 644 5656 non
669 5600 795 5666 erit,
829 5600 957 5654 dum
984 5600 1302 5654 damnatum
1339 5614 1611 5669 quemque
1639 5597 1795 5668 juxta

210 5690 433 5746 modum
464 5692 708 5747 criminis
749 5691 1040 5748 retributio
1072 5690 1318 5760 sequitur
1346 5691 1612 5746 ultionis?
1657 5690 1797 5746 Hinc

213 5780 414 5853 quippe
440 5783 700 5854 scriptum
725 5791 810 5838 est
843 5801 864 5844 ε,
889 5781 1133 5838 Potentes
1162 5790 1395 5853 potenter
1425 5790 1681 5837 tormenta
1710 5797 1799 5851 pa-

214 5872 432 5943 tientur,
473 5885 520 5930 et
559 5876 861 5948 fortioribus
911 5876 1098 5945 fortior
1127 5876 1284 5931 instat
1331 5877 1582 5930 cruciatio
1641 5875 1796 5931 (Saa.

1897 4655 2033 4710 mira
2084 4653 2326 4726 potentia
2369 4651 2663 4720 judicantis
2709 4653 2936 4723 aequitas
2965 4653 3183 4708 ordinat
3220 4664 3277 4709 ut
3313 4670 3473 4724 paena

1895 4747 2134 4800 animum
2169 4743 2289 4818 [al.,
2320 4744 2580 4817 animam]
2609 4746 2762 4814 quasi
2789 4745 3089 4801 inordinate
3121 4745 3240 4818 [al.,
3270 4745 3475 4802 inordi-

1897 4835 2046 4908 nata]
2095 4835 2406 4892 confundat.
2435 4834 2530 4891 Vel
2577 4845 2725 4891 certe
2777 4838 2969 4892 abesse
3016 4838 3150 4892 ordo
3203 4838 3482 4910 suppliciis

1899 4930 2097 4986 dicitur
2125 4929 2249 5000 quia
2277 4969 2293 4996 ,
2325 4929 2654 4999 quibuslibet
2685 4923 2844 4986 rebus
2880 4930 2934 4984 in
2960 4945 3175 5002 poenam
3207 4933 3481 5004 surgenti-

1896 5021 2020 5087 bus,
2067 5021 2286 5092 propria
2317 5021 2551 5092 qualitas
2597 5037 2703 5076 non
2745 5031 3025 5086 servatur;
3076 5021 3219 5076 unde
3261 5030 3312 5076 et
3360 5038 3484 5092 pro-

1902 5113 2046 5170 tinus
2093 5112 2427 5169 subinfertur
2453 5130 2466 5166 :
2494 5111 2561 5166 Et
2591 5115 2934 5184 sempiternus
2970 5113 3159 5165 horror
3183 5111 3484 5186 inhabitans

1901 5204 2037 5279 [al.,
2089 5204 2346 5259 inhabitat
2363 5203 2382 5277 ]
2433 5202 2552 5275 (Job
2601 5220 2670 5270 χ,
2713 5202 2852 5273 22),
2906 5202 2959 5256 in
3006 5201 3168 5271 hujus
3213 5187 3334 5258 vitae
3371 5212 3484 5258 tor-

1901 5296 2098 5366 mentis
2146 5297 2306 5351 timor
2354 5296 2596 5351 dolorem
2642 5294 2846 5358 habet,
2897 5292 3050 5350 dolor
3097 5295 3344 5350 timorem
3375 5310 3486 5350 non

1901 5373 2084 5446 habet.
2113 5389 2248 5458 Quia
2281 5373 2621 5458 nequaquam
2649 5396 3098 5458 mentemmetus
3124 5387 3332 5462 cruciat
3361 5401 3482 5466 cum

1900 5481 2010 5552 pati
2035 5497 2147 5550 jam
2180 5479 2410 5551 emperit
2434 5477 2579 5549 quod
2619 5465 2926 5540 metuebat;
2967 5477 3235 5533 internum
3275 5493 3406 5532 vero
3432 5486 3489 5558 et

1893 5559 2094 5630 umbra
2135 5575 2324 5629 mortis
2364 5573 2642 5638 obscurat,
2673 5581 2720 5626 et
2752 5572 3094 5650 sempiternus
3125 5573 3314 5626 horror
3336 5570 3490 5650 inha-

1905 5668 2056 5732 bitat,
2084 5667 2207 5738 quia
2234 5664 2350 5734 ejus
2377 5665 2587 5740 iguibus
2620 5665 2826 5742 traditi,
2855 5673 2908 5718 et
2943 5664 2994 5718 i-n
3027 5651 3303 5740 suppliciis
3331 5660 3485 5740 dolo-

1907 5775 2021 5816 rem
2055 5758 2328 5821 sentiunt,
2382 5766 2435 5813 et
2483 5757 2535 5810 in
2581 5755 2783 5811 doloris
2829 5755 3080 5826 angustia
3136 5754 3381 5831 pulsante
3427 5766 3489 5820 se

1908 5869 2120 5926 semper
2149 5867 2348 5924 pavore
2374 5850 2661 5914 feriuntur,
2687 5859 2743 5903 ut
2772 5858 2827 5904 et
2857 5847 2998 5918 quod
3026 5848 3213 5905 timent
3235 5845 3486 5909 tolerent,
