4010 6352
560 336 686 393 1251

1547 330 1606 387 S.
1646 324 2019 387 PRUDENTII
2053 318 2436 382 TRECENSIS
2468 320 2780 382 EPISCOPI

3694 326 3834 385 me

555 459 612 506 et
632 463 821 504 rursus
834 444 978 519 quod
992 446 1246 512 tolerant,
1261 445 1377 501 sine
1397 442 1701 500 cessatione
1727 441 2131 513 pertimescant.
2161 438 2213 498 Α
2237 435 2467 501 cruciat,
2494 434 2823 491 credendum
2853 441 2936 489 est
2962 432 3088 506 quia
3133 435 3314 501 lumen
3366 437 3435 493 ad
3494 445 3837 495 tormentum

553 540 634 596 De
663 538 749 595 bis
771 539 969 594 etenim
999 538 1257 608 scriptum
1287 543 1371 592 est
1403 553 1419 592 :
1462 534 1663 590 Vermis
1690 551 1871 589 eorum
1900 548 2003 588 non
2024 546 2134 585 mo-

554 631 742 695 rietur,
774 639 823 684 et
847 629 983 699 ignis
1027 642 1206 682 eorum
1251 641 1354 680 non
1401 626 1761 695 exstinguetur
1806 621 1940 694 (Ira.
1987 635 2132 687 LXVI,

553 718 691 789 24-);
724 719 851 774 hinc
884 717 1120 783 ﬂamma,
1171 730 1292 787 quae
1335 715 1615 773 succendit
1652 713 1942 779 illuminat,
1987 711 2135 767 illinc

556 809 643 884 (ut
688 809 935 881 superius
982 808 1146 863 verba
1195 805 1497 863 Psalmistae
1525 805 1643 880 [Ps.
1676 821 1896 869 xxxvii,
1925 801 1982 877 9]
2011 804 2138 859 edo-

555 901 792 974 cuimus)
837 900 976 972 ignis
1024 900 1116 971 qui
1153 899 1409 964 cruciat,
1463 899 1736 955 obscurat.
1784 895 1924 952 Hinc
1959 904 2137 952 metus

558 994 850 1060 amittitur,
885 1008 1011 1050 cum
1056 992 1276 1049 tolerari
1305 991 1418 1064 jam
1468 992 1693 1062 coeperit
1736 992 1878 1062 quod
1909 989 2136 1045 timeba-

556 1094 648 1141 tur
678 1104 691 1140 :
722 1085 870 1140 illinc
889 1092 944 1139 et
972 1083 1125 1140 dolor
1148 1083 1395 1150 dilaniat,
1424 1091 1480 1139 et
1498 1098 1666 1154 pavor
1696 1091 1966 1154 angustat.
1999 1080 2135 1137 ﬂor-

554 1179 726 1235 rendo
769 1178 933 1250 igitur
960 1177 1122 1233 modo
1167 1178 1274 1232 erit
1331 1185 1459 1233 tunc
1512 1175 1758 1247 reprobis
1807 1175 1960 1231 dolor
2012 1188 2133 1229 cum

560 1269 871 1334 formidine,
906 1267 1122 1324 ﬂamma
1151 1284 1273 1324 cum
1318 1267 1676 1333 obscuritate;
1714 1266 1817 1332 sic,
1847 1266 1926 1322 sic
1949 1264 2137 1321 videli-

556 1367 644 1416 cet
697 1375 727 1414 a
777 1358 1047 1414 damnatis
1096 1358 1283 1414 sentiri
1332 1359 1541 1431 pondus
1589 1373 1813 1413 summae
1866 1355 2137 1427 aequitatis

557 1451 738 1508 debet.
770 1448 882 1516 Ut,
928 1451 1056 1522 quia
1085 1466 1116 1505 a
1147 1449 1422 1506 voluntate
1453 1448 1758 1511 Conditoris
1795 1462 2135 1520 nequaquam

555 1549 686 1599 sunt
711 1541 871 1598 veriti
899 1542 1210 1613 discrepare
1228 1541 1359 1597 dum
1390 1541 1654 1608 viverent,
1677 1541 1730 1595 in
1757 1555 1944 1597 eorum
1967 1555 2131 1611 quan-

556 1633 734 1704 doque
786 1632 1009 1688 interitu
1050 1633 1168 1705 ipsa
1209 1648 1239 1688 a
1281 1633 1394 1689 suis
1438 1632 1785 1704 qualitatibus
1825 1635 1989 1690 etiam
2029 1641 2137 1688 tor-

555 1734 741 1780 menta
788 1725 1129 1793 discordem;
1179 1734 1447 1796 quatenus
1492 1742 1601 1798 quo
1660 1742 1720 1782 se
1773 1716 2141 1799 impugnant,

2236 534 2435 594 servat,
2462 525 2607 597 quod
2642 524 2687 581 si
2731 525 3032 596 approbare
3058 526 3386 583 testimoniis
3406 528 3460 582 in
3485 543 3588 584 sua
3616 543 3840 599 expres-

2235 614 2387 669 sione
2415 629 2522 669 non
2542 628 2850 686 possumus,
2871 623 3119 685 superest
3131 624 3191 670 ut
3207 632 3239 671 e
3265 616 3483 672 diverso
3510 619 3835 676 ducamus.

2235 705 2372 763 Tres
2395 708 2593 780 quippe
2632 706 2873 764 Hebrum
2898 709 3075 780 gentis
3095 710 3248 779 pueri
3288 725 3389 780 per
3417 694 3677 767 (Σικιιάὲὶ
3700 715 3844 786 regis

2236 786 2544 871 imperium,
2574 800 2853 857 succensis
2876 800 3077 856 camini
3104 801 3339 874 ignibus,
3368 802 3556 874 ligatis
3580 806 3843 862 manibus

2202 891 2571 964 ,pedibusque
2594 933 2609 959 ,
2657 892 2885 965 proiecti
2933 901 3087 961 sunt,
3116 909 3256 965 quos
3292 904 3499 961 tamen,
3524 912 3663 952 cum
3705 897 3843 953 idem

2236 1001 2332 1043 rex
2357 985 2413 1041 in
2435 985 2634 1042 camini
2658 986 2909 1042 incendio
2946 985 3238 1043 miseratus
3280 988 3630 1058 exploraret,
3664 988 3843 1045 illaesi:

2236 1076 2459 1132 vestibus
2487 1076 2884 1132 deambulantes
2904 1077 3031 1132 vidit
3054 1077 3219 1147 (Dan.
3248 1094 3331 1143 tu,
3351 1079 3445 1147 22,
3469 1079 3569 1145 24,
3594 1079 3679 1135 50
3710 1096 3845 1145 sem,

2237 1168 2351 1239 92).
2382 1169 2485 1225 Ubi
2512 1178 2701 1240 aperte
2722 1168 2996 1240 colligitur
3040 1171 3167 1240 quia
3191 1211 3208 1237 ,
3244 1172 3381 1227 mira
3422 1173 3847 1243 dispensatione

2239 1258 2362 1335 [al.,
2389 1258 2766 1332 dispositione]
2781 1260 3266 1334 Conditorisgignis
3285 1262 3527 1332 qualitas
3543 1265 3607 1318 in
3631 1264 3847 1321 diversa

2238 1352 2441 1406 virtute
2466 1339 2763 1423 temperata
2783 1391 2799 1419 ,
2826 1359 2883 1408 et
2904 1352 3227 1409 vestimenta
3253 1369 3363 1410 non
3391 1356 3611 1425 attigit,
3644 1366 3709 1410 et
3734 1357 3847 1411 vin-

2238 1443 2356 1500 cula
2387 1444 2686 1511 succendit,
2725 1445 3037 1515 sanctisque
3082 1445 3217 1500 viris
3265 1455 3323 1502 et
3368 1447 3434 1502 ad
3490 1445 3845 1502 inferendum

2242 1544 2571 1593 tormentum
2620 1535 2839 1591 ﬂamma
2873 1533 3077 1606 friguit,
3101 1543 3159 1592 et
3184 1537 3252 1591 ad
3274 1537 3575 1594 solutionis
3596 1539 3849 1595 ministe-

2238 1629 2379 1684 rium
2403 1627 2628 1684 exarsit.
2660 1626 2816 1684 Sicut
2846 1642 2977 1699 ergo
2998 1627 3187 1683 electis
3209 1629 3349 1700 ignis
3369 1632 3576 1686 ardere
3608 1631 3848 1687 novitati

2241 1718 2493 1774 solatium
2522 1759 2536 1785 ,
2584 1727 2641 1774 et
2694 1727 2875 1775 tamen
2916 1719 3109 1776 ardere
3141 1721 3207 1777 ad
3244 1722 3583 1792 supplicium
3642 1727 3847 1791 nescit,

553 1815 830 1871 cruciatus
855 1825 1111 1888 augeant,
1143 1824 1201 1872 et
1227 1810 1348 1872 c'um
1378 1815 1525 1872 varie
1561 1817 1849 1887 prodeunt,
1879 1817 2136 1888 multipli-
2165 1802 2214 1863 Β
2241 1811 2315 1866 ita
2359 1825 2391 1866 e
2438 1810 2653 1866 diverso
2681 1812 2943 1883 gehennm
2968 1808 3183 1867 ﬂamma
3215 1814 3466 1883 reprobis
3516 1823 3581 1870 et
3642 1831 3847 1888 nequa-

553 1907 695 1963 citer
719 1907 1040 1964 sentiantur.
1057 1906 1191 1976 Quae
1208 1917 1388 1962 tamen
1416 1907 1675 1979 supplicia
1699 1908 1752 1962 in
1783 1923 1842 1963 se
1869 1908 2130 1973 diversos,

552 2008 610 2056 et
656 2000 795 2055 ultra
826 2000 973 2058 vires
997 2001 1265 2066 cruciant,
1302 2008 1357 2056 et
1384 2000 1437 2056 in
1463 2001 1544 2057 eis
1568 2001 1692 2056 vita:
1719 2000 2016 2057 subsidium
2040 2013 2137 2055 ex-

554 2092 895 2163 stinguentes
922 2089 1043 2164 [al.,
1067 2091 1488 2165 exstinguendo]
1515 2101 1754 2158 servant,
1777 2102 1837 2147 ut
1865 2092 1944 2148 sic
1967 2092 2133 2147 vitam

552 2185 822 2241 terminus
860 2185 1085 2255 puniat,
1134 2194 1402 2255 quatenus
1459 2200 1674 2256 semper
1726 2184 1843 2241 sine
1902 2185 2134 2241 termino

549 2276 827 2332 cruciatus
858 2275 1035 2342 vivat;
1064 2276 1191 2346 quia
1215 2284 1271 2332 et
1293 2278 1360 2332 ad
1389 2275 1550 2331 ﬁnem
1576 2290 1673 2346 per
1696 2283 1960 2332 tormenta
2001 2290 2132 2346 pro-

546 2376 726 2440 perat,
777 2376 834 2423 et
879 2368 997 2425 sine
1041 2369 1151 2425 ﬁne
1187 2368 1446 2424 deﬁciens
1493 2369 1671 2423 durat.
1723 2366 1814 2424 Sic
1866 2366 1988 2441 [al.,
2034 2366 2128 2441 sit]

545 2479 678 2537 ergo
701 2463 914 2520 miseris
938 2479 1085 2520 mors
1111 2463 1228 2520 sine
1247 2472 1441 2528 morte,
1462 2462 1583 2518 ﬁnis
1607 2462 1724 2518 sine
1746 2461 1871 2527 ﬁne,
1887 2461 2132 2517 defectus

543 2557 663 2614 sine
708 2556 958 2623 defectu;
991 2556 1116 2626 quia
1168 2563 1225 2610 et
1278 2571 1426 2611 mors
1472 2554 1621 2614 vivit.
1678 2561 1734 2609 et
1769 2552 1891 2608 ﬁnis
1916 2567 2131 2624 semper

542 2648 754 2718 incipit,
798 2656 855 2703 et
893 2647 1128 2704 deﬁcere
1177 2645 1419 2702 defectus
1464 2645 1655 2701 nescit.
1710 2643 1846 2711 Quia
1884 2642 2048 2714 igitur
2075 2650 2131 2699 et

541 2753 701 2793 mors
716 2737 956 2811 perimit,
988 2737 1083 2794 sed
1103 2752 1208 2792 non
1233 2735 1563 2806 exstinguit;
1592 2734 1744 2791 dolor
1773 2733 2009 2801 cruciat,
2033 2731 2129 2790 sed

540 2828 847 2885 nullatenus
868 2845 1124 2901 pavorem
1156 2827 1340 2900 fugat;
1364 2827 1891 2893 ﬂammmomburit,
1911 2826 2006 2882 sed
2033 2841 2131 2882 ne-

539 2934 810 2990 quaquam
860 2920 1111 2975 tenebras
1155 2919 1359 2975 decutit
1385 2917 1505 2991 [al.,
1546 2916 1791 2991 discutit]
1823 2935 1836 2971 :
1865 2926 2126 2989 quantum

539 3025 636 3080 per
678 3010 929 3065 notitiam
970 3011 1253 3082 praesentis
1279 3010 1403 3064 vita:
1430 3007 1722 3080 colligitur,
1754 3007 2015 3078 supplicia
2045 3021 2129 3062 or-

538 3101 718 3157 dinem
750 3116 856 3156 nou
886 3101 1105 3167 habent,
1136 3116 1257 3172 quae
1290 3115 1396 3156 non
1425 3114 1576 3155 suam
1606 3114 1703 3170 per
1742 3097 1922 3154 omnia
1950 3096 2123 3168 quali-

540 3197 704 3245 tatem
728 3200 945 3246 tenent:
964 3156 1211 3263 quamvis
1236 3191 1343 3247 illic
1372 3192 1512 3263 ignis
1532 3199 1586 3246 et
1606 3156 1672 3247 ad
1697 3190 2119 3247 consolationem
2148 3156 2194 3223 Ο

536 3296 645 3335 non
676 3281 837 3348 lucet,
879 3290 934 3339 et
965 3292 1146 3337 tamen
1194 3290 1254 3337 ut
1302 3284 1475 3355 magis
1512 3291 1759 3354 torqueat
1806 3284 1874 3340 ad
1917 3282 2120 3355 aliquid

536 3368 700 3426 lucet.
734 3370 868 3425 Nam
892 3387 1154 3442 sequaces
1178 3387 1421 3444 quosque
1453 3371 1577 3445 [al.,
1605 3371 1842 3446 quoque]
1876 3388 2004 3430 suos
2036 3388 2120 3428 se-

536 3476 660 3517 cum
700 3462 753 3516 iu
797 3469 1067 3519 tormento
1108 3463 1322 3537 reprobi
1356 3462 1573 3518 ﬂamma
1622 3463 1927 3521 illustrante
1950 3464 2119 3519 visuri

533 3560 701 3618 sunt,
750 3568 980 3623 quorum
1035 3569 1223 3610 amore
1271 3555 1663 3626 deliquerunt,
1707 3563 1972 3627 quatenus
2027 3555 2120 3627 qui

532 3658 721 3699 eorum
748 3645 914 3701 vitam
944 3645 1236 3702 carnaliter
1283 3654 1472 3703 contra
1516 3655 1785 3718 praecepta
1812 3647 2120 3704 Conditoris

536 3744 888 3804 amoverant,
936 3738 1178 3809 ipsorum
1227 3753 1442 3810 quoque
1485 3754 1580 3795 eos
1632 3739 1882 3795 interitus
1926 3739 1983 3794 iu
2025 3755 2122 3793 au-

534 3836 757 3896 gmento
796 3825 921 3899 [al.,
959 3828 1330 3902 augmentum]
1360 3845 1474 3886 suae
1505 3830 1870 3887 damnationis
1896 3829 2118 3904 aﬁligat.

537 3916 690 3984 Quod
732 3915 976 3987 profecto
1018 3918 1312 3992 Evangelia
1346 3927 1482 3976 teste
1520 3920 1842 3993 colligimus,
1887 3919 1941 3975 in
1988 3934 2118 3991 quo,

534 4008 780 4066 Veritate
827 4012 1114 4068 nuntiante
1147 4054 1163 4080 ,
1219 4013 1371 4070 dives
1410 4013 1520 4081 ille,
1559 4030 1721 4085 quem
1771 4014 1997 4086 contigit
2053 4013 2121 4070 ad

531 4101 721 4156 aeterni
763 4102 993 4158 incendii
1041 4112 1307 4163 tormenta
1345 4106 1696 4173 descendere,
1735 4107 1975 4177 quinque
2012 4104 2122 4161 fra-

534 4202 679 4248 trum
720 4194 1045 4251 describitur
1081 4197 1391 4253 meminisse
1418 4198 1568 4271 (Luc.
1602 4213 1714 4265 xvr,
1745 4198 1838 4266 27,
1866 4199 1995 4268 28);
2028 4198 2119 4269 qui

536 4282 810 4338 Abraham
837 4285 996 4356 petiit
1022 4296 1081 4342 ut
1115 4288 1182 4343 ad
1219 4303 1406 4344 eorum
1446 4287 1806 4343 eruditionem
1836 4302 1959 4344 eum
1991 4289 2118 4345 mit-

537 4384 718 4442 teret,
768 4393 837 4433 ne
881 4379 1006 4436 illuc
1037 4395 1132 4437 eos
1168 4383 1492 4453 quandoque
1528 4382 1805 4437 venientes
1832 4398 1931 4453 par
1962 4397 2122 4453 poena

536 4467 825 4523 cruciaret.
856 4468 958 4537 Qui
992 4469 1157 4542 igitur
1201 4473 1267 4527 a'd
1312 4471 1514 4527 doloris
1559 4472 1640 4527 sui
1688 4473 1959 4528 cumulum
1999 4489 2123 4544 pro-

2236 1918 2398 1974 quam
2430 1902 2575 1958 lucet
2595 1903 2660 1957 ad
2691 1902 3079 1960 consolationis
3122 1904 3377 1975 gratiam,
3400 1914 3462 1961 et
3484 1914 3686 1962 tamen
3713 1908 3849 1965 lueet

2234 1995 2301 2051 ad
2335 2010 2571 2066 paruam.
2606 1993 2679 2050 Ut
2707 1995 3084 2050 damnatorum
3110 1995 3284 2052 oculis
3308 1998 3453 2069 ignis
3486 1998 3760 2069 supplicii
3800 2010 3848 2056 et

2232 2086 2379 2142 nulla
2404 2085 2653 2142 claritate
2682 2087 2934 2153 candeat,
2965 2095 3040 2153 et,
3072 2087 3141 2142 ad
3166 2086 3374 2145 doloris
3411 2090 3749 2155 cumulum,
3776 2092 3847 2146 di-

2231 2177 2358 2234 lecti
2402 2178 2639 2249 qualiter
2677 2178 2991 2234 cruciantur
3034 2180 3304 2235 ostendat.
3352 2178 3504 2247 Quid
3534 2192 3735 2237 autem
3756 2185 3849 2237 mi.

2230 2286 2373 2338 rum,
2403 2271 2450 2328 si
2472 2273 2731 2344 gehennae
2769 2271 2948 2343 ignem
2964 2271 3244 2328 credimus
3266 2272 3482 2328 habere
3512 2274 3845 2346 supplicium

2231 2363 2390 2421 simul
2425 2363 2778 2420 obscuritatis
2804 2370 2861 2418 et
2896 2362 3141 2429 luminis,
3188 2364 3409 2434 quando
3454 2367 3847 2438 experimento

2230 2455 2500 2521 novimus,
2531 2455 2658 2526 quia
2703 2463 2760 2511 et
2805 2454 3067 2511 taedarum
3101 2453 3320 2512 ﬂamma
3352 2455 3512 2513 lueet
3556 2460 3846 2515 obscura?

2230 2546 2382 2603 Tunc
2418 2547 2555 2603 edax
2622 2545 2840 2602 ﬂamma
2893 2546 3167 2602 comburit
3208 2562 3350 2618 quos
3399 2564 3562 2605 nunc
3609 2552 3846 2608 carnalis

2230 2640 2516 2697 delectatio
2554 2640 2778 2712 polluit;
2814 2647 2945 2696 tunc
2986 2638 3197 2696 inﬁnite
3225 2650 3420 2711 patens
3441 2642 3663 2699 inferni
3696 2645 3844 2699 bara-

2229 2733 2411 2789 thrum
2437 2733 2662 2789 devorat
2683 2747 2819 2803 quos
2841 2746 2986 2787 nunc
3006 2731 3184 2787 inanis
3207 2731 3375 2787 elatio
3394 2734 3662 2801 exaltat;
3689 2746 3843 2806 atque

2229 2824 2320 2894 qui
2360 2823 2602 2895 quolibet
2630 2838 2697 2879 ex
2726 2823 2860 2879 vitio
2887 2823 2979 2879 hic
3011 2821 3347 2879 voluntatem
3379 2824 3576 2880 callidi
3620 2841 3841 2896 persua-

2229 2915 2370 2971 soris
2415 2913 2810 2985 expleverunt,
2837 2922 2968 2969 tunc
3008 2927 3132 2969 cum
3168 2913 3307 2969 duce
3346 2929 3451 2970 suo
3500 2916 3739 2986 reprobi
3778 2916 3840 2970 ad

2227 3016 2498 3065 tormenta
2524 3007 2863 3079 perveniunt.
2888 3007 2991 3073 Et,
3024 3007 3272 3078 quamvis
3301 3008 3645 3079 angelorum
3682 3022 3842 3082 atque

2227 3101 2505 3158 hominum
2552 3098 2711 3173 longe
2757 3100 2830 3156 sit
2873 3107 3066 3155 natura
3114 3099 3431 3165 dissimilis,
3487 3116 3608 3156 una
3662 3110 3837 3158 tamen

2224 3205 2384 3264 poena
2415 3191 2657 3263 implicat
2698 3206 2834 3261 quos
2870 3206 3011 3246 unus
3056 3190 3110 3245 in
3154 3190 3384 3246 crimine
3418 3200 3628 3247 reatus
3671 3195 3837 3266 ligat;

2222 3281 2369 3353 quod
2415 3282 2555 3338 bene
2610 3296 2674 3337 ac
2707 3282 2945 3338 breviter
2987 3280 3229 3336 insinuat
3260 3281 3547 3353 propheta
3585 3287 3691 3353 qui
3720 3287 3793 3339 ait
3816 3303 3834 3340 :

2222 3371 2309 3426 Ibi
2333 3371 2519 3439 Assur,
2556 3383 2603 3427 et
2631 3373 2800 3428 omnis
2826 3371 3109 3426 multitudo
3144 3372 3261 3442 ejus
3282 3382 3331 3427 et
3358 3373 3417 3427 in
3448 3374 3701 3429 circuitu
3726 3377 3833 3447 ejus

2220 3463 2459 3535 sepulcra
2486 3463 2631 3520 illius
2653 3464 2869 3536 (Ezech.
2902 3475 3036 3527 xxtt,
3058 3462 3172 3535 η).
3201 3464 3334 3532 Quis
3360 3480 3621 3538 namque
3644 3469 3831 3537 Assur,

2223 3555 2442 3626 superbi
2476 3556 2621 3627 regis
2649 3556 2889 3623 nomine,
2918 3550 3024 3612 nisi
3054 3555 3144 3610 ille
3168 3571 3266 3627 per
3291 3557 3604 3615 elationem
3636 3563 3833 3618 cadens

2223 3646 2479 3717 antiquus
2509 3647 2681 3703 hostis
2709 3648 3052 3719 exprimitur,
3081 3648 3194 3719 qui,
3224 3663 3324 3719 pro
3344 3663 3414 3704 eo
3444 3653 3607 3721 quod
3638 3655 3831 3709 multus

2223 3738 2292 3795 ad
2319 3737 2530 3809 culpam
2564 3739 2853 3810 pertrahit,
2873 3755 2995 3796 cum
3022 3748 3214 3796 cuncta
3243 3755 3340 3795 sua
3375 3741 3829 3801 multitudinea!

2223 3827 2421 3886 inferni
2448 3829 2683 3886 claustra
2719 3831 3040 3888 descendit?
3063 3830 3322 3903 Sepulcra
3351 3842 3549 3889 autem
3580 3846 3829 3892 mortuos

2224 3931 2432 3996 tegunt.
2472 3923 2541 3979 Et
2576 3924 2699 3994 quis
2728 3923 2868 3981 alius
2904 3932 3134 3980 mortem
3177 3924 3361 3981 acrius
3386 3928 3635 3997 pertulit
3672 3944 3828 4001 qua.

2223 4015 2272 4071 is
2315 4014 2446 4085 qui,
2492 4015 2831 4072 conditorem
2875 4031 3031 4072 suum
3084 4016 3418 4087 dispiciens,
3477 4019 3667 4075 vitam
3715 4021 3831 4076 reii-

2223 4107 2385 4178 quit?
2408 4107 2579 4175 Quem
2610 4107 2865 4164 videlicet
2904 4115 3176 4164 mortuum
3205 4123 3329 4165 cum
3378 4110 3640 4166 humana
3668 4114 3825 4169 corda

2225 4197 2564 4267 suscipiunt,
2602 4196 2720 4268 ejus
2760 4198 2945 4269 procul
2998 4199 3162 4255 dubio
3207 4199 3457 4271 sepulcra
3528 4202 3681 4258 ﬁunt
3711 4203 3825 4277 [ειη

2225 4288 2415 4362 sunt].
2461 4288 2565 4345 Sed
2614 4291 2670 4345 in
2712 4291 2934 4345 circuitu
2982 4289 3128 4346 illius
3174 4290 3417 4362 sepulcra
3478 4293 3609 4364 ejus
3668 4304 3825 4361 sicut,

2225 4381 2351 4453 quia
2402 4382 2455 4436 in
2500 4398 2728 4452 quorum
2773 4399 2832 4440 se
2870 4385 3142 4440 mentibus
3190 4400 3334 4440 nunc
3396 4399 3505 4454 per
3552 4386 3829 4444 desideria

2226 4475 2440 4547 sepelit,
2469 4476 2569 4532 hos
2602 4477 2705 4533 sibi
2730 4478 3070 4549 postmodum
3097 4494 3194 4549 per
3216 4488 3491 4536 tormenta
3515 4484 3826 4554 conjungit.

532 4561 864 4632 pinquorum
891 4539 1195 4617 absentium
1220 4562 1716 4630 meminit,constat
1740 4564 1927 4636 procul
1954 4539 2120 4621 dubio
2147 4539 2200 4599 D
2228 4539 2574 4638 lit-quoniam
2628 4539 2775 4624 nunc
2816 4568 2872 4623 in
2923 4539 3231 4641 semetipsis
3274 4570 3500 4639 reprobi

534 4655 661 4726 quia
689 4670 785 4712 eos
807 4655 877 4712 ad
901 4666 1288 4728 augumentum
1334 4655 1582 4728 supplicii
1611 4657 1772 4728 paulo
1797 4666 1922 4729 post
1945 4657 2125 4729 potuit

531 4745 698 4800 etiam
726 4754 1026 4818 praesentes
1069 4745 1275 4803 videre.
1305 4744 1444 4814 Quid
1479 4755 1660 4803 autem
1707 4746 1829 4821 [al.,
1868 4762 1998 4819 ergo
2045 4747 2119 4822 ei]

534 4837 732 4891 mirum
777 4837 821 4892 si
872 4852 1055 4893 secum
1087 4852 1301 4908 quoque
1328 4837 1585 4909 reprobos
1614 4838 1842 4910 aspiciat
1861 4840 2117 4908 cremari,

533 4930 647 5000 qui,
683 4927 751 4983 ad
779 4929 982 4986 doloris
1003 4930 1085 4986 sui
1114 4929 1408 4996 cumulum,
1436 4945 1561 4986 eum
1587 4947 1747 5002 quem
1776 4931 2119 5002 despexerat,

537 5023 590 5077 in
620 5023 742 5078 sinu
768 5008 1001 5079 Abrahae
1024 5022 1290 5078 Lazarum
1335 5024 1508 5078 vidit?
1554 5024 1612 5078 Si
1649 5024 1722 5090 ei,
1751 5025 1837 5080 cui
1869 5033 1927 5079 ut
1954 5038 2117 5095 pmna

539 5122 836 5181 cresceret,
881 5124 934 5170 et
985 5115 1069 5169 vir
1091 5115 1294 5171 electus
1327 5115 1596 5186 apparuit,
1634 5129 1732 5170 cur
1757 5130 1864 5170 non
1893 5115 2119 5171 creden-

533 5205 661 5261 dum
711 5205 779 5261 sit
815 5207 957 5277 quod
1004 5207 1187 5263 videre
1236 5207 1289 5262 in
1320 5205 1582 5277 supplicio
1620 5220 1715 5262 eos
1770 5206 1932 5262 etiam
1983 5222 2119 5278 quos

535 5303 726 5350 contra
777 5294 947 5352 Deum
989 5295 1251 5353 dilexerat
1293 5295 1511 5367 possit?
1537 5309 1641 5366 qua
1672 5310 1740 5351 ex
1764 5311 1821 5352 re
1847 5298 2118 5371 colligitur

533 5388 678 5457 quod
706 5401 802 5444 eos
842 5402 978 5459 quos
1018 5388 1324 5444 inordinate
1376 5403 1521 5444 nunc
1576 5388 1792 5459 reprobi
1847 5390 2115 5463 diligunt,

534 5478 676 5534 miro
712 5476 901 5549 judicii
932 5479 1122 5536 ordine
1150 5495 1335 5537 secum
1371 5489 1499 5537 tunc
1541 5480 1597 5537 in
1645 5482 1930 5538 tormentis
1971 5484 2120 5540 vide-

534 5570 789 5638 bunt,ut
808 5586 1022 5643 poenam
1069 5573 1300 5645 propria:
1343 5574 1640 5643 punitionis
1690 5583 1986 5647 exaggeret
2028 5576 2120 5631 illa

534 5657 756 5715 Auctori
784 5663 1069 5732 praeposita
1097 5662 1332 5719 carnalis
1351 5664 1623 5736 cognatio,
1648 5665 1764 5736 pari
1789 5674 1915 5721 ante
1937 5666 2123 5724 oculos

541 5744 742 5804 ultione
777 5750 1052 5808 damnata.
1106 5752 1249 5822 Ignis
1298 5753 1481 5823 itaque
1530 5755 1621 5825 qui
1676 5756 1728 5811 in
1783 5756 2116 5813 obscuritate

2228 4659 2451 4730 spiritus
2478 4659 2663 4717 illicita
2704 4661 3069 4732 perpetrando
3097 4662 3423 4733 suscipiunt,
3464 4671 3609 4720 tunc
3654 4665 3829 4738 sepul-

2228 4767 2323 4809 cra
2342 4767 2531 4808 eorum
2554 4767 2678 4809 cum
2704 4753 2935 4809 mortuis
2956 4753 3268 4827 ardebunt.]

2298 4846 2340 4916 -ι-
2376 4844 2487 4901 Cur
2513 4854 2694 4901 autem
2733 4844 3049 4902 incredibile
3079 4846 3151 4902 sit
3178 4845 3287 4902 illic
3310 4845 3428 4915 jam
3458 4847 3519 4904 in
3556 4858 3827 4906 ater-um

2229 4936 2514 4994 damnatos
2534 4935 2652 4993 fore
2675 4936 2930 5004 miseros,
2955 4951 3079 4993 cum
3121 4938 3175 4993 in
3222 4938 3325 4994 hac
3360 4939 3475 4994 vita
3516 4942 3713 4999 adhuc
3734 4942 3824 4998 ωδ

2226 5043 2322 5098 spe
2350 5028 2684 5098 poenitentiae
2723 5027 2982 5101 degentes
3032 5028 3215 5084 multis
3257 5030 3501 5087 miseriis
3540 5036 3825 5106 contingat

2228 5117 2470 5175 involvi?
2496 5119 2572 5174 De
2594 5118 2791 5189 quibus
2818 5120 3009 5176 beatus
3029 5117 3342 5191 Gregorius,
3374 5121 3431 5176 in
3470 5121 3625 5181 libro
3652 5125 3825 5182 lor:-

2225 5210 2356 5266 lium
2388 5226 2460 5266 xx
2484 5210 2625 5282 (cap.
2671 5209 2785 5282 15).
2814 5209 2891 5266 Ita
2927 5210 3147 5267 disserit
3176 5228 3192 5266 :
3223 5210 3573 5285 [Squalentes
3606 5219 3825 5273 ωιαιιί-

2228 5309 2337 5356 tate
2366 5312 2414 5355 et
2440 5301 2655 5356 miseria
2694 5299 2818 5372 (Job
2846 5315 2978 5367 xxx,
3021 5300 3102 5373 5.)
3131 5299 3302 5374 Egra
3337 5319 3583 5377 namque
3618 5323 3756 5363 caro
3782 5310 3825 5363 si

2224 5394 2470 5451 studiose
2497 5394 2681 5451 curari
2734 5393 3058 5467 negligitur,
3104 5394 3358 5467 squalore
3396 5396 3646 5469 desuper
3670 5400 3825 5455 docto

2226 5485 2281 5541 in
2315 5484 2633 5541 inﬁrmitate
2657 5485 2899 5542 deterius
2920 5494 3200 5556 gravatur,
3251 5495 3328 5552 et,
3354 5487 3487 5543 dum
3518 5490 3821 5547 calamitati

2225 5575 2563 5648 aegritudinis
2594 5576 2935 5649 negligentia:
2958 5575 3178 5632 miseria
3219 5576 3424 5643 aditur,
3447 5581 3683 5649 gravior
3706 5595 3819 5637 no—

2228 5667 2384 5724 lestia
2411 5668 2607 5725 oborto
2638 5667 2758 5742 [al.,
2784 5666 3000 5741 oborta]
3028 5668 3280 5739 squalore
3304 5668 3593 5726 toleratur.
3626 5672 3819 5725 Natura

2231 5761 2398 5835 igitur
2443 5762 2675 5819 humana
2718 5764 2856 5820 bene
2903 5763 3145 5829 condita,
3188 5763 3279 5820 sed
3331 5764 3403 5820 ad
3446 5765 3813 5822 inﬁrmitati-Ir
