4010 6352
100 416 255 479 1253

972 409 1064 466 DE
1100 399 1771 463 PREDESTINATIONE
1804 398 2085 458 CONTRA
2124 396 2172 454 εἰ.
2214 394 2510 455 SCOTUM.

3241 392 3377 455 l234

99 535 246 591 vitio
267 529 500 605 propria}
526 523 821 585 voluntatis
854 523 1026 595 lapsa,
1057 522 1113 577 in
1155 520 1522 577 calamitatem
1546 515 1694 572 ceci-
1720 516 1767 579 Α
1796 512 2315 605 inferno_damnatis
2364 512 2636 580 attribuis,
2677 518 2733 568 et
2776 528 2807 567 a
2862 511 3075 568 miseris
3103 514 3378 572 miseriam

102 627 212 694 dit,
245 625 375 698 quia
417 636 608 695 pressa
660 617 959 676 innumeris
996 614 1434 679 necessitatibus,
1468 611 1604 668 nihil
1638 610 1691 666 in

101 718 215 776 hac
270 717 382 772 vita
429 713 535 770 nisi
579 712 722 768 unde
772 708 1099 781 amigeretur
1136 705 1383 772 invenit;
1425 702 1518 759 sed
1570 715 1695 757 cum

100 810 320 867 eisdem
374 815 581 863 naturae
629 811 829 862 nostra!
883 797 1300 859 necessitatibus
1346 795 1693 867 plerumque,

102 899 403 972 plusquam
447 894 706 969 expedit,
745 893 1108 958 deseruimus,
1155 888 1461 957 mentisque
1504 899 1694 941 curam

105 991 462 1064 negligimus,
494 1003 562 1045 ex
602 986 821 1043 miseria
872 982 1213 1056 negligentiae
1260 978 1564 1035 inﬁrmitati
1598 991 1697 1032 no-

105 1094 242 1139 strae
273 1079 519 1137 addimus
558 1078 866 1149 squalorem
898 1075 1089 1145 culpae.
1139 1070 1501 1129 Necessitates
1538 1083 1696 1124 nam-

106 1189 220 1243 que
244 1169 524 1232 naturales
554 1169 659 1224 boc
696 1168 901 1224 habere
928 1166 1082 1221 valde
1104 1162 1467 1236 periculosum
1498 1159 1694 1226 solent,

105 1264 260 1336 quod
283 1278 426 1334 saepe
454 1262 508 1317 in
529 1260 612 1317 eis
637 1259 862 1315 minime
904 1256 1231 1313 discernitur
1249 1253 1379 1325 quid
1405 1251 1551 1308 circa
1582 1248 1700 1304 illas

110 1372 214 1428 per
238 1355 487 1411 utilitatis
512 1353 771 1418 studium,
795 1360 851 1407 et
889 1349 1018 1422 quid
1049 1363 1150 1420 per
1185 1343 1479 1418 voluptatis
1506 1342 1699 1397 vitium

110 1457 332 1520 agatur.
356 1446 560 1504 Crebro
583 1447 752 1513 enim,
781 1444 1069 1503 occasione
1097 1440 1429 1500 scductionis
1457 1441 1697 1505 iuventa,

110 1542 248 1596 dum
302 1537 614 1595 necessitati
653 1537 836 1594 debita
877 1535 1151 1592 reddimus
1175 1573 1190 1602 ,
1241 1530 1531 1604 voluptatis
1568 1528 1702 1585 vitio

111 1630 491 1698 deservimns,
514 1630 580 1685 ‘et
611 1627 943 1685 inﬁrmitatis
972 1626 1237 1682 velamine
1258 1634 1384 1680 ante
1413 1622 1700 1679 discretio-

114 1721 203 1777 nis
231 1721 418 1777 oculos
449 1720 727 1777 excusatio
766 1726 954 1775 nostra
995 1732 1053 1773 se
1076 1716 1301 1789 ,palliat,
1321 1730 1385 1770 ac
1414 1714 1569 1785 quasi
1601 1713 1703 1769 sub

111 1812 418 1884 patrocinio
469 1811 747 1883 explendae
795 1807 1083 1880 voluptatis
1147 1806 1422 1872 occultat;
1477 1803 1704 1859 inﬁrmi-

1794 604 1986 661 demis.
2020 603 2167 660 Dicis
2187 603 2333 660 enim
2363 621 2377 658 :

2365 752 2595 796 JOANNES
2627 754 2844 799 800108.

1869 874 2022 946 (Cap.
2064 874 2156 941 l6,
2179 889 2329 929 num.
2357 873 2412 939 '5,
2443 880 2578 928 sect.
2602 871 2680 945 1.)
2704 881 2746 930 Θ
2775 871 2842 927 In
2874 890 2977 945 qua
3005 882 3178 929 tamen
3205 872 3382 928 nullus

1798 966 1895 1020 erit
1917 964 2008 1037 qui
2046 982 2150 1021 non
2180 964 2367 1019 habeat
2415 963 2628 1018 insitam
2667 963 2768 1018 sibi
2801 963 3116 1018 naturaliter
3151 963 3381 1018 absentis

1801 1056 2134 1112 beatitudinis
2194 1055 2480 1122 notionem,
2530 1054 2745 1127 ejusque
2797 1056 3152 1123 desiderium,
3198 1065 3253 1110 ut
3321 1072 3382 1111 eo

1801 1149 2029 1204 maxime
2073 1157 2378 1219 torqueatur
2423 1164 2526 1219 quo
2564 1148 2812 1203 ardenter
2849 1158 3080 1221 appetat,
3116 1148 3257 1220 quod
3288 1149 3385 1221 ju-

1770 1250 1939 1319 .stum
1989 1239 2086 1296 Dei
2130 1240 2395 1312 judicium
2430 1240 2862 1310 comprehendere
2908 1256 3011 1295 non
3067 1241 3249 1307 sinat;
3293 1242 3388 1314 qui

1800 1324 1985 1400 procul
2026 1329 2184 1383 dubio
2214 1330 2471 1399 appetitus
2500 1330 2554 1383 in
2579 1344 2767 1383 misero
2810 1344 2913 1383 non
2934 1339 3084 1392 esset,
3113 1330 3158 1383 si
3180 1330 3387 1400 penitus

1801 1421 1941 1492 quod
1970 1421 2161 1493 appetit
2196 1436 2297 1475 non
2329 1419 2558 1474 haberet.
2596 1418 2967 1475 Occultissimo
3023 1421 3199 1491 itaque
3224 1422 3383 1476 t'eris‘

1805 1514 2038 1585 simoque
2069 1513 2224 1568 modo
2246 1514 2300 1567 in
2320 1513 2736 1584 profundissima
2769 1513 3143 1585 suppliciorum
3174 1516 3386 1570 miseria

1805 1603 2044 1658 damnati
2072 1601 2333 1657 habebunt
2376 1601 2700 1673 felicitatem,
2729 1612 2777 1657 et
2813 1620 2916 1658 non
2953 1603 3212 1658 habebunt
3235 1620 3386 1669 eam;

1806 1694 2064 1749 habebunt
2103 1692 2312 1764 quidem
2348 1693 2631 1765 quamdam
2672 1696 2932 1749 notionem
2959 1695 3029 1748 ad
3061 1694 3172 1765 ejus
3197 1712 3394 1749 mento-

1809 1787 1986 1848 riam;
2017 1784 2215 1840 vultum
2254 1801 2370 1839 uero
2416 1784 2528 1854 ejus
2565 1785 2620 1838 in
2656 1783 2885 1855 fructum
2939 1785 3391 1855 contemplationis

117 1875 286 1979 intem
305 1918 434 1960 vero
457 1875 664 1958 naturae
690 1909 885 1958 nostra»
905 1875 1001 1972 per
1015 1899 1402 1972 negligentiam
1431 1898 1697 1964 relaxare,
1729 1875 1777 1936 Β
1805 1894 1909 1979 "(in
1967 1876 2247 1979 ξἀθεθξξηξ·
2289 1875 2461 1942 Quam
2506 1876 2740 1979 Pfolfv’m
2788 1877 3054 1979 Ῑεξίίείιαιίε
3103 1879 3387 1942 Milonem,

114 1997 254 2053 nibil
287 2005 370 2053 est
398 1997 541 2052 aliud
563 2012 727 2066 quam
760 1995 1055 2052 calamitati
1085 1994 1360 2049 miseriam
1388 1992 1609 2058 addere,
1637 2007 1703 2048 ac

112 2089 375 2144 vitiorum
413 2088 719 2160 squalorem
754 2103 821 2145 ex
853 2088 1040 2144 eadem
1074 2085 1293 2142 miseria
1317 2084 1694 2157 multiplicare.

118 2181 278 2238 Unde
304 2184 476 2239 sancti
515 2182 615 2237 viri
641 2181 694 2237 in
718 2197 880 2239 omne
907 2181 1050 2252 quod
1093 2189 1278 2251 agunt,
1303 2178 1701 2236 studiosissima

116 2274 420 2329 intentione
447 2273 762 2330 discernunt
807 2288 874 2328 ne
913 2272 1043 2343 quid
1098 2272 1219 2344 plus
1244 2273 1335 2327 .ab
1376 2271 1456 2326 eis
1496 2277 1702 2325 natura:

116 2381 232 2422 sua:
260 2365 548 2421 inﬁrmitas
585 2381 748 2436 quam
774 2364 877 2421 sibi
902 2365 1130 2420 debetur
1155 2364 1358 2434 exigat,
1389 2379 1457 2419 ne
1481 2364 1580 2418 sub
1606 2377 1702 2418 ne-

115 2457 393 2513 cessitatis
449 2458 683 2528 tegmine
727 2457 778 2512 in
821 2457 902 2513 eis
939 2457 1129 2512 vitium
1158 2455 1450 2525 voluptatis
1485 2472 1704 2511 excres-

115 2558 228 2604 cat.
257 2548 418 2604 Aliud
441 2549 588 2605 enim
614 2564 680 2605 ex
713 2549 1029 2603 inﬁrmitate
1056 2588 1071 2612 ,
1104 2549 1250 2603 aliud
1277 2563 1344 2603 ex
1384 2548 1704 2603 tentationis

116 2640 462 2711 suggestione
492 2639 793 2705 sustinent;
834 2648 909 2705 et,
947 2639 1103 2711 quasi
1153 2638 1374 2710 quidam
1412 2638 1703 2693 rectissimi

118 2733 310 2788 arbitri
343 2733 486 2788 inter
511 2733 895 2788 necessitatem
923 2732 1361 2802 voluptatemque
1395 2731 1701 2797 constituti,

123 2821 263 2876 banc
291 2821 624 2879 consulendo
651 2821 771 2895 (aL,
811 2820 1161 2894 consolando]
1193 2821 1501 2887 sublevant,
1558 2822 1705 2877 illaut

122 2913 415 2982 premendo
462 2912 699 2969 frenant.
743 2912 892 2969 Unde
932 2912 992 2967 ﬁt
1029 2921 1089 2967 ut
1126 2920 1179 2968 et
1235 2911 1565 2967 inﬁrmitatis
1594 2927 1706 2966 sum

125 3003 487 3061 calamitatem
515 3004 760 3070 tolerent,
800 3012 854 3061 et
900 3012 1077 3059 tamen
1106 3004 1174 3058 ad
1205 3004 1511 3074 squalorem
1543 3003 1705 3058 mise-

126 3098 223 3153 ria:
250 3113 348 3170 per
383 3097 763 3169 negligentiam
808 3113 916 3154 non
958 3098 1314 3154 descendant.
1369 3097 1483 3154 Hoc
1527 3098 1703 3170 ipsum

126 3191 268 3247 enim
307 3205 428 3248 esse
459 3191 513 3245 in
541 3190 851 3247 calamitate
892 3199 997 3257 est,
1022 3191 1374 3247 necessitates
1404 3199 1610 3246 naturae
1638 3207 1701 3247 ex

125 3281 305 3336 carnis
362 3282 540 3337 adhuc
574 3281 968 3352 corruptibilis
1020 3279 1338 3337 inﬁrmitate
1391 3282 1702 3348 sustinere;

124 3386 263 3442 quas
284 3372 527 3428 videlicet
562 3372 913 3430 necessitates
949 3373 1202 3444 cupiebat
1226 3373 1474 3439 evadere,
1508 3374 1598 3444 qui
1631 3375 1708 3428 di-

127 3463 283 3519 cebat
303 3477 317 3517 :
340 3463 416 3519 De
429 3464 819 3520 necessitatibus
846 3466 972 3521 meis
992 3466 1131 3539 eripe
1152 3482 1234 3523 me
1259 3465 1376 3539 (Ps.
1404 3482 1533 3521 xxrv
1555 3509 1569 3533 ,
1596 3467 1703 3537 l7).

104 3554 344 3610 .S'ciebat
386 3555 528 3610 enim
574 3555 891 3628 plerumque
939 3558 1271 3629 voluptatum
1298 3558 1483 3629 culpas
1509 3574 1577 3613 ex
1607 3573 1707 3613 ne-

129 3646 442 3701 cessitatum
469 3647 757 3703 occasione
772 3664 1149 3720 prorumpere,
1171 3659 1245 3716 et,
1270 3666 1338 3706 ne
1372 3650 1499 3720 quid
1515 3658 1705 3721 sponte

131 3737 378 3793 illicitum
435 3739 782 3806 admitteret,
836 3741 938 3798 hoc
1002 3742 1175 3813 ipsum
1212 3742 1492 3813 satagebat
1550 3741 1704 3797 evelli

130 3830 273 3901 quod
322 3830 509 3885 nolens
541 3847 607 3887 ex
640 3834 824 3889 radice
871 3834 1155 3890 tolerabat.
1211 3835 1283 3889 At
1328 3844 1518 3892 contra
1552 3836 1706 3906 pravi

131 3923 361 3993 gaudent
390 3923 442 3978 in
467 3925 551 3979 bis
585 3926 951 3998 corruptionis
981 3942 1091 3983 sua:
1114 3928 1554 3993 necessitatibus,
1578 3926 1705 3996 quia

130 4013 380 4069 nimirum
410 4031 505 4071 cas
529 4016 596 4071 ad
638 4033 794 4072 usum
824 4017 1155 4088 voluptatum
1200 4025 1532 4088 retorquent.
1571 4014 1705 4071 Cum

128 4105 273 4160 enim
318 4106 622 4163 reﬁciendis
665 4107 787 4164 cibo
838 4108 1157 4179 corporibus
1189 4117 1398 4164 naturae
1444 4109 1706 4174 serviunt,

130 4213 230 4268 per
257 4198 665 4256 delectationem
709 4201 848 4274 gulae
894 4201 947 4256 in
986 4201 1284 4272 voluptatis
1325 4201 1562 4274 ingluvie
1593 4202 1706 4259 dis-

134 4292 448 4358 tenduntur;
493 4305 615 4347 cum
659 4292 901 4367 tegendis
925 4293 1185 4350 membris
1210 4294 1535 4350 vestimenta
1563 4310 1710 4366 quae-

130 4388 279 4446 runt,
295 4397 398 4437 non
415 4381 586 4437 solum
611 4398 731 4453 qua:
756 4390 957 4453 tegant,
982 4384 1077 4440 sed
1095 4384 1256 4439 etiam
1273 4399 1393 4455 qua:
1414 4400 1513 4456 per
1534 4385 1709 4442 molli-

130 4477 260 4533 tiem
285 4478 576 4547 delectent;
602 4497 705 4537 non
729 4481 900 4537 solum
927 4496 1047 4551 qua:
1073 4497 1170 4554 per
1194 4481 1473 4537 mollitiem
1503 4491 1708 4539 tactum

1803 1972 2000 2034 miseri,
2034 1981 2091 2026 ut
2113 1970 2366 2036 diximus,
2396 1986 2499 2025 non
2546 1971 2793 2026 haberent
2820 1972 2875 2025 in
2907 1988 3004 2026 sua
3040 1973 3308 2033 memoria,
3342 1973 3390 2026 si

1802 2083 1907 2120 non
1934 2065 2113 2136 aliqua
2157 2064 2272 2134 ejus
2306 2064 2525 2118 scientia
2569 2064 2715 2133 ﬁeret
2754 2064 2808 2120 in
2842 2080 2940 2118 sua
2978 2074 3190 2118 natura.
3241 2062 3394 2120 Sicut

1803 2165 1975 2210 autem
1999 2153 2174 2209 nullus
2204 2164 2350 2209 extra
2377 2170 2432 2209 se
2468 2154 2701 2208 ueritatis
2728 2155 2879 2209 habet
2923 2155 3212 2220 notionem,
3241 2155 3317 2208 ita
3341 2163 3394 2209 et

1804 2247 1918 2317 ejus
1947 2247 2216 2301 scientiam
2249 2262 2267 2301 :
2294 2247 2485 2301 ueritas
2532 2255 2607 2301 cst
2634 2245 2879 2315 felicitas.
2915 2245 3110 2301 Nullus
3148 2263 3270 2316 ergo
3293 2262 3389 2300 ea:-

1805 2349 1886 2392 tra
1918 2349 2164 2392 naturam
2185 2354 2357 2402 suam,
2387 2336 2651 2408 felicitatis
2685 2348 2731 2391 et
2760 2339 3020 2393 notionem
3043 2347 3090 2392 et
3113 2336 3384 2392 scientiam

1804 2431 2082 2485 habiturus
2105 2432 2191 2485 sit.
2216 2429 2284 2485 In
2300 2433 2609 2486 miserorum
2627 2431 2803 2500 itaque
2824 2439 3015 2483 natura
3042 2430 3141 2484 erit
3166 2428 3380 2496 veritas,

1807 2522 1903 2575 erit
1962 2522 2126 2591 igitur
2178 2520 2418 2588 felicitas.
2467 2520 2561 2575 Ast
2614 2521 2873 2593 quomodo
2921 2519 3013 2573 illa
3059 2530 3246 2574 natura
3288 2521 3390 2575 mi-

1805 2627 1923 2667 sera
1956 2612 2075 2676 erit,
2130 2612 2215 2666 cui
2256 2610 2482 2680 felicitas
2520 2612 2696 2677 inerit,
2741 2628 2857 2681 qum
2886 2622 2960 2665 est
3003 2611 3210 2664 veritas.
3251 2609 3394 2676 Quid

1807 2707 1855 2759 si
1900 2704 2045 2759 nulla
2093 2713 2281 2758 natura
2320 2702 2479 2773 fuerit
2522 2704 2747 2773 punita?
2774 2703 3009 2772 nunquid
3040 2702 3136 2755 erit
3163 2702 3397 2756 misera?

1810 2796 1932 2851 Non
1953 2796 2101 2851 video
2125 2810 2142 2848 :
2166 2813 2268 2868 qua
2291 2795 2428 2851 enim
2449 2812 2610 2850 causa
2631 2794 2808 2867 aliqua
2839 2805 3030 2850 natura
3058 2795 3155 2849 erit
3179 2796 3395 2861 misera,

1809 2889 1911 2942 nisi
1949 2887 2109 2957 fuerit
2136 2888 2318 2958 punita
2334 2872 2571 2958 P'Itaque
2605 2887 2652 2942 si
2697 2886 2843 2941 nulla
2871 2898 3060 2941 natura
3087 2885 3264 2958 puniri
3305 2903 3401 2956 po-

1807 2987 1924 3041 test,
1959 2977 2104 3032 nulla
2136 2987 2325 3031 natura
2348 2979 2541 3031 misera
2568 2978 2687 3031 erit.
2721 2978 2852 3043 Quis
2883 2988 3056 3032 autem
3086 2994 3188 3032 non
3220 2976 3395 3031 credi-

1808 3068 1943 3123 derit
1990 3084 2193 3122 ontncm
2243 3078 2606 3123 naturamaut
2654 3068 2823 3123 Deum
2878 3085 3019 3132 esse,
3072 3079 3163 3123 aut
3218 3068 3284 3123 ab
3335 3086 3395 3122 eo

1807 3158 2050 3230 factam?
2091 3160 2234 3230 (cap.
2265 3159 2352 3224 15,
2382 3175 2531 3215 num.
2567 3160 2619 3223 4,
2656 3170 2790 3215 sect.
2820 3160 2902 3232 l.)
2943 3159 3207 3214 Naturam
3251 3176 3398 3213 cret.-

1734 3237 1780 3301 C
1812 3251 1992 3306 tricem
2056 3252 2281 3306 miseria:
2347 3268 2456 3306 esse
2509 3268 2749 3322 capacem
2815 3251 3261 3306 dementissimum
3321 3260 3399 3305 est

1813 3342 2091 3413 suspicari.
2122 3341 2364 3398 Creatria:
2393 3354 2564 3398 autem
2609 3355 2800 3397 natura
2824 3342 2969 3414 quali
2989 3342 3204 3413 justitia
3243 3343 3395 3412 puni-

1811 3445 1931 3490 tura
1960 3435 2025 3489 sit
2055 3444 2272 3491 naturas
2301 3432 2435 3507 quas
2460 3435 2577 3506 ipsa
2608 3436 2820 3500 crearit,
2846 3450 2947 3488 non
2972 3434 3196 3488 invenio.
3229 3431 3398 3487 Nulla

1809 3527 1995 3583 dehinc
2043 3538 2235 3582 natura
2281 3527 2570 3599 punietur;
2625 3543 2728 3582 non
2776 3526 2960 3597 punita
3012 3541 3113 3579 non
3158 3523 3257 3578 erit
3296 3523 3397 3577 mi-

1808 3636 1943 3674 sera.

2417 3722 2733 3764 CORRECTIO.

1884 3843 1923 3913 οῖ’
1949 3840 1994 3895 Ο
2016 3840 2436 3911 disputationem
2464 3836 2847 3892 vanissimam!
2895 3852 2929 3891 ο
2958 3834 3150 3907 dogma
3180 3834 3402 3906 pestile-

1812 3935 1961 3990 rum!
1987 3949 2020 3988 o
2041 3933 2338 3988 vanitatem
2361 3929 2586 3985 venenis
2616 3927 2902 3985 letbalibus
2930 3927 3181 3983 oblitam!
3211 3944 3404 3999 nempe

1810 4026 1970 4098 paulo
1991 4035 2116 4081 ante
2139 4024 2354 4081 dixeras
2386 4022 2526 4095 quod
2552 4023 2620 4076 'in
2644 4038 2831 4093 magno
2852 4023 3034 4077 αἰεινηὶ
3055 4023 3191 4093 ignis
3215 4021 3405 4075 ardore

1812 4118 1942 4174 nihil
1965 4117 2112 4172 aliud
2132 4125 2260 4172 esset
2287 4113 2505 4188 pmnalis
2540 4114 2750 4170 miseria
2787 4130 2944 4184 quam
2975 4114 3138 4168 beata?
3181 4112 3405 4184 felicita-

1810 4211 1878 4264 tis
1913 4209 2164 4264 absentia.
2214 4207 2368 4262 Nunc
2414 4215 2594 4262 autem
2650 4220 2716 4259 eo
2762 4219 2933 4275 usque
2973 4205 3264 4275 disputatio
3315 4213 3403 4259 tua

1810 4302 2069 4372 producta
2098 4308 2181 4356 est
2207 4306 2266 4353 ut
2292 4297 2538 4353 auferres
2559 4297 2855 4363 miseriam,
2878 4312 3039 4367 quant
3064 4297 3216 4368 prius
3236 4297 3397 4353 dede—

1813 4411 1927 4460 ras,
1975 4402 2032 4447 et
2084 4393 2245 4447 dares
2284 4390 2622 4454 felicitatem,
2665 4405 2827 4460 quam
2876 4389 3027 4460 prius
3069 4389 3396 4453 abstuleras.

1811 4483 2004 4540 Tantis
2032 4484 2214 4554 itaque
2241 4481 2718 4539 contrarietatibus
2752 4489 2802 4536 te
2831 4480 3006 4550 ipsum
3037 4480 3288 4552 impedis,
3313 4489 3398 4543 ut,

130 4567 423 4636 mulceant,
450 4571 545 4626 sed
567 4570 731 4626 etiam
770 4587 890 4642 quae
923 4587 1020 4643 per
1054 4572 1289 4629 colorem
1336 4572 1521 4629 oculos
1550 4574 1709 4630 sedu-
1743 4601 1797 4664 ι)
1822 4577 2185 4650 labyrinthum
2207 4576 2503 4648 ingressus,
2544 4575 2671 4646 quia
2720 4574 2867 4629 ﬁlum
2914 4574 3160 4630 rectricis
3212 4573 3403 4645 gratiae

126 4660 396 4734 cantlal.,
423 4662 518 4717 sed
538 4663 835 4733 etianrqme
849 4662 1112 4718 extollant
1135 4671 1420 4734 expetunt,
1444 4673 1499 4718 et
1524 4674 1715 4719 contra

126 4759 405 4822 torporem
450 4749 666 4821 frigoris
692 4768 797 4807 non
848 4752 1023 4809 solum
1048 4768 1168 4825 quae
1207 4769 1306 4824 per
1332 4754 1715 4826 pinguedinem

128 4840 435 4917 muniant].
469 4841 817 4900 Necessitatis
856 4844 1020 4917 igitur
1068 4860 1291 4901 causam
1345 4845 1398 4901 in
1445 4862 1601 4903 usum
1620 4862 1716 4905 vo-

129 4936 353 5008 luptatis
385 4944 619 5004 vertere,
650 4937 778 5009 quid
806 4947 891 4994 est
911 4937 1055 4994 aliud
1094 4954 1255 5011 quam
1288 4939 1582 4996 calamitati
1604 4956 1714 4998 sua:

131 5031 436 5102 squalorem
482 5032 712 5088 miseria:
741 5032 984 5090 sociare?
1010 5032 1207 5091 Pressa
1264 5035 1448 5107 itaque
1476 5044 1716 5109 tempore

133 5124 482 5181 adversitatis
507 5124 743 5182 Ecclesia
770 5126 1149 5182 reminiscatur
1175 5142 1362 5184 eorum
1393 5143 1458 5183 ex
1484 5144 1714 5199 quorum

135 5218 332 5274 merito
357 5218 480 5273 talia
507 5219 758 5283 sustinet,
797 5228 853 5276 et
892 5220 1041 5276 dicat
1067 5238 1081 5274 :
1113 5220 1217 5288 Qui
1242 5221 1494 5275 rodebant
1516 5222 1571 5276 in
1592 5221 1719 5277 soli-

133 5312 318 5369 tudine
339 5312 632 5385 squalentes
655 5312 953 5368 calamitate
991 5323 1038 5368 et
1075 5312 1286 5369 miseria
1316 5312 1438 5385 (Job
1472 5329 1604 5380 xxx,
1636 5313 1717 5386 ὅ),

134 5402 435 5460 calamitate
454 5403 661 5460 scilicet
687 5418 794 5460 non
822 5403 1131 5473 squalerent
1157 5405 1200 5461 si
1232 5405 1413 5460 insitis
1429 5402 1621 5476 [al.,in
1646 5404 1719 5459 is-

137 5492 234 5568 tis]
270 5496 679 5552 necessitatibus
718 5495 1052 5567 voluptatum
1084 5496 1361 5551 miseriam
1390 5511 1498 5551 non
1524 5510 1716 5565 super-

138 5585 420 5651 adderent,
470 5602 605 5656 quas
656 5587 907 5643 videlicet
970 5586 1324 5643 necessitates
1367 5602 1432 5642 ex
1479 5585 1720 5658 parentis

139 5676 300 5747 primi
330 5677 483 5749 culpa
517 5677 859 5753 meruimus.]

213 5769 254 5839 -ι-
278 5767 405 5826 Post
428 5773 542 5827 haec
570 5772 723 5827 addis
763 5770 1147 5843 blaspbemias,
1192 5779 1247 5827 et
1277 5771 1415 5826 mala
1441 5768 1719 5842 peioribus

143 5877 386 5935 aggeras,
417 5865 510 5935 qui
540 5873 726 5921 contra
747 5864 988 5922 omnium
1011 5863 1296 5938 Opiniones
1318 5864 1629 5925 felicitatem
1664 5871 1715 5927 in

1823 4687 1929 4727 non
1951 4670 2167 4741 quaeris,
2205 4685 2310 4740 qua
2329 4668 2468 4725 elabi
2498 4668 2679 4724 valeas
2704 4667 2926 4723 minime
2951 4666 3214 4722 invenias.
3264 4664 3405 4732 Quid

1820 4765 2019 4841 igitur?
2040 4763 2289 4836 Nunquid
2326 4771 2561 4820 czecatus
2589 4761 2857 4832 quiSpiam
2898 4760 3016 4816 ideo
3043 4775 3149 4815 non
3194 4757 3407 4813 carebit

1820 4857 2013 4923 oculis,
2044 4856 2172 4927 quia
2205 4855 2479 4912 notionem
2533 4853 2841 4909 habitorum
2893 4851 3164 4922 quondam
3220 4847 3404 4905 oculo-

1822 4965 1941 5005 rum
1967 4948 2145 5005 adhuc
2172 4948 2227 5003 in
2248 4946 2506 5004 memoria
2532 4945 2759 5001 retinet?
2781 4942 3017 5014 nunquid
3042 4941 3264 4998 claudus
3285 4940 3405 4997 ideo

1824 5041 1988 5098 rectis
2008 5041 2237 5114 pedibus
2256 5040 2382 5107 erit,
2430 5040 2557 5111 quia
2586 5039 2667 5095 vel
2695 5054 2752 5094 se
2803 5053 3038 5108 unquam
3098 5035 3263 5091 fuisse
3312 5050 3401 5090 re-

1821 5141 1967 5188 ctum
1998 5130 2264 5196 meminit,
2302 5129 2386 5186 vel
2412 5145 2533 5186 esse
2586 5128 2877 5191 desiderat,
2924 5126 3008 5182 vel
3047 5125 3183 5182 alios
3224 5130 3405 5181 rectos

1822 5221 2072 5278 incedere
2120 5221 2499 5294 conspicatur?
2534 5219 2785 5290 Nunquid
2842 5217 3192 5289 paralyticus,
3255 5217 3403 5273 omni

1824 5312 2190 5369 membrorum
2214 5312 2390 5369 ollicio
2414 5311 2723 5374 destitutus,
2748 5308 2868 5364 ideo
2890 5308 2996 5363 erit
3014 5324 3179 5365 sanus
3197 5318 3253 5365 et
3271 5307 3404 5362 vali-

1823 5402 1945 5469 dus,
1967 5404 2092 5472 quia
2120 5403 2261 5459 inest
2276 5402 2393 5473 ejus
2412 5400 2685 5458 memoriae
2709 5399 3033 5455 desiderium
3048 5409 3211 5472 atque
3232 5401 3407 5457 scien—

1828 5494 1901 5551 tia
1931 5497 2212 5552 sanitatis?
2235 5497 2333 5563 Et,
2358 5511 2427 5551 ne
2449 5494 2611 5549 multa
2642 5493 2915 5564 replicem,
2945 5494 3185 5565 nunquid
3210 5509 3403 5567 pecca-

1826 5596 1914 5643 tor
1940 5586 2165 5656 quilibet
2187 5587 2306 5642 ideo
2339 5601 2443 5640 non
2466 5585 2570 5642 erit
2603 5594 2858 5656 peccator
2895 5586 2976 5641 vel
3003 5586 3218 5656 impius,
3266 5601 3403 5658 quo-

1826 5679 1975 5736 niam
2018 5679 2243 5750 justitize
2270 5688 2326 5735 et
2348 5678 2566 5751 pietatis
2620 5679 2891 5734 notionem
2934 5678 2987 5733 in
3028 5678 3285 5735 memoria
3317 5694 3405 5735 re-

1826 5774 1993 5831 colit?
2015 5783 2108 5829 aut
2135 5788 2167 5829 e
2195 5773 2471 5829 contrario
2491 5772 2671 5845 justus
2702 5780 2757 5826 et
2783 5772 2903 5842 pius
2932 5771 3137 5827 idcirco
3160 5786 3267 5829 non
3305 5771 3412 5827 erit

1820 5868 2000 5940 justus
2024 5875 2078 5923 et
2097 5866 2237 5938 pius,
2269 5866 2395 5937 quia
2427 5862 2701 5935 injustitize
2726 5870 2781 5917 et
2806 5861 3114 5933 impietatis,
3138 5876 3260 5931 qua:
3314 5874 3412 5928 pe-
