4010 6352
577 334 719 417 ψει

1577 328 1636 421 s.
1675 325 2051 417 causamn
2092 324 2475 423 rapacitas
2515 323 2822 387 EPISCOPI

3720 326 3848 423 “lii

573 406 724 527 nitus
762 447 1136 511 adversantur,
1170 442 1253 503 vel
1279 441 1517 500 cavendo
1547 406 1633 497 vel
1661 441 1797 498 alios
1816 412 2157 514 prohibendo
2260 447 2462 522 menta.
2489 439 2703 510 quando
2730 439 2895 495 etiam
2925 452 3055 493 suos
3078 452 3149 495 ne
3183 438 3236 499 in
3269 438 3387 499 bzcc
3421 439 3739 497 inciderent

574 514 974 596 meminerunt?

2266 516 2377 587 ceri
2407 530 2677 600 cupiebat.
2714 528 2853 599 Quid
2879 544 3011 600 ergo
3057 538 3160 595 est,
3189 531 3244 584 in
3290 528 3499 601 inferno
3529 543 3719 589 autem
3742 538 3851 606 quis

643 632 801 702 Quod
827 631 973 686 enim
1002 594 1225 686 scientia
1252 627 1600 684 beatitudinis
1627 627 1738 683 illic
1768 628 2040 684 damnatis
2074 627 2164 684 de-
2263 594 2708 702 conﬁleb-iturlibi
2732 594 2848 695 (Ps.
2875 594 2970 687 Vt:
2983 620 3076 693 6)?
3117 638 3183 689 an
3232 594 3504 678 infernum
3550 624 3679 680 vult
3710 594 3853 682 iuuet

573 724 648 781 sit
674 731 903 779 testatur
941 720 1197 777 Salomon
1247 719 1338 791 qui
1394 719 1472 774 ait
1516 736 1530 773 :
1590 718 1951 791 Quodcunque
1993 726 2160 790 potest

575 831 765 897 manus
784 824 876 901 tua
897 814 1091 884 facere,
1121 812 1380 867 instanter
1398 827 1635 882 operare,
1681 811 1806 882 quia
1853 826 1947 865 nec
2002 826 2156 881 opus,

573 926 668 985 nec
697 910 855 973 ratio,
879 923 970 963 nec
988 905 1232 971 scientia,
1253 921 1345 961 nec
1369 903 1625 985 sapientia
1660 913 1811 963 erunt
1839 903 1981 975 apud
2024 903 2160 974 infe-

574 1018 683 1075 ros,
711 1017 813 1075 quo
843 1008 899 1059 tu
930 1015 1181 1071 properas
1211 994 1409 1071 (Eccle.
1439 1012 1517 1079 ut,
1544 996 1653 1066 10).
1687 997 1841 1064 Quod
1864 996 1990 1067 quia
2013 995 2151 1053 veri-

574 1092 748 1171 taliet
774 1089 967 1147 rationi
1013 1089 1237 1145 omnino
1265 1092 1480 1147 constat
1528 1088 1846 1151 adversum,
1881 1086 2157 1171 fatendum

573 1191 676 1255 est,
707 1166 1031 1239 auctoritate
1058 1180 1361 1239 divinorum
1399 1180 1753 1250 eloquiorum,
1809 1180 1861 1235 in
1893 1166 2156 1251 supplicio

560 1273 776 1349 positos
797 1280 851 1328 et
878 1273 1107 1329 miseros
1128 1287 1248 1329 esse
1267 1279 1322 1325 et
1351 1280 1561 1328 aeterna
1597 1270 1830 1331 miseriae
1865 1271 2106 1329 addictos
2136 1287 2153 1327 :

570 1365 870 1447 praesertim
900 1379 1044 1430 cum,
1076 1363 1215 1419 sicut
1241 1378 1402 1433 supra
1450 1361 1749 1433 posuimus,
1800 1363 1989 1421 beatus
2031 1361 2151 1428 Job,

569 1459 686 1514 loca
712 1471 1006 1527 poenasque
1028 1457 1286 1528 gehennaa
1332 1454 1667 1520 describens,
1722 1454 1923 1510 dixerit
1951 1472 1964 1510 :
1992 1455 2154 1509 Ante-

568 1568 728 1625 quam
755 1553 944 1606 cadam
973 1549 1043 1603 ad
1082 1557 1277 1605 terram
1303 1547 1630 1604 tenebrosam
1650 1555 1699 1602 et
1746 1557 1979 1618 opertam
2008 1563 2153 1602 mor-

568 1647 635 1709 tis
658 1645 899 1718 caligine,
925 1655 1115 1699 terram
1143 1642 1370 1698 miserita
1388 1652 1438 1697 et
1462 1641 1819 1707 tenebrarum,
1842 1641 1931 1696 ubi
1976 1640 2153 1697 nullus

566 1738 717 1805 ordo,
750 1737 841 1793 sed
858 1737 1202 1807 sempiternus
1231 1736 1421 1791 horror
1461 1733 1761 1789 inhabitans
1794 1731 1910 1807 [al.,
1948 1733 2154 1788 inhabi-

2262 700 2376 787 ligi,
2401 728 2510 786 quo
2545 721 2667 786 post
2706 712 2966 783 judicium
3008 713 3492 785 praecipitabantur
3536 716 3727 787 impii,
3773 719 3853 777 ubi

2255 805 2366 876 jam
2388 816 2610 879 propter
2627 807 3010 878 profundiores
3033 791 3305 874 tenebras,
3325 809 3536 865 nullam
3556 810 3667 867 Dei
3690 812 3853 871 lucem

2259 898 2550 965 videbunt,
2578 898 2665 954 cui
2703 898 2904 969 aliquid
2933 898 3354 976 confiteantur?]

2330 989 2372 1063 1-
2399 989 2456 1047 Si
2487 991 2631 1046 enim
2654 991 2806 1046 adest
2834 990 2942 1046 illis
2989 990 3252 1057 felicitas,
3299 998 3357 1048 et
3399 1002 3562 1049 aoest
3610 994 3855 1066 miseria,

2256 1082 2449 1152 procul
2474 1081 2637 1137 dubio
2663 1083 2817 1139 adest
2836 1083 2916 1139 eis
2945 1083 3041 1139 Dei
3074 1086 3334 1141 memoria
3364 1094 3533 1158 atque
3556 1087 3853 1157 confessio;

2258 1182 2467 1229 certum
2495 1182 2581 1228 est
2617 1181 2796 1229 autem
2843 1173 3048 1230 nullam
3074 1190 3198 1231 esse
3222 1175 3631 1233 beatitudinem
3654 1189 3857 1248 prater

2259 1264 2450 1322 Deum.
2474 1265 2532 1321 Si
2557 1268 2724 1339 igitur
2746 1269 3012 1324 sententia
3037 1269 3267 1325 districti
3295 1271 3572 1327 examinis
3602 1271 3856 1331 tollentur

2258 1356 2431 1429 impii,
2469 1373 2538 1413 ne
2566 1357 2788 1415 videant
2816 1358 3046 1431 gloriam
3075 1360 3194 1427 Dei,
3223 1360 3476 1430 profecto
3529 1362 3697 1418 nulla
3746 1364 3859 1420 bea-

2259 1450 2431 1505 titudo
2459 1449 2543 1504 vel
2567 1447 3187 1521 felicitasineritquibus
3214 1451 3407 1509 tollitur
3443 1453 3613 1524 copia
3638 1454 3857 1513 vision'n

2256 1541 2371 1597 Dei.
2405 1542 2574 1599 Porro
2594 1556 2803 1601 certum
2832 1556 2918 1602 est
2940 1546 2994 1602 in
3019 1547 3121 1604 hac
3142 1548 3322 1605 adhuc
3346 1548 3459 1603 vita
3494 1550 3727 1618 positos
3766 1551 3857 1605 mi~

2257 1648 2408 1691 seros
2443 1636 2567 1695 dici.
2603 1645 2838 1694 testante
2864 1638 2956 1694 illo
2984 1640 3299 1711 prophetico
3329 1643 3675 1712 ptenitente,
3700 1653 3759 1698 et
3784 1659 3856 1698 sa-

2259 1726 2487 1783 lubriter
2517 1743 2669 1783 suam
2721 1729 2998 1787 miseriam
3043 1731 3411 1804 deplorante:
3461 1733 3647 1789 Miser
3698 1735 3856 1806 factus

568 1801 842 1911 φιλ-(Ιώ
890 1844 945 1894 x,
968 1801 1081 1897 ἐι).
1118 1826 1287 1882 Audis
1313 1816 1509 1880 terram
1552 1825 1777 1878 miseria:
1796 1801 1871 1878 vet
1913 1823 2149 1879 tenebra-
2178 1801 2227 1862 Β
2253 1838 2369 1876 sum
2403 1834 2451 1876 et
2499 1834 2745 1879 curvatus
2767 1842 2882 1880 sum
2914 1843 3076 1898 usque
3104 1801 3161 1881 in
3185 1827 3345 1896 finem
3377 1842 3397 1879 :
3434 1838 3557 1883 tota
3608 1801 3711 1883 die
3739 1846 3854 1883 ces-

568 1938 709 1987 rum,
739 1929 796 1976 et
816 1921 984 1975 audes
1010 1919 1386 1975 damnatorum
1419 1932 1614 1989 negare
1640 1917 1934 1973 miseriam.
1980 1914 2151 1972 Audis

564 2013 655 2069 ubi
680 2013 1019 2085 sempiternus
1040 2012 1230 2067 horror
1246 2009 1525 2075 inhabitat,
1556 2018 1611 2064 et
1636 2007 1947 2064 felicitatem
1980 2007 2146 2063 mise-

564 2106 644 2163 ris
666 2102 955 2181 polliceris.
986 2101 1236 2172 Nunquid
1259 2102 1400 2157 dives
1428 2100 1518 2157 ille
1560 2100 1613 2155 in
1665 2099 1873 2169 inferno
1915 2099 2148 2170 sepultus

565 2205 756 2269 petens
785 2195 1017 2251 inaniter
1051 2195 1220 2267 digito
1261 2194 1455 2250 Lazari
1486 2195 1541 2249 in
1576 2193 1763 2264 requie
1815 2192 2149 2265 quiescentis

563 2289 870 2362 refrigerari
894 2288 1129 2361 linguam
1157 2304 1334 2354 suam,
1363 2287 1483 2343 ideo
1506 2285 1698 2342 beatus
1717 2286 1823 2342 erit
1841 2286 1965 2357 quia
1982 2286 2152 2342 beati-

568 2383 811 2459 tudinem
835 2384 985 2438 siuus
1012 2382 1246 2438 Abrahze
1279 2398 1385 2438 non
1431 2381 1602 2437 solum
1644 2390 1828 2437 mente
1876 2379 2143 2443 volvebat,

562 2487 755 2536 verum
775 2474 938 2531 etiam
961 2474 1134 2531 oculis
1159 2472 1569 2545 prospectabat?
1594 2473 1746 2545 (Luc.
1765 2488 1880 2537 xvn,
1904 2471 1989 2535 l9,
2015 2468 2148 2543 etc.)

563 2565 729 2638 Atqui
767 2565 914 2623 aliud
942 2567 1110 2623 multo
1145 2568 1311 2623 verba
1343 2566 1719 2639 respondentis
1756 2565 1987 2622 Abrahae
2016 2564 2151 2622 insi-

565 2659 864 2730 nuant,qui
891 2659 1058 2715 dixit:
1086 2657 1217 2725 Fili,
1239 2660 1650 2730 recordarequia
1674 2660 1908 2730 recepisti
1931 2659 2066 2714 bona
2094 2660 2151 2714 in

560 2748 797 2813 vitatua,
823 2757 871 2803 et
894 2747 1135 2804 Lazarus
1154 2748 1397 2804 similiter
1443 2747 1621 2813 mala;
1673 2764 1811 2802 nunc
1858 2757 2033 2802 autem
2063 2748 2150 2803 hic

560 2839 880 2907 consolatur,
943 2850 1002 2896 tu
1051 2858 1173 2897 vero
1218 2842 1472 2897 cruciaris
1523 2839 1678 2914 (Luc.
1708 2856 1816 2905 xvr,
1842 2840 1957 2910 25).
2009 2840 2150 2897 Ecce

559 2933 871 2990 cruciatus:
908 2934 999 2990 ubi
1046 2933 1313 2991 felicitas?
1354 2916 1508 2990 Sicut
1560 2948 1691 3000 ergo
1738 2948 1845 2988 non
1891 2932 2013 2989 ideo
2063 2930 2150 2989 vel

558 3024 831 3081 Abraham
850 3025 937 3082 vel
960 3025 1202 3082 Lazarus
1223 3025 1436 3083 dicendi
1457 3032 1584 3080 sunt
1607 3023 1793 3079 miseri
1811 3023 1938 3094 quia
1985 3023 2150 3079 mise-

2249 1912 2488 1967 tristatus
2533 1914 2864 1984 ingrediebar
2907 1912 3025 1988 (Ps.
3074 1916 3395 1987 xxxvu,7);
3437 1927 3503 1971 et
3550 1916 3854 1986 Apostoio:

2249 1998 2416 2055 Miser
2436 1999 2516 2056 vel
2546 2000 2732 2071 infelix
2754 2020 2847 2075 ego
2867 2005 3022 2059 homo
3037 2007 3059 2058 ,ν
3089 2004 3218 2072 Quis
3250 2022 3332 2059 me
3358 2005 3615 2061 liberabit
3654 2007 3728 2060 de
3751 2022 3855 2064 cor-

2247 2106 2373 2162 pore
2409 2091 2592 2146 mortis
2629 2092 2831 2163 hujus?
2868 2094 3049 2167 (Rom.
3078 2110 3175 2161 vlt,
3220 2093 3337 2165 24.)
3372 2095 3581 2166 quibus
3622 2094 3859 2151 concinit

2247 2182 2411 2237 etiam
2451 2181 2688 2241 Jacobus
2743 2186 3019 2256 apostolus
3073 2187 3260 2243 dicens
3310 2206 3323 2240 :
3372 2186 3567 2241 Miseri
3620 2190 3857 2241 estoteet

2248 2272 2417 2344 lugete
2441 2272 2582 2344 (Jac.
2626 2275 2805 2349 ΠΝ).
2839 2274 2921 2342 Si,
2956 2277 3197 2347 inquam,
3228 2277 3284 2331 hi
3308 2277 3374 2332 de
3401 2276 3619 2347 quibus
3642 2320 3661 2342 ,
3697 2293 3857 2353 quan-

2249 2362 2340 2418 diu
2365 2364 2451 2419 hic
2474 2365 2691 2433 vivitur,
2734 2383 2838 2422 non
2876 2377 2960 2423 est
2984 2368 3383 2438 desperandum
3413 2368 3555 2437 quin
3590 2384 3705 2438 per
3732 2369 3857 2424 salu-

2249 2452 2400 2509 brem
2432 2456 2822 2525 paenitudinem
2848 2458 3196 2514 beatitudinis
3212 2459 3408 2530 gaudia
3424 2460 3855 2525 nanciscatur,

2248 2554 2515 2602 vocantur
2540 2548 2748 2615 miseri,
2774 2548 2897 2620 quis
2925 2549 3167 2621 ambigat
3193 2548 3727 2621 irrecuperabiliter
3768 2548 3858 2605 mi-

2250 2655 2423 2705 seros,
2464 2655 2693 2710 quorum
2742 2649 2851 2696 tam
2882 2650 3031 2698 certa
3056 2650 3141 2697 est
3186 2640 3420 2712 perditio
3451 2655 3639 2712 quam
3675 2641 3737 2696 in
3775 2654 3859 2696 eas

2250 2730 2693 2800 districtijudicis
2718 2730 2826 2787 lixa
2854 2732 3165 2788 sententia?
3191 2730 3449 2803 Legimus
3480 2731 3747 2803 (dicente
3772 2731 3861 2787 Do-
3886 2788 3891 2794 ,

2250 2822 2452 2894 mino):
2478 2821 2798 2879 lEstimatus
2821 2841 2938 2879 sum
2963 2841 3081 2879 cum
3101 2824 3542 2880 descendentibus
3566 2825 3633 2879 in
3656 2825 3859 2879 lacum:

2250 2915 2422 2985 factus
2450 2932 2565 2970 sum
2598 2916 2732 2971 sicut
2765 2916 2921 2971 homo
2963 2917 3076 2972 sine
3106 2916 3399 2987 adjutorio,
3436 2917 3591 2971 inter
3628 2928 3859 2971 mortuas

2250 3007 2380 3062 liber
2403 3006 2520 3079 (Ps.
2554 3025 2765 3075 xxxvii,
2791 3008 2868 3081 5).
2905 3007 3059 3077 Quod
3088 3024 3211 3065 cum
3251 3007 3341 3064 ille
3375 3008 3535 3064 solus
3584 3009 3862 3065 veraciter

560 3117 696 3172 riam
722 3117 903 3174 divitis
922 3126 975 3173 et
1000 3118 1366 3185 intuebantur,
1390 3126 1448 3175 et
1469 3118 1733 3182 sciebant,
1759 3092 1845 3173 ita
1858 3131 1960 3173 nec
1995 3116 2145 3172 dives

2255 3101 2436 3156 dicere
2480 3092 2735 3169 potuerit,
2780 3102 2873 3171 qui
2914 3103 3103 3158 eadem
3154 3100 3406 3157 veritatis
3462 3100 3675 3173 regula
3724 3101 3860 3157 solus

2255 3193 2435 3225 Αὲηη-ι.
2465 3195 2636 3225 nnis-:l
2672 3212 2684 3225 .
2720 3193 2871 3225 II...“
2913 3196 3047 3225 an...”
3088 3195 3326 3225 ...δη-ρ...
3349 3195 3546 3225 ...ι-..λῖ
3598 3195 3769 3225 ιρι..-
3820 3202 3860 3225 Α

561 3207 687 3267 felix
713 3210 972 3269 beatusve
1002 3211 1104 3267 fuit
1147 3213 1274 3283 quia
1316 3210 1532 3268 videbat
1566 3225 1597 3264 a
1627 3211 1784 3280 longe
1807 3218 1864 3265 et
1884 3208 2147 3265 memine—
2175 3193 2223 3225 υ
2254 3193 2435 3250 dicere
2465 3195 2638 3265 Ροῑυίί
2672 3212 2684 3248 τ
2720 3193 2871 3249 Ven“
2910 3196 3049 3250 enim
3087 3195 3326 3266 princeps
3349 3195 3546 3249 mum“
3592 3195 3789 3267 hii“.
3818 3202 3861 3249 α

560 3304 651 3351 rat
672 3296 1061 3353 beatitudinem
1085 3297 1137 3352 in
1161 3297 1348 3368 requie
1376 3298 1713 3367 positorum;
1742 3296 1959 3352 dicente
2001 3293 2147 3353 Scri-

454 3392 460 3397 ’
559 3396 721 3458 plura
748 3405 762 3441 :
805 3385 1065 3455 Quoniam
1087 3404 1191 3443 non
1217 3388 1368 3443 estin
1393 3400 1559 3443 morte
1589 3388 1679 3458 qui
1708 3403 1906 3442 memor
1953 3386 2019 3440 sit
2047 3386 2148 3442 tui:

560 3480 617 3537 in
641 3478 847 3550 inferno
876 3488 1050 3535 autem
1074 3481 1191 3551 quis
1217 3479 1551 3549 conﬁtebitur
1596 3479 1690 3533 tibi
1743 3475 1916 3551 (Psal.
1941 3494 2016 3545 vt,
2043 3477 2096 3549 6)
2124 3478 2149 3533 ἲ

568 3569 636 3625 Et
668 3571 797 3627 item
837 3588 851 3625 :
891 3569 1147 3642 Nunquid
1189 3570 1426 3625 narrabit
1453 3570 1643 3643 aliquis
1683 3570 1736 3624 in
1767 3569 2003 3642 sepulcro
2050 3570 2149 3625 mi-

558 3662 898 3718 sericordiam
926 3671 1094 3729 tuam,
1119 3673 1166 3718 et
1191 3662 1457 3717 veritatem
1510 3670 1657 3717 tuam
1678 3661 1735 3715 in
1754 3661 2096 3731 perditionem
2123 3661 2149 3715 ?

556 3754 789 3827 nunquid
816 3764 1190 3827 cognoscentur
1214 3756 1271 3810 in
1294 3753 1515 3809 tenebris
1540 3752 1803 3808 mirabilia
1830 3763 1943 3820 tua,
1971 3765 2018 3809 et
2028 3754 2148 3825 jus-

556 3846 672 3901 titia
695 3855 786 3901 tua
822 3846 879 3902 in
920 3858 1060 3902 terra
1104 3845 1374 3901 oblivionis
1396 3846 1422 3899 ἵ
1446 3838 1619 3918 (Psal.
1648 3860 1887 3912 Lxxxvu,
1910 3844 1997 3910 12,
2031 3846 2145 3919 15.)

631 3937 789 3996 Unde
816 3937 1172 3997 Cassiodorus
1201 3938 1255 3993 in
1284 3937 1422 4009 psal.
1455 3952 1563 3992 uv.
1614 3935 1718 4010 [Tu
1780 3952 1931 4004 vero,
1978 3937 2142 4004 Deus,

557 4031 780 4087 deduces
801 4047 889 4086 eos
912 4032 966 4087 in
1000 4041 1215 4103 puteum
1258 4030 1503 4086 interitus
1526 4026 1643 4103 (Ps.
1697 4046 1807 4097 ων,
1846 4030 1964 4098 24),
2015 4030 2143 4101 quia

557 4124 695 4180 dixit
723 4125 789 4180 de
812 4122 997 4194 justis,
1035 4138 1180 4179 nunc
1208 4121 1340 4179 dicit
1367 4121 1435 4178 de
1462 4122 1643 4193 impiis
1684 4121 1850 4193 quiin
1880 4123 2143 4194 gehennae

556 4214 922 4286 profunditate
944 4213 1223 4287 mergendi
1249 4221 1392 4270 sunt.
1432 4212 1630 4269 Puteus
1678 4214 1895 4284 quidem
1944 4213 2142 4269 dicitur

555 4304 738 4362 hiatus
786 4315 979 4379 patens
1026 4306 1082 4362 in
1123 4314 1283 4363 terra:
1332 4306 1541 4362 sinibus
1591 4314 1916 4373 excavatus,
1969 4320 2141 4377 aquas

556 4395 842 4451 continens
874 4397 1126 4453 humanis
1158 4396 1347 4451 usibus
1370 4395 1661 4451 attributas
1695 4415 1706 4450 :
1738 4398 1857 4463 sed,
1888 4412 1956 4453 ne
1993 4398 2138 4461 hunc

2249 3286 2304 3340 in
2327 3300 2409 3340 me
2440 3302 2544 3341 non
2587 3286 2740 3341 habet
2781 3287 3066 3359 quidquam
3108 3284 3294 3360 (Ioan.
3342 3303 3457 3353 ιη,
3510 3286 3639 3359 30).
3674 3288 3862 3365 Liquet

2249 3378 2508 3433 nimirum
2537 3386 2753 3434 aeternae
2795 3378 3028 3435 miserias
3070 3393 3191 3435 esse
3232 3378 3614 3450 mancipatus,
3668 3380 3859 3453 quibus

2248 3469 2516 3526 libertatis
2546 3470 2680 3526 nihil
2730 3470 3068 3541 relinquitur.
3104 3471 3175 3525 At
3213 3487 3334 3541 quae
3365 3469 3621 3527 felicitas
3658 3474 3859 3543 abqu

2249 3562 2538 3620 libertate?
2560 3563 2784 3619 Constat
2812 3564 3011 3635 quippe
3056 3561 3371 3620 felicitatem
3419 3564 3656 3636 absque
3706 3565 3859 3621 liber-

2250 3662 2361 3711 tate
2404 3654 2778 3711 infelicitatem
2809 3657 2990 3726 potius
3022 3642 3292 3727 deputari,
3336 3655 3515 3712 veluti
3569 3659 3653 3713 de
3710 3658 3853 3715 Anti-

2247 3747 2458 3804 christo
2503 3746 2615 3803 tilio
2648 3747 2972 3819 iniquitatis.
3010 3746 3318 3804 Salomonis
3357 3750 3663 3820 parabolae
3719 3756 3856 3806 tanta

2248 3850 2376 3898 ante
2401 3842 2771 3914 praedixerunt
2800 3857 2815 3896 :
2847 3840 3001 3908 Quod
3026 3842 3093 3896 sit
3124 3843 3425 3897 incessurus
3444 3842 3719 3913 feliciter.
3746 3841 3855 3907 ω,

2247 3937 2699 4006 quemadmodum
2730 3946 2785 3993 et
2810 3935 3063 3993 omnibus
3092 3936 3352 3992 membris
3377 3934 3505 4004 ejus
3528 3938 3857 3994 transitoria

2246 4028 2506 4085 felicitate
2544 4030 2870 4101 pollentibus
2909 4039 3072 4101 atque
3113 4028 3518 4103 gaudent-ibus,
3567 4028 3858 4103 beatitudg

2222 4128 2390 4178 ,νει-ιε
2457 4092 2908 4194 sempiternaeque
2967 4092 3239 4178 feliciiatis
3296 4092 3593 4193 nunquam
3662 4092 3859 4189 adq-it:

2244 4217 2495 4286 quamvis
2536 4213 2691 4272 fenea
2736 4214 2966 4272 felicitas
3010 4213 3193 4287 (Prov.
3236 4230 3375 4281 xxx,
3424 4213 3534 4287 29)
3577 4231 3657 4272 eo
3696 4231 3859 4289 usque

2246 4305 2514 4370 arriserit,
2547 4306 2719 4363 donec
2746 4323 2801 4361 se
2822 4323 2983 4377 supra
3012 4322 3165 4362 omne
3189 4306 3329 4379 quod
3356 4306 3568 4361 dicitur
3595 4308 3757 4364 Deus
3774 4316 3859 4362 est

2241 4398 2385 4470 quod
2408 4396 2599 4454 colitur
2618 4397 2869 4466 superbus
2892 4399 3115 4454 erexerit
3139 4396 3224 4472 (II
3249 4396 3429 4453 Thess.
3456 4416 3526 4468 tt,
3550 4400 3638 4473 ι).
3658 4401 3741 4458 De
3760 4416 3861 4475 qm

556 4494 777 4556 puteum
804 4495 864 4541 ut
895 4485 1055 4541 talem
1080 4486 1379 4557 intelligere
1400 4486 1691 4557 potuisses,
1720 4488 1927 4544 addidit
1950 4490 2139 4544 interi-
2164 4539 2217 4563 ﬁ
2245 4491 2444 4561 legitur
2482 4509 2495 4545 :
2526 4490 2693 4557 Quem
2731 4488 2990 4547 Dominus
3022 4489 3179 4547 Iesus
3218 4492 3470 4562 interﬁcit
3514 4494 3727 4563 spiritu
3761 4494 3861 4550 aris

556 4590 680 4646 tus;
711 4578 776 4635 de
821 4591 931 4649 quo
956 4576 1065 4633 alio
1096 4578 1214 4634 loco
1236 4577 1472 4651 legitur:
1508 4575 1691 4650 Neque
1733 4581 1939 4650 aperiat
1982 4596 2139 4647 super

553 4687 635 4726 me
661 4678 850 4742 puteus
876 4687 934 4726 os
962 4687 1116 4726 suum
1149 4670 1265 4743 (Ps.
1292 4686 1481 4738 vatu,
1507 4670 1628 4745 to);
1672 4671 1827 4729 fovea
1868 4674 2134 4747 mortalis,

555 4775 802 4818 mersura
829 4761 1113 4829 terribilis,
1143 4763 1233 4819 ubi
1278 4778 1379 4819 nec
1406 4763 1641 4836 spatium
1670 4763 1838 4819 ullum
1884 4765 2140 4822 concedi-

555 4846 661 4924 tur,
692 4871 791 4913 nec
817 4855 930 4928 ipsa
974 4855 1188 4913 miseris
1230 4857 1622 4928 respiramenta
1663 4864 2007 4929 praestantur,
2041 4858 2137 4915 sed

553 4945 857 5002 obscuritas
911 4946 1197 5004 tenebrosa
1246 4947 1611 5016 circumdans,
1652 4949 1855 5005 amoeni
1911 4949 2133 5008 luminis

551 5039 701 5095 tollet
754 5048 1061 5111 aspectum;
1118 5055 1186 5098 ex
1245 5041 1393 5113 putei
1454 5042 1722 5112 siquidem
1780 5042 2133 5100 similitudine

550 5133 811 5205 gehenna:
838 5143 1108 5191 tormenta
1131 5150 1231 5191 uos
1271 5135 1528 5191 admonet
1567 5133 1903 5210 formidare.]
1934 5138 1975 5208 -ι-
2013 5137 2131 5192 Au-

548 5224 797 5295 gustinus
826 5225 879 5279 in
901 5225 1109 5297 psalmo
1130 5241 1221 5283 vt:
1249 5223 1565 5299 [Confessus
1604 5234 1689 5282 est
1714 5226 1768 5281 in
1806 5227 2016 5283 inferno
2043 5226 2134 5285 ille

550 5314 690 5371 diues
715 5315 782 5371 de
810 5329 916 5386 quo
945 5314 1206 5373 Dominus
1238 5316 1376 5372 dixit
1416 5335 1429 5372 :
1462 5316 1566 5384 Qui
1590 5314 1854 5372 Lazarum
1903 5319 2029 5373 vidit
2075 5320 2132 5377 in

550 5408 745 5479 requie,
776 5423 830 5462 se
863 5416 1038 5463 autem
1065 5408 1120 5462 in
1147 5411 1417 5464 tormentis
1451 5409 1657 5464 dolebat
1681 5407 1832 5482 (Luc.
1862 5425 1975 5475 xvt,
2001 5410 2127 5481 24);

551 5514 721 5570 usque
741 5499 877 5555 adeo
904 5496 1187 5555 confessus
1211 5506 1272 5554 ut
1302 5501 1465 5555 etiam
1492 5500 1695 5556 moveri
1726 5516 1854 5557 suos
1886 5501 2046 5557 vellet
2074 5510 2135 5558 ut

553 5602 612 5644 se
638 5606 667 5643 a
694 5590 933 5661 peccatis
953 5591 1273 5646 cohiberent
1298 5599 1520 5663 propter
1554 5606 1768 5663 ptenas,
1821 5609 1942 5664 quae
1987 5595 2132 5664 apud

552 5678 757 5736 inferos
776 5695 895 5738 esse
923 5698 1029 5738 non
1074 5683 1388 5738 creduntur.
1440 5683 1700 5753 Quamvis
1745 5701 1878 5759 ergo
1925 5685 2129 5743 frustra

2163 4539 2218 4602 D

2245 4582 2358 4648 sui,
2383 4592 2430 4636 et
2454 4581 2682 4635 destruet
2723 4580 3074 4637 illustratione
3110 4582 3363 4637 adventus
3393 4583 3487 4641 sui
3526 4566 3749 4660 ’(Ιὸίάη
3784 4584 3853 4679 8).

2246 4675 2415 4733 Audis
2438 4673 2805 4741 interfectum,
2835 4675 2992 4731 audis
3042 4676 3401 4741 destructum,
3449 4686 3516 4733 et
3560 4669 3859 4741 interfecti

2245 4779 2409 4840 atque
2445 4768 2719 4823 destructo
2751 4766 3057 4823 felicitatem
3089 4767 3361 4825 attribuis.
3388 4740 3538 4826 Sine
3569 4768 3750 4827 dubio
3768 4740 3857 4841 φῖ

2244 4859 2475 4917 interﬁci
2484 4869 2572 4916 tur
2585 4869 2747 4932 atque
2763 4859 3079 4927 destruitur,
3102 4859 3351 4916 libertate
3376 4869 3433 4917 et
3460 4861 3745 4935 felicitate
3766 4877 3855 4939 ea;

2244 4968 2372 5009 rens
2396 4952 2647 5023 punitur;
2674 4966 2796 5007 esse
2808 4959 2990 5011 autem
3002 4967 3124 5011 eum
3151 4961 3397 5009 naturam
3416 4964 3707 5021 creatam,

2240 5045 2515 5102 hominem
2551 5044 2821 5117 (quamvis
2853 5045 3072 5118 plenum
3107 5045 3342 5120 diabolo)
3378 5046 3573 5106 nullus
3601 5048 3853 5122 ignorat;

2238 5137 2608 5209 puniturergo
2624 5144 2814 5191 natura
2839 5150 2962 5192 cum
2980 5135 3306 5193 interﬁcitur
3318 5136 3490 5193 homo
3512 5139 3775 5209 peccati;
3794 5140 3855 5193 de

2239 5227 2392 5298 cujus
2409 5229 2667 5285 membris
2680 5228 2940 5301 propheta
2956 5229 3231 5284 intentans
3252 5226 3490 5284 clamat:
3524 5227 3739 5301 Iujusts'
3759 5247 3855 5299 pu-

2240 5321 2470 5385 nientur,
2494 5329 2542 5374 et
2565 5335 2738 5374 semen
2762 5319 3043 5387 impiorum
3061 5317 3278 5389 peribit(
3285 5317 3376 5374 Ps.
3404 5334 3605 5381 sunt,
3639 5318 3761 5390 28).

2240 5411 2499 5466 Dominus
2528 5409 2593 5462 ad
2617 5406 2748 5463 Cain
2784 5424 2797 5460 :
2827 5405 3014 5462 Omnis
3047 5409 3138 5479 qui
3181 5408 3431 5463 occiderit
3482 5407 3626 5464 Cain
3666 5420 3852 5480 septu-

2237 5501 2381 5574 plum
2408 5502 2673 5573 punietur.
2723 5498 2877 5568 Quod
2903 5500 3051 5554 omni
3088 5500 3406 5555 meritarum
3433 5516 3743 5572 pinnarum
3772 5498 3854 5556 ul-

2240 5596 2387 5651 tione
2411 5593 2775 5650 damnabitur.
2807 5591 2945 5659 Quia
2993 5607 3124 5664 ergo
3163 5608 3269 5649 non
3311 5593 3605 5649 dubitatur
3658 5594 3849 5665 puniri

2239 5678 2483 5751 naturas,
2531 5699 2871 5756 nequaquam
2921 5682 3082 5740 debet
3127 5684 3327 5757 ambigi
3364 5684 3745 5755 peccatrices.
3794 5694 3851 5744 et

551 5768 833 5830 confessus
861 5780 962 5842 est,
990 5781 1174 5832 tamen
1205 5774 1402 5833 merito
1427 5772 1529 5833 sibi
1577 5777 1668 5835 illa
1709 5778 1977 5839 accidisse
2020 5789 2143 5858 ιω·-⁶
2160 5852 2186 5860 Α
2223 5782 2391 5857 prius
2411 5784 2643 5857 peccato
2662 5784 2718 5835 et
2735 5775 3080 5855 postmodum
3104 5790 3268 5851 pinna
3299 5774 3420 5835 ﬁeri
3441 5775 3707 5838 miseras.
