4010 6352
197 355 218 408 1
229 353 338 412 237

1069 347 1156 406 DE
1193 341 1860 405 PBAEDESTINATIONE
1897 341 2172 400 CONTRA
2209 335 2272 398 J.‘
2303 339 2594 398 SCOTUM.

3315 339 3454 396 1258

265 467 500 524 Proinde
533 465 676 538 quod
707 465 842 520 dicis
869 471 934 520 -te
963 479 1068 518 non
1101 461 1344 518 invenire
1378 461 1520 532 quali
1561 453 1768 528 iustitia
1801 461 1848 521 Α
1875 471 1996 512 cum
2023 457 2124 512 sibi
2149 457 2310 512 velint
2343 459 2504 512 tribui
2543 458 2586 512 si
2631 457 2758 528 quid
2789 455 2998 528 egerint
3021 455 3148 512 boni
3179 471 3194 512 :
3233 456 3448 524 Mulier,

195 561 432 618 creatrix
461 567 658 616 natura
681 559 936 630 punitura
959 557 1030 612 sit
1065 565 1288 612 naturas
1313 571 1448 624 quas
1475 555 1590 624 ipsa
1617 569 1770 608 crea-

193 653 276 708 vit
303 651 442 722 (cap.
475 651 564 717 16,
603 666 750 706 ιιιιιιι.
791 649 874 716 16,
913 655 1044 704 sect.
1081 647 1156 718 1),
1201 645 1442 715 nunquid
1467 659 1574 700 non
1599 641 1772 714 legisti

187 745 554 816 iustissimum
585 743 756 800 Deum
783 757 946 800 causa
969 739 1346 796 inobedientiae
1373 739 1576 810 primos
1603 735 1774 794 nostri

192 835 412 906 generis
449 843 834 906 propagatores
887 831 1142 902 punisse?
1183 827 1336 900 (Gen.
1387 847 1481 894 ιιι,
1523 828 1610 892 16,
1659 825 1774 898 17.)

195 926 330 982 Nam
373 927 635 984 consultis
675 927 888 984 Domini
927 925 1146 982 eosdem
1189 923 1520 994 increpantis
1566 921 1770 986 verbis,

193 1019 393 1088 quibus
439 1018 826 1090 benignissima
867 1017 1128 1088 patientia
1179 1013 1494 1071 eorumdem
1541 1013 1774 1086 ptenitu—

193 1110 376 1166 dinem
404 1111 702 1180 quaerebat,
727 1125 833 1180 qua
854 1107 1064 1178 iustitia
1093 1109 1264 1178 puniti
1295 1107 1496 1164 fuerint
1541 1106 1776 1162 ostendi-

193 1207 302 1254 tur.
335 1197 406 1254 Et
435 1201 634 1256 vocavit
659 1199 756 1270 (ait
779 1199 1080 1270 Scriptura)
1115 1199 1370 1254 Dominus
1407 1197 1548 1254 Deus
1579 1197 1770 1262 Adam,

189 1299 240 1344 et
269 1290 401 1344 dixit
431 1289 512 1344 illi
541 1303 560 1344 :
585 1289 686 1346 Ubi
713 1291 812 1346 es?
834 1289 1118 1360 Respondit
1149 1289 1320 1344 Adam
1349 1305 1368 1344 :
1417 1287 1600 1342 Vocem
1627 1297 1772 1340 tuam

191 1381 376 1436 audivi
401 1381 456 1436 in
479 1377 762 1444 Paradiso,
795 1391 842 1434 et
863 1381 1016 1434 timui
1053 1380 1180 1450 quia
1215 1379 1387 1434 nudus
1415 1395 1552 1443 sum,
1575 1387 1624 1432 et
1649 1377 1772 1432 abs-

191 1471 348 1526 condi
389 1487 472 1526 mo
515 1469 668 1541 (Gen.
719 1487 800 1536 ιιι,
837 1471 946 1542 10).
982 1469 1118 1526 Hinc
1153 1471 1486 1542 Augustinus
1535 1470 1588 1524 in
1635 1469 1774 1525 libro

191 1559 478 1618 undecimo
505 1563 572 1618 de
599 1559 796 1618 Genesi
835 1562 901 1618 ad
948 1561 1184 1616 litteram
1231 1563 1384 1632 (cap.
1433 1561 1544 1632 54).
1581 1561 1770 1628 (Satis,

191 1650 390 1721 inquit,
443 1651 720 1721 probabile
764 1661 846 1708 est
895 1651 1072 1708 solere
1109 1652 1276 1706 Deum
1325 1667 1422 1722 per
1465 1661 1772 1708 creaturam

193 1741 288 1796 tah
315 1741 514 1798 actioni
541 1755 836 1812 congruam
877 1743 930 1798 in
967 1741 1142 1798 forma
1171 1744 1404 1798 humana
1439 1744 1630 1813 primis
1665 1743 1770 1798 illis

1873 551 2070 620 inquit,
2093 567 2252 622 quam
2273 551 2462 604 dedisti
2497 565 2722 616 mecum,
2753 549 2806 604 id
2843 557 2924 604 est
2963 565 3124 620 quam
3167 549 3364 604 dedisti
3393 557 3454 606 ut

1871 652 2016 696 esset
2041 657 2272 707 mecum,
2289 643 2404 696 lucc
2421 641 2546 696 mihi
2569 641 2710 696 dedit
2723 659 2756 696 α
2769 641 2910 714 ligno
2931 651 2980 697 et
3007 643 3090 698 edi
3113 637 3277 714 (ibid.
3291 681 3304 708 ,
3329 641 3450 714 12):

1873 735 2024 806 quasi
2062 736 2128 790 ad
2165 736 2270 790 hoc
2311 737 2437 792 data
2467 735 2538 790 sit
2579 743 2640 790 ut
2681 751 2792 790 non
2837 735 2948 806 ipsa
2985 735 3166 806 potius
3207 735 3454 790 obediret

1875 829 2010 894 viro,
2039 837 2094 883 et
2121 829 2282 884 ambo
2311 830 2438 884 Deo.
2467 828 2536 882 Et
2573 829 2704 884 dixit
2737 827 2990 884 Dominus
3015 829 3156 884 Deus
3195 827 3408 883 mulieri
3435 843 3454 882 :

1873 921 1998 991 quid
2019 922 2118 976 hoc
2144 921 2312 990 fecisti
2335 921 2362 975 Ρ
2382 921 2448 974 Et
2477 921 2612 976 dixit
2633 921 3094 993 mulier:Serpens
3119 923 3326 978 seduxit
3347 937 3454 986 me,

1871 1025 1920 1070 et
1951 1017 2260 1072 manducavi
2303 1015 2502 1090 (Ibid.,
2543 1017 2662 1088 15).
2705 1018 2814 1074 Nec
2858 1019 2960 1074 ista
3005 1019 3294 1076 confitetur
3331 1035 3456 1090 pec-

1875 1113 2072 1172 catum,
2121 1107 2214 1162 sed
2261 1109 2314 1162 in
2357 1107 2584 1162 alterum
2639 1107 2842 1176 refert,
2887 1109 3080 1180 impari
3129 1123 3284 1174 sexu,
3334 1107 3453 1178 pari

1874 1195 2034 1252 fastu.
2065 1195 2145 1250 Ex
2175 1197 2260 1252 his
2281 1207 2458 1254 tamen
2490 1207 2650 1254 natus
2677 1210 2782 1264 est,
2813 1213 2912 1254 nec
2933 1213 3028 1256 eos
3069 1200 3314 1254 imitatus
3347 1207 3452 1264 est,

1875 1289 1968 1344 sed
1999 1297 2175 1344 tamen
2209 1289 2328 1362 [al.,
2365 1291 2542 1364 plane]
2570 1291 2812 1362 pluribus
2839 1291 2998 1348 malis
3036 1291 3308 1346 exercitus
3331 1289 3454 1362 [al.,

1873 1383 2226 1458 exercitatus]
2267 1387 2356 1455 qui
2397 1385 2684 1458 dixit~[al.,
2727 1385 2880 1460 dicit]
2913 1395 2968 1443 et
3011 1387 3144 1444 dicit
3179 1403 3348 1458 usque
3387 1385 3456 1442 ad

1877 1473 2164 1529 terminum
2203 1475 2386 1530 seaculi
2417 1493 2430 1529 :
2463 1475 2576 1547 Ego
2601 1477 2716 1532 disci
2739 1491 2756 1530 :
2783 1477 3026 1544 Domine,
3063 1477 3306 1532 miserere
3331 1477 3451 1542 mei,

1873 1579 2002 1619 sana
2031 1565 2262 1618 animam
2285 1581 2476 1632 meam,
2503 1567 2748 1638 quoniam
2767 1569 2974 1636 peccavi
3001 1569 3094 1622 tibi
3123 1567 3238 1640 (Ps.
3265 1565 3454 1638 XL,5)'.

1874 1653 2088 1720 Quanto
2117 1655 2308 1712 melius
2337 1657 2418 1712 sic
2443 1667 2496 1712 et
2519 1657 2642 1714 isti?
2666 1659 2758 1714 sed
2789 1659 2966 1714 adhuc
2999 1659 3238 1714 cervices
3263 1673 3457 1729 pecca-

1877 1753 2054 1799 torum
2079 1759 2184 1800 non
2209 1745 2520 1802 conciderat
2539 1747 2798 1804 Dominus
2831 1747 2948 1820 (Ps.
2973 1763 3198 1814 cxxvm,
3229 1749 3306 1820 4),
3339 1763 3455 1804 res-

191 1837 504 1894 hominibus
525 1853 786 1908 apparere
805 1881 820 1904 ,
845 1853 982 1908 quos
1008 1845 1184 1892 tamen
1223 1851 1498 1908 nunquam
1525 1837 1772 1906 permisit
1801 1827 1848 1886 Β
1877 1834 2064 1890 tabam
2087 1835 2320 1902 labores,
2347 1837 2580 1904 dolores,
2609 1847 2812 1894 mortes
2853 1837 2974 1910 [al.,
2997 1839 3233 1912 mortis],
3262 1847 3318 1896 et
3341 1855 3460 1896 om-

189 1929 472 1984 adrertere
511 1927 806 1984 nuditatem
857 1943 1030 1994 suam,
1075 1941 1264 1984 eorum
1306 1927 1660 1982 intentionem
1714 1927 1772 1982 in

189 2034 422 2090 superna
447 2019 768 2084 sustollens;
795 2019 898 2078 nisi
921 2033 1070 2084 cum,
1093 2027 1214 2089 post
1241 2027 1542 2088 peccatum,
1567 2018 1772 2088 puden-

189 2111 316 2166 dum
367 2111 424 2166 in
469 2111 728 2168 membris
775 2119 982 2166 motum
1029 2109 1228 2181 paenali
1266 2109 1630 2164 membrorum
1657 2109 1772 2180 lege

189 2203 508 2260 sensissent.
527 2203 618 2260 Sic
633 2219 764 2276 ergo
787 2202 966 2260 affecti
991 2212 1116 2260 sunt
1145 2211 1206 2258 ut
1227 2203 1406 2258 solent
1431 2201 1575 2258 afﬁci
1599 2203 1774 2258 homi-

189 2309 290 2348 nes
319 2295 422 2350 sub
443 2294 614 2352 oculis
647 2295 945 2350 hominum.
977 2295 1042 2350 Et
1069 2293 1190 2350 talis
1215 2293 1430 2350 aﬂ‘ectio
1471 2293 1536 2350 de
1563 2293 1772 2364 peccati

187 2397 352 2454 pinna
374 2392 512 2450 erat,
537 2399 658 2440 eum
683 2385 852 2442 latere
879 2384 1016 2446 velle
1041 2401 1202 2456 quem
1227 2385 1398 2440 latere
1420 2385 1554 2440 nihil
1573 2392 1770 2456 potest,

189 2475 334 2532 etab
360 2491 426 2530 eo
449 2491 668 2532 carnem
705 2477 980 2532 occultare
1017 2477 1108 2546 qui
1156 2477 1334 2532 cordis
1365 2477 1642 2548 inspector
1667 2485 1770 2532 est.

190 2569 300 2626 Sed
343 2569 472 2642 quid
509 2571 704 2626 mirum
736 2569 780 2628 si
810 2569 1038 2642 superbe
1085 2567 1200 2642 [al.,
1247 2567 1486 2641 superbi]
1535 2569 1774 2625 volentes

187 2679 310 2720 esse
337 2663 476 2720 sicut
511 2663 622 2730 dii,
647 2662 986 2720 Etsanuerunt
1015 2664 1068 2718 in
1111 2661 1512 2732 cogitationibus
1551 2663 1680 2726 suis,
1725 2671 1774 2716 et

189 2755 524 2810 obscuratum
543 2772 610 2810 es.
641 2755 884 2824 insipiens
916 2771 1005 2810 cor
1034 2754 1254 2810 eorum?
1281 2753 1454 2824 (Rom.
1486 2771 1526 2818 1,
1553 2753 1668 2826 21.)
1703 2753 1776 2810 Se

188 2849 388 2919 quippe
416 2849 659 2902 dixerunt
679 2865 790 2904 esse
809 2849 1066 2918 sapientes
1093 2847 1148 2900 in
1173 2845 1501 2900 abundantia
1539 2861 1656 2912 sua,
1695 2855 1772 2912 et,

189 2939 284 2996 illo
325 2949 602 2996 avertente
645 2941 872 3008 faciem,
915 2939 1062 2998 stulti
1099 2939 1226 3010 {acti
1270 2947 1388 2994 sunt
1423 2937 1608 3010 (Ibid.,
1658 2938 1776 3010 22),

191 3033 334 3103 quod
379 3033 522 3088 enim
549 3031 662 3102 jam
703 3033 848 3106 ipsos
893 3033 1127 3104 pudebat
1175 3047 1304 3106 erga
1349 3033 1580 3102 seipsos,
1633 3033 1776 3088 unde

191 3124 296 3180 sibi
329 3133 384 3179 et
413 3125 770 3184 succinctoria
807 3124 1068 3191 fecerant,
1112 3125 1280 3180 multo
1306 3119 1682 3182 vehementius
1707 3125 1782 3182 ab

191 3215 286 3272 illo
315 3217 476 3272 etiam
515 3219 594 3274 sic
629 3217 892 3276 succincti
929 3219 1100 3274 videri
1135 3217 1478 3286 videbantur,
1509 3219 1620 3290 qui,
1657 3227 1776 3276 tan-
1803 3189 1848 3258 C

191 3323 356 3378 quam
385 3307 640 3364 familiari
675 3317 1122 3382 temperamento,
1158 3310 1228 3366 ad
1265 3325 1362 3368 eos
1387 3309 1650 3366 videndos
1679 3325 1780 3382 per

191 3411 500 3459 creaturam
529 3401 794 3458 visibilem
821 3402 968 3458 velut
995 3401 1264 3460 humanos
1285 3403 1474 3460 oculos
1495 3401 1774 3460 afferebat.

193 3494 252 3552 Si
281 3493 426 3550 enim
439 3503 725 3568 propterea
747 3494 828 3552 sic
845 3495 1140 3566 apparebat
1163 3505 1224 3552 ut
1247 3495 1494 3554 homines
1517 3505 1778 3568 tanquam

191 3601 316 3642 cum
355 3587 574 3644 homine
595 3587 968 3658 loquerentur,
999 3589 1452 3660 quemadmodum
1499 3589 1780 3648 Abraham

191 3677 264 3732 ad
292 3693 550 3750 quercum
585 3679 826 3736 Mambre
855 3677 1006 3752 (Gen.
1059 3696 1212 3750 ιινιιι,
1245 3679 1320 3754 1),
1349 3681 1438 3738 illa
1469 3681 1582 3752 ipsa
1607 3697 1786 3754 prope:

191 3765 432 3828 amicitia
461 3773 663 3842 pudore
689 3773 954 3830 onerabat
976 3783 1102 3844 post
1140 3781 1446 3844 peccatum,
1485 3789 1606 3845 qua:
1637 3774 1780 3834 ﬁdu-

191 3862 336 3920 ciam
357 3863 516 3920 dabat
537 3873 660 3920 aute
683 3873 1000 3938 peccatum;
1035 3865 1262 3935 uecjam
1297 3865 1444 3920 illam
1477 3865 1780 3924 nuditatem

191 3954 468 4010 audebant
487 3955 778 4012 ostendere
819 3954 1016 4010 talibus
1057 3955 1248 4020 oculis,
1291 3969 1412 4024 quae
1459 3954 1782 4016 disnlieehat

191 4053 254 4102 et
273 4045 404 4102 suis.

269 4135 524 4196 Dominus
547 4153 678 4212 ergo
699 4137 882 4194 volens
895 4135 1008 4206 jam
1035 4145 1368 4208 peccatores,
1389 4153 1540 4194 more
1555 4138 1786 4208 justitim

193 4230 578 4308 interrogatos,
603 4231 796 4302 punire
827 4231 1058 4302 amplius
1085 4247 1246 4300 quam
1275 4239 1398 4286 erat
1419 4231 1510 4286 illa
1531 4249 1690 4303 poena
1715 4233 1786 4290 de

193 4337 304 4392 qua
342 4320 458 4390 jam
493 4325 822 4396 cogebantur
874 4323 1196 4382 erubescere
1243 4343 1258 4380 :
1311 4325 1442 4392 Quis
1495 4327 1776 4394 nuntiavit,

193 4415 398 4484 inquit,
425 4417 518 4472 tibi
540 4417 662 4488 quia
693 4417 866 4472 nudus
905 4434 980 4484 es.
1021 4419 1121 4472 nisi
1151 4435 1184 4472 a
1223 4417 1364 4490 ligno
1407 4421 1546 4490 quod
1575 4437 1776 4491 prceceo

189 4521 378 4580 peram
397 4507 490 4562 tibi
519 4517 724 4562 tantum
754 4525 816 4562 ne
835 4525 900 4564 ea:
933 4525 992 4562 eo
1017 4511 1383 4576 manducares,
1407 4511 1472 4566 ab
1493 4528 1552 4566 eo
1581 4511 1734 4568 edisti
1755 4513 1794 4568 ?—'

189 4599 354 4670 (Gen.
419 4617 502 4666 ιιι,
537 4600 650 4671 11.)
699 4601 838 4656 Hinc
877 4601 1024 4656 enim
1069 4617 1214 4658 mors
1253 4613 1516 4674 concepta
1561 4613 1784 4674 propter

187 4691 292 4750 Dei
347 4691 672 4754 sententiam
711 4691 802 4760 qui
849 4691 928 4748 sic
977 4691 1154 4748 fuerat
1211 4695 1600 4762 comminatus,
1657 4695 1788 4752 fecit-

187 4783 410 4842 advcrti
457 4783 1020 4854 concupiscentialiter
1046 4787 1290 4844 membra
1329 4787 1420 4844 ubi
1453 4787 1574 4860 [al.,
1601 4797 1658 4844 et
1683 4787 1792 4862 ibi]

191 4875 332 4932 dicti
363 4883 492 4934 sunt
517 4877 684 4944 aperti
711 4875 868 4930 oculi.
887 4877 972 4931 ‘Et
995 4887 1240 4934 secutum
1265 4886 1350 4934 est
1379 4879 1524 4948 quod
1554 4879 1784 4950 puderet

197 4967 328 5042 [al.,
351 4969 638 5043 puderent]
657 4987 672 5036 ;
693 4969 760 5024 Et
777 4969 908 5024 dixit
935 4969 1106 5026 Adam
1131 4987 1150 5026 :
1177 4971 1374 5030 Mulier
1399 4989 1558 5045 quam
1590 4974 1782 5028 dedisti

197 5075 426 5126 mecum,
453 5061 566 5114 hinc
585 5061 714 5116 mihi
737 5059 882 5116 dedit
901 5079 934 5116 a
953 5061 1116 5132 ligno,
1153 5071 1202 5118 et
1232 5063 1318 5118 edi
1363 5061 1518 5134 (Gen.
1573 5079 1780 5130 uxvn,

199 5149 318 5223 12).
361 5153 624 5224 Superbia
669 5155 912 5224 nunquid
953 5157 1090 5212 dixit
1141 5173 1154 5211 :
1195 5155 1458 5212 Peccavi?
1515 5157 1782 5228 Superbia

201 5243 368 5300 habet
409 5241 806 5304 deformitatem
843 5246 1200 5314 confusionis,
1231 5259 1418 5306 etnon
1445 5249 1610 5304 habet
1655 5263 1784 5304 eon-

199 5333 460 5398 fessionis
493 5337 875 5396 humilitatem.
905 5337 988 5394 Ad
1009 5339 1114 5396 hoc
1155 5340 1258 5394 ista
1305 5339 1610 5408 conscripta
1657 5345 1786 5394 sunt

201 5427 334 5496 quia
359 5437 416 5486 et
441 5427 570 5500 ipsa:
599 5430 1050 5501 interrogationes
1077 5433 1336 5488 nimirum
1379 5431 1446 5488 ad
1486 5433 1590 5488 hoc
1627 5431 1786 5490 facta:

203 5527 422 5604 suntut
441 5531 496 5582 et
525 5521 790 5576 veraciter
815 5533 870 5576 et
897 5521 1100 5578 utiliter
1139 5525 1544 5592 scriberentur;
1587 5527 1712 5596 quia
1740 5526 1788 5584 si

203 5611 556 5676 mendaciter,
590 5627 694 5668 non
721 5613 904 5684 utique
929 5615 1152 5670 utiliter.
1185 5615 1256 5672 Ut
1287 5617 1632 5673 advertamus
1681 5633 1790 5690 quo

207 5703 404 5760 morbo
423 5707 688 5775 stwrbite
717 5707 962 5764 laborent
991 5709 1240 5764 homines
1261 5709 1438 5774 hodie,
1467 5727 1570 5766 non
1602 5711 1706 5766 nisi
1733 5713 1788 5768 in

207 5791 526 5856 Creatorem
563 5807 824 5856 conantes
869 5799 1074 5858 referre
1105 5799 1152 5856 si
1197 5799 1328 5873 quid
1375 5801 1592 5874 egerint
1636 5801 1788 5872 mali,

1873 1925 1962 1980 nis
1985 1927 2242 1982 contritio
2269 1927 2474 1990 saeculi,
2522 1937 2576 1982 et
2605 1931 2776 1998 gratia
2811 1929 2942 1994 Dei,
2991 1945 3095 2000 qua
3139 1929 3258 2003 [al.,
3307 1929 3456 2004 quia]

1875 2023 2116 2086 tempore
2131 2027 2434 2086 opportuno
2461 2019 2710 2074 subvenit
2729 2019 3056 2084 hominibus,
3075 2035 3212 2091 quos
3235 2019 3458 2076 afﬂictos

1875 2108 2058 2164 docuit
2095 2123 2202 2163 non
2239 2109 2306 2164 de
2349 2111 2540 2180 seipsis
2587 2111 2786 2168 debere
2815 2127 3162 2182 praesumere.
3210 2111 3458 2184 Serpens,

1875 2197 2070 2267 inquit,
2098 2199 2304 2254 seduxit
2333 2215 2438 2265 me,
2477 2209 2526 2254 et
2557 2201 2902 2268 manducavi,-
2939 2203 3098 2272 quasi
3137 2201 3456 2274 cujusquam

1875 2289 2056 2344 suasio
2081 2299 2350 2362 praicepto
2373 2291 2468 2348 Dei
2495 2291 2734 2348 debuerit
2760 2295 3040 2366 anteponi!

1945 2379 2016 2434 Et
2043 2381 2178 2436 dixit
2205 2381 2460 2436 Dominus
2481 2381 2622 2436 Deus
2643 2385 2904 2454 serpenti:
2921 2381 3060 2450 Quia
3077 2383 3246 2454 fecisti
3263 2393 3318 2438 tu
3341 2385 3459 2452 hoc,

1875 2473 2188 2528 maledictus
2211 2484 2268 2528 tu
2289 2475 2356 2528 ab
2377 2475 2618 2530 omnibus
2631 2477 2923 2548 pecoribus,
2939 2487 2988 2532 et
3011 2477 3074 2532 ab
3099 2478 3336 2534 omnibus
3353 2477 3464 2532 bes-

1877 2569 2094 2639 tiisque:
2105 2579 2224 2623 sunt
2238 2585 2394 2640 super
2405 2567 2798 2641 terram.Super
2807 2581 2984 2642 pectus
2995 2579 3216 2634 tuum,et
3235 2579 3460 2626 ventrem

1879 2673 2024 2716 tuum
2065 2661 2388 2720 ambulabis.
2431 2672 2480 2716 et
2523 2671 2716 2716 terram
2747 2663 2864 2718 edes
2905 2664 3090 2718 diebus
3135 2663 3254 2736 [al.,
3285 2679 3462 2718 omnes

1877 2753 2012 2826 dies]
2041 2755 2162 2808 vita:
2183 2763 2288 2808 tua!
2321 2752 2471 2826 (Gen.
2505 2771 2586 2822 ιιι,
2621 2755 2732 2828 14),
2755 2765 2802 2810 et
2829 2757 3130 2810 inimicitias
3159 2773 3350 2828 ponam
3371 2755 3462 2810 in-

1879 2855 1958 2900 ter
1977 2857 2026 2900 te
2041 2855 2090 2898 et
2118 2845 2250 2900 inter
2271 2845 2562 2912 mulierem,
2587 2857 2632 2902 et
2661 2847 2796 2902 inter
2823 2863 2994 2902 semen
3017 2857 3164 2902 tuum
3189 2857 3236 2902 et
3291 2863 3464 2902 semen

1879 2935 2014 3006 ejus.
2047 2937 2163 3006 Ipsa
2189 2937 2282 2992 tibi
2310 2937 2548 2992 servabit
2569 2945 2752 3008 caput,
2779 2947 2834 2994 et
2853 2947 2908 2992 tu
2935 2938 3176 2994 servabis
3197 2935 3314 3006 ejus
3351 2937 3464 2993 cal-

1879 3045 2106 3086 caneum
2147 3029 2335 3102 (lbid.,
2385 3031 2494 3100 15).
2543 3031 2678 3085 Tota
2739 3031 2840 3086 ista
2901 3031 3166 3086 sententia
3235 3029 3466 3102 ﬁgurata

1881 3129 1982 3186 est,
2011 3137 2114 3176 nec
2145 3121 2290 3176 aliud
2321 3121 2441 3194 [al.,
2495 3121 2718 3194 aliquid]
2747 3123 2796 3176 ei
2829 3122 2990 3178 debet
3015 3107 3296 3194 scriptoris
3333 3121 3468 3176 fides

1881 3215 2318 3286 narrationisque
2339 3215 2560 3278 veritas,
2595 3215 2698 3270 nisi
2744 3231 2814 3270 ne
2851 3215 2996 3270 illam
3051 3215 3251 3270 dictam
3299 3213 3469 3270 fuisse
3515 3199 3520 3206 ’

1879 3305 2206 3360 dubitemus.
2239 3305 2390 3372 Quod
2417 3305 2560 3360 enim
2577 3307 2810 3376 positum
2843 3315 2962 3362 est:
2998 3305 3066 3360 Et
3110 3307 3244 3368 dixit
3285 3305 3470 3362 Domi-

1879 3411 1980 3450 nus
2003 3395 2146 3450 Deus
2173 3397 2434 3466 serpenti,
2459 3397 2622 3452 verba
2655 3397 2766 3454 sola
2815 3397 3104 3454 scribentis
3147 3405 3304 3462 sunt;
3347 3399 3466 3453 haec

1879 3485 2144 3556 exigenda
2191 3493 2320 3542 sunt
2353 3501 2454 3558 per
2481 3487 2888 3558 proprietatem.
2945 3487 3058 3544 Hoc
3103 3503 3232 3558 ergo
3275 3503 3468 3544 verum

1881 3577 2004 3650 [al.,
2033 3577 2184 3651 vere]
2203 3585 2288 3636 est
2307 3579 2508 3636 dictum
2528 3594 2650 3636 esse
2679 3581 2916 3652 serpenti
2945 3579 3098 3652 (Gen.
3123 3595 3205 3646 ιιι,
3221 3579 3332 3650 14),
3353 3580 3468 3649 jam

1881 3679 2032 3726 certa
2061 3671 2224 3726 verba
2253 3669 2348 3728 Dei
2371 3679 2518 3738 sunt,
2541 3687 2660 3742 qum
2689 3671 2860 3726 libero
2901 3671 3120 3727 lectoris
3173 3671 3472 3726 intellectui

1880 3763 2284 3833 relinquuntur,
2313 3771 2494 3818 utrum
2541 3763 2758 3832 proprie
2801 3779 2868 3816 an
2899 3761 3128 3833 figurate
3165 3763 3336 3833 accipi
3377 3763 3472 3818 de-

1879 3855 2064 3922 beant,
2091 3855 2230 3910 sicut
2259 3855 2312 3910 in
2337 3855 2564 3912 exordio
2583 3857 2870 3914 voluminis
2891 3855 3050 3926 hujus
3073 3857 3246 3914 nostri
3277 3857 3470 3929 praelo-

1883 3951 1992 4006 cuti
2027 3965 2232 4007 sumus.
2280 3951 2512 4008 Proinde
2541 3955 2684 4024 quod
2706 3969 2928 4026 serpens
2985 3973 3084 4012 cur
3133 3959 3236 4013 hoc
3281 3955 3476 4013 fecerit

1821 4095 1826 4100 .
1881 4059 1990 4100 non
2021 4053 2104 4100 est
2127 4043 2510 4116 interrogatus,
2561 4055 2738 4116 potest
2789 4049 2960 4103 videri
3005 4051 3148 4120 quod
3199 4065 3306 4104 non
3357 4051 3476 4120 ipse

1883 4133 2070 4204 utique
2104 4133 2158 4190 id
2179 4149 2276 4190 sua
2325 4133 2444 4208 [al.,
2473 4137 2524 4190 in
2557 4135 2676 4210 sua]
2703 4145 2918 4204 natura,
2941 4147 2996 4195 et
3021 4141 3298 4198 voluntate
3321 4143 3466 4200 fece-

1887 4235 1990 4293 rat,
2025 4227 2118 4282 sed
2147 4227 2392 4284 diabolus
2427 4231 2496 4284 de
2523 4229 2614 4284 illo
2641 4239 2696 4286 et
2715 4245 2812 4300 per
2841 4231 2992 4288 illum
3019 4243 3073 4290 et
3097 4235 3148 4290 in
3175 4237 3266 4293 illo
3289 4237 3470 4295 fuerat

1884 4327 2156 4388 operatus,
2187 4319 2310 4390 quia
2327 4317 2462 4388 jam,
2487 4335 2552 4374 ex
2573 4331 2796 4388 peccato
2839 4323 3132 4396 impietatis
3177 4343 3240 4384 ac
3285 4345 3480 4400 super-

1885 4409 1988 4465 bitu
2017 4425 2146 4476 suae,
2199 4411 2306 4481 igni
2337 4412 2634 4468 destinatus
2683 4413 2860 4470 fuerat
2901 4419 3246 4490 sempiterno.
3322 4419 3478 4480 Nunc

1885 4515 2014 4572 ergo
2039 4503 2180 4571 quod
2211 4503 2448 4574 serpenti
2483 4505 2700 4574 dicitur,
2733 4515 2786 4562 et
2807 4507 2874 4564 ad
2923 4525 3046 4566 eum
3095 4515 3188 4584 qui
3229 4531 3328 4586 per
3357 4531 3478 4572 ser-

1891 4603 2106 4664 pentem
2135 4605 2388 4666 operatus
2413 4607 2518 4664 est,
2565 4599 2752 4670 utique
2799 4601 3038 4660 refertur
3073 4607 3262 4678 procul
3311 4609 3476 4665 dubio

1891 4685 2176 4756 figuratum
2201 4695 2312 4754 est;
2341 4703 2468 4744 nam
2491 4691 2544 4745 in
2569 4691 2654 4746 his
2675 4693 2852 4750 verbis
2883 4703 3122 4754 tentator
3159 4699 3246 4754 ille
3275 4699 3478 4754 descri-

1887 4781 2056 4847 bitur,
2113 4781 2290 4852 qualis
2337 4786 2522 4856 generi
2573 4787 2814 4844 humano
2857 4789 3070 4848 futurus
3121 4795 3475 4864 esset:quod

1889 4887 2058 4945 genus
2077 4875 2370 4931 humanum
2397 4880 2686 4950 propagari
2723 4889 2850 4938 tunc
2877 4883 3042 4954 erepit
3085 4885 3302 4950 quando
3353 4887 3470 4942 haec

1890 4967 1948 5022 in
1995 4968 2265 5024 diabolum
2317 4979 2418 5038 est,
2471 4981 2728 5046 tanquam
2783 4977 2836 5031 in
2887 4989 3214 5050 serpentem,
3265 4981 3474 5051 prolata

1887 5065 2171 5132 sententia,
2205 5075 2310 5122 etc.

1959 5155 2026 5210 Et
2051 5157 2258 5212 mulieri
2283 5158 2462 5214 dixit:
2495 5159 2856 5233 Multiplicans
2899 5161 3256 5236 multiplicabo
3309 5167 3474 5222 tristi-

1885 5247 1986 5302 tias
2007 5257 2126 5302 tuas
2148 5261 2194 5304 et
2215 5252 2464 5321 gemitum
2497 5263 2678 5318 tuum;
2703 5255 2758 5307 in
2783 5253 3008 5310 tristitiis
3039 5258 3212 5327 paries
3237 5257 3401 5328 ﬁlios,
3423 5269 3476 5314 et

1889 5339 1958 5394 ad
1983 5341 2152 5395 uirum
2179 5351 2326 5397 tuum
2353 5345 2620 5398 conversio
2651 5355 2764 5411 tua,
2795 5355 2842 5400 et
2867 5348 2978 5418 ipse
3004 5349 3080 5402 tui
3111 5351 3476 5405 dominabitur

1895 5429 2050 5496 (Gen.
2077 5449 2158 5500 ιιι,
2193 5435 2302 5504 l6).
2355 5435 2480 5490 Haec
2509 5451 2724 5506 quoque
2759 5437 2812 5492 in
2843 5439 3122 5495 mulierem
3161 5441 3256 5496 Dei
3309 5441 3476 5497 verba

1895 5523 2124 5594 figurate
2145 5541 2210 5580 ac
2233 5527 2548 5596 prophetico
2591 5529 2760 5585 multo
2799 5533 3134 5588 commodius
3171 5533 3478 5604 intelligun-

1899 5625 2006 5671 tur.
2057 5615 2459 5682 Verumtamen,
2511 5621 2638 5690 quia
2685 5623 2920 5678 nondum
2945 5635 3228 5694 pepererat
3255 5623 3474 5691 femina,

1897 5723 1998 5765 nec
2021 5709 2174 5766 dolor
2201 5719 2256 5766 et
2281 5713 2512 5782 gemitus
2537 5699 2816 5784 parientis,
2847 5717 2949 5772 nisi
2977 5735 3046 5774 ex
3076 5733 3302 5784 corpore
3335 5733 3482 5774 mor-

1835 5883 1838 5886 _
1897 5803 1970 5858 tis
1989 5809 2076 5858 est
2101 5799 2330 5874 quasilla
2351 5803 2606 5878 praecepti
2633 5807 3062 5878 transgressione
3077 5816 3334 5866 concepta
3363 5815 3480 5886 est;

4001 534 4005 756 l
