4010 6352
628 368 768 430 1239

1637 375 1694 431 s.
1732 373 2103 431 PRUDENTII
2145 372 2528 432 TRECENSIS
2567 374 2875 435 EPISCOPI
3694 394 3774 448 ,επ

625 495 949 552 animalibus
980 495 1195 566 quidem
1217 493 1378 551 etiam
1404 502 1530 548 tunc
1555 493 1833 558 membris,
1865 493 1959 548 sed
1983 493 2029 546 si
2051 493 2214 547 homo
2243 493 2294 554 Α
2319 490 2519 548 Omnes
2546 493 2756 564 paginae
2802 492 3113 550 divinorum
3141 494 3468 566 eloquiorum
3491 501 3548 556 ad
3579 502 3660 560 hoc
3687 507 3778 564 diem

623 603 733 645 non
751 596 1052 660 peccasset,
1094 603 1202 644 non
1244 587 1430 657 utique
1473 585 1770 651 morituris,
1822 592 1877 639 et
1924 581 2035 638 alio‘
2079 598 2210 652 quo-

624 683 749 736 dam
771 689 915 737 statu
937 681 1176 736 feliciore
1201 678 1446 743 victuris,
1495 677 1666 733 donec
1693 685 1818 748 post
1857 676 2020 730 vitam
2068 675 2207 730 bene

623 780 829 843 gestam
863 773 916 828 in
937 772 1132 828 melius
1159 769 1355 824 mutari
1383 777 1741 834 mererentur,
1772 767 1912 823 sicut
1959 766 2069 837 jam
2119 781 2212 821 su-

620 882 720 938 pra
745 866 990 938 pluribus
1023 864 1154 920 locis
1177 863 1587 918 insinuavimus.
1625 859 1882 916 Refertur
1913 858 2027 914 haec
2047 873 2208 928 paena

623 965 678 1011 et
706 958 772 1012 ad
793 956 1176 1027 proprietatem
1205 953 1416 1010 litterae.
1442 952 1556 1008 Nisi
1577 953 1703 1022 quia
1733 951 1786 1006 id
1826 948 1968 1021 quod
2003 950 2226 1005 dictum.

621 1057 705 1105 est
731 1067 744 1104 :
775 1049 843 1102 Et
871 1048 941 1103 ad
971 1049 1140 1103 virum
1161 1046 1600 1102 tuum-conversio
1634 1054 1746 1109 tua,
1776 1052 1826 1098 et
1857 1044 1966 1114 ipse
1995 1042 2071 1096 tui
2114 1042 2209 1096 do-

621 1128 928 1204 minabitur,
957 1139 1246 1194 videndum
1274 1146 1358 1193 est
1386 1137 1656 1206 quomodo
1683 1134 1900 1205 proprie
1921 1133 2095 1204 possit
2116 1148 2207 1189 ac-

619 1231 722 1302 cipi
742 1249 756 1284 :
780 1229 963 1302 Neque
983 1230 1125 1286 enim
1147 1239 1202 1288 et
1223 1237 1346 1285 ante
1365 1238 1647 1300 peccatum
1678 1227 1834 1283 aliter
1854 1227 2051 1282 factam
2083 1226 2202 1298 [al.,

617 1320 844 1394 factum]
879 1322 1043 1378 fuisse
1068 1321 1220 1378 decet
1241 1321 1464 1376 credere
1487 1319 1767 1375 mulierem
1790 1317 1892 1374 nisi
1921 1326 1983 1374 ut
2022 1319 2104 1372 vir
2152 1319 2204 1372 ei

619 1414 1011 1480 dominaretur,
1037 1421 1093 1469 et
1115 1414 1182 1467 ad
1206 1428 1327 1468 eum
1365 1413 1482 1482 ipsa
1529 1410 1811 1467 serviendo
1862 1419 2206 1466 convertere-

618 1517 737 1573 tur;
761 1505 857 1562 sed
887 1515 1034 1561 recte
1067 1503 1237 1573 accipi
1265 1511 1446 1572 potest
1466 1503 1606 1556 hanc
1626 1501 1942 1557 servitutem
1999 1499 2204 1570 signiﬁ-

620 1604 796 1650 catam
823 1610 944 1664 qua:
992 1593 1270 1664 cujusdam
1319 1590 1641 1647 conditionis
1687 1599 1769 1646 est.
1810 1589 1990 1660 potius
2039 1599 2204 1659 quam

615 1685 948 1750 dilectionis;
972 1692 1031 1739 ut
1053 1685 1218 1739 etiam
1245 1684 1361 1753 ipsa
1392 1682 1523 1738 satis
1543 1681 1776 1738 servitus
1813 1697 1918 1752 qua
1960 1681 2203 1737 homines

615 1776 924 1832 hominibus
981 1784 1168 1846 postea
1216 1775 1356 1831 servi
1405 1789 1525 1830 esse
1575 1783 1874 1846 coeperunt,
1922 1773 1989 1829 de
2039 1789 2200 1845 poena

2305 580 2492 651 judicii
2519 584 2880 654 praestitutum
2905 586 3220 654 praedicant,
3248 598 3305 642 ut
3334 590 3388 643 in
3407 607 3461 644 eo
3483 593 3656 663 recipiat
3675 613 3777 652 ιιιιιε-

2311 677 2554 747 quisque,
2590 686 2700 731 tam
2744 675 2923 746 justus
2966 678 3217 736 videlicet
3256 695 3410 750 quam
3450 683 3778 758 injustus,pmt

2309 769 2483 840 gessit,
2509 768 2614 823 sive
2639 772 2829 824 bonum
2854 772 2961 826 sive
2986 772 3184 826 malum
3211 773 3296 844 (II
3321 773 3435 828 Cor.
3461 792 3511 841 v,
3532 778 3622 848 10).
3641 780 3690 834 Et
3708 784 3777 838 har

2311 857 2446 914 ﬁdes
2484 866 2568 914 est
2596 860 2886 927 catholica,
2930 863 3058 930 quia
3099 879 3228 918 vera
3277 875 3434 936 atque
3476 865 3665 924 sincera.
3693 874 3777 939 Quia

2309 963 2439 1021 ergo
2467 957 2676 1004 certum
2715 958 2800 1005 est
2847 950 3088 1008 futurum
3119 969 3240 1009 csse
3283 953 3552 1023 judicium,
3594 967 3636 1012 et
3669 961 3708 1013 in
3739 978 3778 1017 eo

2310 1042 2538 1097 retribui
2563 1041 2876 1112 unicuique,
2907 1052 3016 1098 tam
3041 1045 3131 1115 pio
3155 1060 3323 1115 quam
3343 1045 3515 1115 impio,
3537 1050 3652 1117 quod
3668 1066 3777 1107 mere-

2309 1141 2414 1198 tur,
2430 1131 2779 1188 nihilominus
2799 1143 3008 1189 certum
3029 1144 3113 1190 est
3133 1136 3275 1190 sicut
3292 1136 3455 1190 bonos
3474 1137 3590 1192 attici
3602 1145 3774 1207 limbis,

2307 1223 2382 1279 ita
2448 1223 2620 1279 malos
2675 1223 2851 1280 addici
2897 1227 3203 1282 tormentis.
3280 1226 3436 1296 Atqui
3481 1230 3774 1298 torquebantur

2308 1317 2487 1388 poenis
2553 1318 3042 1374 interminabilibus
3089 1319 3327 1386 addicti;
3377 1321 3634 1390 punientur
3678 1337 3771 1393 ergo,

2307 1413 2563 1482 quoniam
2590 1426 2699 1467 non
2728 1420 2814 1467 est
2833 1412 2978 1467 aliud
3000 1414 3196 1482 punire
3216 1428 3376 1482 quam
3400 1414 3559 1484 pennis
3576 1415 3644 1468 vel
3662 1424 3773 1470 trans

2305 1503 2482 1558 itoriis
2537 1502 2623 1559 vel
2663 1503 2883 1558 aeternis
2935 1500 3168 1558 adicere.
3223 1501 3431 1558 Justum
3471 1513 3546 1558 est
3585 1505 3705 1573 igitur
3737 1515 3771 1557 ut

2305 1595 2543 1649 creatrix
2598 1601 2792 1648 natura
2849 1593 3040 1663 puniat
3083 1594 3556 1664 praevaricatrieem
3586 1605 3770 1655 naturam.

2304 1700 2423 1754 quae
2474 1684 2738 1740 voluntati
2799 1683 3116 1740 rectissima
3162 1685 3402 1740 auctoris
3453 1686 3525 1739 sui
3572 1688 3772 1756 praeposuit

2303 1793 2453 1832 suam
2476 1771 2943 1846 perversissimam
2960 1774 3316 1830 voluntatem.
3343 1774 3486 1842 Quod
3504 1775 3544 1829 si
3564 1775 3675 1829 omni
3693 1791 3770 1845 pm-

613 1868 822 1938 peccati
847 1868 1152 1938 reperiatur
1171 1877 1378 1923 exorta.
1421 1867 1569 1922 Dixit
1608 1867 1824 1937 quidem
1867 1865 2157 1936 Apostolus
2183 1885 2195 1920 :
2228 1853 2277 1912 B
2305 1869 2390 1924 cul
2417 1869 2667 1940 ambiguo
2688 1876 2896 1924 certum
2923 1878 3029 1934 est,
3060 1869 3207 1925 haud
3229 1883 3387 1924 secus
3410 1876 3592 1924 certum
3609 1873 3772 1928 senuitnr

615 1958 723 2014 Per
751 1961 1058 2015 charitatem
1086 1958 1268 2014 servile
1292 1959 1509 2013 invicem.
1538 1954 1679 2028 (Gal.
1712 1973 1767 2020 ν,
1802 1955 1910 2027 15),
1958 1956 2050 2011 sed
2099 1971 2196 2012 ne-

613 2068 884 2122 quaquam
916 2053 1141 2115 diceret,
1173 2053 1401 2108 invicem
1429 2051 1800 2107 dominamini.
1847 2050 2074 2106 Possunt
2099 2051 2200 2105 ita-

615 2159 721 2214 que
755 2143 1012 2214 conjuges
1061 2159 1159 2214 per
1205 2142 1524 2199 cbaritatem
1568 2143 1774 2198 servire
1808 2142 2059 2207 invicem,
2104 2141 2200 2197 sed

615 2235 899 2289 mulierem
940 2233 1228 2306 Apostolus
1271 2251 1375 2291 non
1426 2234 1693 2304 permittit
1737 2233 1999 2289 dominari
2023 2233 2079 2287 in
2124 2234 2200 2287 vi-

614 2343 736 2396 rum
765 2327 816 2398 (1
849 2328 985 2383 Tim.
1011 2343 1072 2392 ιι,
1103 2327 1191 2398 12)
1223 2347 1235 2382 :
1270 2328 1373 2383 hoc
1399 2328 1544 2384 enim
1572 2328 1688 2384 viro
1711 2329 1888 2398 potius
1933 2328 2198 2383 sententia

612 2421 708 2475 Dei
760 2419 966 2484 detulit,
1021 2429 1075 2475 et
1123 2408 1377 2476 maritum
1441 2420 1640 2474 habere
1683 2419 1959 2474 dominum
2005 2419 2202 2475 meruit

613 2511 858 2566 mulieris
900 2526 1005 2566 non
1049 2519 1262 2576 natura,
1318 2511 1411 2566 sed
1453 2510 1608 2581 culpa
1643 2511 1828 2581 :quod
1874 2519 2054 2566 tamen
2094 2509 2201 2567 nisi

610 2613 874 2668 servetur,
907 2603 1288 2674 depravabitur
1307 2602 1538 2674 amplius
1569 2612 1784 2668 natura,
1839 2611 1895 2659 et
1917 2603 2202 2675 augebitur

611 2695 787 2766 culpa.

680 2785 828 2840 Dixit
854 2799 984 2856 ergo
1011 2794 1065 2842 et
1090 2786 1156 2840 ad
1183 2787 1355 2841 virum
1408 2786 1564 2858 ejus:
1597 2785 1736 2852 Quia
1784 2787 1980 2842 audisti
2029 2803 2203 2842 vocem

608 2877 844 2932 mulieris
867 2886 992 2943 tute,
1018 2887 1066 2932 et
1087 2878 1241 2932 edisti
1283 2878 1346 2933 de
1391 2877 1554 2948 ligno,
1603 2879 1667 2933 de
1712 2896 1814 2950 quo
1853 2896 2201 2951 praeceperant

609 2971 705 3024 tibi
733 2971 796 3024 de
820 2986 878 3024 eo
906 2969 1018 3023 solo
1044 2986 1145 3024 non
1172 2969 1342 3036 edere,
1389 2970 1668 3025 maledicta
1701 2982 1840 3026 terra
1883 2975 1938 3027 in
1963 2974 2202 3044 operibus

611 3064 754 3130 tuis;
791 3063 844 3116 in
881 3062 1105 3116 tristitiis
1133 3061 1251 3116 edes
1273 3061 1419 3116 illam
1447 3079 1621 3117 omnes
1648 3063 1757 3118 dies
1779 3065 1897 3118 vita:
1941 3073 2066 3130 tum,
2097 3067 2204 3136 spi-

613 3171 709 3207 nas
732 3163 779 3207 et
801 3153 1019 3208 tribulos
1048 3153 1162 3208 edet
1188 3152 1310 3225 [al.,
1335 3153 1669 3226 germinabit]
1690 3155 1783 3209 tibi
1809 3165 1858 3210 et
1885 3156 2004 3211 edes
2025 3156 2203 3226 fenum

2302 1975 2490 2016 omnes
2521 1961 2829 2030 quicunque
2860 1961 3156 2030 punientur
3191 1960 3424 2016 miseros
3445 1963 3554 2015 esse
3579 1962 3772 2029 sempiter-

2302 2069 2492 2122 naeque
2541 2052 2772 2108 miseria!
2819 2054 3149 2118 substratos,
3191 2069 3462 2124 nunquam
3499 2054 3558 2108 ab
3585 2053 3672 2121 ejus
3705 2064 3771 2109 tam

2304 2145 2500 2200 mentis
2522 2162 2683 2216 quam
2706 2147 2952 2216 corporis
2972 2147 3312 2203 cruciatibus
3332 2161 3584 2203 evasuros.
3605 2145 3694 2201 Haec
3709 2159 3769 2206 est

2304 2237 2550 2308 inquam,
2587 2236 2899 2293 inflexibilis
2939 2238 3151 2307 justitia
3213 2238 3518 2295 terribiliter
3553 2239 3770 2308 iudicantis,

2303 2342 2464 2397 quam
2493 2344 2634 2384 nunc
2665 2337 2714 2384 te
2761 2329 3006 2385 invenire
3036 2330 3416 2397 dissimulans,
3458 2337 3564 2400 post
3584 2329 3771 2400 paululum

2303 2421 2600 2492 experieris
2627 2423 2919 2478 inventam.

2373 2535 2492 2591 Jam
2506 2551 2636 2592 vero
2655 2537 2798 2606 quod
2815 2537 3037 2593 adhibes
3061 2540 3389 2596 sententiam
3411 2540 3563 2596 sancti
3581 2539 3772 2610 Augustini

2303 2641 2369 2680 ex
2395 2626 2532 2681 libro
2560 2625 2677 2696 ejus
2703 2627 2988 2684 undecimo
3031 2629 3098 2685 de
3145 2628 3350 2687 Genesi
3385 2632 3448 2687 ad
3473 2631 3663 2686 litteram
3683 2631 3770 2702 (cap.

2302 2715 2415 2784 2t),
2451 2731 2556 2786 qua
2601 2716 2772 2772 dicit:
2815 2717 3038 2790 [Verum
3066 2734 3189 2776 esse
3215 2729 3380 2792 atque
3422 2721 3702 2777 manifestum
3717 2721 3772 2787 ju-

2303 2806 2466 2862 stitire
2506 2806 2608 2878 ipsi
2653 2822 2774 2864 esse
2823 2811 3180 2878 contrarium,
3235 2823 3296 2868 ut
3354 2813 3491 2869 nullo
3532 2813 3772 2884 praecedente

2304 2897 2519 2964 merito,
2548 2897 2652 2954 hoc
2697 2898 2872 2968 ipsum
2900 2899 2955 2955 in
2987 2915 3208 2972 quoque
3262 2904 3404 2960 Deus
3456 2907 3640 2959 damnet
3685 2903 3773 2971 quod

2304 2990 2360 3045 in
2409 3004 2476 3047 eo
2521 2991 2639 3060 ipse
2687 2992 3018 3065 creaverat,]
3056 3005 3327 3065 quantum
3377 2997 3571 3052 veritati
3589 2995 3773 3051 catholica

2304 3081 2611 3136 consentiat
2640 3081 2831 3148 cuivis,
2865 3083 3029 3138 etiam
3080 3085 3424 3156 simpliciori,
3455 3095 3601 3157 patet.
3637 3085 3772 3139 Nullum

2303 3171 2448 3226 enim
2487 3171 2630 3227 Deus
2660 3172 2920 3228 damnare
2942 3173 3248 3230 credendus
3275 3184 3378 3242 est,
3406 3176 3504 3232 nisi
3521 3173 3774 3247 praecedenti-

613 3245 748 3314 rrgri.
782 3243 850 3298 In
888 3244 1079 3326 sudore
1118 3245 1277 3316 faciei
1317 3254 1422 3300 ture
1460 3246 1578 3300 edes
1607 3263 1795 3317 panem
1825 3257 1992 3314 tuum,
2036 3250 2199 3305 donec
2227 3243 2273 3307 C
2302 3262 2404 3319 bus
2448 3263 2604 3318 malis
2634 3264 2843 3320 mel-iris
2881 3265 3018 3335 eius,
3075 3267 3337 3335 quoniam
3383 3268 3490 3323 hac
3521 3243 3600 3322 ἐει
3628 3264 3773 3334 iuguli;

612 3336 929 3390 convertar-is
982 3335 1036 3390 in
1067 3343 1285 3402 terram,
1325 3353 1387 3390 ea:
1412 3354 1514 3407 qua
1542 3349 1782 3410 sumptus
1810 3357 1885 3407 es,
1909 3341 2034 3412 quia
2055 3351 2196 3397 terra

614 3449 687 3497 es,
719 3441 767 3484 et
807 3432 860 3486 in
881 3442 1074 3487 terram
1103 3433 1200 3488 ibis
1227 3432 1378 3506 (Gen.
1416 3452 1498 3502 ιιι,
1526 3435 1614 3500 15,
1643 3435 1728 3499 18,
1765 3436 1874 3508 19).
1918 3434 2057 3507 [Hoc
2078 3449 2200 3491 esse

614 3523 670 3577 in
700 3532 844 3580 terra
893 3525 1102 3582 labores
1153 3526 1372 3582 humani
1417 3527 1632 3600 generis
1673 3527 1797 3598 quis
1843 3527 2090 3600 ignorat?
2132 3527 2202 3583 Et

614 3619 741 3687 quia
770 3635 876 3674 non
905 3629 1106 3685 essent,
1145 3622 1190 3677 si
1222 3621 1457 3677 felicitas
1484 3637 1604 3691 qua:
1628 3621 1682 3676 in
1728 3620 1981 3692 paradiso
2024 3618 2201 3676 iuerat

615 3721 913 3777 teneretur,
946 3727 1054 3768 non
1079 3719 1162 3768 est
1190 3714 1377 3782 utique
1399 3713 1773 3778 dubitandum,
1836 3727 1902 3767 ac
1947 3726 2046 3782 per
2095 3711 2200 3767 hoc
2236 3753 2238 3756 μ

613 3804 777 3858 etiam
800 3804 1014 3874 proprie
1043 3804 1210 3861 verba
1234 3805 1349 3860 haec
1369 3805 1620 3874 primitus
1631 3805 1878 3874 accipere
1892 3819 1960 3860 ne
1972 3802 2198 3876 pigeat]

683 3898 723 3968 ἰ-
748 3897 872 3952 Marc
896 3907 979 3953 cst
1006 3897 1382 3953 incunctanter
1399 3897 1631 3969 justitia,
1655 3913 1761 3968 qua
1777 3907 1968 3953 natura
1989 3912 2201 3954 summe

614 3991 1052 4061 sezripiternequc
1082 3989 1222 4045 bona
1244 3987 1460 4059 etjusta
1505 3990 1660 4059 punit
1709 4001 1958 4045 naturam
2008 4004 2198 4060 snper-

613 4083 874 4148 bientem,
947 4082 1136 4152 suique
1187 4080 1428 4138 Factoris
1475 4081 1756 4154 imperium
1812 4081 2204 4140 contumaciter

615 4173 1100 4243 transgredientem
1136 4189 1302 4244 :qua:
1351 4174 1560 4245 punitio
1608 4173 1862 4229 bifariam
1918 4172 2198 4238 dividitur,

615 4272 672 4317 et
692 4280 858 4331 nunc,
887 4265 941 4319 in
967 4265 1302 4322 absolutione
1325 4267 1522 4321 anima:
1545 4281 1574 4320 a
1606 4281 1704 4322 suo
1752 4279 1999 4334 corpore,
2047 4280 2199 4320 com-

615 4367 808 4428 parata
861 4358 1022 4428 hujus
1067 4358 1253 4428 prima:
1291 4359 1755 4430 praevaricationis
1793 4358 2008 4422 merito,
2057 4358 2202 4428 quod

615 4450 686 4506 ab
711 4449 826 4520 ipsa
849 4450 1031 4504 radice
1053 4450 1106 4504 in
1129 4464 1289 4505 omne
1305 4449 1638 4520 posteritatis
1655 4447 1770 4517 ejus
1782 4464 1951 4520 genus
1965 4448 2143 4504 transf
2143 4465 2202 4502 u-

615 4558 733 4599 sum
765 4549 930 4613 atque
952 4542 1197 4598 innatum
1224 4551 1326 4608 est,
1383 4549 1438 4597 et
1457 4542 1796 4613 postmodum
1833 4543 1886 4597 in
1933 4543 2198 4614 gebenna,

613 4649 757 4704 quae,
812 4641 920 4689 tam
975 4632 1134 4705 hujus
1180 4648 1342 4705 quam
1395 4633 1621 4688 aliorum
1677 4633 2070 4704 multiplicitate
2103 4635 2206 4689 cri-

614 4727 818 4782 minum
867 4727 1154 4784 libidinosa
1207 4728 1564 4798 perversitate
1609 4737 2042 4792 contractorum,
2119 4744 2203 4784 ac-

612 4821 811 4890 quisita
838 4829 941 4888 est,
965 4822 1176 4878 dicente
1203 4819 1492 4878 Salomone
1521 4838 1535 4876 :
1567 4821 1632 4876 Et
1676 4833 1864 4877 cuncta
1903 4839 2020 4894 qua:
2067 4821 2202 4891 ﬁunt

613 4912 864 4976 adduces,
899 4913 1062 4979 Deus,
1090 4915 1142 4968 in
1165 4912 1432 4984 judicium
1455 4929 1550 4984 pro
1573 4914 1714 4968 omni
1740 4922 1935 4979 errato,
1973 4914 2079 4968 sive
2113 4913 2204 4967 bo-

613 5021 740 5060 num
767 5005 869 5059 sive
899 5005 1092 5059 malum
1123 5006 1189 5058 sit
1219 5002 1406 5075 (Eccli.
1433 5020 1532 5075 xu,
1562 5003 1671 5075 14).
1699 5004 1764 5058 Et
1790 5005 1949 5058 item:
1973 5003 2201 5069 Laztare,

615 5113 745 5168 ergo
763 5097 970 5168 juvenis
1023 5098 1077 5150 in
1131 5093 1486 5150 adolescentia
1529 5105 1642 5159 tua,
1687 5104 1735 5148 et
1780 5095 1834 5148 in
1856 5093 1987 5148 bono
2009 5095 2075 5148 sit
2110 5109 2201 5148 cor

615 5203 784 5256 tuum,
828 5192 884 5246 in
928 5191 1109 5246 diebus
1137 5189 1428 5259 juventutis
1477 5199 1622 5245 tute:
1655 5198 1704 5243 et
1746 5188 1959 5242 ambula
2010 5188 2066 5242 in
2104 5188 2199 5243 viis
2251 5237 2253 5240 ι

617 5286 790 5340 cordis
836 5285 943 5351 tui,
974 5294 1023 5339 et
1066 5286 1122 5339 in
1153 5286 1348 5339 intuitu
1393 5284 1664 5338 oculorum
1704 5291 1934 5347 tuorum,
1977 5291 2025 5338 et
2069 5285 2199 5338 scito

614 5378 757 5448 quod
779 5394 874 5449 pro
905 5377 1144 5430 erunibus
1165 5376 1246 5430 his
1273 5376 1497 5430 adducet
1517 5385 1565 5430 te
1588 5374 1838 5428 Dominus
1867 5373 1922 5427 in
1933 5373 2197 5444 judicium

620 5467 810 5542 (Evoti.
825 5485 904 5534 xi,
925 5468 1000 5541 9).
1027 5467 1084 5524 Si
1108 5467 1253 5523 nulla
1271 5477 1463 5522 natura
1483 5468 1758 5537 punietur,
1775 5479 1968 5535 quare,
1990 5479 2197 5536 quaeso,

611 5562 875 5632 judicium
889 5561 1250 5618 celebrabitur
1264 5561 1287 5615 ?
1314 5559 1450 5615 Nam
1465 5561 1507 5616 si
1536 5576 1641 5616 non
1667 5559 1814 5631 impii
1832 5559 1883 5614 in
1897 5573 1962 5614 eo
1975 5558 2202 5628 punien-

621 5654 677 5708 di
699 5664 842 5718 sunt,
871 5670 976 5724 qua
1006 5653 1215 5708 ratione
1226 5652 1491 5724 judicium
1513 5651 1828 5720 agitandum
1859 5651 1951 5716 sit,
1977 5665 2200 5721 prorsus

619 5747 844 5817 ignoro:
877 5763 945 5800 an
989 5756 1208 5818 propter
1245 5747 1425 5817 justos
1455 5753 1682 5822 tantum,
1715 5753 1775 5799 ut
1797 5746 2022 5815 praemia
2057 5744 2200 5800 reci-

623 5837 776 5908 piant
803 5851 922 5904 quae
943 5837 1254 5892 merentur?
1279 5835 1414 5902 Quis
1438 5836 1540 5892 hoc
1572 5836 1658 5891 vel
1691 5836 1915 5894 detinens
1953 5839 2151 5894 dixerit
2175 5839 2200 5893 ?

2303 3355 2445 3412 illius
2471 3355 2756 3411 retributio
2783 3354 3045 3412 indeﬂexa
3072 3357 3126 3411 in
3147 3374 3248 3414 eos
3268 3359 3515 3414 duntaxat
3545 3372 3651 3429 quos
3665 3354 3773 3426 poenis

2303 3446 2587 3526 ultricibus
2601 3447 3070 3504 irremediabiliter
3083 3450 3409 3507 cruciandos
3427 3465 3597 3506 censor
3614 3444 3773 3516 aequissi-

2303 3555 2424 3596 mus
2473 3540 2660 3595 tradit.
2696 3541 2772 3595 De
2806 3541 3019 3598 diabolo
3045 3551 3226 3598 autem
3259 3544 3422 3615 (quod
3460 3543 3586 3598 nullo
3609 3540 3720 3596 modo
3742 3538 3771 3590 in

2303 3649 2368 3690 eo
2406 3643 2600 3689 natura
2627 3649 2791 3703 quam
2830 3635 2972 3690 Deus
2995 3636 3222 3701 creavit,
3256 3637 3352 3692 sed
3377 3635 3508 3690 mala
3533 3633 3697 3704 propria
3716 3643 3771 3680 vn-

2302 3724 2485 3782 luntas
2538 3738 2700 3796 pcena
2759 3725 2897 3797 ignis
2935 3726 3121 3782 aeterni
3168 3726 3450 3797 plectenda
3488 3726 3570 3790 sit,
3603 3738 3678 3777 nec
3705 3719 3772 3785 eius

2304 3827 2496 3873 natura
2528 3817 2840 3889 significata
2887 3833 3012 3873 cum
3041 3818 3244 3874 dictum
3278 3828 3403 3876 est.-
3439 3817 3542 3874 Hoc
3563 3815 3772 3873 estinitim

2302 3911 2540 3982 ﬁgmenti
2588 3912 2817 3980 Domini,
2849 3911 2988 3982 quod
3018 3911 3162 3982 fecit,
3197 3925 3256 3968 ut
3286 3915 3533 3969 illudatur
3561 3912 3614 3965 ab
3650 3906 3773 3976 angelis

2302 4003 2417 4075 ejus
2465 4000 2636 4074 (Psal.
2680 4022 2795 4072 utri,
2839 4006 2931 4076 26)
2959 4025 2971 4060 :
2996 4005 3091 4060 sed
3129 4006 3217 4061 vel
3249 4021 3444 4076 corpus
3473 4017 3670 4063 aereum,
3688 3994 3772 4066 quod

2305 4096 2400 4150 tali
2422 4095 2686 4151 voluntati
2715 4104 3076 4166 congruenter
3098 4098 3324 4166 aptavit,
3351 4095 3433 4151 vel
3457 4095 3561 4164 ipsa
3595 4084 3772 4145 ordinatio

2305 4187 2358 4242 in
2382 4203 2490 4258 qua
2519 4203 2642 4242 eum
2674 4187 2805 4242 fecit
2837 4187 3005 4242 etiam
3032 4187 3308 4242 nolentem
3353 4187 3528 4242 utilem
3567 4179 3698 4243 bonis,
3718 4173 3768 4226 ul

2303 4277 2447 4348 quod
2483 4277 2779 4348 prmsciens
2820 4293 2943 4334 eum
2996 4276 3196 4333 malum
3247 4279 3502 4341 futurum,
3548 4272 3650 4328 fecit
3682 4281 3772 4322 ευηι.

2305 4377 2486 4424 tamen
2517 4383 2627 4424 non
2676 4368 2953 4424 abstinens
2977 4368 3277 4424 bonitatem
3321 4384 3468 4425 suam
3506 4365 3555 4420 in
3577 4354 3771 4432 prabend:

2302 4462 2414 4518 vita
2447 4470 2611 4533 atque
2644 4462 2946 4517 substantia
2969 4461 3166 4517 futurae
3187 4462 3354 4518 etiam
3384 4459 3545 4515 noxia:
3561 4446 3770 4508 voluntati:

2307 4551 2468 4608 simul
2493 4551 2797 4623 praevidens
2821 4561 3022 4622 quanta
3052 4550 3119 4606 de
3144 4550 3235 4606 illo
3265 4552 3404 4606 bona
3427 4557 3556 4605 esset
3575 4558 3650 4599 sua
3668 4537 3774 4593 mira-

2307 4643 2402 4700 bili
2440 4646 2681 4700 bonitate
2724 4659 2788 4699 ac
2828 4651 3094 4714 potestate
3131 4642 3391 4712 facturus)
3419 4646 3566 4696 multa
3590 4629 3772 4688 incudem

2303 4746 2359 4792 et
2385 4737 2630 4807 sequenti
2657 4735 2976 4792 duodecimo
3003 4734 3142 4790 libro
3183 4733 3394 4790 subtilis
3431 4718 3771 4816 disputator

2305 4831 2495 4897 seruit,
2522 4845 2642 4901 quae
2682 4830 2839 4884 aliter
2867 4829 2932 4883 ab
2979 4828 3102 4883 aliis
3146 4829 3367 4897 adaeque
3415 4819 3656 4880 catholicis
3690 4810 3772 4904 tiri?

2305 4922 2532 4977 disserta
2561 4927 2723 4990 atque
2751 4918 3003 4984 enodata,
3053 4916 3518 4988 competentiorem
3553 4901 3770 4964 auctoritati

2248 5057 2250 5060 .
2303 5011 2634 5066 intellectum
2665 5027 2668 5030 '
2696 5011 2783 5081 pie
2847 5017 3098 5079 recteque
3163 5006 3518 5080 quaerentibus
3575 4994 3768 5053 exhibent.

2306 5117 2536 5174 quorum
2569 5101 2945 5156 saluberrimis
2985 5099 3236 5156 sensibus
3259 5099 3380 5170 pius
3401 5094 3603 5166 quisque
3634 5089 3770 5174 serti!tr

2305 5173 2389 5250 tor
2413 5193 2788 5250 innutabiliter
2809 5193 3105 5264 acquiescit
3137 5210 3150 5248 :
3183 5205 3408 5262 quorum
3435 5197 3588 5242 tamen
3604 5173 3769 5248 quadam

2303 5287 2646 5352 retractavit,
2696 5287 2966 5358 quaedam,
3026 5285 3168 5342 sicut
3225 5285 3340 5354 ipse
3399 5286 3614 5336 testatur,
3669 5264 3767 5336 plu“

2301 5379 2526 5448 quaesita
2557 5394 2720 5449 quam
2761 5379 2980 5432 inventa
3011 5385 3160 5443 sunt,
3191 5385 3244 5430 et
3271 5387 3452 5430 eorum
3485 5380 3587 5439 quae
3622 5361 3767 5449 invenlt

2305 5442 2452 5537 sunt,
2474 5442 2733 5540 pauciora
2764 5468 3009 5533 ﬁrmata;
3030 5442 3229 5522 caetera
3249 5479 3376 5521 vero
3398 5463 3468 5517 ita
3487 5455 3646 5530 βοείων
3675 5442 3768 5540 τθΙΪῘί

2307 5529 2493 5620 adhuc.
2508 5561 2828 5632 requirenda
2876 5529 3006 5616 sint.
3033 5559 3238 5627 Quibus
3263 5555 3437 5611 verbis
3453 5529 3618 5606 doctor
3634 5529 3767 5594 humil-

2305 5654 2465 5710 limus
2515 5631 3024 5709 deditoccasionem
3073 5649 3194 5704 aliis
3233 5655 3519 5704 sanctarum

2309 5763 2426 5804 rum
2475 5747 2934 5817 explanatoribus,
2968 5751 3028 5798 ut
3077 5756 3142 5797 ea
3171 5755 3288 5812 qua;
3325 5727 3597 5792 auctoritati
3636 5721 3766 5817 dirius

2306 5815 2671 5911 scrupulosius
2702 5844 3027 5910 pertractata
3069 5841 3125 5890 et
3174 5829 3397 5890 lucidius
3421 5819 3655 5882 enucleata
3678 5815 3764 5860 σοῦ’
