4010 6352
181 423 302 480 1241

1015 413 1103 469 ne
1140 407 1808 468 eumnesmmous
1845 383 2122 465 eorum
2161 406 2204 464 at
2250 404 2552 465 scoruu.

3284 403 3422 464 me

181 540 444 607 gruerent,
460 533 572 590 suis
591 530 863 604 opusculis
877 531 1066 599 indita,
1082 539 1192 586 tam
1215 529 1562 601 prasentium
1579 542 1741 599 quam
1771 529 1824 591 Α
1849 523 2503 597 tuose[al.,infructuosa]
2519 524 2670 580 bona
2683 537 2784 580 nec
2798 524 3075 596 impunita
3096 525 3250 582 mala
3263 527 3417 601 sint].

179 624 528 698 posteriorum
554 623 949 679 eruditionibus
991 621 1285 693 aperirent.
1319 617 1426 675 Sed
1457 627 1512 673 et
1543 619 1658 687 ipse
1688 617 1742 671 in
1765 617 1783 632 ’

181 730 333 785 opere
381 705 446 770 de
481 713 710 770 Civitate
757 711 855 768 Dei
900 711 1068 768 multo
1105 711 1299 768 melius
1344 719 1508 780 atque
1553 710 1744 764 ortho-

182 809 360 865 doxius
371 809 560 864 eadem
575 806 1083 874 elimata'disseruit,
1103 805 1442 874 dissertaque
1464 801 1745 873 explicuit,

185 914 298 968 qua
339 899 664 970 competenti
706 897 826 954 loco
860 905 1008 969 post,
1067 896 1117 952 si
1161 894 1422 950 Dominus
1468 893 1742 960 annuerit,

184 991 498 1046 inserentur.

249 1080 467 1138 Constat
493 1081 656 1151 etiam
705 1090 760 1137 te
801 1079 1171 1152 superioribus
1222 1078 1418 1135 litteris
1467 1077 1572 1133 tuis
1613 1077 1746 1132 satis

180 1173 366 1243 egisse,
436 1165 851 1229 ut'ostenderes
902 1172 1231 1228 voluntatem
1281 1186 1403 1228 esse
1449 1179 1740 1225 naturam:

180 1263 325 1330 Quod
351 1262 396 1318 si
425 1271 568 1318 esset
591 1277 798 1329 verum,
833 1263 1031 1318 mirum
1060 1277 1144 1318 ρει
1171 1261 1440 1332 quomodo
1487 1276 1631 1316 nunc
1678 1275 1745 1314 ex

177 1355 352 1410 verbis
375 1354 518 1408 beati
542 1353 828 1426 Augustini
870 1353 1000 1409 velis
1038 1367 1303 1418 asserere,
1334 1369 1438 1406 non
1472 1359 1742 1415 naturam,

176 1443 264 1498 sed
292 1443 628 1510 voluntatem,
679 1460 788 1499 esse
830 1443 1172 1515 plectendum.
1219 1443 1277 1499 Si
1321 1443 1466 1499 enim
1499 1442 1747 1498 voluntas

178 1544 361 1591 natura
386 1545 488 1602 est,
514 1545 568 1591 et
592 1536 864 1603 voluntas,
891 1536 1018 1592 licet
1041 1551 1316 1607 perversa,
1341 1534 1588 1605 punitur,
1614 1548 1744 1604 pro-

179 1626 313 1681 fecto
365 1637 557 1682 natura
605 1627 845 1698 punitur.
896 1626 1033 1682 Nam
1080 1627 1184 1684 etsi
1231 1635 1437 1681 natura
1484 1640 1674 1682 omnes
1715 1639 1746 1678 a

179 1716 313 1772 bono
341 1725 558 1772 auctore
586 1719 739 1774 bona
759 1728 884 1774 sunt
906 1718 1187 1784 instituta,
1221 1715 1514 1772 rationales
1567 1725 1748 1770 tamen

178 1809 389 1878 proprio
417 1809 550 1863 vitio
577 1807 731 1864 mala
762 1823 868 1864 non
911 1807 1358 1864 irrationabiliter
1383 1805 1743 1876 appellantur.

1846 617 2048 689 1-ldem
2093 617 2148 673 in
2199 617 2386 673 eodem
2435 631 2451 671 :
2502 615 2666 689 [Deus
2704 617 2885 689 itaque
2919 633 3083 689 super
3103 620 3306 687 omnia,
3329 621 3423 691 qui

1845 710 2086 768 condidit
2117 709 2318 775 omnia,
2348 724 2537 765 omnes
2558 717 2784 766 naturas
2832 710 3002 766 bonas
3035 719 3206 778 creat,
3235 725 3424 768 omnes

1847 804 2150 860 voluntates
2189 801 2370 871 justus
2415 801 2681 874 ordinat.]

1916 896 1957 966 1-
1995 894 2354 965 llieronymus
2400 893 2456 948 in
2505 893 2855 964 Expositione
2913 893 3066 951 Isaia
3114 897 3424 967 propheta,

1846 985 1987 1042 libro
2015 995 2170 1042 sexto
2221 985 2360 1058 (cap.
2391 1001 2504 1052 xxv,
2537 985 2632 1057 21)
2664 1004 2678 1041 :
2707 985 2873 1060 [Deus
2905 988 3048 1044 enim
3087 987 3268 1044 omnia
3299 987 3431 1045 fecit

1845 1079 2006 1144 bona,
2040 1080 2132 1134 sed
2161 1079 2226 1136 ab
2258 1077 2458 1148 bisqui
2493 1093 2591 1134 sua
2617 1079 2896 1135 voluntate
2916 1089 3042 1135 sunt
3065 1081 3306 1152 pessimi,
3336 1096 3428 1137 se-

1849 1170 1954 1225 mel
1976 1169 2094 1242 [al.,
2117 1170 2324 1243 semen]
2349 1179 2528 1226 ortum
2544 1171 2614 1226 sit
2631 1171 2852 1240 malum,
2877 1171 3019 1244 quod
3041 1172 3318 1229 voluntate
3344 1173 3426 1230 fit.

1849 1279 1955 1319 non
1979 1261 2216 1336 natura.]
2739 1295 2742 1298 η
3158 1281 3160 1283 ν
3251 1246 3256 1248 ⁷

1920 1353 1960 1422 1-
2003 1351 2150 1407 ldem
2197 1352 2251 1406 in
2294 1351 2433 1407 libro
2478 1352 2640 1408 tertio
2681 1352 2890 1409 decimo
2934 1353 3092 1424 (cap.
3145 1369 3324 1419 XLVII,
3371 1353 3431 1408 in

1850 1444 1956 1500 ﬁne
1983 1463 1995 1498 :
2027 1443 2130 1516 [Ex
2159 1459 2267 1514 quo
2295 1443 2642 1515 perspicuum
2672 1454 2757 1499 est
2796 1453 2988 1499 natura
3024 1445 3216 1509 bonos,
3245 1443 3432 1499 volun-

1850 1545 1963 1592 tate
1984 1537 2153 1592 malos
2179 1535 2317 1592 ﬁeri.
2343 1536 2584 1607 Denique
2606 1536 2856 1603 infertur,
2875 1539 3036 1593 homo
3061 1537 3116 1592 in
3138 1537 3429 1609 semetipso

1850 1629 2071 1695 erravit,
2099 1642 2206 1682 non
2241 1636 2459 1694 natura,
2485 1628 2579 1684 sed
2609 1627 2807 1682 mentis
2838 1627 3110 1700 arbitrio.j

1922 1719 1964 1792 1-
1991 1719 2146 1792 ldem.
2174 1721 2229 1776 in
2274 1720 2414 1776 libro
2449 1719 2640 1791 quinto
2693 1720 2902 1776 decimo
2953 1720 3092 1792 (cap.
3131 1737 3239 1786 ων,
3294 1720 3433 1790 16);

1854 1811 1990 1885 [Ego
2019 1813 2165 1867 enim
2191 1828 2310 1868 sum
2352 1827 2449 1882 per
2499 1827 2660 1881 quem
2716 1811 2964 1866 habitura
3000 1826 3061 1866 es
3105 1811 3432 1882 proselytos,

179 1897 354 1969 Itaque
377 1900 422 1954 si
455 1899 699 1955 voluntas
729 1915 982 1970 perversa
1007 1903 1250 1970 punitur,
1283 1905 1339 1953 et
1355 1897 1609 1953 voluntas
1646 1912 1744 1951 na-
1772 1891 1820 1950 B
1847 1922 1940 1976 ego
1959 1906 2048 1977 qui
2071 1907 2240 1961 ενεαυί
2263 1907 2472 1976 fabrum
2507 1906 2797 1976 sumamem
2823 1905 2878 1958 in
2908 1905 3024 1975 igne
3050 1907 3272 1976 pruinas
3297 1905 3434 1976 (ιδα.

179 1998 294 2044 tura
306 2000 408 2057 est,
429 1989 736 2046 necessario
761 1990 1007 2059 sequitur
1026 1997 1087 2044 ut
1109 1997 1300 2042 natura
1314 1987 1492 2058 puniri
1509 1987 1742 2044 dicatur.

179 2081 256 2137 Eo
278 2098 446 2154 usque
470 2091 660 2136 autem
713 2081 964 2136 voluntas
1011 2096 1041 2135 a
1087 2088 1278 2134 natura
1309 2079 1636 2144 secernitur,
1686 2088 1753 2134 ut

105 2229 118 2235 ,
176 2172 358 2230 Patres
407 2173 691 2229 orthodoxi
728 2187 1096 2244 saepenumero
1135 2188 1229 2228 eas
1253 2181 1598 2243 sequestrare
1626 2172 1747 2227 luce

173 2269 368 2327 clarius
379 2269 630 2323 videantu
639 2283 684 2334 r,
707 2281 935 2338 quorum
951 2267 1318 2323 memorabilis
1331 2267 1668 2338 Augustinus
1684 2266 1741 2320 in

174 2361 308 2416 libro
336 2359 403 2414 de
426 2359 620 2415 Genesi
661 2359 729 2413 ad
771 2357 1006 2414 litteram
1058 2357 1345 2414 undecimo
1390 2357 1535 2429 (cap.
1587 2356 1642 2430 9)
1672 2356 1748 2412 ita

172 2451 404 2521 loquitur
427 2467 442 2506 :

243 2543 332 2615 [At
363 2541 531 2607 enim,
557 2539 826 2610 inquiens,
851 2541 896 2596 si
924 2541 1065 2596 Deus
1089 2539 1272 2606 vellet,
1304 2539 1469 2594 etiam
1491 2539 1582 2594 isti
1621 2538 1748 2594 boni

170 2642 365 2691 essent.
408 2634 622 2701 Quanto
677 2633 868 2688 melius
927 2633 1031 2688 hoc
1087 2633 1230 2687 Deus
1271 2630 1443 2688 voluit
1490 2640 1548 2686 ut
1604 2631 1750 2701 quod

170 2728 366 2784 vellent
409 2726 634 2782 essent?
659 2726 754 2782 sed
799 2725 927 2781 boni
970 2723 1338 2788 infructuose,
1386 2722 1514 2777 mali
1568 2731 1749 2776 autem

169 2824 382 2892 impune
409 2835 518 2875 non
547 2827 748 2886 essent,
773 2826 828 2874 et
859 2818 913 2872 in
941 2831 1007 2874 eo
1037 2818 1156 2886 ipso
1201 2816 1322 2872 aliis
1349 2815 1510 2871 utiles
1541 2815 1767 2874 essent?

171 2913 277 2970 Sed
303 2911 618 2982 prasciebat
645 2909 789 2980 quod
827 2923 1015 2964 eorum
1043 2907 1224 2962 futura
1255 2906 1378 2979 [al.,
1402 2905 1531 2976 quid
1559 2919 1749 2960 eorum

165 3003 396 3076 factura]
425 3012 571 3059 esset
626 3001 875 3056 voluntas
923 2999 1086 3063 mala,
1130 2999 1452 3069 prasciebat
1501 3013 1654 3064 sane,
1697 3005 1752 3053 et

164 3097 289 3166 quia
314 3095 424 3149 falli
451 3108 555 3148 non
583 3099 759 3162 potest
787 3092 903 3163 ejus
957 3090 1324 3161 prascientia,
1370 3090 1492 3145 ideo
1519 3106 1625 3145 non
1669 3089 1753 3160 ip-

163 3191 293 3254 sius,
322 3189 416 3244 sed
435 3202 623 3242 eorum
643 3195 729 3241 est
759 3185 1007 3242 voluntas
1021 3184 1179 3239 mala.
1201 3184 1310 3239 Cur
1330 3200 1461 3256 ergo
1485 3199 1580 3240 eos
1601 3199 1749 3239 crea-

1851 2011 1959 2061 Ltv,
1989 1995 2098 2068 16),
2127 1997 2230 2052 hoc
2264 2006 2366 2062 est,
2405 1995 2698 2059 diabolum,
2729 1995 2972 2050 omnium
3006 1994 3272 2050 malorum
3305 1996 3438 2050 arti-

1853 2088 2029 2155 ficem,
2054 2105 2160 2144 non
2185 2088 2509 2144 necessitate
2534 2093 2760 2150 natura,
2787 2086 2880 2140 sed
2923 2086 3122 2140 mentis
3165 2085 3392 2140 arbitrio
3419 2104 3431 2139 :

1855 2181 1948 2252 qui
1974 2180 2258 2236 suscitabit
2286 2179 2556 2243 incendia,
2585 2185 2639 2232 et
2680 2175 2919 2247 proferet
2947 2185 3140 2231 contra
3183 2185 3236 2230 te
3282 2190 3435 2240 vasa,
3531 2223 3535 2226 _

1852 2274 2040 2345 quales
2058 2271 2277 2328 fuerunt
2298 2269 2486 2326 Simon
2513 2278 2567 2326 et
2587 2269 2804 2341 Elymas
2825 2267 2990 2339 magi,
3011 2267 3174 2324 Petro
3195 2275 3248 2323 et
3270 2266 3439 2322 Paulo

1813 2365 2110 2438 ,apostolis
2187 2364 2526 2420 resistentes.
2588 2361 2700 2432 Ego
2760 2362 2942 2416 creavi
3023 2360 3428 2417 interfectorem

1850 2471 2039 2511 eorum
2083 2455 2176 2526 qui
2207 2454 2468 2510 increduli
2509 2463 2636 2509 sunt
2678 2452 2866 2520 futuri,
2895 2469 3002 2508 non
3037 2452 3180 2524 quod
3211 2467 3310 2524 ego
3333 2453 3435 2508 sim

1851 2561 2012 2602 causa
2033 2546 2352 2616 perditionis
2377 2560 2586 2611 eorum,
2629 2545 2726 2600 sed
2770 2545 2912 2616 quod
2938 2553 3154 2601 creatus
3183 2545 3440 2600 adversa-

1852 2638 1965 2693 rius
1991 2639 2059 2692 ad
2088 2637 2455 2708 pugnandum,
2487 2645 2543 2691 et
2580 2637 2738 2692 victis
2773 2636 3008 2705 perditio
3036 2645 3093 2691 et
3135 2637 3436 2693 victoribus

1851 2745 2017 2787 causa
2038 2730 2106 2786 sit
2125 2729 2498 2800 pramiorum,
2521 2743 2818 2798 omnesque
2837 2728 2927 2798 qui
2946 2736 3138 2782 contra
3164 2736 3216 2784 te
3241 2744 3269 2783 a
3288 2729 3440 2785 fabro

1851 2820 2099 2877 sulllante
2128 2829 2256 2874 sunt
2290 2819 2558 2888 fabricati,
2599 2834 2706 2874 non
2741 2818 3062 2889 dirigentur,
3094 2818 3188 2875 sed
3211 2827 3263 2873 et
3305 2835 3440 2890 pra.L

1853 2921 2034 2970 sentes
2057 2927 2246 2982 panas
2272 2911 2507 2967 sentient
2531 2919 2587 2966 et
2609 2909 2864 2980 futuras.]

1924 3005 1965 3074 1-
2007 3003 2156 3060 ldem
2207 3005 2261 3058 in
2311 3013 2465 3058 sexto
2513 3001 2722 3057 decimo
2775 3000 2913 3072 (cap.
2963 3016 3087 3065 ιιι,
3131 3000 3187 3070 8)
3231 3015 3246 3055 :
3295 2998 3438 3072 [Vitr

1853 3111 2034 3150 eorum
2063 3111 2316 3165 perversa-
2345 3093 2482 3164 (Act.
2512 3108 2635 3159 Vill,
2667 3091 2781 3161 15),
2809 3105 2918 3146 non
2943 3099 3162 3158 natura,
3183 3092 3275 3147 sed
3317 3106 3440 3161 pro-

1851 3189 1970 3257 pria
1995 3184 2318 3258 voluntate.]

161 3283 262 3348 vit,
290 3297 424 3352 quos
455 3280 590 3336 tales
633 3279 846 3335 futuros
883 3294 1006 3334 esse
1034 3278 1390 3350 prasciebat?
1421 3277 1579 3346 Quia,
1605 3277 1748 3334 sicut
1774 3262 1820 3325 C
1923 3279 1962 3350 1-
1993 3279 2128 3335 Cum
2159 3278 2322 3350 igitur
2344 3277 2548 3334 clareat
2592 3277 2921 3334 voluntatem
2961 3291 3066 3331 non
3115 3289 3238 3332 esse
3285 3283 3442 3329 natu-

159 3379 409 3451 pravidit
430 3379 558 3449 quid
586 3377 709 3432 mali
741 3385 924 3432 essent
949 3374 1164 3441 facturi,
1203 3374 1282 3429 sic
1306 3372 1469 3428 etiam
1501 3370 1746 3442 praevidit

162 3475 230 3527 de
257 3471 411 3527 malis
432 3471 592 3526 factis
621 3485 806 3526 eorum
832 3469 963 3538 quid
1005 3467 1132 3523 boni
1159 3473 1310 3522 esset
1339 3465 1454 3536 ipse
1480 3463 1743 3519 facturus.

163 3565 256 3622 Sic
278 3565 420 3621 enim
449 3580 545 3621 eos
587 3563 730 3628 fecit,
793 3571 852 3617 ut
903 3561 984 3617 eis
1027 3560 1356 3630 relinqueret
1402 3559 1543 3612 unde
1564 3565 1617 3612 et
1644 3557 1745 3626 ipsi

159 3656 366 3725 aliquid
406 3653 668 3718 facerent,
724 3668 832 3723 quo
872 3651 1132 3722 quidquid
1177 3651 1344 3705 etiam
1403 3648 1748 3720 culpabiliter

159 3746 608 3818 eligerent,illum
634 3745 700 3800 de
736 3759 794 3800 se
822 3743 1162 3799 laudabiliter
1186 3750 1501 3815 operantem
1533 3740 1745 3796 inveni-
1789 3791 1792 3794 .

155 3846 302 3893 rent.
334 3837 378 3891 A
409 3852 465 3892 se
488 3836 686 3908 quippe
709 3836 910 3893 habent
937 3835 1268 3892 voluntatem
1299 3833 1516 3899 malam,
1566 3831 1747 3887 abillo

157 3941 342 3987 autem
370 3939 424 3988 et
453 3941 702 3986 naturam
731 3932 946 3992 bonam,
973 3938 1030 3984 et
1059 3929 1218 3999 juxta
1260 3941 1479 3998 panam
1507 3924 1609 3980 sibi
1655 3925 1749 3978 de-

156 4028 330 4082 hitam
377 4026 574 4090 locum,
618 4025 738 4080 aliis
762 4023 840 4097 [et
868 4023 1074 4093 justam
1099 4037 1318 4092 panam
1368 4020 1471 4076 sibi
1505 4019 1746 4074 debitum

155 4120 338 4175 locum
362 4117 598 4190 aliis....]
619 4115 1031 4172 exercitationis
1056 4110 1444 4169 adminiculum
1467 4109 1750 4166 ettimoris

154 4210 489 4280 exemplum.
515 4208 622 4264 Sed
647 4214 851 4278 posset,
885 4205 1152 4276 inquiunt,
1183 4201 1350 4259 etiam
1380 4201 1621 4272 ipsorum
1647 4215 1747 4254 vo-

154 4304 427 4359 luntatem
458 4302 511 4357 in
531 4301 732 4357 bonum
755 4307 1098 4363 convertere,
1129 4295 1382 4368 quoniam
1410 4294 1751 4365 omnipotens

152 4396 280 4450 est?
305 4395 494 4451 Posset
536 4393 715 4464 plane.
763 4390 874 4448 Cur
899 4406 1031 4462 ergo
1059 4405 1167 4446 non
1196 4387 1358 4445 fecit?
1390 4387 1526 4456 Quia
1555 4387 1752 4443 noluit.

150 4489 272 4545 Cur
300 4488 554 4553 noluerit,
577 4499 746 4558 penes
768 4485 943 4556 ipsum
970 4481 1104 4556 est.]

227 4580 269 4650 1-
293 4579 438 4633 ldem
470 4578 523 4632 in
554 4577 694 4632 libro
746 4584 938 4630 octavo
983 4574 1127 4645 (cap.
1159 4572 1244 4645 l9)
1281 4591 1294 4627 :
1329 4571 1528 4645 [Locus
1568 4571 1752 4642 itaque

151 4685 393 4740 magnus
415 4683 589 4736 neque
608 4665 1016 4736 pratereundus
1045 4663 1386 4734 pr0ponitur,
1439 4672 1498 4716 ut
1545 4661 1753 4718 intuea-

149 4776 287 4816 mur
337 4765 598 4828 quantum
648 4769 936 4827 possumus
963 4769 1100 4824 opus
1145 4753 1341 4808 divina
1395 4753 1751 4822 providentia

149 4851 479 4922 bipertitum
495 4849 547 4903 in
571 4858 763 4904 natura
785 4857 840 4903 et
861 4845 1182 4920 voluntate.]
1207 4847 1246 4917 1-
1269 4846 1424 4902 Unde
1437 4862 1559 4902 cum
1584 4847 1750 4902 multa

149 4944 373 4998 utiliter
391 4940 769 5010 veraciterque
791 4938 1103 5004 dissereret,
1137 4939 1277 4994 inter
1305 4946 1500 4993 catera
1547 4939 1751 4994 veraci-

153 5047 246 5090 ter
278 5037 357 5089 ait
385 5033 717 5105 Augustinus
748 5030 888 5103 (cap.
915 5031 1007 5103 23)
1037 5049 1049 5084 :
1086 5029 1340 5103 [Naturas
1374 5045 1568 5086 creans
1598 5031 1751 5086 boni-

149 5132 298 5190 tate,
345 5123 652 5180 voluntates
701 5123 960 5177 ordinans
1010 5129 1402 5194 potestate;ut
1445 5123 1498 5176 in
1545 5123 1755 5178 naturis

152 5218 311 5273 nulla
336 5217 408 5272 sit
429 5231 549 5286 qua
581 5230 688 5270 non
721 5215 789 5269 ab
817 5213 911 5270 illo
933 5214 1038 5280 sit,
1094 5214 1146 5268 in
1176 5214 1546 5269 voluntatibus
1571 5222 1755 5269 autem

149 5309 310 5363 nulla
348 5309 490 5363 bona
511 5307 604 5372 sit,
648 5305 733 5361 cui
783 5321 889 5360 non
935 5305 1136 5374 prosit;
1162 5305 1309 5360 nulla
1357 5303 1496 5359 mala
1529 5304 1614 5369 sit,
1648 5319 1753 5374 qua

147 5402 304 5454 bene
335 5399 411 5452 uti
437 5413 540 5453 non
571 5393 787 5470 possit.]

229 5494 275 5562 1-
307 5492 439 5546 llcm
468 5489 798 5561 Augustinus
829 5503 844 5540 :
875 5486 999 5560 [Qui
1039 5503 1309 5558 nunquam
1355 5497 1429 5542 tta
1471 5486 1627 5557 punit
1657 5503 1750 5542 vo-

150 5588 432 5640 luntatem
455 5583 672 5648 malam,
695 5590 754 5635 ut
777 5589 981 5635 natura
996 5581 1227 5650 perimat
1250 5577 1668 5653 dignitatem.]1-
1686 5579 1752 5634 Et

145 5675 330 5746 paulo
346 5684 468 5745 post
496 5693 508 5728 :
535 5672 699 5746 [Ergo
727 5673 818 5727 Dei
833 5671 1168 5743 providentia
1186 5687 1378 5742 regens
1401 5683 1560 5741 atque
1583 5673 1756 5728 admi-

151 5769 412 5824 nistrans
440 5767 746 5821 universam
771 5775 1096 5829 creaturam,
1123 5774 1177 5820 et
1205 5773 1425 5820 naturas
1441 5775 1494 5820 et
1511 5765 1756 5838 volunta-

151 5868 530 5931 tes,-natut'as
558 5867 616 5916 ut
638 5855 779 5929 'sint,
807 5858 1112 5916 voluntates
1133 5867 1312 5914 autem
1340 5866 1400 5914 ut
1423 5873 1522 5915 nec
1551 5857 1754 5915 infruc-

1852 3388 1992 3437 ram,
2023 3387 2130 3441 quo
2159 3377 2319 3441 pacto
2349 3371 2401 3424 id
2429 3371 2572 3439 quod
2599 3377 2791 3424 natura
2833 3385 2940 3425 non
2970 3376 3074 3434 est,
3112 3367 3292 3438 puniri
3318 3381 3440 3437 pos-

1851 3464 1944 3530 sit,
1964 3462 2187 3517 minime
2202 3461 2435 3516 intueor.
2467 3459 2574 3516 Sed
2595 3460 2808 3530 Quoties
2827 3459 3133 3514 voluntates
3149 3472 3439 3528 perversa,

1852 3558 1906 3613 id
1935 3563 2020 3612 est
2043 3564 2290 3626 peccata,
2318 3554 2478 3625 plecti
2529 3555 2803 3620 dicuntur,
2845 3551 3237 3622 metonymicos
3265 3549 3443 3618 potius

1851 3649 2224 3722 accipiendum
2276 3648 2548 3711 existimo,
2584 3646 2835 3702 videlicet
2886 3645 3140 3700 effectum
3183 3658 3282 3713 pro
3333 3639 3445 3695 clli-

1853 3745 2048 3806 ciente,
2084 3743 2138 3796 id
2165 3749 2249 3798 est
2274 3741 2610 3796 voluntatem
2649 3755 2748 3811 pro
2781 3739 3017 3802 volente,
3059 3745 3114 3793 et
3159 3744 3443 3808 peccatum

1849 3848 1950 3903 pro
2002 3839 2261 3902 peccante
2324 3831 2522 3886 debere
2569 3830 2817 3902 intelligi.
2873 3829 3143 3898 Quoniam
3172 3829 3224 3883 id
3253 3826 3443 3896 justis-

1802 3935 1809 3944 ‘
1853 3926 2051 3980 simum
2101 3924 2374 3990 duxerim,
2419 3933 2482 3980 ut
2514 3925 2605 3993 qui
2646 3923 2761 3979 vult
2803 3937 3077 3994 perverse,
3133 3923 3186 3978 id
3232 3931 3316 3976 est
3353 3922 3445 3992 qui

1851 4021 2066 4084 peccat,
2098 4013 2213 4084 ipse
2237 4013 2379 4083 quod
2409 4022 2650 4070 meretur
2677 4014 2940 4085 recipiat;
2983 4029 3107 4068 nam
3139 4014 3322 4068 animo
3351 4030 3446 4068 vo-

1851 4104 1996 4160 lente
2016 4120 2216 4174 corpus
2237 4106 2454 4176 operari
2483 4115 2692 4162 certum
2725 4115 2810 4167 est
2838 4124 2851 4161 :
2886 4115 3144 4177 operatur
3168 4121 3298 4176 ergo
3322 4107 3443 4159 ani-

1853 4211 1976 4252 mus
2003 4197 2249 4268 quadam
2279 4211 2375 4266 per
2408 4213 2468 4254 se
2514 4198 2890 4254 tantummodo
2932 4197 3242 4268 cogitando,
3301 4212 3448 4266 qua-

1854 4287 1978 4342 dam
2005 4303 2103 4358 per
2129 4302 2326 4358 corpus
2355 4287 2456 4342 sibi
2501 4287 2774 4343 subditum
2822 4288 3186 4358 perpetrando
3216 4306 3229 4342 :
3264 4287 3448 4358 itaque

1853 4378 2068 4434 volente
2089 4378 2270 4434 animo
2296 4393 2492 4448 corpus
2525 4377 2738 4448 perficit
2767 4397 2781 4432 :
2814 4379 3038 4450 dignum
3079 4389 3162 4434 est
3193 4379 3360 4452 igitur
3388 4387 3447 4432 ut

1854 4472 1994 4528 sicut
2020 4488 2126 4527 non
2150 4473 2476 4527 dissentiunt
2508 4472 2563 4527 in
2589 4473 2883 4542 operando,
2909 4473 2983 4528 ita
3027 4488 3136 4529 non
3181 4472 3291 4528 sint
3339 4472 3446 4526 dis~

1855 4578 2014 4634 pares
2037 4563 2089 4616 in
2117 4563 2388 4632 patiendo.
2420 4562 2560 4629 Quid
2598 4571 2682 4618 est
2719 4563 2864 4618 enim
2916 4563 3061 4633 quod
3114 4571 3192 4618 tot
3242 4562 3447 4617 morbis

1858 4655 2110 4710 atteritur
2137 4663 2191 4710 et
2223 4664 2397 4708 morte
2433 4653 2755 4709 dissolutum
2786 4663 2959 4710 scatet
3011 4655 3316 4718 vermibus,
3341 4668 3443 4722 pu-

1859 4747 2067 4810 trescit,
2099 4744 2322 4807 fatiscit,
2353 4745 2405 4798 in
2431 4745 2709 4815 pulverem
2751 4746 3036 4818 redigitur,
3073 4751 3127 4799 et
3172 4743 3448 4797 multoties

1859 4838 1912 4893 in
1938 4837 2164 4892 nihilum
2194 4837 2496 4902 deducitur,
2547 4837 2653 4892 nisi
2682 4846 2878 4892 natura
2899 4837 2922 4890 ?
2941 4835 3342 4905 lnterrogemus
3371 4842 3447 4886 tot

1859 4931 2192 5003 sepultorum
2226 4930 2513 4997 cadavera,
2572 4939 2652 4986 tot
2695 4929 3073 4992 animantium,
3120 4926 3444 4992 volatilium,

1856 5024 2158 5094 repentium
2189 5022 2526 5092 pisciumque
2550 5023 2819 5089 examina,
2852 5029 2931 5076 tot
2959 5027 3121 5074 terra
3145 5019 3445 5084 nascentia,

1863 5115 1947 5168 vel
1972 5113 2186 5180 annuis,
2208 5113 2290 5168 vel
2322 5113 2637 5179 menstruis,
2659 5113 2746 5168 vel
2767 5111 3097 5182 quotidianis
3122 5111 3337 5166 casibus
3359 5110 3447 5164 de-

1863 5206 2124 5272 cidentia,
2169 5213 2224 5261 et
2267 5205 2385 5276 ipso
2435 5205 2623 5270 ruina,
2673 5203 3144 5274 eorruptionisque
3189 5217 3302 5256 suae
3344 5201 3447 5256 ine-

1861 5295 2068 5350 vitabili
2109 5295 2217 5350 fine
2250 5295 2554 5350 videbimus
2582 5301 2804 5348 naturas
2827 5293 3030 5364 puniri,
3063 5301 3290 5348 naturas
3329 5308 3450 5347 cor-

1862 5391 2060 5470 rumpi,
2091 5399 2315 5444 naturas
2345 5387 2588 5453 dissolvi,
2618 5396 2672 5442 et
2717 5401 2855 5457 pene
2881 5387 2947 5440 ad
2973 5384 3447 5454 nihilum'impelli.

1934 5483 2072 5539 Hinc
2116 5483 2448 5554 Augustinus
2503 5481 2557 5537 in
2613 5481 2834 5536 humilia
2887 5479 2956 5535 59
2998 5480 3053 5534 in
3099 5479 3448 5548 Evangelium

1855 5574 2080 5631 Joannis
2121 5578 2306 5648 (tract.
2359 5574 2522 5645 XLII),
2575 5571 2886 5646 [Propterea
2924 5590 3013 5628 vos
3063 5589 3165 5627 non
3217 5574 3445 5630 auditis,

1859 5671 1984 5741 quia
2032 5685 2095 5723 ea:
2135 5669 2245 5724 Deo
2291 5685 2394 5723 non
2432 5669 2555 5723 estis
2599 5667 2780 5738 (Joan.
2819 5684 2935 5733 vm,
2963 5666 3053 5739 47)
3083 5685 3095 5722 :
3120 5667 3318 5722 lterum
3350 5685 3452 5732 no-

1812 5793 1816 5796 -
1861 5763 2278 5818 lite-attendere
2310 5771 2579 5827 naturam,
2633 5762 2727 5817 sed
2781 5762 2987 5815 vitium.
3044 5760 3135 5816 Sic
3181 5770 3310 5816 sunt
3359 5761 3451 5816 isti

1867 5873 1932 5913 ex
1970 5857 2100 5924 Deo,
2136 5867 2190 5913 ct
2230 5875 2333 5926 non
2379 5864 2504 5914 sunt
2541 5871 2608 5913 ex
2658 5854 2801 5922 Deo;
2837 5863 3028 5911 natura
3059 5871 3126 5910 ex
3165 5855 3298 5922 Deo,
3323 5853 3452 5913 vitio
