4010 6352
143 291 272 348 1245

974 279 1063 336 DE
1100 267 1780 334 PRIEDESTINATIONE
1817 265 2096 324 CONTRA
2135 263 2182 320 J.
2225 261 2524 320 SCOTUM.

3252 252 3392 309 1246

147 407 212 464 sb
249 419 308 460 eo
333 399 602 458 interfecti
625 405 752 454 sunt
779 394 1074 468 gladio.-et
1105 390 1500 448 descenderunt
1537 399 1710 456 usque
1737 387 1788 448 Α
1813 381 1878 436 Et
1907 391 2190 452 propterea
2217 393 2324 432 non
2351 377 2458 430 erit
2477 371 2771 468 mundum,
2787 369 2913 468 quia
2941 375 3144 424 terrain
3178 365 3395 468 Domini

149 457 212 556 ad
232 457 572 554 fundamenta
599 490 742 556 laci,
767 457 1072 544 detrabitur
1117 485 1170 540 in
1209 480 1536 554 profundum
1559 487 1614 534 et
1643 493 1712 534 ne
1809 472 2044 546 perdidit
2069 482 2124 526 et
2167 469 2422 540 populum
2452 463 2568 534 eius
2601 459 2896 522 interfecit,
2927 467 3128 514 terram
3173 457 3396 556 induam,

149 609 264 652 cum
285 549 589 658 iis'quidem
625 549 846 636 habebit
875 549 1546 644 consonium-sepulturae,
1575 585 1714 640 quos
1813 577 2018 622 terram
2051 559 2428 624 confessionis,
2459 565 2514 612 et
2541 561 2762 612 sanctos
2785 565 3036 656 quosque.
3061 549 3296 621 perdens
3321 555 3400 606 at-

435 697 448 734 :
483 673 706 732 alterius
737 673 882 730 enim
905 685 1078 742 paruae
1105 677 1188 724 est
1219 642 1408 722 auctor
1429 661 1628 726 delicti,
1660 669 1716 742 et
1813 673 1918 726 quo
1945 653 2276 710 interﬁciens
2305 668 2318 706 :
2355 657 2410 704 et
2431 649 2556 720 ideo
2599 661 2712 702 non
2739 642 2978 700 manebit
3025 642 3078 698 in
3107 649 3394 696 aeternum.

391 769 484 842 qui
514 769 582 824 ab
623 774 850 822 auctore
882 735 1193 832 compulsus
1221 769 1324 814 est.
1359 757 1462 814 lste
1491 763 1570 812 esl
1604 735 1720 826 gla-I-
1817 747 1972 806 Unde
1995 755 2054 804 et
2079 747 2134 802 in
2163 741 2454 814 Evangelio
2477 739 2676 794 dicitur
2701 751 2718 792 :
2739 735 2824 792 Ite
2843 737 2900 790 in
2919 735 3096 842 ignem
3115 743 3394 842 ueternum,

153 823 690 938 quojvulnerati
717 867 842 914 sunt
867 823 1080 926 plurimi
1107 865 1162 910 et
1199 851 1492 914 interfecti,
1517 849 1582 904 de
1609 823 1718 918 quo
1815 843 1904 914 qui
1947 847 2276 914 praeparatus
2317 845 2394 892 est
2437 831 2646 888 diabolo
2685 839 2732 886 et
2781 827 2980 900 angelis
3023 827 3138 898 ejus
3183 823 3400 898 (Matth.

152 971 204 1020 et
229 961 278 1014 in
305 933 512 1030 psalmo
539 953 770 1022 legimus
795 967 808 1004 :
841 947 964 1004 Nisi
985 947 1218 1002 conversi
1249 944 1456 1014 fueritis
1482 941 1718 1014 gladium
1821 953 1948 1030 xxv,
1963 933 2119 1030 ξιξ]

153 1067 296 1110 suum
317 1047 536 1106 vibrabit
555 1059 576 1098 :
601 1059 790 1100 .arcum
813 1055 966 1098 suum
997 1039 1236 1104 tetendit,
1259 1047 1308 1092 et
1331 1037 1534 1107 paravit
1555 1049 1674 1088 eum
1701 1045 1722 1088 :

1891 1027 1932 1098 1-
1963 1019 2240 1096 Philippus
2263 1021 2318 1076 in
2347 1015 2694 1088 Expositione
2719 1013 2868 1069 beati
2901 1011 3002 1068 Job
3029 1011 3144 1078 (lib.
3185 1025 3248 1076 ιι,
3281 1023 3408 1080 cap.

153 1101 628 1212 parauit
655 1151 778 1192 uasa
805 1133 1011 1198 mortis,
1033 1101 1252 1202 sagittas
1269 1101 1396 1184 suas
1419 1127 1724 1183 ardentibus
1821 1117 1914 1190 24)
1933 1115 2206 1212 :Dulcedo
2227 1111 2374 1212 illius
2397 1108 2616 1212 vermis;
2653 1121 2752 1178 per
2783 1103 3156 1212 aptiplirasim.
3181 1101 3408 1212 dictum,

155 1193 516 1304 (aut.
565 1245 664 1296 vn,
695 1227 786 1294 15,
819 1227 932 1298 ﬂ).
963 1193 1058 1282 H'is
1081 1193 1346 1293 hd-elice,
1361 1224 1454 1296 qui
1483 1223 1538 1278 in
1567 1237 1724 1278 suum
1825 1211 1970 1282 quod
1995 1219 2082 1264 est
2109 1205 2266 1264 dulce
2289 1204 2362 1262 sit
2380 1199 2680 1304 vermibus,
2707 1209 2762 1254 et
2783 1199 2860 1304 ab.
2885 1193 3414 1304 eiinnfatigabifitcr

159 1325 438 1398 coriguita
465 1321 666 1378 diaboli
707 1320 884 1390 iacula
935 1326 1310 1389 susceperunt,
1345 1325 1450 1374 etc.
1507 1315 1729 1370 Funda-

1827 1308 2144 1360 consumatu
2151 1315 2196 1364 r,
2211 1298 2350 1354 sicut
2361 1292 2704 1364 Evangelista
2715 1290 2804 1346 vel
2819 1291 2958 1346 sicut
2971 1289 3140 1346 Isaias
3149 1287 3414 1358 propheta

161 1377 324 1472 ment;
349 1425 522 1470 autem
549 1413 652 1466 laci
685 1427 782 1483 pro
813 1377 1208 1482 lapidibuslaci
1235 1409 1624 1479 interpretatus
1645 1413 1732 1462 est

1867 1409 1898 1450 e
1919 1387 2428 1463 praevaricatoribus
2449 1384 2580 1441 dicit
2607 1401 2622 1438 :
2657 1381 2858 1438 Ver-mis
2885 1395 3066 1436 eorum
3087 1395 3192 1434 non
3227 1377 3418 1432 morie-

164 1507 534 1580 Symmachus,
558 1513 620 1560 ut
639 1471 762 1560 aliis
785 1471 968 1558 verbis
993 1503 1318 1572 profundum
1363 1471 1418 1556 et
1459 1507 1726 1554 tartarum
1831 1501 1920 1546 tur
1945 1498 1992 1544 et
2027 1487 2162 1559 ignis
2205 1499 2386 1540 eorum
2437 1499 2538 1536 non
2569 1475 3083 1580 exstingueturusa.
3116 1491 3262 1540 vat,

163 1597 488 1670 signiﬁcaret
517 1595 732 1652 inferni.
757 1593 923 1660 Quasi
950 1595 1174 1648 cadaver
1209 1593 1484 1664 putridum
1513 1607 1614 1644 non
1637 1591 1734 1644 Ita-

1835 1581 1982 1635 Talis
2021 1579 2186 1650 igitur
2209 1575 2436 1632 dulcedo
2467 1573 2574 1630 erit
2609 1571 2748 1644 ignis
2783 1571 2982 1642 iniquis
3023 1579 3080 1626 et
3105 1567 3422 1626 odientibus

165 1669 298 1746 belli:
329 1689 682 1752 consortium,
717 1703 878 1758 neque
921 1703 1038 1740 cum
1061 1687 1134 1740 eis
1157 1683 1478 1754 sepulturam
1507 1681 1626 1756 [al.,
1677 1683 1734 1736 in
1761 1745 1808 1758 ﬁ
1839 1669 2058 1742 Deum.]

163 1777 470 1854 sepultura.]
495 1778 572 1834 Tu
597 1745 734 1834 enim
757 1745 952 1834 terram
983 1787 1126 1830 tuam
1157 1745 1530 1846 disperdirlisti,
1562 1745 1622 1828 tu
1641 1789 1736 1838 po-
1761 1745 1810 1806 Β
1907 1764 1948 1834 -ὶ-
1987 1760 2309 1854 Fulgentius
2327 1757 2382 1812 in
2425 1757 2564 1854 libro
2593 1755 2664 1854 ad
2709 1753 2932 1854 i’etrum
2973 1752 3038 1808 de
3067 1749 3200 1854 Fide
3233 1767 3246 1804 :
3277 1747 3418 1854 [Hoo‘

167 1871 338 1944 pulum
371 1881 520 1926 tuum
569 1869 876 1939 interfecisti
909 1867 1044 1938 (Isa.
1075 1883 1188 1932 xiv,
1219 1866 1336 1933 2|).
1367 1865 1512 1920 LXX
1539 1881 1558 1918 :
1591 1863 1738 1930 Quo-

165 1961 416 2034 quontodo
463 1961 818 2017 vestimentum
869 1959 1124 2030 sanguine
1169 1973 1274 2011 non
1319 1957 1414 2010 erit
1455 1955 1734 2020 mundum,

167 2055 242 2110 sic
269 2071 358 2110 nec
387 2063 444 2110 tu
463 2055 564 2110 eris
593 2053 848 2118 mundus,
875 2051 1000 2121 quia
1025 2061 1214 2104 terram
1253 2065 1420 2106 meum
1443 2047 1740 2120 perdidisti,

167 2155 218 2202 et
241 2145 484 2216 populum
513 2159 684 2199 meum
725 2141 1052 2212 interfecisti.
1081 2139 1328 2196 —-oSicut
1373 2139 1598 2192 cadaver
1641 2155 1742 2208 pu-

169 2237 382 2302 tridum,
411 2237 544 2302 sive,
569 2243 628 2290 ut
655 2235 848 2306 Aquila
879 2233 1176 2300 transtulit,
1215 2231 1596 2298 conculcatum,
1635 2247 1744 2286 non

169 2327 388 2388 habebis
415 2326 746 2382 consortium
787 2324 1098 2402 sepulturae,
1131 2337 1230 2379 nec
1259 2337 1380 2378 cum
1417 2323 1500 2376 his
1529 2321 1746 2392 quidem

171 2433 302 2488 quos
321 2417 658 2474 interfecisti.
693 2417 772 2471 Tu
801 2418 948 2472 enim
979 2417 1232 2486 magister
1255 2431 1332 2481 es,
1373 2415 1444 2469 illi
1486 2413 1634 2470 fuere
1675 2414 1750 2468 di-

169 2507 356 2578 scipuli
381 2523 398 2562 :
429 2515 484 2562 et
501 2507 586 2562 cui
609 2507 732 2577 plus
751 2507 1014 2564 creditum
1037 2515 1138 2570 est,
1179 2505 1298 2576 plus
1323 2505 1568 2576 exigetur
1597 2506 1664 2560 ab
1683 2519 1749 2560 eo

173 2597 436 2670 (Luc.xn,
457 2597 572 2664 48).
600 2596 680 2650 Tu
699 2599 836 2654 enim
865 2607 1060 2652 terram
1087 2605 1234 2652 tuam
1261 2595 1640 2667 disperdidisti,
1657 2612 1748 2662 po-

174 2689 514 2760 pulumtuum
527 2688 788 2754 occidisti,
809 2703 902 2744 eos
915 2687 1164 2744 videlicet
1177 2689 1268 2758 qui
1285 2687 1380 2744 tibi
1407 2695 1534 2742 sunt
1559 2685 1752 2742 crediti

175 2782 530 2854 gubernandi.
561 2781 716 2838 Unde
735 2781 800 2836 ad
825 2781 1164 2838 Salvatorem
1187 2783 1350 2836 audet
1367 2781 1550 2836 dicere
1574 2799 1586 2834 :
1621 2779 1750 2836 Herc

173 2873 342 2930 omnia
373 2873 502 2928 mihi
529 2873 728 2926 tradita
749 2881 886 2937 sunt,
927 2881 974 2926 et
1019 2871 1152 2926 dabo
1173 2873 1268 2927 tibi
1292 2889 1372 2938 ea,
1397 2871 1442 2926 si
1477 2871 1752 2942 procideus

173 2963 470 3018 adorareris
511 2979 596 3016 nte
639 2961 856 3034 (Matth.
887 2977 960 3028 tv,
993 2961 1070 3034 9).
1119 2961 1366 3018 Cadaver
1411 2971 1588 3017 autem
1639 2963 1754 3016 dia-

175 3053 280 3108 boli
325 3053 600 3123 putridum
623 3051 696 3108 ob
723 3053 1150 3124 magnitudinem
1199 3061 1542 3124 peccatorum
1593 3053 1752 3110 dubi-

175 3157 288 3202 tare
325 3161 432 3202 non
459 3147 681 3218 poterit,
709 3147 801 3217 qui
829 3147 1020 3218 legerit
1056 3155 1342 3217 peccatum
1369 3163 1490 3204 esse
1539 3145 1750 3202 fetidis—

171 3237 392 3304 simum,
421 3237 536 3310 ipso
583 3249 868 3309 peccatore
899 3240 1112 3296 dicente
1153 3257 1168 3294 :
1203 3239 1670 3312 Computruerunt,
1703 3249 1752 3296 et

173 3337 430 3399 corrupta:
453 3339 572 3383 sunt
605 3329 878 3384 cicatrices
903 3345 1030 3385 metu
1059 3347 1094 3384 α
1115 3329 1250 3402 facie
1281 3331 1594 3402 insipientia?
1623 3347 1754 3386 mea:

173 3418 348 3492 (Ptol.
365 3435 570 3484 xxxv“,
587 3421 664 3492 ti).
693 3420 796 3478 Iste
811 3423 934 3490 quia
951 3431 1150 3478 terram
1167 3421 1268 3478 sibi
1295 3423 1556 3478 creditam
1575 3421 1758 3494 perdi-

170 3508 282 3575 dit,
309 3517 364 3564 et
391 3509 742 3566 commissum
779 3511 880 3566 sibi
917 3511 1172 3582 populum
1207 3512 1524 3579 trucidavit,
1551 3529 1756 3584 nequa-

171 3615 334 3670 quam
353 3615 450 3658 eos
473 3603 622 3658 vivos
649 3617 932 3660 reservans
949 3604 1076 3670 Deo,
1098 3605 1192 3660 sed
1219 3605 1394 3662 socios
1417 3619 1528 3660 stite
1549 3621 1758 3676 praepa—

171 3709 302 3750 rans
315 3695 626 3765 sepulturaa,
644 3705 932 3768 propterea
949 3713 1054 3754 non
1073 3698 1178 3754 erit
1192 3713 1296 3754 nec
1307 3699 1759 3756 vocabiturazter—

171 3803 302 3842 num
333 3785 454 3859 (aL,
487 3803 592 3844 nec
611 3791 894 3848 vocabitur
927 3791 980 3846 in
1003 3801 1266 3848 aeternum
1291 3807 1472 3848 semen
1503 3795 1760 3862 pessimo-

172 3877 342 3952 rum].
359 3878 530 3936 Porro
537 3880 690 3950 juxta
705 3881 848 3938 LXX
865 3883 1008 3940 hunc
1022 3885 1184 3941 habet
1197 3901 1444 3941 sensum:
1463 3885 1508 3940 Ο
1527 3885 1756 3951 Lucifer,

167 3973 262 4044 qui
281 3989 434 4028 mane
457 3975 710 4030 oriebaris
741 3975 874 4046 (lea.
901 3993 1012 4040 XIV,
1041 3977 1154 4047 12),
1181 3977 1272 4046 qui
1291 3977 1508 4048 quando
1523 3977 1764 4031 habebas

169 4081 340 4138 opera
361 4067 580 4124 virtutis
595 4079 650 4125 et
669 4068 908 4136 luminis,
927 4071 1310 4126 vestimentum
1337 4085 1462 4124 eras
1483 4069 1598 4132 Dei,
1621 4075 1678 4124 et
1697 4069 1764 4124 de

171 4157 350 4214 tedici
380 4167 594 4230 poterat
611 4179 626 4214 :
643 4160 878 4214 Amictus
905 4159 1080 4214 lumen
1099 4161 1234 4214 sicut
1249 4161 1610 4216 vestimentum
1635 4159 1764 4232 [al.,

169 4249 374 4306 lumine
421 4253 556 4306 sicut
604 4251 926 4324 uestimento]
961 4253 1132 4322 :quia
1179 4251 1378 4308 mullos
1439 4249 1764 4308 interfecisti

167 4341 380 4412 gladio,
405 4345 498 4414 qui
525 4343 918 4400 descenderunt
943 4343 1012 4398 ad
1035 4341 1322 4404 infernum.
1351 4349 1408 4398 et
1435 4357 1624 4398 eorum
1649 4341 1766 4412 pol-

167 4433 404 4492 lutuses
443 4436 728 4506 sanguine,
759 4449 1098 4505 nequaquam
1147 4435 1424 4490 vocaberis
1467 4435 1764 4490 vestimen-

169 4533 294 4582 tum
345 4525 462 4590 Dei,
495 4525 590 4582 sed
637 4525 1018 4580 vestimentum
1047 4539 1238 4580 cruore
1281 4525 1618 4594 permistum,
1663 4541 1770 4582 non

167 4615 510 4672 maculatum
534 4625 696 4686 atque
723 4615 1002 4686 pollutum,
1029 4623 1088 4670 ut
1115 4615 1320 4686 aliquid
1349 4617 1606 4670 mundum
1643 4615 1770 4688 [αι.,

165 4703 392 4778 numdi]
423 4705 628 4762 habere
655 4705 912 4770 videaris,
941 4707 1032 4762 sed
1065 4714 1237 4762 totum
1269 4707 1532 4778 sanguine
1575 4721 1772 4762 cruen-

165 4805 376 4854 tatum.
409 4795 596 4854 Ethoc
617 4797 912 4854 notandum
937 4797 1082 4869 quod
1107 4799 1176 4854 ad
1205 4795 1480 4854 diabolum
1507 4795 1724 4852 dicatur
1753 4813 1768 4852 :

165 4891 324 4946 sicut
373 4890 756 4950 vestimentum
809 4891 1154 4946 commistuni
1197 4889 1462 4962 sanguine
1509 4905 1616 4944 non
1666 4887 1774 4944 erit

167 4981 468 5050 mundum,
499 4981 578 5038 sic
601 4991 658 5038 et
683 4991 738 5038 tu
769 4998 876 5038 non
905 4983 1018 5039 eris
1067 4985 1318 5040 mundus.
1353 4981 1454 5040 Ubi
1484 4991 1612 5038 sunt
1640 4997 1770 5054 ergo

165 5073 274 5146 qui
295 5074 430 5146 dant
455 5073 668 5130 diabolo
689 5077 1086 5146 paenitentiam,
1119 5085 1174 5132 et
1201 5077 1392 5133 dicunt
1419 5075 1568 5130 illum
1613 5091 1773 5147 posse

167 5169 482 5244 mundani?
533 5167 642 5226 Nec
685 5171 870 5225 statim
909 5172 1216 5242 patebimus
1259 5169 1452 5224 haeresi
1483 5167 1607 5242 [al.,
1637 5169 1774 5244 fate:

169 5275 306 5314 mur
329 5257 624 5332 hzeresim],
651 5275 772 5330 quae
827 5261 1072 5316 diversas
1101 5261 1302 5316 asserit
1335 5275 1458 5316 esse
1501 5243 1772 5328 naturas;

169 5361 232 5406 et
265 5351 430 5406 aliain
458 5367 580 5408 esse
611 5367 730 5422 qmu
761 5367 1034 5424 numnam
1057 5353 1284 5423 recipiat
1317 5351 1628 5408 sanitatem.
1655 5349 1774 5408 Non

169 5445 332 5500 enim
365 5445 468 5502 hoc
493 5444 874 5500 vestimentum
905 5461 1002 5512 per
1025 5459 1084 5500 se
1117 5443 1454 5500 immundum
1483 5451 1588 5510 est,
1611 5451 1668 5498 et
1699 5445 1772 5500 ita

169 5551 204 5590 a
257 5534 376 5612 Deo
403 5535 836 5604 conditum,quo
883 5533 1012 5592 olim
1067 5535 1208 5588 Deus
1255 5534 1624 5600 vestiebatur;
1677 5533 1790 5590 sed-

170 5613 314 5696 quia
365 5626 710 5684 commistum
747 5633 830 5698 est
881 5627 1160 5698 sanguine,
1195 5633 1248 5680 et
1279 5633 1448 5680 totum
1495 5641 1556 5682 se
1583 5625 1776 5698 polluit

169 5731 285 5806 sua
317 5719 472 5790 vitio,
499 5731 554 5798 et
581 5717 740 5778 malis
769 5719 1176 5790 accedentibus,
1205 5733 1316 5778 non
1343 5719 1454 5776 erit
1479 5721 1766 5782 mundum.

1793 4481 1848 4542 D

1841 1856 2014 1910 mines
2045 1869 2190 1918 vero,
2219 1851 2346 1922 quia
2379 1847 2670 1904 rationales
2707 1845 2834 1902 facti
2887 1851 3036 1910 sunt,
3071 1851 3126 1898 et
3167 1841 3236 1898 de
3283 1855 3342 1898 se
3371 1845 3428 1896 et

1841 1947 1908 2004 de
1933 1945 2184 2002 omnibus
2205 1943 2368 2000 rebus
2387 1955 2526 2012 quas
2555 1939 2610 1996 in
2627 1953 2780 1996 usum
2805 1939 2930 1993 vitm
2955 1935 3242 2007 praesentis
3268 1949 3424 1990 acce-

1844 2047 2060 2112 perunt,
2091 2037 2352 2092 rationem
2383 2032 2647 2090 reddituri
2679 2039 2806 2086 sunt
2837 2031 2962 2092 Deo,
2995 2037 3052 2086 et
3085 2043 3186 2097 pro
3207 2039 3430 2082 suorum

1845 2139 2064 2186 actuum
2087 2129 2346 2200 qualitate
2369 2124 2630 2196 recipient
2657 2129 2750 2176 aut
2779 2133 3018 2192 pinnam,
3037 2125 3132 2172 aut
3161 2115 3386 2188 gloriam
3413 2129 3428 2168 :

1849 2219 2044 2276 Omnes
2107 2220 2246 2274 enim
2269 2235 2362 2272 nos
2406 2213 2742 2284 manifestari
2791 2219 2992 2280 oportet
3035 2217 3156 2264 ante
3201 2201 3434 2260 tribunal

1847 2307 2046 2364 Christi
2067 2319 2122 2363 ut
2147 2309 2362 2380 recipiat
2387 2307 2744 2376 unusquisque
2763 2301 2978 2374 propria
3003 2297 3263 2370 corporis,
3278 2301 3434 2366 prout

1847 2401 2084 2472 gesserit,
2123 2401 2232 2454 sine
2277 2400 2492 2462 bonum,
2521 2397 2626 2452 sive
2669 2392 2866 2448 malum
2917 2391 3000 2464 (11
3053 2389 3176 2444 Cor.
3225 2403 3280 2452 v,
3309 2385 3432 2458 {0);

1853 2503 1982 2550 tunc
2005 2493 2216 2549 scilicet
2253 2507 2400 2556 cum,
2433 2490 2728 2546 secundum
2761 2487 2930 2557 ipsius
2951 2482 3122 2540 nostri
3159 2477 3438 2536 Creatoris

1851 2601 1912 2642 ac
1943 2583 2322 2654 Redemptoris
2357 2581 2614 2653 elogium,
2647 2595 2824 2634 omnes
2859 2579 2950 2644 qui
2987 2575 3044 2628 in
3087 2567 3438 2626 monumentis

1853 2687 2002 2743 sunt,
2031 2677 2249 2732 audient
2273 2691 2446 2731 uocem
2467 2673 2604 2744 ejus,
2633 2681 2682 2726 et
2709 2669 3009 2742 precedent,
3037 2665 3126 2736 qui
3151 2664 3286 2718 bona
3309 2659 3439 2730 fecer

1853 2779 1994 2834 runt,
2027 2770 2084 2824 in
2113 2767 2544 2822 resurrectionem
2565 2765 2684 2818 vita!
2701 2779 2720 2828 ;
2751 2761 2842 2832 qui
2885 2774 3002 2814 vero
3031 2755 3174 2810 mala
3201 2759 3438 2824 egerunt,

1851 2865 1908 2919 in
1933 2861 2366 2918 resurrectionem
2393 2859 2586 2930 judicii
2615 2855 2798 2930 (Joan.
2823 2869 2876 2920 v,
2905 2849 3120 2922 28,29),
3141 2855 3200 2902 ut
3225 2845 3436 2934 scilicet

1853 2956 1946 3028 qui
1977 2955 2114 3009 mala
2143 2961 2388 3024 egerunt,
2423 2957 2554 3006 eant
2583 2949 2638 3004 in
2683 2943 3114 3004 combustionetu
3149 2947 3440 3004 aeternam,

1857 3065 1980 3104 cum
2011 3045 2224 3102 diabolo
2255 3059 2470 3116 semper
2501 3042 2678 3098 arsuri
2719 3039 2962 3112 principe
2981 3033 3223 3092 omnium
3265 3029 3440 3086 malo-r

1857 3157 2010 3206 rum;
2037 3141 2130 3210 qui
2147 3155 2276 3196 vero
2295 3139 2436 3196 bona
2461 3137 2726 3200 fecerunt,
2741 3141 2870 3190 eant
2885 3133 2936 3186 in
2965 3131 3134 3186 vitam
3157 3135 3444 3190 aeternam,

1855 3229 2130 3302 regnaturi
2161 3231 2278 3285 sine
2301 3227 2408 3284 ﬁne
2433 3243 2556 3284 cum
2583 3225 2802 3282 Christo
2844 3217 3133 3292 principe[
3159 3215 3259 3284 aL,
3291 3211 3442 3287 rege]

1855 3325 2096 3382 omnium
2125 3321 2492 3394 saeculorum]

1923 3417 1964 3488 -Ξ-
2003 3417 2058 3472 ln
2092 3415 2280 3472 eodem
2311 3433 2325 3468 :
2357 3411 2578 3486 Singula
2629 3425 2758 3466 vero
2807 3421 3036 3478 corpora
3063 3403 3170 3460 illis
3209 3397 3438 3472 singulis

1857 3510 1970 3567 suis
1999 3508 2284 3564 animabus
2319 3507 2372 3560 in
2405 3503 2807 3561 resurrectione
2853 3499 3180 3558 reddentur,
3203 3507 3338 3562 quas
3387 3489 3446 3544 in

1857 3603 2214 3668 maternis,ut
2241 3602 2426 3656 vivere
2449 3599 2770 3668 inciperent,
2793 3591 3074 3648 ventribus
3105 3588 3304 3642 habere
3329 3597 3447 3640 cm-

1856 3704 2083 3766 perunt;
2117 3701 2176 3750 ut
2211 3691 2418 3748 scilicet
2441 3689 2634 3744 animae
2661 3687 2716 3742 in
2740 3685 2832 3740 illo
2873 3681 3123 3740 examine
3147 3677 3280 3748 justi
3305 3675 3448 3746 judi-

1859 3785 1938 3840 cis
1965 3783 2018 3837 in
2045 3781 2250 3837 eisdem
2277 3779 2502 3848 singulis
2545 3775 2866 3846 corporibus
2899 3773 3014 3828 suis
3043 3769 3318 3838 accipiant
3361 3781 3448 3822 re.-

1861 3871 2230 3935 tributionem,
2261 3869 2376 3924 sive
2399 3867 2570 3938 regni,
2593 3865 2708 3920 sive
2723 3861 2996 3934 supplicii,
3027 3861 3081 3915 in
3109 3859 3304 3930 quibus
3331 3857 3448 3940 sive

1863 3963 2080 4026 bonam,
2115 3961 2230 4016 sive
2267 3960 2466 4015 malam
2501 3955 2982 4030 qualitatem'vitae
3017 3953 3304 4026 praesentis
3353 3953 3452 4007 ha-

1865 4057 2118 4112 buerunt.
2179 4053 2422 4122 Qualitas
2463 4061 2646 4108 autem
2675 4049 2830 4122 malae
2865 4049 2990 4104 vit-1:
3019 4049 3088 4104 ab
3137 4045 3456 4102 inﬁdelitate

1867 4147 2074 4218 incipit,
2101 4161 2222 4217 quae
2261 4147 2330 4200 ab
2355 4143 2638 4216 originalis
2664 4141 2876 4215 peccati
2917 4147 3068 4196 reatu
3099 4139 3312 4194 initium
3359 4153 3454 4194 su-

1869 4241 2006 4296 mit:
2037 4241 2090 4296 in
2119 4255 2226 4312 quo
2253 4239 2500 4310 quisquis
2525 4239 2600 4294 ita
2615 4239 2798 4294 vivere
2825 4236 3034 4308 incipit,
3061 4243 3120 4290 ut
3149 4241 3272 4289 ante
3297 4231 3454 4286 ﬁniat

1869 4333 2034 4388 vitam
2079 4347 2240 4402 quam
2269 4331 2342 4386 ab
2385 4329 2502 4400 ejus
2543 4329 2876 4398 obligatione
2913 4327 3180 4390 solvatur,
3209 4324 3256 4380 si
3301 4323 3458 4378 unius

1871 4429 1978 4485 dici
2021 4427 2108 4484 vel
2145 4425 2308 4482 unius
2335 4427 2482 4482 hora:
2523 4425 2702 4498 spatio
2731 4425 2908 4480 anima
2957 4421 3046 4478 illa
3075 4421 3210 4476 vixit
3235 4419 3290 4474 in
3335 4431 3458 4474 cor-

1875 4539 2026 4596 pore,
2057 4537 2280 4580 necesse
2313 4531 2396 4578 est
2425 4535 2546 4578 eam
2579 4535 2702 4576 cum
2731 4519 2920 4576 eodem
2951 4529 3180 4588 corpore
3205 4509 3460 4568 intermi-

1875 4615 2076 4670 nabilia
2129 4615 2394 4686 gehennae
2445 4613 2706 4684 supplicia
2749 4611 3056 4688 sustinere,
3081 4607 3174 4662 ubi
3215 4601 3462 4660 diabolus

1874 4723 1996 4762 cum
2047 4707 2252 4778 angelis
2281 4706 2396 4761 suis
2429 4706 2482 4760 in
2533 4713 2796 4760 aeternum
2847 4715 3071 4758 arsurus
3117 4696 3350 4766 est,qui
3407 4701 3460 4774 et

1875 4799 2084 4870 primus
2103 4797 2368 4868 peccavit,
2389 4805 2734 4866 etpeccatum
2755 4797 2966 4866 primus
2991 4791 3112 4864 [at.,
3135 4785 3352 4860 primis]
3369 4787 3440 4842 bo

1878 4891 2114 4946 minibus
2141 4889 2412 4963 persuasit
2441 4907 2452 4942 :
2487 4889 2574 4944 ubi
2603 4905 2726 4944 cum
2751 4903 2816 4944 eo
2839 4887 3000 4942 etiam
3025 4879 3325 4944 fornicarii,
3351 4877 3462 4934 ido-

1875 4984 1946 5040 lis
1971 4981 2556 5048 servientes,adulteri,
2575 4981 2780 5045 molles,
2811 4975 3174 5034 masculorum
3201 4969 3464 5028 concubi-

1877 5085 2042 5141 tores,
2089 5073 2254 5140 fures,
2307 5075 2478 5138 avari,
2535 5073 2758 5138 ebriosi,
2797 5067 3086 5132 maledici,
3145 5077 3372 5136 rapaces
3413 5069 3466 5118 et

1877 5183 2069 5226 omnes
2117 5167 2210 5238 qui
2259 5181 2422 5238 opera
2471 5166 2654 5220 carnis
2708 5171 2890 5234 agunt,
2935 5161 3002 5216 de
3049 5157 3246 5229 quibus
3279 5157 3468 5212 beatus

1879 5259 2012 5314 dicit
2041 5259 2330 5330 Apostolus
2355 5278 2368 5314 :
2411 5259 2550 5324 Quia
2579 5269 2794 5327 regnum
2812 5251 2912 5308 Dei
2941 5267 3048 5306 non
3085 5257 3464 5320 consequentur

1883 5353 2024 5424 (Gal.
2055 5353 2238 5426 v,2|),
2261 5355 2306 5410 si
2337 5361 2462 5410 ante
2487 5351 2648 5422 bujus
2673 5349 2798 5404 vitae
2825 5347 3116 5404 terminum
3145 5359 3178 5400 a
3203 5343 3310 5400 viis
3345 5339 3466 5412 [αιη

1881 5445 2048 5518 vitiis]
2081 5447 2196 5502 suis
2227 5446 2384 5502 malis
2409 5443 2660 5500 conversi
2701 5457 2806 5498 non
2833 5439 3052 5506 fuerint,
3079 5435 3302 5494 aeternis
3329 5431 3452 5503 igni-

1879 5539 1982 5596 bus
2011 5547 2326 5595 exurentur.
2351 5537 2542 5594 Omnis
2569 5536 2713 5592 enim
2741 5537 2898 5588 homo
2913 5533 3004 5602 qui
3037 5531 3090 5586 in
3131 5531 3234 5584 hoc
3273 5521 3472 5582 sarculo

1877 5647 2048 5702 usque
2079 5631 2148 5686 ad
2177 5629 2338 5684 ﬁnem
2383 5628 2728 5698 iniquitatum
2763 5623 3052 5680 dilectione
3075 5620 3198 5694 [ol..
3232 5617 3440 5676 delecta

1877 5722 2046 5796 tione]
2075 5731 2130 5778 et
2155 5721 2338 5780 cordis
2375 5719 2732 5780 obduratione
2763 5714 3126 5794 permanserit
3157 5731 3172 5770 :
3215 5711 3356 5770 sicut
3381 5709 3472 5774 hic
