4010 6352
622 270 758 329 1247

624 480 733 537 fine
761 480 1092 555 sempiterna
1127 480 1392 537 cruciatio
1419 482 1693 538 retinebit.
1723 482 1842 538 Erit
1866 484 2012 539 enim
2034 483 2202 540 etiam

627 572 939 642 iniquorum
965 571 1316 638 resurrectio,
1347 572 1441 628 sed
1466 572 1583 628 sine
1616 573 1913 629 mutatione
1939 570 2059 645 [at.,
2097 574 2201 627 im-

624 662 970 737 mutatione],
1001 678 1162 732 quam
1192 662 1320 720 solis
1344 663 1593 720 ﬁdelibus
1611 675 1669 720 et
1701 680 1766 720 ex
1795 663 1901 720 line
1936 663 2084 733 juste
2122 662 2204 718 vi-
2307 697 2313 702 -

625 758 874 815 ventibus
895 757 1120 811 daturus
1139 765 1224 812 est
1243 757 1406 814 Deus.
1433 756 1548 813 Hoc
1597 767 1683 813 est
1736 757 1881 813 enim
1932 757 2073 826 quod
2127 756 2205 812 ait

626 853 818 908 Malus
842 849 1039 905 Paulus
1068 867 1082 904 :
1120 848 1312 906 Omnes
1356 851 1565 921 quidem
1603 867 1951 921 resurgemus,
1979 850 2070 905 sed
2099 866 2204 906 non

626 957 803 997 onmes
828 938 1226 994 immutabimur
1251 939 1305 1013 (Ι
1333 939 1456 995 Cor.
1494 956 1585 1007 xv,
1621 940 1712 1010 51)
1743 958 1757 995 :
1787 934 2076 996 ostendens
2102 955 2203 995 au-

626 1042 732 1089 tem
752 1033 922 1101 lustos
945 1031 1129 1087 divino
1159 1046 1384 1087 munere
1408 1032 1840 1098 commutandos,
1867 1031 1943 1086 ait
1971 1050 1984 1085 :
2017 1031 2087 1087 Et
2109 1046 2203 1086 nos

621 1122 1037 1179 immutabimur.
1061 1121 1347 1178 Habebunt
1363 1137 1493 1194 ergo
1514 1123 1685 1195 iniqui
1700 1140 1823 1180 cum
1846 1122 2008 1192 justis
2022 1138 2204 1178 resur-

623 1212 919 1268 rectionem
968 1212 1148 1268 carnis
1182 1228 1542 1278 communem,
1592 1213 1981 1269 immutationis
2022 1221 2203 1268 tamen

622 1304 851 1376 gratiam
877 1319 986 1359 non
1011 1303 1308 1372 habebunt,
1332 1320 1452 1375 quae
1475 1305 1689 1361 dabitur
1715 1304 1879 1375 justis
1903 1327 1916 1361 :
1944 1307 2202 1378 quoniam

622 1409 654 1449 a
682 1393 1002 1463 corporibus
1033 1394 1322 1461 impiorum
1374 1410 1481 1451 non
1510 1395 1785 1452 auferetur
1814 1400 2110 1470 corruptio,
2149 1408 2203 1456 et

622 1485 949 1558 ignobilitas,
996 1493 1053 1543 et
1104 1486 1411 1555 inﬁrmitas,
1470 1487 1524 1543 in
1581 1488 1776 1558 quibus
1828 1490 2201 1547 seminantur:

622 1592 741 1647 qua:
765 1577 835 1633 ob
866 1577 970 1633 hoc
1015 1585 1192 1633 morte
1238 1594 1346 1635 non
1394 1580 1807 1650 exstinguentur
1829 1589 1888 1636 ut
1929 1582 2059 1637 illud
2076 1583 2204 1654 juge

626 1676 952 1724 tormentum
985 1670 1199 1741 corpori
1220 1678 1395 1741 'atque
1426 1671 1620 1728 animae
1661 1672 1733 1728 sit
1768 1674 1960 1730 mortis
1986 1684 2203 1731 aeternae

620 1759 984 1833 supplicium]

691 1852 731 1922 -ιο
771 1853 836 1907 Et
859 1851 999 1908 infra
1026 1872 1043 1908 ;
1081 1852 1228 1926 [Ideo
1256 1861 1438 1909 autem
1469 1854 1559 1911 hic
1588 1856 1905 1927 poenitentia
1931 1856 2205 1915 fructuosa

620 1955 705 1997 cst
734 1944 863 2014 quia
888 1952 1068 2015 potest
1096 1944 1187 2001 hic
1220 1945 1383 2001 homo
1434 1946 1677 2017 deposita
1708 1949 1913 2004 malitia
1947 1948 2086 2006 bene
2120 1950 2204 2005 vi-

621 2048 767 2099 vere,
810 2042 866 2090 et
904 2043 1109 2091 mutata
1140 2035 1419 2092 voluntate
1441 2036 1639 2106 iniusta
1664 2039 1855 2094 merita
1883 2040 2043 2096 simul
2080 2055 2207 2113 ope-

622 2141 790 2196 raque
822 2136 1053 2196 mutare,
1098 2139 1157 2186 et
1188 2130 1243 2184 in
1275 2130 1472 2186 timore
1518 2131 1612 2187 Dei
1659 2146 1721 2187 ea
1779 2148 2040 2204 generare
2085 2150 2206 2205 quae

620 2218 870 2288 placeant
917 2219 1045 2276 Deo.
1076 2220 1229 2289 Quod
1253 2221 1347 2292 qui
1376 2221 1430 2276 in
1461 2222 1564 2278 hac
1599 2222 1713 2279 vita
1733 2238 1841 2279 non
1870 2223 2080 2291 fecerit,
2111 2226 2207 2281 ha-

620 2309 768 2365 bebit
795 2311 1011 2380 quidem
1038 2312 1413 2383 paenitentiam
1442 2312 1496 2366 in
1522 2312 1705 2370 futuro
1730 2315 1926 2371 saeculo
1953 2315 2021 2370 de
2048 2315 2206 2371 malis

617 2398 754 2466 suis,
797 2402 891 2457 sed
937 2400 1325 2473 indulgentiam
1356 2402 1411 2457 in
1441 2412 1734 2474 conspectu
1784 2404 1879 2460 Dei
1922 2418 2027 2461 non
2057 2405 2205 2462 inve-

617 2490 750 2557 niet,
783 2492 909 2562 quia
956 2494 1058 2549 etsi
1105 2494 1212 2550 erit
1260 2494 1332 2550 ibi
1389 2495 1639 2552 stimulus
1689 2497 2039 2568 paenitudinis
2081 2499 2199 2572 (aL,

616 2580 1010 2657 plenitudinis],
1042 2584 1184 2641 nulla
1216 2586 1291 2641 ibi
1337 2587 1444 2642 erit
1488 2590 1754 2646 correctio
1806 2589 2139 2647 voluntatis:
2170 2609 2203 2648 a

620 2675 814 2734 talibus
840 2679 983 2735 enim
1015 2680 1089 2735 ita
1118 2679 1424 2751 culpabitur
1450 2682 1710 2753 iniquitas
1736 2699 1855 2750 sua,
1880 2694 1946 2740 ut
1972 2685 2202 2742 nullate-

617 2784 719 2826 nus
751 2770 821 2827 ab
866 2770 946 2828 eis
995 2771 1167 2843 possit
1193 2772 1281 2829 vel
1319 2772 1469 2846 diligi
1508 2774 1592 2830 vel
1631 2774 1928 2831 desiderari
1967 2776 2199 2847 justitia.

621 2860 876 2919 Voluntas
901 2863 1044 2919 enim
1075 2879 1263 2921 eorum
1291 2864 1413 2920 talis
1436 2866 1560 2932 erit,
1591 2876 1653 2923 ut
1678 2866 1875 2924 habeat
1894 2868 1951 2923 in
1974 2885 2034 2926 se
2061 2884 2203 2926 sem-

612 2967 710 3023 per
738 2953 1089 3024 malignitatis
1142 2970 1254 3011 suae
1304 2955 1657 3026 supplicium,
1713 2974 1990 3030 nunquam
2022 2969 2200 3015 tamen

615 3045 858 3116 recipere
900 3046 1073 3116 possit
1114 3046 1680 3105 bonitatis‘all‘ectum.
1725 3050 1882 3119 Quia,
1933 3051 2074 3107 sicut
2122 3051 2200 3107 illi

1625 276 1687 332 S.
1720 272 2093 348 PRUDENT“
2132 271 2513 331 TRECENSIS
2550 272 2856 334 EPISCOPI

622 403 746 444 eum
772 385 935 443 noxia
974 386 1263 443 criminum
1308 387 1525 444 dilectio
1565 389 1758 454 tenuit,
1795 390 1873 446 sic
1908 404 2034 446 eum
2080 389 2200 445 sine
2224 391 2276 450 Α

3672 296 3760 356 ωδ

2838 424 3065 467 εοΑΝιηεε
3099 426 3314 470 εεοτυδ.

2373 516 2643 613 (Cap._lb,
2671 535 2821 613 num.
2853 521 2908 613 8,
2931 533 3064 580 sect.
3097 525 3175 597 2.)
3213 538 3256 585 Θ
3296 529 3413 585 Non
3434 534 3554 589 enim
3569 537 3679 607 just:
3699 560 3763 613 ρι-

2302 608 2465 677 uitur,
2496 609 2600 664 nisi
2624 612 2766 682 quod
2790 612 3089 686 delinquere
3113 620 3444 677 convincitur.

2937 747 3253 792 εοιιιιεοτιο.

2373 839 2415 909 σι-
2442 837 2644 897 Verum
2690 851 2791 909 est,
2818 854 2874 900 et
2913 846 3119 903 idcirco
3151 847 3296 917 justo
3338 853 3542 921 punitur
3577 859 3706 915 anima
3730 876 3763 920 et

2302 947 2521 1003 corpus,
2554 935 2680 1005 quia
2722 945 2953 1008 utraque
2988 938 3301 1011 delinquere
3325 956 3679 1015 cognoscuntur.
3698 952 3763 1010 Sed

2304 1024 2409 1114 hoc
2427 1041 2550 1080 cum
2573 1027 2641 1082 de
2664 1030 3045 1098 peccatoribus
3071 1032 3303 1099 dicatur,
3351 1049 3452 1091 non
3476 1040 3649 1095 excedit
3667 1059 3763 1114 regn-

2304 1111 2411 1168 lam
2435 1115 2684 1171 veritatis
2705 1134 2718 1172 :
2744 1127 3113 1176 verumtamen
3142 1122 3340 1179 multos
3359 1126 3522 1194 puniri
3542 1137 3589 1183 et
3602 1111 3763 1189 videtin

2303 1212 2357 1258 ct
2378 1204 2625 1274 legimus,
2648 1207 2701 1262 in
2716 1209 2911 1278 quibus
2932 1218 3025 1265 tua
3040 1213 3309 1269 sententia
3329 1216 3530 1274 omnino
3541 1217 3761 1278 frustratur.

2304 1292 2630 1365 Incipiamus
2656 1298 2854 1369 quippe
2891 1300 2960 1356 ab
2994 1301 3129 1357 Abel
3163 1313 3558 1376 protomartyre,
3595 1320 3639 1365 et
3667 1312 3762 1368 inve-

2304 1386 2519 1444 niemus
2540 1389 2595 1444 in
2617 1405 2683 1446 eo
2712 1391 3051 1462 iniquitatem
3082 1410 3188 1450 non
3208 1411 3333 1453 esse
3352 1400 3585 1468 punitam,
3604 1404 3762 1460 sedens

2304 1476 2577 1547 aequitatis
2600 1480 2795 1536 merito
2816 1482 3190 1550 interfectum;
3216 1487 3613 1559 cujusjnstitiam
3629 1493 3763 1548 etlibn

2305 1565 2577 1626 Geneseos
2599 1578 2655 1625 et
2696 1570 2809 1642 ipse
2848 1572 3107 1630 Dominus
3136 1576 3190 1630 in
3228 1577 3763 1649 Evangelith

2307 1658 2460 1731 (Cen.
2504 1677 2578 1729 tv,
2623 1661 2813 1718 Matth.
2863 1681 3017 1733 mn,
3060 1667 3175 1739 55).
3224 1667 3384 1724 Liber
3412 1671 3557 1726 etiam
3580 1676 3763 1744 propheta

2232 1749 2279 1811 B
2306 1750 2613 1818 Samuelis,
2661 1754 3010 1814 Acbimelech
3073 1773 3197 1814 cum
3255 1761 3458 1818 caeteris
3503 1767 3763 1824 sacerdotibus

2306 1852 2528 1914 propter
2576 1845 3003 1907 misericordiam
3050 1849 3223 1905 David
3279 1852 3519 1910 benevole
3562 1855 3762 1925 impensa

2306 1932 2591 2003 iniquitate
2625 1934 2804 1992 Saulis
2826 1947 3045 1994 necatos
3072 1940 3279 1997 indicat
3306 1942 3355 2014 (l
3382 1942 3499 2015 Reg.
3525 1947 3707 2018 nu).l-Zt
3724 1964 3764 2003 ne

2306 2023 2472 2079 multa
2506 2040 2574 2081 cx
2623 2028 2897 2085 veteribus
2930 2031 3228 2099 revolvam,
3258 2042 3456 2104 septem
3500 2037 3655 2093 fratres
3682 2040 3763 2095 lilia

2306 2113 2737 2173 Machabaeorum
2766 2131 2992 2192 propter
3030 2122 3175 2195 leges
3206 2124 3329 2192 Dei,
3358 2142 3486 2197 quas
3508 2128 3637 2185 nullis
3655 2139 3762 2185 terro-

2305 2208 2457 2264 ribus
2480 2210 2785 2281 relinquere
2807 2213 3110 2282 voluerunt,
3140 2219 3308 2273 tantis
3326 2219 3616 2277 cruciatibus
3633 2225 3762 2278 octies

2306 2300 2545 2369 intimat,
2563 2312 2625 2358 ut
2640 2304 2921 2360 horrorem
2944 2309 3250 2379 tegentibus
3269 2310 3763 2382 audientibusqucim-

2306 2393 2404 2448 tiat
2429 2393 2516 2464 (II
2530 2394 2710 2449 Maeli.
2733 2394 3069 2467 vn).'Beatus
3092 2397 3338 2456 Joannes
3360 2401 3572 2473 Baptista
3590 2404 3631 2458 in
3647 2405 3763 2458 nutris

2304 2494 2458 2543 utero
2486 2488 2852 2545 sanctificatus
2880 2488 3032 2562 (Luc.
3063 2508 3105 2559 ι,
3137 2493 3254 2562 15),
3280 2510 3389 2566 quo
3425 2497 3545 2551 inter
3563 2507 3762 2550 wani-

2302 2576 2490 2633 lierum
2516 2579 2690 2650 major
2715 2596 2820 2635 non
2860 2583 3087 2637 surrexit
3118 2582 3275 2656 (Luc.
3301 2599 3396 2651 vn,
3435 2584 3535 2657 28),
3560 2586 3676 2640 mritis
3693 2601 3763 2639 me-

2302 2670 2539 2728 lierculae
2585 2672 2804 2729 saltatui
2854 2675 3164 2733 meretricio
3203 2692 3417 2733 merces
3462 2678 3706 2747 exponitur,
3731 2686 3763 2730 et

2303 2759 2675 2830 amputatioue
2698 2761 2891 2832 capitis
2936 2760 3137 2818 funesti
3188 2763 3336 2836 regis
3358 2763 3621 2820 convivium
3651 2763 3761 2817 detur-

2300 2851 2451 2920 pavit
2478 2849 2696 2922 (Matth.
2742 2850 2878 2923 xlv).
2923 2851 3095 2909 Filius
3120 2852 3217 2909 Dei
3250 2854 3392 2910 Deus
3412 2861 3465 2909 et
3488 2853 3688 2908 Dominus
3706 2867 3762 2905 ne-

2303 2949 2414 2997 ster
2433 2940 2590 2998 Jesus
2611 2941 2878 3010 Christus,
2906 2943 2998 3014 qui
3024 2954 3301 3014 peccatum
3323 2961 3424 3001 non
3448 2944 3570 3014 fecit,
3588 2940 3761 2998 nulloin

2302 3036 2539 3090 inventus
2570 3045 2647 3090 est
2672 3035 2728 3090 in
2754 3052 2843 3090 ore
2865 3035 2982 3106 ejus
3009 3034 3060 3108 (I
3090 3033 3239 3092 Petr.
3264 3053 3329 3104 ιι,
3357 3037 3465 3107 22),
3492 3035 3761 3103 tantisoppm-

616 3138 707 3206 qui
759 3153 881 3193 cum
909 3137 1128 3196 Christo
1155 3140 1479 3212 regnabunt,
1510 3142 1688 3198 nullas
1734 3143 1789 3198 in
1841 3158 1900 3199 se
1927 3143 2083 3199 mala:
2113 3159 2199 3199 vo-

2228 3128 2270 3191 C
2299 3126 2435 3182 briis
2471 3124 2695 3181 affectus
2741 3124 3036 3182 novissime
3081 3127 3265 3183 crucis
3318 3126 3554 3199 patibulo,
3580 3124 3761 3181 clavorum

615 3227 841 3285 luntatis
863 3229 1121 3300 reliquias
1149 3232 1446 3300 habebunt,
1478 3233 1552 3288 ita
1580 3232 1656 3288 illi
1683 3234 1775 3305 qui
1814 3244 1978 3290 erunt
1998 3234 2199 3306 suppli-

614 3322 702 3378 cio
725 3322 866 3395 ignis
886 3324 1075 3379 aeterni
1098 3327 1222 3380 ‘cum
1241 3324 1454 3382 diabolo
1478 3337 1534 3381 et
1559 3327 1676 3399 ejus
1702 3324 1907 3400 angelis
1934 3327 2196 3399 deputati,

615 3416 756 3471 sicut
782 3415 982 3471 nullam
1013 3415 1241 3472 ulterius
1276 3417 1551 3474 habebunt
1579 3420 1842 3489 requiem,
1875 3420 1955 3476 sic
1999 3420 2200 3476 bonam

613 3504 921 3562 nullatenus
948 3507 1151 3563 habere
1177 3517 1434 3579 poterunt
1456 3509 1811 3566 voluntatem.
1840 3511 1908 3567 Et
1937 3511 2081 3568 sicut
2104 3528 2198 3569 co-

614 3600 918 3656 haeredibus
946 3599 1149 3657 Christi
1180 3600 1395 3657 dabitur
1439 3587 1700 3673 perfectio
1742 3602 1871 3677 [at.,
1911 3603 2197 3678 profectio]

614 3692 802 3763 gratia:
825 3692 893 3748 ad
925 3700 1183 3748 aeternam
1211 3693 1463 3764 gloriam,
1505 3695 1586 3752 sic
1613 3698 1956 3754 consortibus
2001 3697 2200 3754 diaboli

613 3781 910 3838 cumulabit
933 3784 1049 3854 ipsa
1077 3783 1384 3856 malignitas
1408 3799 1649 3856 pinnam,
1674 3788 1892 3858 quando
1917 3790 2201 3846 exteriori-

610 3871 715 3929 bus
740 3872 980 3945 deputati
1020 3876 1277 3943 tenebris,
1321 3878 1469 3935 nullo
1513 3879 1931 3937 illustrabuntur
1953 3883 2200 3939 interiori

611 3964 816 4020 lumine
836 3966 1130 4041 veritatis.]

679 4057 722 4128 -ι-
759 4056 1113 4116 Cassiodorus
1138 4061 1194 4116 in
1220 4061 1567 4135 Expositione
1601 4066 1793 4138 psalmi
1817 4083 1873 4124 vr
1905 4067 2069 4140 (vers.
2101 4068 2155 4142 6)
2182 4083 2199 4124 :

613 4145 851 4221 [Movere
878 4157 1061 4233 potest
1089 4165 1259 4220 quare
1298 4152 1458 4221 dicat,
1508 4155 1564 4211 in
1617 4166 1791 4213 morte
1826 4157 2028 4214 nullum
2078 4174 2201 4217 esse

613 4252 908 4293 memorem
939 4239 1065 4306 Dei,
1090 4241 1217 4297 dum
1247 4244 1418 4300 vicina
1449 4248 1623 4315 possit
1646 4248 1876 4320 amplius
1902 4249 1982 4304 ira
2001 4249 2203 4320 judicis

611 4334 962 4390 contremisci
989 4354 1001 4390 :
1034 4337 1129 4394 sed
1155 4338 1293 4395 bene
1320 4342 1560 4411 perfidos
1589 4343 1821 4399 dicimus
1860 4344 2203 4403 immemores

612 4424 728 4492 Dei,
769 4425 838 4482 de
880 4427 1079 4497 quibus
1105 4440 1161 4485 et
1195 4431 1362 4487 Isaias
1394 4451 1409 4487 :
1443 4433 1568 4489 Non
1608 4437 1744 4491 enim
1787 4439 1878 4509 qui
1913 4440 1968 4494 in
1996 4439 2201 4510 inferno

608 4527 755 4583 sunt,
784 4516 1081 4574 laudabunt
1112 4531 1204 4589 te;
1234 4540 1398 4594 neque
1431 4525 1523 4596 qui
1568 4528 1760 4582 mortui
1807 4539 1959 4596 sunt,
1992 4530 2200 4585 benedi-

609 4618 721 4664 cent
751 4618 801 4664 te
834 4608 969 4681 (lea.
1001 4627 1229 4681 xxxvnt,
1258 4614 1368 4686 l8).
1396 4615 1531 4672 Nam
1558 4632 1682 4674 cum
1709 4619 1841 4675 dicit
1868 4621 2194 4693 Apostolus:

610 4703 667 4759 In
696 4703 917 4760 nomine
946 4714 1037 4762 tuo
1081 4721 1245 4764 omne
1269 4724 1408 4781 genu
1434 4708 1700 4779 ﬂectetur,
1733 4713 2059 4781 cmlestium,
2090 4724 2199 4772 ter-

609 4796 864 4853 restrium
889 4806 945 4854 et
967 4798 1304 4857 infernorum
1330 4801 1499 4874 (Phil.
1529 4821 1590 4871 n,
1615 4805 1726 4879 10),
1754 4807 1845 4864 hic
1870 4808 1937 4864 de
1956 4808 2090 4866 solis
2110 4809 2197 4864 in-

609 4887 857 4943 fidelibus
894 4903 960 4945 ac
987 4892 1353 4962 pertinacibus
1403 4896 1562 4951 debet
1613 4898 1787 4969 accipi
1834 4899 2060 4967 dictum,
2103 4900 2199 4971 qui

608 4982 810 5037 nullam
846 4982 1097 5041 ﬁduciam
1162 4986 1523 5048 confessionis
1570 5007 1682 5048 suae
1726 4993 1928 5052 habere
1984 5011 2199 5067 prome-

609 5084 816 5130 rentur.
850 5074 1042 5134 Merito
1075 5092 1205 5151 ergo
1251 5080 1343 5136 hic
1392 5081 1494 5138 sibi
1538 5082 1762 5140 festinat
1810 5086 2038 5154 dimitti,
2068 5088 2196 5159 quia

607 5172 729 5232 post
763 5164 903 5221 lucis
937 5181 1189 5224 occasum
1241 5185 1350 5226 non
1392 5180 1563 5229 restat
1608 5174 1713 5230 nisi
1763 5176 1877 5233 sola
1912 5179 2196 5237 retributio

608 5254 971 5329 meritorum].
1002 5257 1042 5329 -]~
1071 5257 1168 5315 His
1198 5268 1469 5319 tantorum
1510 5263 1730 5320 Patrum
1776 5268 2057 5326 concinnis
2102 5286 2194 5327 ca-

609 5344 935 5419 tbolicisque
987 5352 1273 5409 sententiis
1323 5362 1518 5411 cuncta
1570 5372 1691 5428 quae
1740 5358 1796 5414 in
1846 5362 2195 5435 sequentibus

607 5439 827 5509 garrula
879 5441 1207 5512 loquacitate
1255 5446 1340 5501 vel
1384 5446 1593 5518 loquaci
1644 5438 1961 5522 garrulitate
2023 5452 2192 5521 emas,

607 5529 911 5587 orthodoxa
960 5534 1427 5595 animadversione
1462 5547 1711 5597 truncata
1749 5552 1874 5599 sunt
1911 5562 1926 5600 :
1969 5545 2195 5617 ideoque

609 5623 990 5690 compendiosa
1020 5627 1295 5699 brevitate
1334 5638 1533 5687 attacta
1561 5634 1820 5705 signanda
1848 5646 1972 5694 sunt
2014 5639 2194 5711 potius

612 5724 779 5783 quam
805 5711 1026 5773 effusius
1049 5720 1362 5791 repetenda.
1389 5721 1542 5792 Quod
1561 5738 1691 5797 ergo
1716 5727 1829 5783 ais:

2298 3219 2549 3275 aﬂixione
2573 3232 2868 3288 suspensus
2886 3217 3200 3289 exspiravit,
3225 3233 3329 3275 nec
3347 3218 3617 3289 quiescente
3631 3214 3759 3270 sevit:

2297 3309 2763 3381 persequentium,
2782 3308 2971 3365 lancea
2999 3309 3142 3367 latus
3172 3310 3293 3383 ejus
3322 3308 3759 3375 mundissimum»:-

2299 3403 2453 3459 ritur.
2478 3401 2693 3471 Petrus,
2720 3410 2908 3475 pastor
2936 3405 3264 3461 universalis
3292 3404 3550 3469 Ecclesia,
3585 3400 3759 3457 Neronia

2300 3509 2424 3549 nam
2461 3494 2731 3551 insaniam
2760 3495 2940 3552 crucis
2981 3496 3314 3567 appensione
3339 3495 3598 3554 damnavit.
3620 3490 3756 3549 Paqu

2299 3585 2488 3643 doctor
2509 3586 2770 3658 gentium,
2793 3585 3157 3644 Neronianum
3176 3587 3414 3659 gladium
3438 3580 3755 3645 cruentavitb'ic

2300 3670 2481 3732 caeteri
2525 3676 2751 3746 apostoli
2798 3692 3096 3747 eorumque
3122 3693 3386 3749 sequaces
3410 3692 3576 3736 omnes
3597 3671 3756 3744 usqneil

2300 3767 2462 3823 linem
2510 3768 2690 3825 saeculi
2719 3768 2932 3824 Domini
2964 3769 3133 3825 nostri
3171 3768 3305 3827 Jesu
3352 3770 3534 3827 Christi
3568 3773 3756 3834 martyres.

2300 3860 2544 3930 nunquid
2592 3874 2689 3915 sua
2742 3861 3025 3931 iniquitate
3047 3862 3240 3932 puniti,
3273 3871 3368 3918 aut
3406 3861 3623 3931 iniquitas
3652 3857 3689 3910 in
3714 3852 3758 3905 eis

2300 3951 2409 4007 ulla
2435 3952 2645 4024 punita,
2664 3952 2753 4009 vel
2775 3953 3042 4023 punienda
3068 3955 3348 4012 creditur?
3386 3956 3453 4011 At
3476 3954 3517 4010 si
3543 3951 3618 4008 Dei
3636 3947 3755 4003 filium

2301 4047 2554 4118 punitum
2579 4062 2782 4119 negare
2810 4047 3066 4115 volueris,
3093 4064 3287 4108 onmes
3309 4051 3584 4107 divinorum
3604 4041 3757 4110 eloquiit

2302 4153 2422 4193 rum
2452 4138 2659 4210 pagina:
2682 4139 2788 4195 tuis
2810 4141 3098 4209 vecordiis,
3122 4152 3345 4213 repente
3364 4143 3584 4212 ultroque
3602 4136 3754 4194 oban

2303 4227 2444 4283 inter
2471 4243 2630 4299 quas,
2669 4237 2728 4284 ut
2760 4229 3022 4287 vocabulo
3049 4232 3376 4301 punitionis,
3405 4231 3532 4303 quod
3569 4236 3676 4282 tanta
3701 4224 3757 4275 dt-

2304 4319 2590 4377 lectatione
2612 4323 2975 4394 persequeris,
3005 4325 3388 4396 obsequamur.
3413 4314 3758 4390 Libchapienﬁz

2303 4413 2370 4468 ad
2393 4412 2609 4470 Patrem
2630 4414 2796 4470 Deum
2820 4431 2982 4488 super
3001 4415 3122 4472 Filii
3144 4417 3227 4474 sui
3249 4432 3381 4474 nece
3396 4416 3608 4488 queritur
3621 4410 3756 4466 dicens:

2225 4487 2278 4549 Ῑ)
2305 4503 2442 4558 Eum
2464 4522 2687 4578 quoque,
2715 4509 2805 4580 qui
2832 4487 2937 4564 non
2964 4508 3109 4564 debet
3137 4510 3334 4581 puniri,
3361 4487 3643 4567 condemnas
3663 4501 3753 4572 (δεμ

2305 4612 2404 4664 xn,
2433 4597 2547 4668 15),
2571 4599 2715 4670 quod
2746 4600 2812 4656 dc
2841 4600 2958 4671 ipso
2997 4601 3399 4675 intelligendum
3436 4604 3599 4658 beatus
3631 4595 3757 4662 CW

2305 4695 2420 4751 rius
2443 4695 2496 4750 in
2519 4695 2671 4752 libris
2696 4696 2987 4753 Moralibus
3005 4699 3244 4770 exponit.
3258 4699 3327 4755 Et
3342 4697 3594 4756 Psalmista
3612 4710 3623 4747 :
3641 4689 3754 4757 Cl?"

2305 4787 2431 4841 bunt
2459 4787 2513 4841 in
2543 4788 2775 4843 animam
2803 4789 2960 4859 justi,
2988 4798 3036 4844 et
3064 4792 3371 4863 sanguinem
3394 4791 3663 4846 innocentem
3680 4794 3755 4832 τοι·

2304 4875 2622 4932 damnabunt
2645 4875 2763 4948 (Ρε.
2798 4894 2951 4946 xcnl,
2972 4879 3087 4951 2i).
3117 4881 3288 4939 Audis
3316 4889 3392 4938 tot
3409 4888 3662 4937 sanctorum
3675 4882 3754 4926 ω-

2303 4966 2452 5022 mina
2478 4982 2577 5039 pro
2604 4967 2944 5026 confessione
2966 4972 3213 5028 veritatis
3230 4982 3286 5029 et
3307 4970 3553 5045 aquitalis
3569 4970 3753 5039 ορρεῑειῗφ

2301 5068 2357 5117 et
2396 5061 2564 5116 audes
2587 5060 2769 5118 dicere
2806 5062 3096 5119 humanam
3131 5064 3474 5122 substantiam
3506 5075 3594 5117 non
3614 5047 3754 5127 puniri!

2301 5149 2512 5209 Rursus
2537 5153 2681 5224 quod
2705 5152 2954 5226 adjuugis
2980 5168 2995 5211 ε

2845 5281 3072 5324 ιοΑισιπεε
3107 5282 3323 5328 8001118.

2375 5354 2528 5428 (Cap.
2553 5355 2637 5422 16»
2668 5372 2820 5413 num.
2844 5358 2898 5425 9.
2923 5368 3053 5417 sect.
3082 5360 3164 5434 2.)
3188 5372 3233 5420 θ
3253 5362 3458 5417 Nullius
3474 5356 3650 5413 hominis
3665 5352 3752 5403 im-

2298 5451 2447 5505 nitur
2473 5452 2743 5523 iniquitas,
2771 5452 2874 5507 nisi
2901 5470 3014 5509 suae
3043 5456 3274 5526 propria:
3293 5452 3547 5511 voluntatis
3563 5438 3748 5517 culpabit)

2297 5545 2607 5615 peruersitas
2628 5586 2642 5611 ,
2685 5562 2804 5617 qua:
2847 5547 3109 5602 uerissime
3151 5559 3338 5603 natura
3373 5564 3466 5601 non
3491 5554 3571 5609 est,
3608 5537 3749 5610 φάεα

2298 5636 2410 5693 Deo
2433 5638 2665 5692 omnium
2698 5647 2933 5694 creatore
2959 5642 3015 5693 in
3043 5638 3191 5695 nulla
3217 5639 3491 5697 substantia
3519 5644 3581 5690 est
3601 5633 3745 5685 tm!“

2288 5730 2433 5805 juste
2457 5722 2620 5804 igitur
2639 5735 2823 5803 punita
2851 5732 2912 5802 ﬁt
2940 5733 3151 5790 misera.
