4010 6352
176 318 305 375 1249

789 455 1104 496 CORRECTIO.

239 553 276 624 ᾧ
313 552 367 608 Si
418 567 592 624 neque
641 563 832 608 natura
866 571 1039 621 neque
1086 557 1388 612 substantia
1421 567 1505 614 est
1534 568 1736 624 creata,

67 677 73 682 ε
169 647 427 717 quomodo
454 647 696 717 punitur,
742 658 837 702 aut
877 655 936 703 ht
973 651 1214 704 "misera?
1244 651 1297 705 ld
1352 653 1492 722 quod
1519 654 1741 708 omnino

169 746 392 802 nonest,
425 737 657 807 qualiter
693 739 774 793 vel
823 739 1000 808 puniri
1048 750 1244 811 potest,
1283 743 1365 796 vel
1413 745 1529 798 fieri
1581 745 1741 799 mise-

170 831 314 885 rum?
336 829 445 885 Aut
472 831 612 900 quod
643 831 1032 886 beatitudinem
1061 849 1340 903 nunquam
1368 835 1576 901 habuit,
1608 851 1740 904 qua-

165 933 316 978 tenus
358 923 588 978 miseria:
633 923 967 991 suhjacebit?
1005 924 1238 980 Proinde
1267 928 1516 997 quodex
1557 928 1740 982 verbis

161 1017 297 1074 beati
329 1019 612 1088 Augustini
645 1027 791 1072 tuam
841 1019 1168 1074 sententiam
1199 1022 1621 1075 confirmaturus
1651 1036 1740 1074 an-

163 1112 360 1177 nectis,
391 1119 739 1182 reparaturus
785 1111 1074 1180 inquientis
1113 1112 1167 1166 in
1209 1112 1392 1167 multis
1435 1113 1577 1182 quod
1625 1113 1739 1183 ipse

162 1204 310 1268 feeit,
328 1204 684 1274 puniturusin
714 1203 897 1258 multis
921 1204 1064 1274 quod
1088 1204 1204 1275 ipse
1233 1220 1338 1259 non
1367 1204 1511 1269 fecit,
1540 1217 1741 1274 nequa-

163 1311 316 1364 quam
347 1302 450 1348 tua:
473 1293 816 1362 perversitati
846 1293 1206 1364 suilragatur;
1235 1295 1490 1364 quoniam
1529 1293 1738 1363 punitio

161 1385 408 1440 vitiorum
439 1399 502 1438 ea
532 1384 710 1452 potius
737 1383 942 1454 regula,
973 1399 1136 1455 quam
1169 1400 1328 1454 supra
1359 1383 1736 1451 delibavimus,

162 1479 313 1532 debet
339 1475 564 1547 intelligi
589 1517 602 1542 ,
634 1484 692 1530 ut
722 1477 916 1532 merito
944 1477 1197 1532 vitiorum
1245 1478 1500 1548 puniatur
1528 1487 1738 1532 amator

160 1581 499 1643 patratorque
549 1570 803 1626 vitiorum
856 1589 868 1624 :
923 1585 1030 1625 non
1091 1572 1234 1626 enim
1284 1585 1499 1642 pmnam
1550 1572 1736 1638 sentit,

160 1665 296 1735 quod
341 1663 561 1718 omnino
612 1679 717 1717 non
769 1672 851 1718 est
922 1664 1015 1718 sed
1055 1665 1199 1734 quod
1245 1663 1589 1734 aliquatenus
1631 1672 1732 1720 est.

160 1757 316 1826 Quid,
342 1771 548 1826 qureso,
579 1756 917 1826 puniebatur‘
954 1756 1006 1810 in
1051 1756 1514 1826 trangressoribus
1537 1756 1736 1812 veteris

158 1850 288 1920 legis
333 1850 498 1904 etiam
548 1848 915 1917 lemporaliter
968 1847 1200 1904 diversis
1248 1849 1421 1904 modis
1452 1863 1736 1920 pmnarum

162 1941 414 1996 divinitus
453 1941 802 2006 indictarum,
853 1940 958 1996 nisi
989 1953 1202 1996 natura.
1241 1939 1380 1994 llinc
1407 1939 1739 2010 Augustinus

159 2033 214 2086 in
268 2033 496 2104 Epistola
548 2033 614 2088 ad
643 2032 864 2090 Galatas
901 2034 1064 2106 (cap.
1101 2050 1185 2100 Ill,
1229 2031 1344 2103 12)
1383 2047 1398 2086 :
1441 2032 1616 2105 [Lex,
1659 2033 1740 2088 in-

159 2128 365 2197 quiens,
395 2146 499 2183 non
523 2138 594 2183 est
619 2145 686 2183 ex
713 2127 836 2196 ﬁde,
862 2127 951 2182 sed
971 2129 1060 2199 qui
1084 2127 1261 2196 fecerit
1291 2143 1351 2180 ea
1377 2127 1505 2180 vivet
1533 2127 1587 2180 in
1609 2125 1734 2180 illis.

157 2218 272 2273 Non
295 2219 388 2284 ait,
415 2218 516 2287 Qui
558 2219 750 2276 fecerit
791 2235 932 2285 eam,
974 2220 1120 2273 vivet
1169 2219 1220 2273 in
1263 2234 1348 2282 ea,
1382 2226 1441 2273 ut
1471 2217 1738 2289 intelligas

157 2309 323 2381 legem
355 2311 406 2365 in
437 2312 540 2366 hoc
571 2311 688 2366 loco
716 2326 814 2382 pro
858 2311 990 2382 ipsis
1029 2310 1285 2380 operibus
1326 2309 1557 2378 positam
1586 2325 1601 2374 ;
1645 2307 1737 2378 qui

157 2411 332 2457 autem
362 2403 616 2458 vivebant
647 2403 698 2458 in
748 2404 833 2457 his
856 2403 1129 2471 operibus,
1157 2401 1419 2456 timebant
1459 2401 1641 2470 utique
1670 2413 1740 2454 ne

156 2495 200 2549 si
227 2510 329 2548 non
357 2509 421 2548 ea
449 2493 723 2556 fecissent,
769 2502 826 2546 ut
876 2493 1259 2562 lapidationem
1290 2491 1372 2546 vel
1402 2505 1618 2546 crucem
1643 2491 1740 2543 hu-

153 2584 382 2655 iusmodi
431 2593 764 2655 paterentur.
796 2583 938 2654 Ergo
959 2583 1046 2653 qui
1077 2582 1256 2651 fecerit
1277 2598 1360 2647 ea,
1389 2581 1586 2651 inquit,
1608 2580 1736 2634 vivet

155 2676 210 2728 in
238 2674 359 2738 illis,
397 2675 448 2728 id
475 2681 559 2728 est
587 2673 1136 2743 habebitpraamium,
1183 2687 1251 2726 ne
1279 2671 1381 2726 ista
1431 2680 1605 2725 morte
1643 2686 1740 2740 pu-

156 2763 378 2835 niatur.]
409 2765 447 2834 -ι-
473 2764 637 2831 idem,
669 2765 721 2818 in
744 2764 838 2819 lib.
865 2779 956 2818 xxx
987 2764 1052 2818 de
1075 2763 1304 2818 Civitate
1328 2761 1422 2817 Dei
1447 2761 1589 2833 (cap.
1611 2761 1734 2832 24):

157 2856 428 2930 [Ninivitae
472 2858 670 2928 quippe
699 2858 752 2911 in
799 2857 900 2911 hac
947 2856 1054 2910 vita
1095 2862 1320 2927 egerunt
1361 2854 1736 2925 paenitentiam

156 2951 329 3023 (.lome
359 2950 472 3020 Ill);
502 2958 557 3005 et
583 2950 705 3005 ideo
736 2948 1088 3013 fructuosam,
1114 2947 1260 3003 velut
1291 2947 1344 3001 in
1371 2946 1472 3002 hoc
1501 2961 1630 3016 agro
1656 2961 1738 3001 se-

154 3042 441 3105 minantes,
461 3041 514 3094 in
542 3054 648 3110 quo
671 3040 814 3095 Deus
834 3037 1004 3094 voluit
1027 3053 1149 3093 cum
1173 3037 1430 3108 lacrymis
1453 3035 1736 3102 seminari,

154 3135 297 3204 quod
329 3142 517 3204 postea
547 3148 672 3188 cum
718 3131 902 3186 laetitia
955 3138 1265 3186 meteretur.
1295 3130 1364 3184 Et
1398 3137 1577 3184 tamen
1614 3128 1736 3199 quis

153 3226 370 3294 negabit
407 3225 550 3294 quod
595 3224 854 3279 Dominus
890 3220 1141 3292 pnedixit
1168 3221 1220 3275 in
1259 3221 1338 3276 eis
1385 3219 1552 3276 fuisse
1588 3235 1737 3275 com-

153 3317 380 3388 pletum,
422 3316 525 3371 nisi
555 3331 748 3386 parum
792 3314 1040 3368 advertat
1067 3313 1518 3383 quemadmodum
1544 3325 1735 3381 pecca-

153 3421 299 3468 tores
323 3411 468 3468 Deus
497 3426 604 3466 non
630 3409 804 3464 solum
830 3409 1020 3474 iratus,
1044 3422 1231 3463 verum
1260 3407 1423 3462 etiam
1446 3405 1736 3461 miseratus

149 3506 394 3560 evertat?
415 3505 745 3559 Evertuntur
779 3503 923 3558 enim
953 3505 1266 3572 peccatores
1296 3501 1506 3557 duobus
1537 3503 1732 3567 modis,

149 3610 245 3653 aut
270 3599 412 3654 sicut
464 3598 757 3654 Sodomita:
785 3595 938 3671 (Cen.
969 3596 1218 3668 xxx,‘24),
1246 3606 1305 3652 ut
1353 3611 1452 3666 pro
1496 3597 1736 3667 peccatis

147 3691 262 3746 suis
315 3691 416 3761 ipsi
479 3691 728 3746 homines
774 3691 1097 3762 puniantur;
1154 3697 1246 3743 aut
1294 3689 1432 3744 sicut
1484 3688 1735 3757 Ninivita:

146 3782 326 3855 (J0me
352 3798 432 3848 Ill,
465 3782 554 3854 5),
607 3791 668 3837 ut
704 3783 819 3854 ipsa
859 3782 1138 3838 hominum
1177 3791 1399 3852 peccata
1425 3781 1736 3850 paenitendo

149 3873 554 3947 destruantur.]
577 3875 617 3946 -ι-
645 3875 778 3930 Item
799 3874 1044 3945 sequeris
1075 3892 1087 3927 :

696 4001 925 4042 JOANNES
962 4002 1180 4042 SCOTUS.

151 4151 156 4156 .
218 4101 374 4172 (Cap.
413 4100 505 4166 ‘16,
548 4116 697 4156 num.
740 4099 830 4167 10,
873 4109 1007 4156 sect.
1050 4100 1130 4170 ὅ.)
1159 4109 1200 4155 Θ
1240 4097 1372 4153 Cum
1414 4099 1588 4170 itaque
1631 4115 1736 4153 om-

141 4194 292 4247 nium
317 4192 588 4248 hominum
623 4193 918 4247 uniuersam
960 4199 1206 4245 naturam
1239 4191 1295 4244 in
1321 4191 1491 4260 primo
1527 4190 1736 4244 homine

137 4283 290 4336 Deus
317 4283 625 4346 condiderit,
653 4282 792 4354 quod
825 4283 879 4335 in
907 4282 1019 4352 ipsa
1043 4279 1362 4335 naturaliter
1394 4289 1624 4334 creatum
1658 4290 1735 4335 est

138 4372 292 4427 nullo
315 4374 470 4428 modo
490 4373 655 4444 potuit
687 4372 982 4427 naturalem
1004 4371 1163 4443 legem
1185 4369 1452 4426 Creatoris
1473 4373 1733 4426 transire:

135 4484 248 4522 non
288 4467 440 4537 igitur
483 4467 540 4520 in
570 4465 661 4521 illo
700 4466 928 4537 peccavit
955 4465 1094 4536 quod
1123 4466 1178 4518 in
1199 4464 1290 4518 illo
1319 4464 1460 4519 Deus
1481 4465 1693 4520 creauit.

782 4594 1104 4636 οοωοτιο.

209 4676 255 4748 -ι-
293 4675 546 4729 Animam
581 4681 637 4729 et
671 4689 871 4744 corpus
902 4672 1139 4729 hominis
1179 4674 1321 4728 Deus
1349 4672 1580 4737 creavit,
1609 4685 1731 4742 quae

127 4767 351 4839 pariter
381 4773 762 4834 peccaverunt,
793 4764 970 4819 anima
1017 4763 1249 4819 volendo
1293 4773 1351 4817 et
1387 4778 1605 4833 pomum
1645 4763 1726 4817 in-

129 4856 388 4910 terdictae
445 4853 657 4910 arboris
697 4854 1149 4924 concupiscendo,
1193 4863 1248 4908 et
1287 4868 1484 4924 corpus
1538 4853 1730 4910 inobe-

127 4945 481 5001 dientissime
506 4947 868 5012 comedendo;
899 4961 1019 5016 quae
1056 4945 1197 5001 sicut
1225 4952 1455 5014 utraque
1485 4945 1626 5000 Deus
1650 4944 1728 5001 fe-

126 5040 235 5105 cit,
271 5040 347 5094 ita
373 5047 602 5109 utraque
626 5048 1007 5109 peccaverunt,
1037 5039 1251 5094 animus
1280 5037 1487 5104 volens,
1517 5048 1571 5093 et
1605 5054 1729 5094 cor-

125 5145 242 5202 pus
269 5130 612 5200 iniquissime
624 5132 948 5200 obsequens,
967 5129 1092 5199 quia
1116 5129 1257 5185 sicut
1277 5138 1360 5184 est
1380 5129 1545 5184 animi
1572 5130 1722 5199 velle,

126 5223 214 5278 ita
246 5231 338 5277 est
366 5223 612 5293 corporis
639 5223 876 5292 Operari.
904 5221 963 5276 Si
1004 5221 1149 5276 enim
1191 5221 1442 5278 voluntas
1479 5237 1732 5293 perseve-

127 5325 333 5373 ratura
366 5295 473 5371 non
505 5325 612 5380 est,
638 5329 861 5370 necesse
886 5321 972 5369 est
998 5313 1227 5384 alicujus
1247 5323 1456 5369 naturae
1484 5314 1736 5370 voluntas

125 5408 232 5464 sit.
270 5407 370 5463 Est
401 5407 564 5480 igitur
589 5406 756 5460 animi
793 5403 949 5469 velle,
978 5412 1034 5460 et
1061 5405 1360 5471 voluntate,
1391 5405 1444 5460 id
1473 5414 1558 5460 est
1583 5416 1732 5462 motu

127 5515 263 5565 suo,
295 5498 383 5552 vel
408 5514 486 5563 se,
515 5497 598 5552 vel
623 5513 820 5566 corpus
849 5512 1008 5552 suum
1028 5495 1094 5550 ad
1115 5503 1228 5552 haec
1251 5497 1332 5552 vel
1357 5498 1444 5552 illa
1475 5515 1690 5554 movere
1716 5519 1728 5554 :

126 5611 251 5665 quo
284 5595 577 5650 conficitur
604 5602 663 5647 ut
685 5594 803 5664 ejus
825 5593 897 5648 sit
915 5608 1170 5664 peccasse
1190 5593 1344 5662 cuius
1370 5594 1470 5650 fuit
1495 5605 1550 5649 ct
1574 5597 1727 5651 velle.

125 5689 439 5756 Nusquam
468 5686 611 5741 enim
634 5685 887 5741 voluntas
916 5685 1020 5740 nisi
1047 5685 1098 5738 in
1126 5693 1319 5739 natura
1343 5695 1398 5740 et
1421 5702 1488 5741 ex
1516 5697 1731 5753 natura,

127 5794 312 5849 quam
369 5779 548 5842 Deus,
584 5793 792 5834 summa
846 5786 899 5835 et
959 5778 1413 5833 incommutabilis
1466 5781 1733 5845 voluntas,

1038 323 1126 379 DE
1163 323 1842 382 PREDESTINATIONE
1881 323 2160 380 CONTRA
2196 327 2245 382 J.
2289 327 2584 388 SCOTUM.

1756 4536 1812 4598 D

3278 347 3300 401 l
3312 345 3416 403 250

1771 445 1818 504 Α
1847 441 2110 508 condidit,
2144 441 2428 499 invenitur.
2466 445 2540 500 De
2568 462 2675 516 qua
2702 465 2759 505 re
2776 449 2886 518 jam
2917 468 3077 524 supra
3099 463 3419 516 sententiam

1841 529 1984 584 beati
2028 531 2310 601 Augustini
2339 536 2617 604 posuimus
2650 554 2715 593 ex
2747 541 2882 598 libro
2919 545 3035 614 ejus
3073 547 3419 608 Enchiridion

1841 619 1978 691 (cap.
2015 622 2125 692 15),
2154 639 2259 692 qua
2296 625 2427 680 dicit
2469 629 2610 697 quod
2643 629 2732 701 [ex
2759 633 2898 688 bona
2946 637 3182 694 hominis
3226 650 3419 698 natura

1840 713 1976 766 oriri
2019 714 2264 770 voluntas
2308 726 2361 771 et
2406 719 2546 773 bona
2597 731 2771 792 potest
2817 734 2871 779 et
2913 728 3073 791 mala,
3109 746 3207 786 nec
3251 731 3418 789 fuisse

1841 819 2061 872 prorsus
2103 809 2244 862 unde
2271 809 2526 878 primitus
2559 815 2796 870 oriretur
2825 819 3073 875 voluntas
3125 822 3286 889 mala,
3315 823 3418 880 nisi

1842 910 1909 950 ex
1941 898 2114 969 angeli
2163 907 2217 955 et
2249 901 2483 959 hominis
2527 914 2716 961 natura
2747 908 2906 964 bona.
2937 909 2956 982 ]

1913 988 2015 1082 Qui
2042 993 2206 1047 etiam
2234 993 2286 1048 in
2308 996 2495 1050 eodem
2527 998 2640 1054 hzec
2670 1009 2752 1055 est
2779 1013 3094 1072 prosecutus
3123 1007 3263 1080 (cap.
3293 1010 3417 1082 25):

1843 1078 2087 1152 [Verum
2129 1085 2244 1141 haec
2287 1091 2596 1144 communia
2627 1093 2764 1147 mala
2809 1106 2937 1151 sunt
2970 1105 3025 1152 et
3065 1078 3340 1157 hominum
3367 1078 3421 1158 et

1840 1175 2151 1246 angelorum
2175 1194 2274 1248 pro
2311 1195 2407 1235 sua
2437 1183 2643 1239 malitia
2675 1185 2766 1242 Dei
2782 1185 2995 1255 justitia
3018 1192 3416 1250 damnatorum.

1841 1263 1945 1320 Sed
1979 1268 2139 1324 homo
2189 1271 2351 1328 habet
2401 1285 2454 1330 et
2501 1291 2716 1346 pmnam
2777 1283 3073 1351 prepriam,
3107 1301 3211 1355 qua
3251 1288 3415 1343 etiam

1837 1359 2082 1427 corporis
2111 1369 2284 1418 morte
2313 1365 2533 1433 punitus
2558 1377 2660 1424 est.
2697 1369 2881 1427 Mortis
2913 1374 2962 1428 ei
2989 1374 3187 1446 quippe
3211 1378 3414 1448 suppli-

1838 1451 1980 1506 cium
2010 1452 2150 1510 Deus
2169 1457 2538 1516 comminatus
2563 1459 2740 1519 fuerat
2777 1464 2821 1520 si
2849 1477 3136 1536 peccaret:
3163 1471 3240 1525 sic
3267 1473 3411 1526 enim

1838 1559 2131 1604 munerans
2157 1548 2327 1605 libero
2359 1552 2602 1622 arbitrio,
2631 1565 2691 1611 ut
2714 1567 2893 1614 tamen
2920 1571 3132 1630 regeret
3166 1564 3416 1637 imperio,

1840 1646 2068 1697 terreret
2091 1643 2460 1716 exitio,atque
2485 1647 2538 1702 in
2569 1650 2806 1718 paradisi
2839 1651 3118 1720 felicitate,
3157 1664 3412 1728 tanquam

1838 1729 1893 1784 in
1928 1733 2116 1788 umbra
2163 1735 2310 1802 vita,
2355 1740 2495 1793 unde
2541 1738 2748 1810 justitia
2795 1745 3064 1800 cnstodita
3090 1747 3142 1800 in
3192 1749 3416 1804 meliora

1817 1824 2246 1891 ‘conscenderet,
2279 1826 2579 1884 collocavit.
2621 1831 2755 1888 Hinc
2794 1844 2914 1902 post
2946 1844 3224 1904 peccatum
3265 1840 3419 1894 exsul

1839 1913 2082 1980 effectus,
2116 1916 2338 1988 stirpem
2387 1936 2600 1991 quoque
2643 1938 2815 1986 suam,
2851 1941 3015 1996 quam
3059 1930 3333 1996 peccando
3363 1931 3415 1986 in

1840 2020 1899 2060 se
1932 2015 2188 2077 tanquam
2237 2011 2290 2064 in
2343 2013 2524 2068 radice
2579 2014 2876 2080 vitiaverat,
2913 2031 3074 2087 pmna
3126 2021 3320 2076 mortis
3365 2030 3421 2077 et

1839 2094 2204 2153 damnationis
2231 2099 2544 2168 obstrinxit,
2573 2111 2631 2157 ut
2662 2105 2921 2174 quidquid
2951 2107 3117 2176 prolis
3137 2124 3202 2164 ex
3230 2110 3343 2176 illo,
3365 2121 3420 2166 et

1839 2186 1998 2242 simul
2046 2189 2320 2257 damnata,
2353 2209 2448 2263 per
2477 2210 2638 2264 quam
2680 2208 3020 2266 peccaverat,
3049 2201 3297 2274 conjuge,
3321 2220 3420 2275 per

1839 2281 2112 2338 carnalem
2182 2288 2715 2357 concupiscentiam,
2781 2293 2833 2346 in
2888 2309 2993 2364 qua
3046 2295 3421 2353 inobedientia:

1836 2388 1998 2443 poena
2049 2377 2242 2432 similis
2296 2381 2560 2436 retributa
2617 2393 2738 2451 est,
2790 2395 3145 2454 nasceretur,
3181 2392 3421 2446 traheret

1839 2466 2100 2536 originale
2129 2479 2432 2538 peccatum,
2460 2487 2567 2542 quo
2591 2475 2912 2542 traheretur,
2947 2493 3044 2548 per
3070 2493 3288 2535 errores
3315 2481 3411 2535 do-

1841 2557 2093 2629 loresque
2122 2560 2386 2625 diversos,
2415 2565 2480 2618 ad
2508 2565 2636 2640 illud
2674 2579 2977 2626 extremum
3009 2588 3131 2626 cum
3173 2575 3418 2629 deserto-

1838 2650 1988 2707 ribus
2014 2653 2238 2722 angelis,
2269 2656 2633 2724 vitiatoribus,
2663 2669 2717 2716 et
2739 2664 3165 2731 possessoribus,
3193 2674 3247 2720 et
3292 2681 3419 2721 con-

1839 2746 2078 2800 sortibus
2113 2747 2245 2814 suis,
2289 2750 2406 2805 sine
2435 2751 2541 2807 ﬁne
2580 2753 2920 2824 supplicium.
2961 2753 3108 2812 Sicut
3133 2775 3225 2828 per
3251 2774 3417 2814 unum

1838 2837 2098 2892 hominem
2133 2850 2402 2908 peccatum
2447 2843 2657 2898 intravit
2704 2845 2757 2899 in
2784 2846 3058 2912 mundum,
3091 2859 3139 2903 et
3172 2866 3264 2919 per
3301 2867 3419 2920 pec-

1839 2936 2011 2981 catum
2039 2945 2204 2998 mors,
2231 2941 2278 2986 et
2307 2933 2381 2987 ita
2403 2949 2578 2988 omnes
2610 2935 2844 2990 homines
2875 2940 3199 3007 pertransiit,
3222 2941 3277 2995 in
3305 2959 3410 3012 quo

1839 3032 2015 3072 omnes
2058 3032 2400 3089 peccaverunt
2450 3023 2622 3095 (Rom.
2670 3043 2724 3093 v,
2755 3028 2842 3100 12)
2873 3046 2885 3082 :
2916 3032 3177 3087 mundum
3224 3034 3420 3105 quippe

1841 3109 2128 3179 appellavit
2154 3126 2218 3167 eo
2249 3112 2367 3169 loco
2415 3115 2705 3188 Apostolus
2755 3121 3062 3177 universum
3115 3139 3284 3194 genus
3322 3107 3420 3180 lin-

1840 3216 2083 3256 manum.
2116 3202 2194 3258 lla
2221 3219 2349 3276 ergo
2377 3223 2434 3262 se
2465 3223 2552 3264 res
2599 3210 2834 3267 habebat
2860 3230 2872 3266 :
2897 3213 3112 3283 jacebat
3140 3215 3194 3270 in
3239 3217 3416 3283 malis,

1837 3294 1923 3348 vel
1960 3296 2122 3350 etiam
2159 3298 2497 3366 volvebatur,
2524 3308 2578 3355 et
2613 3301 2679 3356 de
2708 3303 2864 3358 malis
2905 3305 2956 3358 in
2990 3303 3129 3359 mala
3173 3307 3421 3376 praccipi-

1840 3385 2056 3441 tabatur
2107 3388 2270 3443 totiu's
2306 3389 2519 3460 generis
2549 3390 2772 3446 humani
2817 3407 2998 3448 massa
3038 3394 3325 3461 damnata;
3363 3403 3420 3450 et

1838 3475 2088 3544 adjuncta
2128 3480 2266 3550 parti
2314 3495 2520 3547 eorum,
2552 3482 2645 3551 qui
2675 3493 3052 3553 peccaverant,
3083 3485 3416 3556 angelorum,

1837 3567 2021 3624 luebat
2073 3572 2251 3643 impia:
2298 3573 2621 3630 desertionis
2680 3576 3028 3644 dignissimas
3070 3590 3277 3646 poenas.
3335 3576 3416 3632 Ad

1838 3664 1974 3719 iram
2002 3667 2198 3738 quippe
2241 3667 2336 3722 Dei
2380 3668 2614 3737 pertinet
2635 3666 2838 3737 justam
2885 3668 3144 3737 quidquid
3177 3683 3319 3724 cmca
3363 3679 3419 3726 et

1837 3755 2095 3811 indomita
2159 3757 2598 3828 concupiscentia
2630 3757 2838 3814 faciunt
2876 3759 3110 3815 libenter
3143 3761 3312 3828 mali,
3360 3772 3415 3817 et

1836 3848 2097 3917 quidquid
2126 3849 2430 3904 manifestis
2461 3849 2774 3920 apertisque
2815 3851 2994 3921 pmnis
3019 3852 3300 3923 patiuntur
3332 3854 3414 3908 in-

1835 3938 1954 3992 viti.
1986 3937 2006 4010 ]
2032 3939 2072 4009 -ι-
2102 3938 2305 3994 Deinde
2341 3939 2590 4012 adjungis
2616 3949 2672 3996 et
2693 3941 2826 3997 dicis
2841 3959 2869 3998 ':

2389 4047 2615 4088 JOANNES
2651 4047 2869 4089 SCOTUS.

1907 4120 2062 4192 (Cap.
2111 4121 2203 4188 l6,
2250 4138 2399 4178 num.
2455 4125 2545 4190 11,
2582 4135 2718 4181 scct.
2773 4127 2852 4199 5.)
2901 4137 2942 4184 Θ
2979 4129 3036 4183 1η
3087 4144 3194 4200 quo
3245 4141 3416 4188 tamen

1835 4226 2027 4267 omnes
2070 4222 2453 4282 peccaverunt,
2500 4231 2564 4268 ac
2600 4233 2693 4285 per
2739 4216 2834 4271 hoc
2873 4218 2926 4271 in
2960 4219 3070 4288 ipso
3107 4236 3282 4275 omnes
3311 4238 3418 4276 mo-

1837 4307 2067 4370 riuntur,
2109 4317 2156 4360 et
2207 4318 2580 4378 consequenter
2625 4326 2798 4366 omnes
2837 4313 3150 4382 puniuntur,
3200 4317 3418 4385 proinde

1839 4397 2125 4452 rectissime
2172 4400 2424 4454 creditur.
2458 4400 2915 4466 Quemadmodum
2954 4406 3009 4460 in
3037 4405 3128 4460 illo
3165 4406 3307 4462 Deus
3333 4426 3419 4478 ge-

1838 4487 2066 4543 neralem
2102 4492 2319 4545 humani
2363 4494 2566 4564 generis
2611 4511 2790 4550 creare
2841 4495 3002 4551 voluit
3045 4497 3414 4566 substantiam,

1835 4579 1910 4633 ita
1935 4588 1984 4633 et
2031 4581 2264 4634 omnium
2320 4581 2592 4637 hominum
2634 4586 2901 4655 prapriam
2937 4587 3204 4642 substituit
3238 4588 3419 4642 volun-

1836 4678 2018 4724 tatem.
2066 4669 2125 4726 Si
2175 4672 2312 4726 enim
2349 4673 2402 4725 in
2444 4689 2549 4728 uno
2594 4677 2886 4730 communis
2924 4679 3157 4732 omnium
3201 4687 3247 4731 et
3298 4695 3416 4730 cor-

1832 4761 2032 4832 poralis
2055 4771 2102 4816 et
2130 4762 2385 4832 spiritalis
2409 4773 2612 4820 natura?
2634 4767 2882 4822 humana:
2899 4768 3168 4838 plenitudo
3197 4769 3263 4823 sit
3291 4787 3416 4822 con-

1839 4853 2049 4917 stituta,
2080 4854 2374 4908 necessario
2395 4855 2443 4908 ei
2483 4856 2653 4909 inerat
2677 4856 3006 4927 singulorum
3031 4857 3267 4912 uoluntas
3299 4874 3419 4927 pro-

1832 4946 1969 5014 pria.
2018 4943 2140 4998 Non
2170 4946 2344 5015 itaque
2384 4946 2518 5001 ineo
2555 4949 2783 5017 peccavit
2829 4959 3032 5003 natura:
3077 4949 3414 5020 generalitas,

1839 5036 1931 5089 sed
1954 5036 2366 5108 uniuscujusque
2392 5037 2664 5092 individua
2685 5039 2942 5093 voluntas.

2461 5145 2782 5185 CORRECTIO.

1909 5223 1949 5293 -ἰ-
1983 5222 2123 5280 Caro
2143 5222 2360 5295 quidem
2381 5233 2574 5278 natura
2596 5233 2697 5288 est,
2712 5223 2948 5277 animam
2971 5223 3148 5280 nullus
3170 5233 3420 5281 naturam

1841 5316 2082 5382 dubitat,
2109 5310 2377 5382 voluntas,
2403 5317 2529 5386 quia
2576 5325 2770 5370 natura
2816 5330 2924 5370 non
2973 5317 3065 5384 sit,
3089 5317 3222 5372 satis
3247 5327 3302 5372 et
3329 5334 3416 5371 ra-

1841 5409 1989 5466 tione
2006 5419 2062 5466 et
2079 5411 2400 5466 auctoritate
2423 5416 2778 5464 monstratum
2797 5416 2900 5463 est.
2922 5407 3037 5464 Non
3062 5411 3226 5481 igitur
3239 5409 3415 5463 volun-

1839 5510 1921 5555 tas
1953 5500 2044 5554 lilii
2084 5516 2148 5554 ex
2191 5501 2463 5554 voluntate
2503 5506 2785 5568 parentum
2831 5498 3086 5569 gignitur,
3126 5500 3265 5554 sicut
3293 5515 3419 5554 caro

1837 5592 2001 5662 prolis
2025 5607 2093 5647 ex
2111 5607 2275 5646 carne
2300 5591 2512 5661 prodire
2539 5589 2843 5662 genitorum
2873 5591 3096 5647 minime
3120 5591 3416 5646 dubitatur.

1838 5685 1952 5741 Non
1989 5702 2120 5757 ergo
2148 5685 2424 5741 voluntate
2453 5686 2506 5739 iu
2541 5687 2712 5739 Adam
2752 5700 2941 5741 omnes
2985 5687 3185 5756 posteri
3228 5701 3420 5758 pecca-

1840 5789 2056 5836 verunt.
2086 5795 2246 5851 quam
2275 5794 2373 5835 nec
2411 5779 2475 5833 ab
2503 5779 2592 5833 illo
2631 5777 2950 5832 naturaliter
2982 5788 3252 5833 traxerunt
3284 5797 3295 5832 :
3324 5780 3418 5834 sed
