4010 6352
578 407 712 477 i251

1581 414 1639 470 S.
1682 412 2057 469 PRUDENTII
2097 411 2478 467 TItECENSIS
2524 413 2832 470 EPISCOPI

3739 417 3870 470 1352

578 547 691 596 tota
741 544 956 600 natura,
985 533 1203 607 propria
1237 531 1477 600 ejusdem
1523 529 1845 601 protoplasti
1877 528 2150 584 voluntate
2181 533 2231 590 Α
2255 537 2328 582 est
2359 530 2649 582 substantia
2679 528 3080 600 .Redemptoris,
3106 532 3161 584 in
3202 548 3264 586 ea
3311 532 3567 587 remansit
3620 531 3870 586 incom-

576 630 786 694 vitiata,
818 643 938 698 qua;
967 642 1069 682 non
1097 633 1178 680 est
1203 625 1388 694 utique
1415 623 1627 686 vilium,
1654 623 1746 677 sed
1777 632 1968 692 sponte
1997 619 2161 675 semel

577 701 786 785 vitiata,
816 719 948 776 nihil
977 731 1198 788 prorsus
1219 729 1287 769 ex
1313 729 1371 768 se
1409 714 1513 768 nisi
1541 713 1785 768 vitiatum
1817 715 2042 784 gignere
2063 727 2161 782 po-

578 813 703 877 tuit,
718 809 976 882 quidquid
997 805 1226 861 naturali
1257 804 1630 859 commistione
1649 803 1984 874 propagavit.
2010 802 2164 858 Unde

577 914 632 961 et
655 895 976 973 Apostolus:
1001 897 1136 961 Non,
1166 896 1360 967 inquit,
1379 909 1477 966 per
1500 910 1661 948 unam
1683 893 1767 948 vel
1795 894 1954 947 unius
1979 893 2164 948 volun-

577 1004 766 1060 tatem,
795 993 848 1048 in
893 1005 1081 1046 omnes
1107 989 1412 1043 voluntates
1440 1002 1586 1041 mors
1614 985 1950 1056 pertransiit,
1981 1001 2081 1040 nec
2107 985 2158 1038 in

575 1102 738 1160 quam
770 1099 959 1140 omnes
987 1089 1372 1154 peccaverunt,
1398 1079 1487 1134 sed
1513 1095 1606 1148 per
1629 1094 1793 1132 unum
1819 1078 2078 1131 hominem
2107 1077 2160 1130 in

573 1195 748 1235 omnes
772 1177 1005 1232 homines
1032 1191 1172 1229 mors
1196 1173 1523 1244 pertransiit,
1547 1172 1601 1226 in
1625 1188 1726 1242 quo
1757 1188 1934 1226 omnes
1973 1188 2159 1241 pecca-

573 1253 751 1326 uerunt
793 1266 965 1340 (Rom.
999 1281 1098 1327 xu,
1129 1264 1207 1331 5).
1249 1263 1348 1331 Qui
1377 1277 1499 1318 cum
1533 1261 1674 1314 nulla
1702 1261 2027 1316 necessitate
2055 1276 2158 1316 na-

573 1370 728 1428 turae,
760 1361 854 1416 sed
899 1343 1174 1416 voluntate
1216 1355 1560 1426 peccaverit,
1593 1355 1664 1408 ita
1693 1369 1772 1420 se,
1807 1355 1860 1408 id
1889 1362 1975 1410 est
2004 1363 2158 1409 natu-

573 1471 687 1509 ram
736 1469 910 1516 suam,
952 1452 1188 1506 animam
1229 1448 1479 1503 videlicet
1519 1454 1573 1502 et
1616 1461 1856 1512 carnem,
1883 1446 2157 1516 peccando

569 1545 802 1609 vitiavit,
831 1552 891 1599 ut
919 1541 1052 1597 nihil
1076 1555 1145 1595 ex
1177 1555 1238 1596 ea
1269 1537 1550 1610 complexu
1595 1537 1830 1592 naturali
1858 1538 1962 1592 nisi
1990 1537 2154 1592 vitia-

571 1627 683 1692 lum
715 1636 931 1708 prodire
954 1634 1144 1706 possit.
1171 1631 1324 1700 Quod
1354 1631 1408 1686 in
1442 1640 1586 1684 motu
1610 1628 1858 1700 pudendo
1886 1630 2156 1684 membro-

571 1745 688 1784 rum
721 1727 1031 1798 genitalium
1077 1734 1200 1793 post
1229 1722 1542 1779 eorumdem
1585 1720 2044 1793 protoplastorum
2075 1721 2156 1776 in-

569 1819 932 1876 obedientiam
966 1816 1296 1872 declaratum
1319 1823 1419 1878 est,
1446 1813 1537 1884 qui
1564 1827 1836 1882 nunquam
1868 1827 1977 1868 sua:
2006 1812 2174 1867 nudiv

2261 632 2427 693 ptum,
2459 632 2649 692 pra'ter
2688 623 2828 692 quod
2877 639 3054 677 omnes
3091 637 3428 694 peccaverunt
3457 625 3628 679 simul
3669 626 3725 678 in
3775 627 3870 678 lto-

2262 713 2400 766 mine
2452 729 2553 766 uno
2603 725 2622 764 .'
2663 729 2765 766 non
2811 715 2948 768 enim
2998 713 3084 768 ille
3121 717 3346 783 peccauit
3377 717 3430 769 in
3477 717 3758 779 omnibus,
3786 717 3869 770 sed

2261 821 2438 859 omnes
2463 805 2516 858 in
2538 805 2628 858 illo
2646 822 2665 870 ;
2694 805 2825 858 sicut
2855 805 2992 858 enim
3023 805 3109 858 illc
3131 806 3351 859 habebat
3380 807 3666 877 propriam
3694 807 3870 861 solun-

2260 904 2433 955 tatem.
2470 898 2545 949 ita
2585 905 2634 950 et
2676 895 2944 965 proprium
2983 906 3273 966 peccatum.
3319 894 3386 949 Et
3411 898 3869 966 quemadmodum

2259 987 2312 1041 in
2342 987 2432 1042 illo
2461 1006 2815 1060 unusquisque
2843 989 3013 1060 potuit
3047 990 3316 1060 proprium
3362 992 3707 1044 committere
3748 993 3870 1044 deli-

2259 1093 2419 1148 ctum,
2450 1085 2504 1137 in
2541 1083 2687 1138 nullo
2715 1083 2903 1154 quippe
2935 1083 3235 1138 vindicatur
3256 1085 3400 1155 justo
3425 1083 3661 1138 alterius
3687 1102 3866 1157 pecca-

2257 1185 2391 1240 tum,
2412 1175 2630 1246 proinde
2654 1176 2707 1228 in
2730 1173 2873 1242 nullo
2898 1185 3091 1228 natura
3117 1176 3354 1244 punitur,
3387 1177 3516 1246 quia
3544 1193 3617 1230 ex
3639 1173 3757 1230 Deo
3779 1188 3865 1241 est,

2257 1276 2441 1324 etnon
2483 1276 2680 1337 peccat.
2733 1255 2910 1320 Motus
2970 1276 3143 1320 autem
3185 1267 3523 1323 uoluntarius
3587 1269 3867 1324 libidinose

2259 1343 2408 1411 utens
2439 1367 2644 1410 natura:
2686 1354 2841 1422 bona,
2887 1347 3070 1410 merito
3098 1357 3330 1426 punitur,
3373 1358 3504 1430 quia
3551 1361 3866 1412 καταναιε-

2256 1431 2368 1521 gent
2400 1449 2802 1518 transgreditur,
2837 1437 2994 1520 quam
3035 1465 3214 1522 procul
3245 1449 3402 1503 dubio
3444 1467 3558 1504 non
3609 1460 3868 1522 transgre-

2256 1539 2483 1604 deretur,
2508 1541 2552 1593 si
2575 1539 2988 1594 substantialiter
3013 1557 3044 1592 a
3067 1538 3176 1594 Deo
3200 1550 3492 1594 crearetur.
3519 1539 3676 1594 Hinc
3704 1555 3866 1612 aperte

2255 1625 2520 1702 colligitur
2549 1632 2603 1686 in
2643 1633 2814 1702 impiis
2857 1631 3115 1701 supplicia
3165 1648 3268 1686 non
3310 1633 3514 1703 perpeti
3546 1633 3703 1703 quod
3737 1632 3864 1687 Deus

2257 1715 2400 1793 fecit,
2431 1723 2520 1777 sed
2549 1723 2688 1794 quod
2728 1722 2970 1790 superbia
3015 1722 3197 1776 vitiose
3242 1723 3434 1777 invenit
3459 1736 3479 1773 :
3502 1722 3683 1776 libido
3719 1725 3867 1793 siqui-

2255 1809 2373 1867 dem
2408 1830 2660 1884 perversa?
2686 1812 2965 1868 voluntatis
3005 1813 3292 1876 cruciatur,
3319 1813 3445 1864 dum
3479 1829 3546 1866 ea
3575 1828 3710 1864 auct
3743 1811 3866 1865 male

569 1909 695 1964 tatis
723 1918 883 1963 antea
925 1907 1213 1962 erubuisse
1247 1905 1458 1973 sibique
1502 1903 1836 1974 perizomata
1880 1904 2158 1960 consuisse
2187 1900 2234 1961 Β
2261 1897 2350 1961 aut
2376 1905 2584 1978 indigne
2606 1899 2817 1978 appetit,
2843 1904 3030 1959 habere
3057 1921 3160 1957 non
3183 1903 3393 1958 sinitur.

569 1991 881 2056 referuntur
906 1994 1057 2068 (Gen.
1089 2012 1174 2062 ιιι,
1205 1995 1283 2066 7).
1333 1994 1535 2049 Natura
1565 1995 1748 2065 itaque
1791 1996 2155 2051 membrorum

569 2090 883 2164 genitalium
930 2088 1246 2158 voluptuose
1275 2102 1338 2142 ac
1368 2086 1993 2158 concupiscentiabiliter
2039 2101 2160 2142 mu-

570 2193 662 2240 tuo
693 2197 822 2237 sexu
847 2179 1152 2245 commista,
1177 2180 1396 2236 omnino
1422 2181 1669 2249 quamvis
1697 2195 1806 2235 non
1828 2180 2033 2251 absque
2056 2196 2154 2237 vo-

587 2282 804 2342 untate,
835 2289 1062 2344 peccare
1107 2274 1466 2339 convincitur,
1495 2288 1614 2344 quae
1656 2280 1766 2327 tam
1815 2272 2158 2345 improbabili

568 2377 716 2424 motu
764 2368 1041 2444 deservire
1089 2367 1336 2446 nequiter
1367 2367 1768 2437 comprobatur.
1799 2366 1939 2421 Audi
1965 2384 1976 2420 :
2005 2366 2158 2424 Nunc

567 2461 784 2516 tandem
811 2469 958 2516 certe
987 2459 1352 2531 Pelagianum,
1385 2457 1792 2526 leestianum,
1847 2460 1956 2516 imo
1994 2460 2040 2516 si
2082 2460 2156 2516 ita

566 2552 673 2608 dici
718 2553 906 2624 possit,
939 2552 1211 2608 lulianum
1263 2562 1316 2608 te
1365 2567 1486 2607 esse
1531 2553 1854 2623 pronuntio,
1889 2554 1980 2625 qui
2034 2563 2158 2625 post

569 2646 879 2718 damnatam
911 2645 1039 2700 olim
1068 2661 1335 2701 consensu
1368 2644 1552 2700 mundi
1583 2645 1747 2700 totius
1773 2660 1958 2702 eorum
1987 2647 2158 2702 haere-

568 2738 693 2803 sim,
724 2753 916 2802 novus,
949 2746 1006 2791 ut
1035 2737 1110 2792 ita
1141 2737 1402 2804 dixerim,
1430 2737 1728 2808 sopitorum
1771 2737 2018 2794 cinerum
2061 2755 2158 2795 ex-

568 2809 861 2884 suscitator
886 2829 1142 2900 emergis,
1173 2836 1226 2884 et
1259 2828 1508 2884 naturale
1549 2836 1712 2899 atque
1741 2829 2004 2901 originale
2032 2845 2159 2901 pec-

568 2929 748 2998 catum
780 2921 1000 2976 humani
1028 2921 1243 2992 generis
1264 2921 1496 2990 abjuras,
1523 2927 1578 2974 ut
1605 2919 1836 2990 gratiam
1867 2920 2158 2992 gratuitam

567 3011 804 3067 auferas.
837 3012 912 3072 llli
940 3013 1083 3068 enim
1107 3012 1360 3067 dixerunt
1385 3012 1575 3066 eadem
1602 3010 1834 3076 insania,
1858 3012 2160 3068 imitatione

568 3109 849 3176 peccatum
877 3101 1006 3159 Adae
1040 3103 1298 3158 transisse
1343 3103 1395 3157 in
1446 3110 1716 3173 posteros,
1761 3117 1866 3157 non
1917 3112 2154 3158 natura:

569 3191 1021 3260 quemadmodum
1049 3193 1252 3248 veritas
1279 3192 1331 3246 in
1356 3191 1617 3263 Apostolo
1641 3200 1695 3247 et
1715 3207 1814 3264 per
1837 3193 2154 3264 Apostolum

2889 2062 3212 2105 οοιιιιιοτιο.

2330 2185 2372 2257 1-
2403 2183 2666 2252 Quamvis
2690 2183 2904 2240 abunde
2950 2183 3036 2239 his
3075 2181 3184 2237 tuis
3218 2179 3596 2252 pravitatibus
3649 2197 3866 2254 ηεροδ-

2258 2291 2378 2333 sum
2410 2277 2500 2340 sit,
2552 2273 2679 2329 illud
2715 2281 2894 2328 tamen
2947 2272 3000 2327 in
3031 2272 3110 2327 eis
3135 2273 3311 2343 primo
3350 2272 3634 2341 perpendi
3665 2281 3872 2342 opstat

2259 2357 2404 2442 quod
2439 2365 2775 2421 voluntatem
2813 2380 2843 2419 a
2897 2363 3199 2419 substantia
3258 2377 3558 2418 secernere
3615 2363 3862 2428 videaris,

2259 2477 2422 2538 quam
2449 2455 2643 2532 primis
2677 2460 2752 2515 tui
2781 2458 2962 2529 operis
3003 2457 3248 2529 partibus
3287 2451 3599 2513 essentiam
3632 2458 3867 2513 obstina-

2259 2555 2468 2610 tissime
2495 2552 2822 2607 aﬁirmabas.
2853 2550 2960 2606 Sed
2985 2551 3026 2605 si
3057 2561 3250 2604 natura
3288 2566 3396 2604 non
3427 2559 3547 2615 est,
3570 2566 3694 2621 quo
3723 2563 3866 2620 pacto

2260 2660 2291 2720 a
2343 2637 2452 2701 Deo
2503 2645 2850 2700 substitutam
2896 2643 2951 2698 in
2993 2641 3210 2697 homine
3262 2642 3469 2698 dixeris
3513 2657 3864 2713 nequaquam

2259 2735 2454 2792 video:
2484 2751 2608 2790 nam
2633 2736 2677 2790 si
2705 2748 2896 2789 natura
2929 2749 3032 2788 non
3060 2742 3163 2799 est,
3195 2735 3468 2804 quomodo
3502 2735 3660 2790 sicut
3683 2745 3866 2789 natura

2262 2817 2329 2882 ad
2361 2842 2550 2882 omnes
2585 2825 2830 2881 transiit?
2858 2823 2922 2880 Et
2967 2825 3033 2880 de
3081 2833 3273 2879 natura
3313 2825 3544 2895 quidem
3591 2829 3862 2898 corporis,

2261 2918 2403 2990 quod
2436 2919 2488 2972 in
2511 2918 2601 2973 illo
2627 2933 2732 2973 uno
2749 2917 2988 2973 omnium
3011 2915 3291 2972 hominum
3315 2914 3508 2983 fuerit,
3539 2917 3736 2972 nullus
3761 2934 3865 2972 am-

2260 3011 2438 3081 bigit:
2473 3009 2716 3066 nascitur
2752 3010 2895 3065 enim
2947 3011 3014 3067 de
3065 3025 3228 3065 carne
3259 3024 3426 3074 caro;
3463 3010 3567 3065 sed
3603 3022 3792 3066 utr-um
3819 3021 3864 3066 et

2263 3095 2443 3156 anima
2474 3101 2722 3157 similiter
2749 3103 2814 3157 de
2847 3103 3027 3156 anima
3067 3113 3321 3156 nascatur
3373 3116 3582 3173 magna
3645 3105 3863 3174 quaestio

2260 3187 2364 3258 est,
2394 3202 2450 3247 et
2473 3209 2504 3246 a
2535 3189 2788 3247 Patrihus
2813 3192 2903 3247 diu
2934 3192 3268 3262 multumque
3299 3191 3553 3246 discussa
3574 3233 3592 3259 ,
3627 3194 3732 3247 sed
3757 3193 3864 3248 abs-

570 3280 1062 3350 clamatzquorum
1110 3290 1166 3336 tu
1209 3283 1629 3351 sequacissimus
1682 3281 1991 3350 voluntate,
2044 3299 2154 3342 non
2184 3264 2230 3328 ί)
2262 3299 2367 3359 que
2415 3293 2563 3341 certa
2608 3283 2919 3341 deﬁnitione
2951 3281 3158 3340 relicta.
3206 3284 3563 3357 Quapropter
3601 3285 3862 3357 quidquid

570 3379 764 3427 natura
787 3371 1078 3444 identidem
1101 3371 1378 3429 clamitare
1403 3373 1674 3443 probaris.
1697 3373 1830 3429 Cum
1853 3376 1997 3430 enim
2023 3392 2154 3432 con-

566 3451 699 3528 stet,
731 3463 995 3534 hodieque
1021 3463 1316 3537 Evangelio
1352 3464 1566 3520 Domini
1597 3465 1768 3520 nostri
1800 3463 1928 3522 lesu
1951 3466 2152 3524 Christi

567 3557 766 3627 ubique
795 3557 1035 3634 gentium
1066 3556 1384 3628 refulgente,
1414 3559 1504 3613 vix
1550 3557 1910 3630 provectioris
1955 3561 2156 3629 aetatis,

565 3665 659 3708 seu
684 3667 876 3709 omnes
902 3647 1038 3724 pene
1065 3653 1316 3724 parvulos
1344 3654 1607 3710 infantilis
1649 3654 1824 3710 atatis
1867 3654 1931 3709 ad
1975 3669 2159 3709 sacra-

567 3752 750 3828 menta
797 3745 1140 3827 baptismatis
1169 3746 1484 3824 deportari,
1536 3746 1666 3818 quid
1711 3745 1766 3802 in
1813 3745 1894 3801 eis
1943 3744 2156 3816 peccati

564 3838 798 3910 propriae
823 3839 1112 3896 voluntatis
1141 3839 1364 3904 diluitur
1391 3854 1552 3911 quam
1595 3837 1824 3912 necdum
1854 3838 2028 3894 aetatis
2057 3853 2154 3893 ac-

568 3944 724 3986 cessu
770 3931 968 3985 habere
1009 3929 1324 3984 valuerunt?
1354 3929 1526 3984 liabet
1574 3931 1734 4002 igitur
1782 3927 2156 3988 inconvulsum

568 4020 706 4078 ﬁdes
750 4022 1038 4088 catholica,
1067 4038 1172 4079 non
1222 4024 1274 4076 in
1322 4023 1404 4078 eis
1447 4024 1697 4078 mundari
1740 4014 2031 4094 privatum,
2061 4023 2157 4078 sed

567 4113 846 4186 originale,
882 4114 1126 4168 naturale
1170 4114 1486 4184 avitumque
1532 4125 1846 4185 peccatum;
1876 4113 2020 4184 quod
2047 4129 2158 4170 non

569 4207 784 4278 propria
832 4205 1093 4276 cujusque
1123 4207 1420 4270 nascentis,
1450 4207 1543 4261 sed
1574 4206 2034 4276 protoplastorum
2064 4222 2159 4263 vo-

567 4296 776 4351 luntate
805 4297 1178 4362 commissum,
1207 4297 1280 4351 ita
1309 4312 1367 4353 se
1390 4312 1716 4367 omnemque
1747 4312 1814 4352 ex
1849 4313 1905 4354 se
1929 4299 2157 4368 posteri-

567 4400 732 4446 tatem
777 4391 1344 4462 concnpiscentialiter
1391 4405 1772 4461 processuram
1821 4392 2068 4458 vitiavit,
2101 4400 2159 4448 ut

565 4491 766 4538 aeterna
815 4482 1160 4558 damnatione
1193 4489 1438 4536 teneatur
1479 4469 1763 4546 obstricta,
1796 4483 1896 4538 nisi
1931 4497 2154 4538 succur-

565 4575 734 4632 rentis
761 4574 950 4646 gratia:
992 4571 1155 4628 fuerit
1195 4573 1544 4630 miseratione
1581 4574 1831 4629 liberata.
1864 4574 1978 4631 Non
2008 4575 2155 4630 enim

565 4668 836 4736 diceretur
864 4665 1106 4720 naturale
1131 4673 1440 4736 peccatum,
1471 4667 1514 4720 si
1557 4681 1662 4720 non
1693 4678 1837 4722 esset
1864 4667 2028 4722 etiam
2059 4682 2154 4721 na-

567 4769 720 4826 tura,
746 4759 859 4830 jam
893 4766 1070 4813 tamen
1101 4757 1330 4824 vitiatae,
1363 4773 1468 4814 non
1505 4757 1876 4813 tantummodo
1905 4757 2153 4813 volunta-

565 4853 658 4915 tis,
685 4866 845 4920 quam
873 4865 977 4905 non
1007 4863 1130 4904 esse
1159 4858 1429 4914 naturam,
1453 4849 1616 4904 etiam
1641 4858 1693 4905 te
1722 4849 2021 4914 adnitente,
2037 4848 2156 4919 jam,

563 4945 766 5000 dictum
791 4953 894 5000 est.
918 4943 1127 5014 Itaque,
1157 4953 1250 4998 aut
1270 4959 1406 5013 nega
1429 4959 1551 4998 cum
1576 4942 1882 5015 Pelagianis
1909 4940 2156 4997 naturale

564 5046 877 5104 peccatum,
919 5044 975 5092 et
1019 5046 1204 5100 everte
1243 5035 1563 5106 Apostolum
1593 5035 1900 5090 dicentem:
1927 5031 2154 5087 Fuimus

563 5128 700 5184 enim
727 5139 919 5182 natura
950 5127 1048 5197 filii
1083 5129 1177 5183 ira:
1208 5128 1340 5184 sicut
1370 5137 1416 5182 et
1447 5127 1622 5181 elateri
1657 5125 1820 5196 (Eph.
1847 5141 1909 5190 ιι,
1931 5124 2009 5197 5),
2041 5139 2156 5179 om-

565 5233 772 5291 nesque
813 5219 1110 5276 catholicos
1141 5219 1309 5276 obrue
1335 5235 1350 5285 ;
1395 5227 1511 5285 aut,
1541 5218 1686 5288 quod
1712 5227 1988 5300 optamus,
2017 5217 2158 5272 veri-

566 5323 734 5370 tatem
781 5313 1073 5386 natnralis,
1099 5313 1436 5384 proindeque
1481 5311 1759 5383 originalis
1800 5311 2012 5380 peccati
2066 5325 2154 5367 re-

566 5407 708 5476 cipe,
734 5414 794 5462 et
817 5413 871 5462 te
897 5405 1202 5464 sinceritati
1229 5404 1353 5461 ﬁdei
1381 5402 1704 5460 Christiana:
1728 5401 1956 5460 ascisce.

1118 5553 1340 5596 IOANNES
1377 5553 1599 5595 SCOTUS.

642 5677 791 5750 (Cap.
824 5677 912 5745 16,
944 5695 1095 5736 num.
1129 5678 1216 5748 12,
1245 5688 1378 5736 sect.
1416 5680 1497 5752 3.)
1535 5690 1576 5738 Θ
1605 5679 1875 5753 Siquidem
1903 5679 1952 5735 si
1970 5696 2032 5735 ea
2056 5696 2153 5734 na-

567 5782 687 5826 tura
733 5773 1072 5843 delinqueret,
1102 5792 1222 5830 cum
1261 5794 1367 5831 una
1406 5778 1494 5844 sit,
1523 5788 1632 5832 tota
1669 5779 1899 5860 profecto
1927 5780 2152 5850 periret;

567 5862 656 5917 sed
693 5879 796 5916 non
835 5866 1008 5930 periit,
1036 5866 1246 5931 quando
1290 5867 1726 5924 medicamentum
1773 5869 2022 5936 vulneris,
2055 5871 2153 5926 hoc

2260 3378 2326 3434 de
2354 3377 2630 3433 voluntate
2654 3363 2837 3447 (quam
2862 3386 3078 3432 constat
3097 3392 3193 3448 per
3215 3393 3274 3433 se
3314 3394 3424 3433 non
3447 3395 3582 3435 esse
3615 3391 3858 3435 naturain

2261 3451 2354 3523 sed
2379 3459 2610 3534 naturae,
2643 3459 2694 3522 id
2712 3476 2795 3523 est
2821 3467 3015 3523 anima:
3065 3477 3270 3524 motum
3297 3473 3705 3545 spontaneum)
3737 3473 3857 3545 agis.

2260 3555 2511 3614 frivolum
2540 3575 2764 3630 prorsus
2789 3567 2844 3615 et
2888 3559 3103 3614 veritati
3144 3561 3488 3616 contrarium
3534 3562 3854 3634 iudicatur:

2259 3652 2458 3721 quippe
2483 3667 2605 3706 cum
2639 3651 2886 3706 voluntas
2916 3651 3057 3708 sicut
3089 3667 3188 3723 per
3229 3668 3288 3708 se
3329 3669 3437 3708 non
3479 3670 3637 3722 esse,
3677 3657 3750 3710 ita
3779 3673 3858 3728 per

2260 3759 2317 3798 se
2345 3742 2504 3808 velle,
2539 3741 2590 3798 id
2617 3751 2700 3798 est
2736 3744 2961 3808 moveri,
2997 3759 3100 3799 non
3139 3745 3331 3815 possit,
3357 3759 3412 3799 et
3441 3747 3730 3818 quidquid
3783 3765 3857 3803 vo-

2262 3833 2466 3890 luntate
2489 3835 2685 3906 agitur,
2713 3833 2913 3890 volenti
2949 3834 3137 3907 procul
3168 3835 3330 3892 dubio
3379 3835 3720 3908 imputetur.
3751 3839 3858 3893 Vult

2260 3933 2441 3980 autem
2466 3925 2698 3990 animus,
2724 3934 2924 3981 etcum
2953 3915 3210 3995 perverse
3238 3925 3374 3994 vult,
3419 3928 3607 3999 ipsius
3652 3946 3860 4002 perver-

2259 4017 2435 4072 sitatis
2461 4018 2654 4073 merito
2681 4019 2805 4090 jure
2840 4019 3081 4090 punitur.

2309 4108 2390 4164 -Si
2421 4118 2618 4164 natura
2646 4125 2751 4166 non
2776 4118 2985 4180 peccat,
3018 4111 3202 4181 arguis
3229 4110 3857 4185 mendaciiApostolum,

2257 4199 2352 4270 qui
2388 4200 2454 4255 de
2485 4201 2596 4255 Deo
2625 4199 2784 4255 Patre
2812 4200 2944 4256 dicit
2981 4200 3107 4269 quia
3136 4200 3345 4255 miserit
3378 4199 3590 4256 Filium
3619 4221 3782 4259 suum
3811 4205 3860 4258 ia

2259 4290 2613 4346 similitudine
2653 4293 2836 4347 carnis
2876 4293 3085 4362 peccati
3117 4291 3294 4364 (Rom.
3325 4309 3444 4360 vm,
3475 4295 3565 4368 3),
3595 4300 3700 4368 qui
3731 4315 3856 4354 nun-

2257 4398 2418 4452 quam
2451 4383 2640 4438 habuit
2689 4399 2908 4439 carnem
2959 4399 3081 4455 qua:
3123 4395 3270 4441 esset
3315 4387 3636 4444 similitudo
3691 4391 3860 4446 carnis

2257 4479 2491 4548 peccati,
2517 4478 2569 4533 id
2595 4487 2680 4534 est
2713 4487 2930 4544 nostrae,
2963 4479 3008 4534 si
3037 4488 3256 4544 natura,
3287 4481 3430 4551 quOd
3453 4491 3550 4537 est
3591 4484 3788 4550 homo,
3813 4484 3858 4538 id

2259 4583 2343 4630 est
2368 4576 2546 4629 anima
2577 4584 2632 4630 et
2666 4591 2818 4639 caro,
2850 4584 3186 4646 nonpeceat.
3213 4574 3478 4630 Bil‘ariam
3511 4579 3694 4648 igitur
3719 4597 3856 4634 nien-

2180 4632 2235 4694 D
2263 4667 2419 4721 titum
2469 4632 2827 4737 deprehendis
2880 4632 3216 4737 apostolum,
3249 4668 3394 4738 quod
3436 4679 3497 4723 et

2262 4775 2367 4814 non
2400 4759 2650 4814 habuerit
2677 4759 3077 4813 similitudinem
3102 4759 3277 4813 carnis
3304 4761 3536 4830 peccati,
3572 4762 3632 4816 id
3663 4771 3752 4817 est
3781 4777 3856 4816 η-

2263 4866 2378 4908 ram
2402 4865 2641 4906 carnem.
2693 4849 2762 4906 Et
2790 4849 2932 4920 quod
2959 4850 3103 4906 nulla
3154 4851 3244 4914 sit,
3287 4850 3338 4906 id
3381 4859 3468 4906 est
3508 4863 3710 4909 nostra
3740 4867 3858 4909 caro

2261 4943 2490 5014 peccati,
2516 4957 2636 5012 quae
2665 4942 3000 5014 originaliter
3027 4959 3093 5000 ac
3118 4943 3436 4999 naturaliter
3483 4945 3714 5002 nullum
3761 4959 3856 5002 tra-

2262 5040 2360 5096 bat
2393 5046 2698 5110 peccatum.
2723 5038 2832 5096 Nec
2857 5040 3112 5105 advortis,
3139 5040 3221 5097 vel
3248 5040 3388 5097 forte
3421 5058 3453 5098 a
3509 5045 3747 5100 nemine
3765 5045 3853 5100 atl-

2260 5132 2399 5188 verti
2426 5141 2700 5196 autumas,
2737 5142 2942 5201 quanta
2991 5133 3047 5189 id
3073 5134 3398 5198 absurdius,
3431 5135 3550 5192 imo
3577 5138 3854 5210 impietas.

2261 5231 2665 5291 consequatur:
2699 5222 2744 5278 si
2777 5223 2922 5278 enim
2950 5233 3146 5282 natura
3176 5241 3285 5282 non
3315 5235 3532 5298 peccat.
3584 5244 3734 5302 esp
3766 5243 3856 5285 nec

2259 5318 2423 5376 homo
2447 5326 2670 5388 peccat;
2715 5317 2759 5372 si
2807 5318 2972 5375 homo
3025 5335 3132 5377 non
3169 5329 3379 5392 peccat,
3423 5336 3562 5394 ergo
3609 5340 3730 5380 nec
3769 5323 3854 5381 Bai

2257 5408 2428 5466 Filius
2493 5408 2754 5464 Dominus
2796 5409 2996 5480 {noster
3037 5410 3206 5481 ,παυς
3247 5411 3498 5470 Christus
3555 5431 3588 5470 a
3643 5415 3854 5472 caueri

2257 5502 2587 5568 hominibus,
2631 5513 2858 5574 excepta
2897 5505 3272 5576 generationis
3297 5515 3354 5562 et
3395 5507 3718 5564 nativitatis
3745 5509 3851 5566 sb-

2255 5591 2564 5662 gularitate,
2608 5592 2900 5662 dispescit:
2925 5595 2970 5650 si
3021 5597 3123 5652 hac
3163 5596 3479 5666 exceptione
3527 5609 3776 5662 secreta,
3801 5601 3850 5654 ia

2255 5683 2403 5738 nullo
2429 5698 2459 5738 a
2494 5683 2708 5739 caeteris
2748 5685 3072 5742 mortalibus
3098 5684 3294 5752 dill‘ert,
3324 5685 3526 5742 falsum
3571 5697 3668 5744 est
3715 5686 3846 5764 quid

2258 5777 2334 5833 ait
2375 5777 2644 5849 Propheta
2678 5795 2690 5830 :
2742 5777 3004 5843 Quoniam
3033 5781 3152 5849 quis
3189 5780 3240 5834 in
3288 5780 3514 5836 nubibus
3551 5783 3844 5852 quatitur

2258 5867 2516 5938 Domino,
2570 5867 2757 5924 similis
2810 5870 2907 5924 erit
2950 5868 3172 5930 Domino
3225 5872 3278 5926 in
3329 5869 3450 5927 ﬁliis
3502 5870 3838 5930 Dei’ll’sal.
