4010 6352
219 365 360 442 i253

1065 379 1150 434 DE
1187 371 1854 432 PREDESTINATIONE
1889 371 2168 429 CONTRA
2204 371 2254 428 J.
2297 371 2601 430 SCOTUM.

3341 375 3475 434 i254

215 513 482 564 vaxvm,
502 493 582 568 7.)
613 493 672 550 Si
697 495 841 550 enim
871 501 1086 558 natura,
1119 493 1172 547 id
1207 501 1291 548 est
1323 491 1506 556 homo,
1533 505 1636 544 non
1669 505 1794 560 pee-
1827 495 1868 552 Α
1899 489 2105 558 punita,
2137 487 2230 542 sed
2261 499 2454 542 natura
2481 501 2496 542 :
2535 487 2586 542 in
2617 501 2743 558 quo,
2769 493 2828 541 ut
2861 485 3257 554 diximus,ideo
3279 499 3473 545 natura

217 599 327 656 cat,
378 587 614 659 aequales
669 593 794 640 sunt
843 585 1095 656 proprius
1125 585 1218 640 Dei
1249 583 1414 638 Filius
1467 591 1522 637 et
1557 583 1792 652 adoptivi

217 683 313 738 filii
335 681 432 736 Dei
451 695 466 746 ;
484 679 626 750 quod
655 679 780 747 quia
805 691 993 732 omnes
1017 691 1150 746 pene
1175 675 1534 745 blaSphemias
1555 685 1794 744 superat,

1897 583 2082 654 punita
2117 593 2215 640 est,
2245 581 2370 650 quia
2405 589 2594 634 natura
2631 581 2885 652 perierat,
2931 581 3145 636 dicente
3179 581 3332 652 ipso:
3371 581 3472 638 Ve-

1901 663 1972 728 nit
1997 675 2132 728 enim
2163 671 2337 727 Filius
2367 673 2590 728 hominis
2609 691 2841 744 qittcrere
2862 683 2910 728 et
2925 673 3122 730 salvum
3141 675 3310 744 facere
3337 675 3476 746 quod

215 775 494 832 fatendum
545 781 628 826 est
671 769 979 824 testimonio
1023 769 1232 823 veracis
1283 765 1526 827 Apostoli
1577 781 1797 820 carnem
1897 767 2120 836 perierat
2154 763 2366 836 (Matth.
2403 781 2556 830 xvm,
2589 763 2697 838 Η).
2735 765 2792 820 Si
2824 765 2966 820 enim
2998 781 3104 820 non
3147 773 3336 820 natura
3389 781 3479 838 pe-

217 877 458 926 nostram
505 881 714 920 carnem
768 878 888 920 esse
931 864 1148 934 peccati,
1187 863 1240 918 id
1289 873 1370 918 est
1411 877 1530 918 cum
1577 871 1800 931 peccato

217 969 554 1034 generatam,
583 967 896 1028 conceptam
925 967 978 1012 et
1008 957 1229 1012 editam.
1255 955 1314 1010 ln
1357 957 1512 1027 cujus
1549 953 1800 1010 similitu-

217 1053 366 1118 dine,
399 1049 452 1106 id
482 1057 565 1106 est
589 1049 820 1104 veritate
849 1047 1028 1103 carnis
1077 1063 1200 1102 cum
1247 1055 1472 1118 peccato
1520 1059 1622 1100 nec
1653 1044 1802 1116 geni-

219 1153 307 1208 tre,
353 1157 452 1198 nec
495 1149 788 1210 conceptae,
843 1155 942 1196 nec
981 1141 1157 1204 editae,
1211 1141 1423 1194 miserit
1473 1141 1612 1194 Deus
1641 1137 1802 1192 Pater

217 1233 418 1288 Filium
463 1247 642 1288 suum.
683 1229 750 1285 Et
797 1245 864 1286 ne
915 1229 1272 1285 usitatissima
1323 1229 1474 1284 vobis
1535 1231 1801 1298 pravitate

219 1323 508 1381 baccheris
532 1324 586 1380 in
613 1323 760 1377 aliud
782 1321 1072 1392 apostolica
1101 1323 1260 1376 verba
1306 1320 1618 1388 deﬂectens,
1677 1321 1802 1374 audi

223 1419 526 1486 sequentia,
557 1421 612 1468 ut
639 1413 702 1468 de
725 1423 956 1482 peccato,
991 1413 1184 1482 inquit,
1224 1413 1494 1466 damnaret
1533 1421 1800 1482 peccatum

223 1509 280 1564 in
311 1525 488 1574 carne,
515 1507 618 1564 hoc
643 1515 746 1572 est,
779 1517 836 1560 ut
861 1505 928 1560 de
962 1519 1122 1560 carne
1154 1521 1250 1560 sua
1301 1519 1460 1576 quam
1495 1505 1802 1558 instituerat

223 1605 342 1656 esse
368 1600 602 1655 hostiam
627 1613 726 1670 pro
748 1605 992 1666 peccato,
1034 1597 1318 1652 damnaret
1365 1607 1666 1666 peccatum,
1701 1612 1799 1651 uo-

225 1699 352 1748 strae
379 1692 528 1748 carui
558 1691 952 1764 ingeneratum,
973 1707 1000 1745 a
1029 1705 1156 1760 quo,
1188 1701 1384 1762 praeter
1409 1692 1578 1760 ipsam
1609 1691 1798 1756 solam,

225 1777 370 1839 nulla
393 1793 576 1838 nostra
613 1775 740 1838 caro
769 1797 980 1852 expers,
1007 1781 1150 1836 nulla
1171 1797 1360 1836 exsors
1389 1798 1660 1852 nunquam
1683 1791 1806 1852 post
1851 1853 1854 1858 ι

1901 857 2090 922 rierat,
2139 857 2232 912 sed
2275 855 2520 912 voluntas
2563 871 2813 926 nequam,
2840 857 3203 913 necessarium
3233 857 3410 912 fuerat
3447 871 3478 911 a

1901 953 1996 1006 Dei
2029 951 2164 1006 Filio
2189 945 2434 1006 naturam
2468 949 2686 1022 suscipi,
2719 951 2812 1008 sed
2849 951 2904 1006 id
2941 951 3310 1006 tantummodo
3335 949 3478 1020 quod

1901 1042 2158 1112 perierat,
2191 1041 2242 1096 id
2288 1049 2370 1096 est
2397 1040 2750 1096 voluntatem.
2783 1039 3030 1096 Perierat
3067 1047 3244 1095 autem
3277 1041 3476 1104 an'ima,

1901 1149 2022 1206 quae
2068 1149 2098 1188 a
2147 1133 2476 1190 beatitudine
2523 1133 2758 1188 extorris
2805 1133 3110 1189 diutissime
3161 1133 3478 1200 exsulabat;

1901 1228 2137 1300 perierat
2159 1235 2212 1284 et
2241 1243 2460 1298 corpus,
2479 1227 2618 1298 quod
2635 1228 2686 1282 in’
2717 1227 3012 1298 pulverem,
3037 1227 3180 1282 unde
3207 1235 3482 1300 sumptum

1905 1321 2102 1385 fuerat,
2159 1319 2492 1374 t‘atiseebat:
2543 1321 2638 1375 sed
2685 1329 2976 1390 utrumque
3023 1329 3330 1391 reparatum
3377 1329 3482 1390 est,

1903 1413 2027 1483 quia
2067 1421 2118 1467 et
2153 1413 2331 1467 anima
2371 1413 2714 1480 beatitudini,
2759 1421 2814 1468 et
2858 1429 3054 1484 corpus
3097 1415 3488 1485 incorruptioni

1903 1519 2002 1576 per
2053 1505 2364 1561 Mediatoris
2416 1505 2778 1562 humilitatem
2845 1507 3170 1562 inetl'abilem
3241 1507 3488 1566 restitui-

1907 1605 2014 1652 tur.

1979 1687 2298 1742 Ambrosius
2333 1701 2610 1758 exponens
2656 1687 2710 1741 in
2759 1687 2998 1758 Epistola
3051 1688 3116 1742 ad
3179 1687 3492 1744 Corinthios

1907 1775 2220 1846 Apostolum
2251 1777 2520 1832 dicentem
2547 1777 2594 1848 (Ι
2639 1775 2761 1832 Cor.
2801 1793 2878 1844 ιι,
2919 1777 3014 1848 26)
3049 1797 3062 1832 :
3107 1779 3330 1834 Mortem
3375 1779 3492 1836 Do-

224 1873 678 1945 protoplastorum
721 1873 1158 1936 inobedientiam,
1185 1870 1494 1942 iustamque
1539 1873 1800 1928 tremendi

1923 1865 2034 1920 uiui
2087 1868 2458 1921 annuntiantes
2507 1867 2672 1922 donec
2733 1869 2902 1922 veniat
2955 1867 3126 1940 [Quia
3181 1869 3354 1934 enim,
3403 1871 3492 1936 ili-9

219 1967 418 2040 judicis
451 1965 996 2032 animadversionem,
1045 1967 1238 2036 potuit,
1271 1973 1446 2036 potest
1481 1975 1574 2021 aut
1609 1967 1808 2038 poterit

225 2059 492 2130 generari.
517 2059 706 2130 Itaque
727 2059 772 2114 si
805 2059 1021 2128 quidem
1047 2059 1252 2128 absque
1283 2057 1388 2114 ulla
1421 2057 1806 2116 iormidatione

227 2149 502 2206 fatendum
536 2157 637 2214 est,
669 2165 798 2205 caro
827 2149 1028 2220 proprii
1061 2147 1182 2204 Filii
1227 2149 1318 2204 Dei
1363 2149 1656 2206 similitudo
1709 2150 1810 2206 fuit

227 2241 414 2296 carnis
438 2239 670 2312 peccati,
696 2240 748 2294 id
773 2247 858 2296 est
907 2255 1014 2296 non
1047 2255 1168 2296 cum
1201 2251 1422 2312 peccato
1453 2251 1590 2308 sata,
1619 2257 1810 2298 conce-

225 2341 317 2404 pta
347 2342 402 2390 et
436 2335 600 2400 edita,
639 2333 752 2390 sine
783 2349 890 2404 quo
921 2349 1048 2390 caro
1095 2335 1327 2404 peccati,
1382 2335 1434 2390 id
1491 2343 1806 2402 estnostra,

227 2441 327 2480 nec
367 2425 492 2486 seri,
525 2439 622 2480 nec
651 2425 882 2494 concipi,
915 2441 1018 2479 nec
1047 2425 1132 2480 edi
1161 2417 1322 2490 valet,
1356 2425 1602 2496 sequitur
1629 2435 1688 2481 ut
1719 2443 1812 2480 na-

227 2505 376 2580 tura,
415 2531 534 2586 quae
568 2523 648 2568 est
705 2529 832 2568 caro
877 2517 1104 2583 peccati,
1135 2515 1384 2570 videlicet
1433 2525 1616 2570 nostra
1661 2531 1810 2582 caro,

225 2605 454 2680 péccarc
482 2609 852 2662 convincatur.
889 2605 1150 2674 Quoniam
1179 2609 1294 2678 quis
1315 2607 1369 2660 in
1392 2609 1613 2662 nubibus
1639 2625 1814 2678 (equa-

233 2699 372 2754 bitur
417 2699 662 2764 Domino,
709 2697 898 2752 similis
947 2699 1044 2751 erit
1111 2697 1334 2752 Domino
1389 2699 1442 2752 in
1496 2699 1622 2768 ﬁliis
1679 2697 1816 2752 Dei?

234 2789 406 2860 (Psal.
445 2805 704 2854 Lxxxvul,
738 2789 814 2860 7.)
869 2789 1190 2843 lnconcusse
1235 2789 1432 2858 quippe
1467 2787 1600 2844 ﬁdes
1629 2791 1816 2844 catho-

233 2881 342 2944 lica
367 2888 514 2936 tenet
561 2887 616 2934 et
667 2877 922 2949 praedicat
965 2877 1162 2933 Filium
1212 2877 1306 2932 Dei
1339 2879 1390 2932 in
1441 2879 1560 2944 hoc,
1591 2889 1816 2960 excepta

247 2973 462 3029 deitatis
513 2971 828 3036 eminentia,
877 2987 906 3024 a
939 2971 1150 3026 etcteris
1201 2969 1507 3026 hominibus
1557 2971 1814 3038 discerni,

235 3065 378 3134 quod
415 3077 516 3118 nec
544 3061 1124 3132 concupiscentialiter,
1159 3075 1260 3116 nec
1301 3075 1524 3115 sexuum
1566 3063 1819 3118 commis-

237 3157 402 3219 tione,
431 3153 524 3208 sed
557 3153 670 3208 sola
711 3153 882 3208 sancti
907 3151 1142 3224 Spiritus
1165 3153 1480 3223 operatione
1501 3163 1814 3224 conceptus,

1907 1956 2046 2026 quit,
2089 1965 2260 2012 morte
2299 1959 2508 2013 Domini
2543 1959 2758 2014 liberati
2799 1975 3004 2026 sumus,
3053 1961 3214 2031 hujus
3247 1961 3326 2015 rei
3373 1973 3490 2017 me-

1909 2059 2088 2102 mores
2119 2047 2172 2102 in
2203 2047 2412 2104 edendo
2447 2057 2502 2104 et
2521 2049 2756 2118 potando
2779 2053 2998 2106 carnem
3041 2059 3098 2106 et
3145 2051 3490 2124 sanguinem,

1909 2153 2030 2208 qua:
2077 2153 2176 2207 pro
2225 2141 2382 2196 nobis
2431 2139 2608 2195 oblata
2659 2151 2804 2208 sunt,
2847 2143 3235 2213 signiﬁcamus,-
3284 2143 3494 2198 Novum

1913 2229 2316 2284 Testamentum
2385 2229 2440 2286 in
2503 2231 2588 2286 his
2647 2233 2967 2298 consecuti,
3021 2233 3164 2302 quod
3209 2237 3300 2288 εει·
3353 2243 3494 2288 nova

1911 2319 2022 2386 lex,
2069 2335 2188 2390 quae
2237 2321 2576 2376 obedientem
2633 2317 2772 2378 sibi’
2815 2323 2976 2378 tradit
3035 2323 3345 2380 caelestibus
3409 2337 3498 2378 τε»

1914 2413 2032 2484 guis
2070 2431 2082 2466 :
2125 2429 2248 2466 nam
2271 2421 2326 2468 et
2347 2411 2556 2484 Moyses
2593 2425 2818 2484 accepto
2849 2415 3110 2486 sanguine
3129 2415 3284 2472 vituli
3315 2416 3370 2472 in
3393 2431 3494 2488 pa-

1919 2513 2054 2570 tera,
2077 2506 2308 2574 aspersit
2331 2505 2470 2560 ﬁlios
2493 2505 2658 2562 Israel
2687 2507 2904 2564 dicens:
2923 2509 3034 2564 Hoc
3063 2517 3150 2564 est
3179 2509 3498 2566 Testameno'

1919 2605 2028 2650 tum
2059 2599 2202 2667 quod
2241 2597 2506 2668 disposuit
2535 2599 2678 2654 Deus
2703 2599 2772 2656 ad
2801 2615 2898 2656 vos
2923 2596 3120 2672 (Exod.
3159 2617 3312 2667 xxxv,
3357 2601 3499 2672 6-8).

1917 2687 2032 2744 Hoc
2057 2689 2228 2760 ﬁgura
2267 2689 2369 2744 fuit
2409 2689 2740 2746 Testamenti
2781 2693 2929 2762 quod
2979 2691 3240 2748 Dominus
3293 2693 3502 2750 Novum

1917 2781 2206 2850 appellavit
2231 2795 2330 2852 per
2371 2783 2714 2852 prophetam,
2755 2793 2808 2838 ut
2863 2783 2992 2838 illud
3045 2783 3210 2840 Vetus
3261 2786 3502 2856 sitquod

1919 2872 2130 2946 Moyses
2157 2875 2397 2930 tradidit.
2431 2873 2836 2932 Testamentum
2865 2891 2996 2946 ergo
3017 2877 3278 2948 sanguine
3305 2879 3505 2934 consti-

1921 2973 2096 3019 tutum
2131 2973 2236 3030 est,
2291 2965 2418 3036 quia
2467 2966 2714 3024 beneﬁcii
2753 2967 2920 3022 divini
2973 2969 3194 3041 sanguis
3239 2969 3394 3026 testis
3421 2979 3508 3028 est

1921 3054 1976 3110 in
2004 3056 2156 3127 cujus
2187 3065 2368 3128 typum
2393 3071 2492 3112 nos
2523 3057 2746 3114 calicem
2777 3061 3066 3132 mysticum
3101 3061 3382 3134 sanguinis
3426 3063 3498 3118 ad

1923 3147 2208 3204 tuitionem
2255 3149 2502 3220 corporis
2553 3158 2610 3204 et
2653 3165 2848 3205 ammte
2899 3159 3100 3206 nostra:
3153 3152 3502 3222 percipimus,

233 3245 378 3299 nulla
431 3243 708 3314 originalis
759 3257 914 3298 noxa:
959 3244 1194 3314 potuerit
1239 3245 1550 3299 noxiatione
1609 3247 1812 3302 vitiari.
1843 3233 1888 3296 C
1920 3241 2050 3310 quia
2085 3239 2306 3310 sanguis
2353 3239 2566 3294 Domini
2603 3241 2918 3312 sanguinem
2957 3249 3206 3298 nostrum
3253 3242 3506 3310 redemit,

231 3335 464 3405 Ideoque
503 3343 612 3388 tam
663 3333 1012 3404 conceptione
1065 3351 1226 3406 qttam
1273 3335 1574 3402 uativitate,
1607 3347 1660 3392 et
1693 3339 1816 3394 vitae

233 3443 516 3498 processu,
542 3429 720 3482 omnis
747 3427 953 3496 peccati
985 3429 1240 3484 immunis
1267 3429 1418 3492 _solus
1465 3429 1598 3485 liber
1641 3434 1818 3502 potuit

231 3521 368 3574 inter
395 3527 626 3574 mortuos
653 3533 774 3574 esse
811 3515 986 3592 (Psat.
1015 3535 1253 3584 Lxxxvu,
1282 3519 1359 3594 6),
1392 3521 1546 3592 cujus
1579 3521 1816 3578 naturali

231 3611 497 3666 munditia
527 3625 716 3667 omnes
755 3619 958 3668 nostrae
997 3613 1270 3668 naturales
1317 3611 1686 3686 atfectivmque
1709 3617 1814 3672 im-

235 3701 520 3758 munditim
549 3711 908 3774 tergerentur.
1651 3775 1658 3780 _

305 3793 556 3850 Peccavit
581 3794 762 3865 itaque
785 3795 838 3850 in
861 3797 1038 3868 primo
1065 3797 1281 3853 homine
1327 3807 1534 3856 natura;
1554 3801 1819 3870 generali-

235 3897 342 3954 tas,
371 3887 424 3942 id
463 3898 548 3942 est
599 3887 778 3941 anima
815 3889 1205 3960 concupiscens
1235 3889 1508 3956 illicitum,
1540 3901 1594 3946 et
1619 3907 1819 3960 corpus

233 3995 346 4034 sua:
377 3979 570 4034 animae
597 3979 1046 4050 concupiscentiis
1087 3981 1480 4036 obsecundans.
1529 3983 1647 4037 Non
1673 3985 1820 4039 enim

233 4073 562 4128 voluntatem
599 4087 666 4126 ex
697 4071 972 4127 voluntate
999 4071 1168 4138 nasci,
1197 4071 1280 4128 vel
1327 4087 1426 4143 per
1457 4073 1732 4129 traducem
1767 4075 1822 4130 in

231 4165 586 4237 propaginem
613 4161 856 4228 diffundi,
875 4171 1024 4218 recte
1045 4165 1547 4234 possumusdieere,
1571 4181 1694 4221 cum
1715 4181 1821 4222 non

235 4259 307 4312 sit
338 4267 552 4324 natura,
583 4259 724 4314 sicut
749 4266 895 4312 recte
915 4257 1168 4324 dicimus,
1191 4259 1464 4314 hominem
1489 4275 1556 4316 ex
1580 4261 1820 4330 homine,

237 4351 379 4420 quod
407 4357 488 4404 est
511 4357 722 4404 natura.
753 4349 831 4404 Ac
859 4364 958 4420 per
996 4351 1096 4405 hoc
1129 4357 1238 4405 tota
1267 4351 1524 4422 perierat,
1557 4353 1683 4423 quia
1711 4361 1822 4409 tota

237 4441 568 4510 deliquerat;
601 4449 654 4495 et
683 4441 810 4510 quia
846 4449 954 4496 tota
1001 4441 1266 4512 perierat,
1301 4451 1410 4498 tota
1461 4459 1492 4498 a
1552 4445 1643 4500 Dci
1687 4445 1823 4502 Filio

235 4533 506 4588 veraciter
533 4531 1059 4602 misericorditerque
1079 4541 1329 4603 suscepta
1358 4541 1458 4587 est.
1479 4533 1614 4590 Tota
1639 4544 1820 4590 autem

1921 3333 1976 3388 id
2024 3341 2108 3388 est
2159 3341 2330 3388 totum
2388 3333 2662 3390 hominem
2707 3334 2916 3390 salvum
2966 3333 3114 3390 fecit.
3175 3333 3314 3392 Caro
3363 3336 3508 3392 enim

1922 3423 2224 3482 Salvatoris
2263 3419 2370 3496 pro
2415 3425 2588 3482 salute
2635 3423 2914 3499 corporis,
2967 3429 3186 3502 sanguis
3229 3443 3362 3486 vero
3411 3445 3510 3500 pro

1922 3518 2104 3572 anima
2152 3526 2338 3574 nostra
2395 3515 2598 3574 eﬂ‘usus
2651 3527 2756 3584 est,
2809 3519 2954 3576 sicut
3005 3521 3156 3590 prius
3194 3519 3510 3592 pmilgura-

1923 3617 2038 3664 tum
2100 3607 2278 3664 fuerat
2317 3623 2347 3663 a
2395 3607 2580 3680 Moyse
2621 3609 2824 3680 (Hebr.
2855 3611 2962 3681 nt).
3035 3609 3128 3666 Sic
3191 3612 3336 3666 enim
3389 3611 3506 3666 ait:

1923 3697 2082 3764 Caro,
2129 3698 2336 3766 inquit,
2397 3713 2494 3766 pro
2543 3713 2758 3760 corpore
2807 3709 2974 3752 uestro
3025 3698 3264 3767 offertur,
3295 3699 3510 3770 sanguis

1923 3804 2040 3842 vero
2073 3803 2166 3854 pro
2200 3789 2380 3842 animo
2415 3787 2602 3856 (Leuit.
2645 3803 2778 3852 xvn,
2810 3789 2920 3859 Η),
2955 3789 3182 3860 ideoque
3213 3805 3322 3846 non
3363 3807 3512 3846 man-

1923 3877 2230 3934 ducandum
2299 3879 2640 3950 sanguinem.
2717 3877 2776 3936 Si
2845 3881 3012 3954 igitur
3087 3883 3228 3953 apud
3297 3893 3510 3940 veteres

1925 3969 2108 4039 imago
2131 3967 2236 4024 fuit
2263 3969 2530 4038 veritatis,
2561 3985 2682 4040 quae
2713 3987 2856 4028 nunc
2903 3973 3150 4043 apparuit
3179 3981 3234 4030 et
3279 3973 3510 4030 manife-

1925 4069 2068 4116 stata
2093 4067 2170 4116 est
2203 4061 2256 4114 in
2287 4059 2586 4118 Salvatoris
2629 4061 2886 4130 adventu,
2936 4063 3206 4132 quomodo
3241 4065 3514 4120 lmreticis

1925 4153 2258 4208 contrarium
2279 4152 2490 4208 videtur
2513 4153 2682 4210 Vetus
2713 4152 2882 4222 Novo,
2913 4169 3038 4210 cum
3067 4155 3184 4226 ipsa
3231 4157 3334 4214 sibi
3381 4159 3516 4214 invi-

1927 4259 2046 4300 cem
2071 4243 2384 4300 testimonio
2419 4243 2566 4300 sint?

1997 4337 2038 4406 -ί-
2077 4337 2216 4392 Beda
2272 4336 2326 4392 in
2373 4335 2722 4406 Expositione
2748 4335 3016 4394 Genesis:
3051 4339 3116 4396 Et
3141 4341 3378 4410 quidem,
3411 4343 3514 4414 ipsi

1927 4429 2030 4484 sibi
2059 4427 2302 4484 fecerant
2335 4429 2668 4498 perizomata
2693 4429 2762 4486 de
2791 4429 2932 4488 foliis
2949 4431 3058 4500 fici,
3085 4431 3284 4502 quibus
3309 4434 3516 4504 puden-

1929 4523 1998 4576 da
2023 4529 2268 4592 tegerent
2297 4517 2450 4593 (Gen.
2483 4537 2562 4586 ιιι,
2587 4523 2675 4594 7);
2709 4522 2802 4580 sed
2841 4525 2981 4580 Deus
3001 4525 3134 4584 facit
3167 4525 3274 4582 illis
3303 4527 3516 4583 tunicas

237 4635 490 4694 suscepta
530 4631 636 4688 est,
672 4623 724 4677 id
761 4629 866 4690 est,
917 4633 974 4678 ut
1025 4633 1136 4678 tota
1171 4623 1527 4691 liberaretur;
1561 4635 1672 4681 tota
1696 4643 1826 4684 vero

1927 4613 2184 4684 pelliceas
2211 4611 2408 4682 quibus
2453 4627 2614 4668 omne
2657 4629 2856 4684 corpus
2885 4615 3100 4672 illorum
3145 4617 3354 4683 induat,
3385 4617 3515 4688 quia

233 4717 464 4772 liberata
487 4725 590 4780 est,
616 4715 742 4785 quia
765 4723 874 4770 tota
904 4717 956 4770 in
987 4715 1080 4771 Dei
1109 4715 1246 4771 Filio
1273 4719 1582 4788 passionem
1607 4737 1825 4792 perpes-

237 4825 298 4866 sa
329 4816 430 4863 est.
467 4807 600 4862 Tota
623 4808 756 4864 ineo
779 4817 1129 4874 tormentum,
1160 4813 1374 4868 tametsi
1405 4813 1667 4882 iudebite,
1699 4833 1826 4886 per-

237 4902 386 4969 tulit,
414 4901 538 4972 quia
567 4909 621 4956 et
648 4915 844 4974 corpus
876 4903 1208 4960 cruciatibus
1229 4906 1476 4962 attritum
1505 4909 1823 4980 sepultura:-

237 5009 344 5064 que
385 4993 694 5048 mandatum
739 5001 840 5060 est,
891 5005 946 5052 et
997 4997 1196 5062 anima,
1247 4997 1434 5054 relicto
1485 5001 1553 5056 ad
1611 5011 1822 5074 tempus

237 5101 486 5156 corpore,
517 5085 792 5141 liberrima
827 5085 1030 5143 inferos
1059 5091 1382 5160 penetravit.
1418 5089 1552 5148 Tota
1591 5093 1720 5150 item
1759 5095 1824 5152 li-

239 5177 366 5232 bera
401 5185 506 5244 est,
531 5177 804 5246 quia'citae
836 5179 1250 5234 resurrectionis
1281 5179 1450 5252 gloria
1491 5181 1556 5236 de
1595 5197 1822 5256 corrup-

243 5271 388 5326 tione
437 5271 502 5324 ad
546 5269 1024 5340 incorruptionem,
1077 5273 1142 5326 de
1195 5281 1370 5330 morte
1419 5275 1487 5330 ad
1535 5275 1726 5344 vitam,
1755 5279 1820 5333 de

241 5361 568 5416 mortalitate
605 5359 670 5416 ad
701 5359 1164 5418 immortalitatem
1199 5365 1433 5420 transiit.
1482 5365 1600 5422 Non
1637 5367 1822 5440 itaque

241 5455 296 5510 in
327 5457 422 5511 Dei
471 5455 606 5511 Filio
635 5455 884 5512 voluntas
913 5458 1098 5526 punita
1129 5469 1230 5524 est,
1263 5477 1383 5532 qua:
1409 5461 1540 5516 nulli
1577 5479 1818 5534 unquam

241 5551 494 5620 pravitati
537 5549 636 5604 fuit
674 5549 926 5618 obnoxia,
973 5551 1066 5607 sed
1101 5561 1318 5620 natura,
1349 5569 1510 5624 quam
1550 5555 1604 5610 in
1643 5557 1816 5612 Adam

241 5642 506 5714 perditam
541 5643 592 5698 in
624 5645 800 5714 seipso
829 5643 1064 5699 mirabili
1087 5643 1396 5714 dignatione
1449 5649 1724 5718 reparavit
1763 5657 1818 5706 et

243 5733 512 5789 liberavit.
537 5733 688 5791 Sicut
717 5735 860 5790 enim
893 5735 1052 5806 paulo
1080 5745 1204 5792 ante
1231 5739 1614 5808 praemisimus,
1646 5741 1818 5796 nulla-

245 5833 402 5882 tenus
429 5828 480 5882 in
505 5843 568 5884 eo
591 5835 644 5884 et
668 5829 984 5900 quibusdam
1011 5829 1270 5886 membris
1296 5829 1411 5902 ejus
1451 5833 1706 5908 iniquitas
1737 5845 1820 5892 est

1931 4707 2051 4778 ipsi,
2081 4705 2288 4776 perdita
2316 4721 2412 4776 per
2429 4707 2932 4776 praevaricationem
2965 4709 3136 4780 gloria
3165 4709 3512 4778 innocentia,

1927 4797 2264 4870 praetendere
2305 4797 2406 4852 sibi
2469 4797 2710 4854 velamen
2767 4799 3156 4866 excusationis,
3211 4815 3316 4870 qua
3359 4817 3514 4857 suam

1927 4891 2138 4962 culpam
2169 4889 2222 4944 in
2245 4887 2592 4946 Conditorem
2621 4889 3080 4954 transfunderent,
3113 4898 3170 4946 et
3209 4889 3328 4961 ipse
3372 4891 3514 4950 Con-

1927 4981 2070 5038 ditor
2095 4981 2216 5036 illos
2237 4995 2334 5052 per
2371 4981 2696 5036 sententiam
2739 4979 2868 5050 justi
2893 4981 3106 5052 iudicii,
3137 4981 3318 5040 oblato
3369 4993 3514 5042 statu

1929 5072 2054 5127 vita:
2077 5069 2450 5134 immutabilis,
2481 5071 2534 5124 in
2561 5071 2742 5126 anima
2765 5071 2926 5126 simul
2963 5079 3020 5128 et.-
3041 5086 3210 5128 carne
3232 5073 3516 5132 mulctavit

1927 5175 2088 5233 ptena
2113 5161 2508 5236 mortalitatis.]

1999 5275 2040 5348 -ι-
2070 5275 2334 5332 Memento
2382 5277 2512 5348 quid
2559 5279 2748 5334 beatus
2783 5275 3114 5348 Augustinus
3150 5277 3350 5334 dixerit
3381 5279 3518 5353 (Eu-

1927 5365 2140 5432 chirid.,
2170 5381 2288 5436 cap.
2312 5367 2434 5436 '50):
2461 5365 2620 5444 [Quid
2643 5366 2787 5420 enim
2811 5367 2936 5422 boni
2957 5375 3214 5438 operatur
3243 5365 3362 5442 [αι.,
3387 5383 3516 5442 ope-

1927 5458 2036 5512 rari
2067 5457 2276 5531 potest]
2321 5458 2582 5528 perditus,
2613 5457 2718 5512 nisi
2763 5467 3026 5530 quantum
3065 5456 3240 5520 .fuerit
3267 5475 3298 5514 a
3337 5459 3515 5532 perdi-

1930 5551 2072 5606 tione
2113 5561 2396 5622 reparatus
2431 5549 2550 5624 [at.,
2591 5549 2906 5626 liberatus]?
2935 5551 3186 5622 Nunquid
3217 5552 3386 5628 libero
3420 5567 3516 5610 vo-

1927 5643 2149 5702 luntatis
2193 5645 2450 5700 arbitrio?
2477 5645 2542 5700 Et
2567 5647 2668 5700 hoc
2711 5645 2890 5702 absit:
2917 5661 3044 5702 nam
3083 5647 3254 5702 libero
3285 5647 3514 5704 arbitrio

1927 5739 2068 5794 male
2095 5747 2250 5794 utens
2273 5737 2456 5804 homo,
2483 5747 2538 5792 et
2565 5754 2622 5794 se
2646 5737 2877 5808 perdidit
2903 5746 2958 5794 et
2985 5740 3180 5808 ipsum.

1999 5833 2038 5906 -ι-
2065 5831 2210 5888 idem
2245 5833 2294 5886 in
2324 5831 2548 5904 epistola
2575 5835 2640 5890 ad
2669 5833 2894 5890 V’italem
2928 5853 2940 5888 :
2967 5833 3056 5910 [Et
3081 5833 3160 5890 sic
3191 5835 3352 5908 eripit
3381 5849 3510 5894 vasa
