4010 6352
621 310 764 368 1255

1615 310 1672 365 S.
1707 309 2084 366 PRUDENTII
2124 309 2506 368 TRECENSIS
2543 312 2848 370 EPISCOPI

3669 331 3762 389 W56

621 425 739 496 ejus
759 437 1091 495 quaecunque
1115 420 1515 494 praedestinavit
1540 420 1769 491 eripere,
1795 421 2077 476 arbitrium
2109 437 2197 477 eo-
2223 433 2275 490 Α
2298 422 2418 478 Alia
2452 432 2536 480 est
2564 440 2693 496 ergo
2719 426 2980 481 crueiatio
3010 441 3273 496 perversae
3305 431 3590 503 voluntatis,
3611 440 3704 497 dum
3722 463 3763 504 ea

621 534 745 574 rum
789 518 857 573 ab
901 515 1017 585 ejus
1060 515 1296 570 liberans
1334 520 1628 584 potestate,
1658 521 1715 566 ut
1763 512 1852 566 illo
1885 529 1990 568 non
2025 514 2196 582 impe-

623 610 804 665 diente
825 609 1050 664 credant
1076 607 1130 661 in
1155 605 1316 660 istum
1341 605 1509 660 libera
1531 603 1825 671 voluntate,
1851 605 2076 675 proinde
2098 605 2200 660 hoc

622 717 758 773 opus
785 708 867 756 est
895 699 1101 770 gratiae,
1123 712 1229 753 non
1257 704 1481 751 natum.
1510 693 1658 766 Opus
1675 705 1779 762 est,
1811 696 2051 766 inquam,
2081 711 2201 768 gra-

624 792 736 857 tiae,
756 806 917 861 quam
939 789 1093 844 nobis
1119 786 1296 842 attulit
1325 785 1592 842 secundus
1617 785 1811 850 Adam,
1833 801 1940 840 non
1971 793 2200 850 naturae,

623 901 785 958 quam
822 893 987 940 totam
1012 881 1245 954 perdidit
1273 881 1327 935 in
1356 879 1646 951 semetipso
1679 879 1884 950 primus
1908 876 2128 950 Adam.]

693 999 736 1072 -ισ
767 1000 838 1055 Se
885 999 1028 1052 enim
1059 995 1316 1068 perdidit,
1349 994 1400 1048 id
1445 1003 1528 1049 est
1573 1002 1822 1048 naturam
1857 1007 2029 1055 suam,
2059 990 2202 1062 quod

523 1129 534 1140 -
621 1103 706 1151 est
747 1092 926 1147 anima
964 1098 1020 1145 et
1062 1103 1280 1159 corpus.
1317 1087 1431 1142 Hoc
1476 1101 1606 1157 ergo
1649 1093 1907 1157 perierat,
1940 1085 2066 1154 quia
2103 1083 2203 1139 hoc

542 1250 550 1258 _
622 1187 806 1255 utique
833 1191 1186 1256 peccaverat;
1217 1189 1274 1237 et
1322 1180 1449 1250 quia
1497 1180 1599 1234 hoc
1651 1187 1821 1233 totum
1863 1185 2200 1248 peccaverat,

620 1284 907 1348 propterea
935 1281 1121 1329 totam
1151 1287 1384 1327 massam
1428 1277 1769 1338 corruperat,
1803 1277 1863 1323 ut
1889 1267 2113 1322 nihilex
2139 1281 2202 1320 ea

620 1365 852 1422 naturali
897 1363 1274 1434 conjunctione
1321 1361 1486 1416 maris
1531 1368 1587 1415 et
1629 1358 1841 1414 feminae
1875 1359 1977 1414 nisi
2012 1373 2201 1413 corru-

618 1467 791 1532 ptum,
816 1473 881 1514 ac
923 1472 1020 1527 per
1072 1457 1176 1512 hoc
1220 1455 1377 1513 morti
1428 1454 1724 1510 subditum.
1772 1460 2203 1510 nascereturzet

618 1559 904 1622 propterea
926 1548 1070 1618 juste
1100 1548 1345 1613 alterius,
1376 1547 1428 1602 id
1470 1555 1553 1602 est
1595 1549 1756 1617 primi
1799 1547 2052 1610 hominis,
2079 1561 2202 1615 pec-

619 1652 800 1700 catum
841 1643 895 1697 in
931 1641 1120 1705 altero,
1151 1641 1202 1695 id
1243 1647 1326 1694 est
1365 1639 1513 1710 prole
1559 1639 1722 1705 illius,
1749 1654 1870 1708 quae
1909 1648 1991 1692 est
2030 1645 2201 1692 totum

620 1750 788 1806 genus
815 1736 1132 1798 humanum,
1159 1731 1487 1797 vindicatur,
1521 1731 1645 1800 quia
1675 1731 2077 1799 corruptionem
2107 1743 2201 1798 pa—

2302 531 2421 587 qua:
2449 519 2587 571 male
2621 526 2716 572 aut
2763 519 2980 590 indigne
3013 523 3230 590 appetit,
3270 523 3455 582 habere
3495 545 3582 585 non
3616 535 3763 602 sinitur.

2301 607 2444 676 quod
2497 615 2674 661 tamen
2717 609 2783 662 ad
2830 608 3133 664 crueiatum
3181 611 3401 668 volentis
3445 617 3664 686 refertur;
3696 629 3764 682 alia

2302 712 2426 752 cum
2459 698 2546 753 hic
2579 698 2661 754 vel
2690 701 3031 770 postmodum
3061 703 3240 756 anima
3268 712 3321 757 et
3348 720 3523 775 corpus
3553 714 3766 774 manifestis

2303 799 2467 861 atque
2487 792 2825 848 evidentibus
2853 795 3137 850 tormentis
3150 793 3392 851 afﬁcitur.
3413 797 3669 858 lntueatnur
3684 825 3766 864 sane

2303 883 2667 954 cujuscunque
2687 886 2854 941 maris
2876 901 3060 942 semen
3085 887 3139 941 in
3162 886 3356 944 femina
3377 893 3660 962 seminantis,
3675 906 3768 969 quod

2303 987 2554 1033 naturam
2581 993 2702 1034 esse
2729 995 3000 1050 nunquam
3031 983 3274 1052 negabis,
3299 984 3526 1041 videlicet
3546 1003 3600 1042 ex
3624 1002 3766 1056 natura,

2305 1068 2358 1124 id
2383 1077 2467 1124 est
2492 1084 2655 1126 carne
2684 1071 2916 1126 serentis
2945 1072 3222 1140 prodiens,
3249 1076 3537 1144 exceptorio
3567 1082 3672 1134 uteri
3696 1099 3768 1136 m-

2304 1159 2490 1215 liebris
2540 1160 2799 1225 infusum,
2853 1178 2972 1232 quae
3000 1163 3054 1216 in
3107 1178 3171 1219 eo
3200 1163 3471 1220 voluntas?
3495 1167 3624 1223 Certe
3658 1171 3769 1224 inani-

2304 1266 2450 1304 mum
2477 1266 2598 1305 esse
2621 1267 2805 1307 semen
2834 1253 3059 1308 masculi
3083 1256 3300 1323 quando
3324 1256 3639 1325 profunditur,
3655 1261 3770 1316 nullus

2304 1341 2560 1396 ditlitetur
2585 1360 2596 1395 :
2625 1343 2714 1398 ulii
2739 1359 2868 1414 ergo
2893 1344 3142 1400 voluntas
3180 1345 3232 1400 in
3263 1348 3490 1402 semine?
3520 1348 3630 1404 Nam
3651 1352 3769 1406 volun-

2304 1438 2468 1485 tatem
2496 1431 2661 1486 animi
2688 1447 2827 1498 esse,
2850 1434 2973 1502 quis
3003 1434 3246 1489 nesciat?
3273 1433 3404 1489 Cum
3425 1452 3539 1507 ergo
3559 1437 3600 1491 in
3620 1442 3769 1494 serenda

2301 1521 2452 1590 prole
2481 1529 2691 1576 constet
2722 1521 2894 1577 solum
2920 1538 3105 1578 semen
3133 1523 3366 1581 inanime
3388 1527 3628 1593 seminari,
3646 1539 3770 1597 etpost

2302 1627 2400 1682 per
2429 1613 2709 1668 intervalla
2761 1623 3061 1684 temporum
3099 1614 3229 1670 illud
3241 1632 3288 1670 -a
3318 1616 3570 1672 conditore
3592 1619 3770 1673 universi-

2303 1707 2430 1760 tatis
2466 1706 2761 1777 coagulaii,
2789 1706 3130 1775 coagulatum
3159 1708 3213 1763 in
3245 1708 3478 1764 membra
3505 1712 3675 1781 propria
3692 1713 3770 1766 deli-

621 1797 788 1881 ῖετηω
835 1825 1031 1879 radicis
1060 1797 1170 1878 ιοιε
1200 1821 1519 1878 natm-amel-
1539 1797 1773 1877 ’δουοιεε
1816 1797 1982 1876 ﬁam,
2015 1835 2084 1875 ex
2108 1797 2200 1891 ﬁge.
2227 1797 2277 1857 B
2305 1800 2814 1867 neari,delineatum
2837 1799 3085 1868 formari,
3109 1802 3399 1857 formatum
3428 1803 3628 1869 solidari,
3646 1805 3770 1860 solida-

620 1929 770 1971 nere.
801 1912 962 1970 Certe
989 1913 1042 1969 in
1062 1912 1303 1984 parvulis
1327 1911 1528 1967 nullam
1553 1912 1845 1967 voluntatis
1864 1910 1948 1966 vel
1975 1910 2201 1966 actionis

618 2006 853 2078 propria:
893 2006 1320 2078 singularitatem
1363 2019 1609 2060 asserere
1642 2005 1868 2074 poteris,
1901 2004 1992 2074 qui
2025 2013 2200 2058 tamen

619 2117 808 2158 omnes
833 2109 987 2157 extra
1032 2100 1283 2172 baptismi
1329 2101 1558 2170 gratiam
1603 2100 1916 2165 morientes,
1945 2113 2050 2154 non
2080 2113 2200 2163 suo,

621 2191 718 2248 sed
757 2190 1076 2263 protoplasti
1119 2197 1342 2261 peccato
1371 2199 1628 2260 perpetua
1669 2190 1916 2260 plexione
1941 2190 2204 2245 damnan-

623 2296 730 2343 ιιιτ.

691 2395 829 2451 Hinc
875 2395 1204 2466 Augustinus
1246 2396 1299 2450 in
1349 2395 1485 2450 libro
1527 2394 1875 2451 Enchiridion
1900 2409 2040 2466 (cap.
2069 2393 2200 2467 46):

623 2487 937 2562 [Parentum
981 2502 1195 2559 quoque
1241 2489 1480 2558 peccatis
1525 2486 1775 2558 parvulos
1817 2487 2068 2557 obligari,
2096 2503 2201 2542 non

621 2581 793 2638 solum
833 2581 1144 2652 primorum.
1165 2581 1464 2645 hominum,
1491 2581 1586 2636 sed
1613 2582 1776 2635 etiam
1808 2580 2042 2636 filiorum
2079 2579 2202 2652 [al.,

621 2673 889 2747 suorum],
921 2674 988 2729 de
1018 2673 1213 2744 quibus
1243 2673 1343 2743 ipsi
1375 2673 1486 2727 nati
1522 2681 1668 2738 sunt,
1696 2689 1803 2728 non
1832 2671 2203 2743 improbabili-

622 2775 706 2822 ter
731 2767 946 2821 dicitur.
969 2765 1063 2820 llla
1085 2765 1282 2836 quippe
1301 2765 1477 2820 divina
1503 2765 1771 2820 sententia
1797 2783 1809 2819 :
1836 2763 2068 2821 Reddam
2089 2781 2206 2836 pec-

619 2866 740 2912 cata
784 2865 992 2926 patrum
1031 2856 1085 2910 in
1118 2855 1259 2924 ﬁlios
1288 2853 1464 2927 (Deut.
1496 2870 1543 2916 v,
1575 2853 1652 2924 9),
1685 2844 1831 2909 ienet
1859 2868 1951 2909 eos
1997 2853 2200 2924 utique,

620 2958 910 3019 antequam
937 2963 1039 3019 per
1069 2947 1535 3019 regenerationem
1573 2945 1640 3000 ad
1669 2945 2071 3001 Testamentum
2099 2944 2206 2999 No-

619 3055 748 3094 vum
774 3037 1034 3108 incipiant
1055 3039 1345 3108 pertinere.
1373 3035 1526 3104 Quod
1549 3035 1953 3093 Testamentum
1980 3035 2208 3106 prophe-

620 3132 859 3194 tabatur,
888 3146 1012 3186 cum
1035 3129 1310 3186 diceretur
1334 3146 1431 3201 per
1452 3129 1790 3185 Ezechielem
1821 3144 1929 3185 non
1953 3137 2205 3198 acceptu-
2232 3154 2278 3218 ο

621 3236 713 3276 ros
741 3221 877 3276 filios
905 3231 1122 3292 peccata
1150 3229 1363 3291 patrum
1391 3235 1632 3286 suorum,
1666 3234 1766 3276 nec
1801 3218 2026 3274 ulterius
2053 3217 2201 3273 futu-

619 3327 737 3367 ram
768 3313 822 3366 in
838 3311 1000 3366 Israel
1023 3311 1332 3382 parabolam
1352 3311 1527 3367 illam:
1548 3311 1736 3366 Patres
1759 3311 2205 3365 manducaverunt

619 3421 774 3458 uuam
796 3403 1058 3470 acerbam,
1077 3413 1124 3458 et
1145 3404 1319 3459 dentes
1339 3403 1568 3473 ﬁliorum
1587 3404 1959 3474 obstupuerunt
1985 3403 2200 3476 (Ezech.

621 3509 776 3559 xvut,
805 3494 916 3563 20).
947 3494 1072 3550 ldeo
1096 3494 1238 3549 enim
1271 3494 1498 3565 quisque
1523 3495 1846 3558 renascitur,
1877 3503 1937 3548 ut
1965 3493 2205 3548 solvatur

621 3587 675 3641 in
707 3601 772 3640 eo
801 3585 1060 3656 quidquid
1104 3588 1310 3657 peccati
1341 3595 1425 3642 est
1459 3602 1582 3642 cum
1625 3601 1732 3656 quo
1770 3587 2010 3641 nascitur
2039 3605 2051 3641 :
2081 3603 2202 3642 nam

619 3685 841 3748 peccata
873 3693 994 3748 quae
1019 3677 1160 3734 male
1181 3679 1386 3749 agendo
1413 3687 1598 3748 postea
1620 3679 2053 3744 committuntur,
2080 3694 2207 3749 pos-

621 3776 750 3823 sunt
772 3776 827 3823 et
850 3768 1157 3838 paenitendo
1177 3770 1381 3836 sanari,
1396 3770 1536 3824 sicut
1557 3769 1719 3824 etiam
1741 3779 1859 3839 post
1880 3771 2204 3842 baptismum

621 3861 741 3916 fieri
775 3861 1035 3916 videmus.
1086 3860 1164 3916 Ac
1189 3875 1287 3932 per
1316 3862 1418 3916 hoc
1445 3875 1550 3916 non
1579 3861 1650 3916 ob
1679 3861 1825 3915 aliud
1850 3870 1932 3916 est
1961 3861 2205 3916 instituta

621 3949 976 4020 regeneratio,
1007 3949 1109 4005 nisi
1159 3950 1283 4019 quia
1330 3949 1522 4006 vitiosa
1570 3957 1654 4004 est
1693 3951 2000 4020 generatio;
2037 3966 2208 4021 usque

623 4042 758 4097 adeo
795 4049 854 4097 ut
881 4043 1043 4098 etiam
1094 4043 1160 4098 de
1207 4043 1447 4114 legitimo
1494 4044 1840 4100 matrimonio
1888 4054 2210 4114 procreatus

623 4133 801 4187 dicat:
831 4132 898 4186 In
939 4134 1300 4204 iniquitatibus
1342 4145 1616 4206 conceptus
1644 4152 1780 4201 sum,
1805 4143 1852 4189 et
1894 4136 1951 4188 in
1985 4136 2210 4204 peccatis

623 4232 793 4278 mater
826 4242 941 4280 mea
971 4243 1050 4282 me
1080 4228 1134 4281 in
1167 4237 1312 4282 utero
1354 4228 1486 4282 aluit
1514 4225 1686 4298 (Psal.
1718 4245 1772 4294 1.,
1797 4227 1874 4298 7).
1909 4225 2094 4297 Neque
2122 4227 2214 4282 hic”

624 4314 783 4380 dixit,
819 4315 871 4369 in
919 4317 1205 4387 iniquitate
1252 4318 1331 4374 vel
1378 4329 1623 4390 peccato,
1650 4335 1773 4376 cum
1812 4328 1868 4375 et
1911 4320 2013 4376 hoc
2065 4328 2212 4376 recte

624 4407 728 4462 dici
766 4416 943 4478 posset
965 4423 980 4472 ;
1012 4409 1106 4463 sed
1133 4409 1446 4479 iniquitates
1465 4418 1520 4466 et
1549 4418 1770 4481 peccata
1795 4410 1974 4466 dicere
1999 4410 2207 4465 maluit.

625 4500 759 4568 Quia
789 4509 844 4554 et
875 4500 929 4554 in
960 4499 1052 4555 illo
1093 4517 1237 4567 uno,
1265 4502 1409 4572 quod
1456 4502 1510 4557 in
1553 4517 1740 4558 omnes
1789 4503 2038 4560 homines
2083 4520 2209 4575 per-
2233 4517 2288 4579 D

624 4592 874 4658 transiit,
917 4592 1167 4660 quodque
1198 4591 1320 4663 [al.,
1349 4591 1533 4665 atque]
1565 4601 1672 4647 tam
1721 4608 1974 4665 magnum
2021 4604 2124 4661 est,
2150 4603 2210 4649 ut.

624 4702 690 4742 eo
722 4694 1025 4740 mutaretur
1051 4693 1107 4740 et
1136 4694 1544 4741 converteretur
1577 4686 1631 4741 in
1665 4687 2041 4743 necessitatem
2072 4703 2211 4743 mor-

625 4780 696 4834 tis
725 4779 958 4833 humana
1003 4787 1222 4842 natura,
1256 4779 1616 4848 reperiuntur,
1646 4779 1786 4835 sicut
1831 4796 1994 4850 supra
2035 4781 2208 4837 disse-

625 4870 732 4935 rui,
764 4869 916 4940 plura
966 4875 1190 4939 peccata
1237 4876 1292 4922 et
1339 4868 1442 4922 alia
1485 4879 1790 4940 parentum,
1821 4885 1941 4940 qua:
1971 4871 2075 4926 etsi
2103 4887 2210 4928 non

624 4959 701 5014 ita
729 4968 956 5029 possunt
998 4965 1209 5012 mutare
1251 4967 1522 5024 naturam,
1557 4969 1709 5014 reatu
1749 4968 1927 5014 tamen
1973 4960 2210 5031 obligant

626 5048 788 5113 filios,
813 5048 916 5103 nisi
946 5049 1180 5120 gratuita
1212 5050 1385 5119 gratia
1406 5058 1461 5103 et
1481 5049 1848 5105 misericordia
1874 5050 2054 5105 divina
2086 5052 2213 5106 sub-

624 5137 852 5210 veniat.]

697 5274 736 5346 -ι-
769 5274 936 5330 Audis
975 5283 1258 5346 parentum
1307 5275 1543 5346 peccatis
1588 5277 1840 5347 parvulos
1875 5277 2124 5350 obligari,
2156 5287 2213 5335 et

627 5369 764 5425 dicis
792 5369 844 5423 in
874 5367 1021 5422 nullo
1043 5369 1305 5424 vindicari
1326 5369 1471 5438 juste
1498 5370 1720 5425 alterius
1749 5374 2070 5441 peccatum?
2097 5375 2210 5428 Au-

627 5463 714 5518 dis
738 5471 986 5516 naturam
1024 5471 1198 5518 morte
1239 5464 1503 5534 punitam,
1538 5474 1594 5520 et
1635 5466 1770 5520 dicis
1805 5466 1856 5519 in
1888 5467 2032 5522 nullo
2059 5476 2212 5523 natu-

630 5570 747 5608 ram
777 5555 988 5624 puniri?
1025 5553 1318 5610 Verissime
1350 5557 1532 5626 itaque
1569 5559 1765 5613 dicitur
1791 5559 1843 5614 in
1874 5560 2054 5631 impiis
2083 5576 2213 5634 sup-

627 5644 788 5714 plicia
810 5646 1014 5716 perpeti
1036 5645 1179 5715 quod
1202 5645 1342 5701 Deus
1370 5647 1517 5712 fecit,
1542 5647 1594 5703 id
1619 5659 1702 5704 est
1731 5658 1895 5705 totam
1918 5651 2212 5708 humanam

632 5735 1008 5804 substantiam,
1037 5737 1127 5793 sed
1152 5739 1344 5795 merito
1369 5743 1594 5811 peccati,
1619 5745 1760 5815 quod
1787 5753 1898 5800 tota
1921 5746 2211 5802 commisit.

2305 1902 2418 1948 tum
2451 1893 2717 1963 spiraculo
2757 1893 2880 1948 vita:
2924 1895 3190 1950 animari?
3218 1894 3477 1951 Nimirum
3517 1909 3682 1953 constat
3712 1915 3771 1952 ue-

2303 2001 2573 2056 quaquam
2617 1985 2719 2040 sibi
2768 1985 2904 2041 velle
2948 1988 3099 2057 prius
3137 1987 3342 2056 inesse,
3367 2005 3515 2059 quam
3541 1988 3584 2044 id
3606 1989 3772 2044 videlicet

2303 2078 2547 2152 animam.
2569 2076 2806 2132 auctoris
2832 2093 3055 2134 munere
3080 2088 3462 2149 consequatur,
3489 2080 3614 2151 cujus
3632 2084 3771 2150 proprie

2303 2171 2438 2226 velle
2481 2187 2586 2225 non
2631 2171 2929 2225 dubitatur.
2962 2170 3173 2227 Clamat
3216 2180 3398 2226 tamen
3441 2171 3659 2242 Propheta
3682 2174 3771 2242 inge-

2305 2264 2557 2328 miscens,
2584 2272 2639 2318 et
2667 2262 2798 2318 dicit
2824 2280 2838 2316 :
2864 2261 3000 2317 Ecce
3042 2265 3180 2317 enim
3221 2264 3280 2317 in
3312 2263 3632 2333 iniquitatibus
3659 2281 3771 2317 coace-

2303 2363 2422 2424 ptus
2446 2370 2582 2419 sum,
2605 2361 2653 2406 et
2676 2353 2731 2406 in
2751 2353 2976 2424 peccatis
2986 2351 3237 2423 ‘concepit
3274 2370 3354 2408 me
3384 2363 3536 2406 mater
3552 2370 3643 2407 mea
3663 2351 3770 2422 (Ρωι.

2303 2461 2358 2513 1.,
2387 2447 2459 2511 7).
2486 2445 2706 2516 Concipi
2733 2452 2913 2500 autem
2936 2460 3122 2501 semen
3149 2445 3332 2501 nullus
3356 2446 3565 2516 ignorat,
3581 2445 3772 2516 quodcum

2305 2540 2508 2609 absque
2548 2539 2974 2594 contradictione
3007 2539 3210 2594 bonum
3232 2579 3246 2604 ,
3284 2539 3408 2608 quia
3434 2538 3588 2594 omnis
3611 2547 3774 2592 creaturi

2305 2631 2400 2688 Dei
2423 2632 2583 2696 bona,
2607 2631 2974 2701 mundumque
2995 2631 3066 2684 sit
3085 2648 3098 2684 :
3115 2646 3282 2686 omne
3301 2630 3491 2701 quippe
3509 2631 3668 2685 bonum
3683 2633 3776 2683 mun-

2305 2725 2453 2789 dum,
2483 2732 2538 2779 et
2567 2723 2770 2778 nullum
2814 2723 3073 2778 mundum
3123 2737 3232 2778 non
3279 2721 3774 2791 bonumzquzereudum

2301 2812 2385 2871 esi.
2428 2829 2595 2886 quare
2639 2828 2697 2869 se
2743 2814 2800 2868 in
2852 2813 3233 2884 iniquitatibus
3265 2821 3568 2883 conceptum
3596 2810 3775 2879 deploret.

2303 2907 2423 2964 Non
2469 2908 2612 2963 enim
2666 2907 2719 2961 in
2769 2906 2902 2974 suis,
2932 2921 3053 2976 qua:
3098 2920 3197 2976 per
3248 2906 3514 2976 propriam
3543 2903 3774 2958 voluntatem

2305 3003 2480 3056 adhuc
2507 3000 2650 3056 nulla
2681 3009 2826 3066 sunt,
2857 3001 2951 3056 sed
2996 3000 3186 3071 procul
3217 3001 3384 3056 dubio
3411 3001 3461 3055 in
3502 2999 3632 3070 primi
3655 3010 3778 3068 prope

2307 3092 2510 3165 gatoris
2550 3091 2746 3158 nostri,
2788 3107 2855 3148 ex
2887 3108 2994 3163 quo
3022 3108 3144 3148 cum
3176 3093 3419 3148 humana
3449 3087 3778 3155 substantiajuu

2309 3185 2560 3238 damnata
2584 3183 2926 3255 iniquitatem
2958 3186 3230 3240 nascendo
3275 3184 3549 3251 trahimus,
3573 3197 3694 3254 quam
3711 3179 3780 3233 nul-

2305 3274 2516 3330 latenus
2545 3275 2646 3330 nisi
2686 3276 3014 3351 renascendo
3038 3275 3340 3330 evadimus.
3374 3275 3481 3331 Hoc
3512 3274 3780 3340 tamenipsu

2307 3384 2492 3426 semen
2536 3369 2727 3425 beatus
2764 3367 2864 3425 Job
2897 3370 3235 3424 immundum
3289 3386 3482 3426 vocare
3521 3385 3612 3425 non
3645 3364 3779 3422 metuit.

2307 3478 2430 3518 cum
2455 3462 2620 3518 dicit:
2649 3461 2778 3528 Quis
2821 3472 2984 3533 potest
3026 3462 3198 3533 facere
3225 3464 3480 3518 mundum
3516 3464 3570 3516 de
3605 3459 3781 3514 inmundo

2308 3563 2608 3622 conceptum
2639 3553 2870 3607 semine?
2901 3552 3090 3608 Nonne
3117 3564 3174 3607 tu
3199 3555 3295 3625 qui
3322 3555 3462 3610 solus
3489 3555 3572 3608 es!
3593 3550 3685 3622 (Job
3717 3562 3780 3602 nt.

2307 3644 2387 3714 4.)
2441 3644 2636 3710 Quare,
2673 3659 2872 3714 qumso,
2923 3645 3301 3700 immundum?
3330 3662 3449 3702 cum
3495 3643 3700 3700 Dominus
3729 3653 3780 3704 pt-

2309 3735 2440 3789 stori
2468 3733 2721 3790 Ecclesiae
2741 3734 2886 3789 dicat
2909 3752 2922 3788 :
2949 3734 3102 3800 Quod
3129 3734 3273 3790 Deus
3297 3734 3568 3795 mandarit,
3587 3742 3631 3784 tu
3648 3741 3782 3780 necom-

2310 3841 2464 3879 mune
2485 3825 2682 3879 dixeris
2706 3825 2846 3897 (Act.
2864 3840 2940 3890 χι,
2954 3824 3009 3894 9)
3031 3841 3044 3890 ;
3069 3834 3125 3879 et
3144 3825 3196 3880 in
3220 3825 3510 3896 Evangelio
3525 3841 3538 3877 :
3555 3821 3652 3876 Non
3666 3829 3782 3883 («quer

2310 3917 2507 3970 intrant
2537 3917 2591 3971 in
2616 3932 2672 3971 os
2700 3917 3041 3988 coinquinant
3067 3918 3366 3982 hominem,
3393 3916 3480 3970 sed
3505 3929 3604 3985 qua:
3625 3910 3672 3962 de
3693 3903 3783 3958 tot“

2310 4018 2520 4074 exeunt,
2545 4025 2606 4062 ea
2648 4008 2986 4080 coinquinant
3021 4009 3286 4063 hominem
3331 4006 3534 4079 (Matth.
3559 4018 3632 4066 xv,
3654 3999 3726 4064 ll).
3754 3994 3784 4044 Ιη

2311 4100 2520 4155 semine
2547 4115 2696 4162 vero,
2732 4100 2875 4170 quod
2919 4100 3138 4166 seritur,
3173 4099 3377 4154 nullam
3423 4099 3584 4154 inesse
3603 4089 3784 4164 propriam

2311 4191 2527 4246 volendi
2559 4191 2971 4262 possibilitatem
3001 4202 3166 4263 atque
3195 4191 3481 4247 scientiam
3508 4189 3613 4260 quis
3635 4182 3787 4239 nesciat?

2314 4282 2470 4339 Unde
2494 4297 2624 4354 ergo
2653 4283 2989 4340 immundum
3029 4285 3146 4340 est?
3171 4283 3426 4356 Nunquid
3458 4299 3518 4338 ex
3551 4296 3606 4336 eo
3627 4277 3785 4346 quodest

2313 4382 2566 4429 creatura
2611 4374 2739 4429 Dei?
2783 4375 2960 4432 Absit.
3023 4375 3214 4432 Restat
3259 4377 3427 4448 igitur
3472 4383 3526 4430 ut
3566 4387 3619 4427 ex
3651 4366 3788 4422 ιηειιιίι·

2315 4466 2620 4538 iniquitatis
2648 4468 2960 4539 primigenaa
2985 4468 3326 4524 immundum
3354 4467 3618 4522 fateamur.
3639 4457 3787 4528 quodet

2316 4559 2579 4631 dignitate
2607 4559 2794 4629 prima:
2826 4560 3151 4616 conditionis
3179 4561 3438 4616 mundum
3463 4555 3686 4614 catholica
3704 4553 3787 4601 lenti

2317 4660 2374 4705 et
2419 4651 2692 4706 convincit
2739 4650 2998 4706 Ecclesia.
3048 4649 3208 4708 Patet
3250 4653 3432 4722 itaque
3470 4658 3604 4704 reatu
3639 4651 3789 4714 patermt

2318 4744 2766 4814 transgressionis
2807 4744 3142 4801 immundum
3187 4747 3319 4812 seri,
3372 4743 3569 4813 concipi
3608 4749 3653 4794 et
3689 4729 3789 4789 nisti.

2318 4837 2461 4906 quod
2483 4836 2720 4906 puritate
2748 4836 2938 4906 prima:
2963 4838 3258 4894 creationis
3280 4837 3531 4893 mundum
3549 4833 3706 4888 factum
3724 4821 3791 4877 ιιαΙ·

2319 4927 2404 4984 lus
2434 4928 2535 4983 nisi
2559 4942 2753 4998 expers
2777 4929 3022 4984 veritatis
3047 4929 3260 5000 ignorat
3280 4937 3374 4984 aut
3403 4935 3568 4997 negat.

2393 5018 2530 5073 Hinc
2555 5017 2850 5090 Gregorius
2873 5018 2928 5073 in
2959 5019 3242 5076 Moralium
3266 5021 3406 5076 libro
3445 5015 3685 5074 undecimo
3707 5009 3789 5078 (fitL

2321 5110 2418 5166 uit.
2429 5153 2443 5179 ,
2471 5112 2523 5167 in
2542 5111 2690 5183 fine).
2709 5111 2780 5183 [ls
2795 5112 2888 5182 qui
2911 5127 3006 5180 per
3020 5127 3078 5168 se
3103 5113 3249 5169 solus
3263 5123 3347 5168 est
3367 5111 3601 5172 mundus,
3621 5099 3793 5160 mundam

2318 5203 2577 5274 praevalet
2603 5203 2900 5258 immunda.
2926 5203 3098 5260 Homo
3121 5206 3266 5261 enim
3299 5206 3352 5260 in
3370 5198 3669 5273 corruptibili
3693 5201 3793 5248 eam!

2319 5295 2528 5359 vivens,
2556 5293 2720 5349 habet
2747 5295 3108 5352 tentationum
3132 5296 3498 5353 immunditias
3525 5296 3749 5361 impressas
3763 5279 3792 5329 in

2320 5385 2630 5456 semetipso,
2660 5386 2784 5455 quia
2816 5387 3069 5442 nimirum
3095 5403 3188 5442 eas
3218 5389 3381 5443 traxit
3417 5387 3484 5442 ah
3521 5382 3705 5452 origine.
3728 5373 3795 5464 ipsi

2322 5476 2517 5547 quippe
2546 5486 2766 5547 propter
2794 5477 3208 5533 delectationem
3247 5478 3426 5534 carnis
3462 5474 3568 5544 ejus
3603 5469 3794 5530 concel‘uo

2323 5568 2664 5622 iuimunditia
2695 5578 2818 5625 est:
2857 5570 2997 5625 unde
3027 5580 3083 5626 et
3123 5571 3401 5627 Psalmista
3431 5569 3535 5623 ait:
3577 5562 3685 5616 Em
3711 5553 3795 5608 tu!"

2321 5659 2376 5712 in
2407 5659 2768 5728 iniquitatibus
2794 5672 3070 5733 conceptus
3110 5681 3255 5727 sum,
3298 5672 3342 5716 ct
3385 5664 3436 5714 in
3465 5657 3638 5714 delictis
3669 5649 3792 5719 ριριηι

2324 5766 2404 5804 me
2432 5761 2598 5806 mater
2625 5769 2738 5807 mea
2778 5750 2953 5824 (Psal.
2985 5770 3042 5821 ι,
3078 5756 3152 5826 7).
3196 5754 3325 5812 Hinc
3358 5763 3438 5810 est
3465 5765 3580 5822 ergo
3603 5733 3794 5814 ειυοάνν·
