4010 6352
131 367 262 423 1⁵257

125 487 346 545 rumque
376 480 610 529 tentatur
645 481 702 529 ct
727 471 950 538 nolens;
986 475 1113 528 hinc
1137 482 1221 528 est
1248 473 1390 542 quod
1417 472 1690 526 immunda
1721 475 1772 532 Α

127 565 362 636 qu:edam
394 564 448 618 in
481 573 659 619 mente
692 565 912 634 patitur,
942 564 1190 634 quamvis
1227 573 1283 618 et
1316 562 1518 632 judicio
1549 562 1692 616 relu-

125 665 319 721 ctetur,
353 656 478 727 quia
503 664 791 724 conceptus
819 655 884 709 de
914 653 1274 718 immunditia,
1298 655 1425 708 dum
1447 653 1513 708 ad
1540 668 1695 706 mun-

125 748 314 803 ditiam
334 745 539 810 tendit,
583 745 685 800 hoc
724 752 949 800 conatur
981 745 1200 800 vincere
1225 743 1369 814 quod
1400 751 1501 797 est.
1530 741 1692 808 Quis—

125 838 243 909 quis
267 846 448 892 autem
474 835 698 891 occultae
717 835 1028 890 tentationis
1065 844 1244 890 motus
1271 843 1432 904 atque
1461 833 1693 888 immun-

123 931 304 987 ditiam
334 927 672 1000 cogitationis
697 927 998 992 evinceret,
1030 941 1368 998 nequaquam
1408 925 1510 981 sibi
1539 940 1694 981 suam

123 1019 435 1074 munditiam
485 1017 722 1084 tribuat,
772 1018 898 1088 quia
943 1018 1009 1073 de
1050 1017 1328 1073 immundo
1373 1025 1693 1087 conceptum

121 1112 323 1168 semine
368 1110 546 1166 nullus
590 1109 770 1166 facere.
817 1111 1074 1165 mundum
1119 1118 1325 1180 potest,
1373 1110 1477 1165 nisi
1519 1110 1568 1166 is
1599 1109 1692 1179 qui

118 1202 344 1259 mundus
373 1218 469 1273 per
513 1202 859 1271 semetipsum
888 1201 1036 1256 solus
1070 1210 1152 1255 est
1185 1201 1305 1271 (Job
1336 1215 1449 1266 xxv,
1476 1199 1552 1271 4).
1586 1199 1692 1268 Qui

119 1316 244 1371 ergo
261 1300 370 1370 jam
397 1299 465 1352 ad
492 1298 670 1353 locum
699 1297 974 1352 munditia:
1007 1305 1186 1352 mente
1209 1297 1475 1366 pervenit,
1500 1310 1693 1351 conce-

115 1391 309 1462 ptionis
337 1389 613 1446 suarviam
655 1388 943 1458 respiciat,
979 1403 1078 1460 per
1120 1403 1283 1457 quam
1320 1387 1499 1452 venit,
1530 1396 1692 1457 atque

116 1485 240 1540 inde
259 1482 479 1554 colligat
504 1481 630 1553 quia
667 1496 736 1536 ex
779 1496 875 1536 sua
915 1480 1115 1536 virtute
1151 1495 1258 1535 non
1288 1479 1451 1535 habet
1472 1480 1688 1535 mundi-

119 1577 246 1632 tiam
274 1575 522 1641 vivendi,
551 1574 636 1630 cui
665 1574 731 1628 de
767 1573 1104 1629 immunditia
1135 1572 1337 1629 factum
1363 1581 1449 1629 est
1476 1573 1690 1629 initium

115 1663 492 1739 subsistendi.]
521 1665 562 1736 -ι-
585 1664 845 1734 Quodque
875 1663 1044 1720 infers
1075 1681 1088 1718 :

655 1790 740 1830 1οΔ
749 1790 882 1830 NNBS
910 1789 1134 1830 SCOTUS.

185 1891 332 1964 (Cap.
367 1891 419 1958 6,
451 1906 599 1946 num.
630 1889 717 1955 15,
745 1897 878 1945 sect.
905 1889 984 1962 4.)
1014 1899 1054 1946 Θ
1084 1888 1236 1956 Quod
1274 1889 1319 1942 si
1353 1887 1552 1944 nullam
1590 1907 1686 1945 na-

111 1994 280 2038 turam
307 1984 484 2054 puniri
507 1983 643 2037 ratio
663 1982 864 2050 suasit,
892 1983 1183 2036 necessario
1218 1981 1416 2034 nullam
1443 1993 1686 2036 naturam

110 2078 293 2146 punire
317 2075 579 2131 suadebit.
617 2073 798 2146 Neque
837 2073 974 2129 enim
1008 2075 1254 2128 creatrix.
1289 2073 1474 2146 Neque
1513 2084 1688 2128 creata

108 2169 254 2239 punit
276 2178 530 2233 creatam,
560 2167 684 2239 quia
713 2165 860 2222 nulla
886 2167 1178 2221 substantia
1203 2165 1421 2221 alterius
1447 2167 1690 2222 substan-

107 2261 197 2315 tiis
221 2261 488 2315 contraria
517 2276 627 2316 esse
653 2267 840 2330 potest.

737 2387 940 2431 αοιιιιεε
947 2389 978 2429 'I‘
985 2389 998 2428 1
1006 2388 1060 2428 0.

145 2495 148 2498 ’
196 2487 224 2555 ι·
265 2483 472 2540 SulIicit
519 2483 647 2539 huic
695 2483 992 2554 phantasia:
1037 2482 1388 2538 dissolvendae
1435 2481 1692 2540 Veritatis

107 2576 375 2646 elogium,
415 2587 524 2644 quo
568 2571 735 2627 dicit:
775 2570 951 2626 Nolite
985 2571 1164 2648 timere
1192 2587 1276 2624 eos
1318 2572 1408 2641 qui
1449 2571 1691 2626 occidunt

111 2683 320 2737 corpus,
348 2665 580 2720 animam
610 2673 784 2718 autem
813 2679 914 2717 non
937 2671 1150 2733 possunt
1177 2662 1448 2742 occidere;
1483 2662 1573 2716 sed
1595 2678 1690 2732 po-

111 2759 219 2812 tius
261 2773 378 2811 eum
424 2757 598 2810 timete
642 2755 730 2827 qui
761 2754 913 2809 habet
954 2764 1258 2825 potestatem
1289 2763 1337 2808 et
1372 2755 1604 2809 animam
1643 2764 1693 2809 et

108 2867 298 2921 corpus
323 2849 532 2921 perdere
559 2849 614 2902 in
651 2849 882 2920 gehenna
925 2847 1138 2919 (Matth.
1171 2862 1237 2912 χ,
1268 2845 1399 2920 28);
1436 2855 1492 2903 et
1524 2847 1688 2902 item:

111 2942 199 2998 Ite
223 2942 276 2996 in
301 2941 472 3012 ignem
499 2949 752 2996 wternum
779 2939 868 3010 qui
892 2948 1109 3005 paratus
1136 2947 1209 2993 est
1237 2937 1445 2992 diabolo
1469 2947 1516 2992 et
1540 2953 1696 3009 ange-

110 3038 180 3091 lis
205 3035 312 3105 ejus
339 3033 554 3105 (Matth.
588 3048 714 3099 xxv,
744 3031 859 3102 41).
887 3029 1042 3098 Quod
1069 3031 1255 3100 utique
1281 3029 1608 3094 hominibus,
1641 3029 1694 3084 id

107 3137 197 3184 est
236 3126 460 3192 naturis,
497 3126 742 3182 dicturus
771 3132 888 3189 est,
935 3139 1043 3178 non
1085 3136 1182 3192 per
1209 3136 1268 3178 se
1294 3121 1692 3187 voluntatibus,

966 363 1053 420 DE
1088 358 1759 421 PREDESTINATIONE
1796 353 2072 415 CONTRA
2108 353 2159 409 εἰ.
2203 346 2509 408 SCOTUM.

3227 339 3366 396 D258

2349 472 2572 517 JOANNES
2598 469 2819 512 SCOTUS.

1869 577 2033 651 (Cap.
2063 577 2151 640 l6,
2183 589 2330 629 num.
2366 572 2450 636 14,
2484 576 2614 625 sect.
2647 568 2738 639 4.)
2765 577 2807 623 Θ
2833 566 2983 632 Qua’,
3015 565 3211 634 inquis,
3235 575 3374 620 ratio

1795 672 1916 726 hinc
1944 670 2170 723 maxime
2191 665 2443 736 probatur
2464 660 2602 732 quod
2629 658 2825 714 nullius
2852 658 3048 727 peccati
3068 657 3373 716 auctoritas,

1797 764 1899 818 nisi
1926 759 2318 816 mendosissime
2343 753 2744 825 impiissimeque
2762 791 2778 814 ,
2817 749 2885 803 ad
2913 748 3077 801 Deum
3107 746 3333 815 refertur
3357 761 3375 809 ,°

1794 871 1858 908 ac
1880 855 1923 908 si
1953 859 2219 922 peccatum
2245 856 2373 901 esset
2403 861 2467 899 ea:
2494 851 2707 906 natura,
2735 850 2924 894 natura
2946 847 3120 892 autem
3148 851 3213 892 ex
3239 835 3372 900 Deo,

1792 943 2023 1015 profecto
2044 947 2311 1012 peccatum
2335 953 2400 992 ea:
2422 935 2532 990 Deo
2558 949 2668 988 esse
2693 931 3014 1001 sequeretur.

2422 1081 2740 1126 CORBECTIO.

1859 1207 1902 1277 1-
1925 1204 2172 1274 Nunquid
2195 1209 2420 1274 peccata
2444 1200 2588 1270 regis
2614 1198 2887 1261 Manasse,
2913 1210 3033 1265 quae
3069 1202 3177 1249 tam
3203 1192 3372 1248 multa

1790 1301 1957 1357 fuisse
1981 1301 2255 1373 leguntur,
2282 1306 2430 1353 recte
2452 1296 2593 1368 patri
2625 1293 2763 1363 ejus,
2785 1294 2902 1347 viro
2917 1293 3064 1363 justo
3085 1300 3140 1346 et
3160 1302 3368 1354 sancto,

1791 1394 2096 1466 deputanda
2129 1392 2293 1449 sunt?
2331 1389 2437 1463 (IV
2465 1388 2589 1460 Reg.
2637 1387 2776 1459 xxi.)
2823 1385 3027 1456 Nempe
3067 1385 3370 1439 Manassem

1787 1501 1854 1541 ex
1878 1484 2106 1540 Ezechia
2131 1492 2314 1539 natum
2342 1481 2520 1537 nullus
2540 1481 2769 1551 ignorat,
2795 1487 3015 1550 peccata
3042 1488 3221 1533 autem
3249 1492 3370 1548 qua:

1789 1577 2065 1634 Manasses
2093 1575 2409 1647 impiissime
2435 1575 2692 1646 patravit,
2719 1573 3022 1628 nullatenus
3045 1587 3110 1625 ex
3139 1569 3368 1625 Ezechia

1786 1666 2122 1738 prodierunt.
2147 1665 2363 1721 Falsum
2391 1675 2475 1722 est
2499 1663 2663 1735 igitur
2687 1662 2830 1732 quod
2857 1661 3132 1731 proponis,
3164 1667 3224 1712 ut
3247 1659 3368 1713 ideo

1788 1767 2051 1831 sequatur
2070 1767 2352 1830 peccatum
2373 1770 2493 1812 esse
2523 1771 2590 1811 ex
2621 1757 2730 1810 Deo
2767 1753 2910 1824 quod
2940 1760 3021 1808 est
3049 1767 3117 1808 ex
3151 1759 3365 1815 natura,

1713 1841 1762 1901 Β
1789 1854 1933 1925 quod
1961 1861 2156 1908 natura
2179 1867 2245 1907 ex
2269 1850 2380 1906 Deo
2404 1850 2494 1905 sit.
2535 1847 2651 1903 Non
2679 1844 2999 1917 euim-juste
3039 1844 3150 1899 Deo
3183 1852 3365 1898 nostra

1787 1942 2028 1999 facinora
2053 1925 2428 2005 ascribuntur,
2470 1953 2538 1993 ex
2583 1953 2690 2007 quo
2730 1951 2862 2002 nos,
2892 1936 2944 1990 id
2989 1943 3071 1989 est
3115 1944 3367 1988 naturam

1787 2043 2052 2101 nostram,
2081 2048 2200 2088 esse
2228 2047 2334 2087 non
2363 2031 2658 2086 dubitatur.
2699 2028 2860 2085 Certe
2886 2027 3190 2082 libertatem
3226 2025 3370 2079 arbi-

1791 2128 1878 2185 trii
1909 2128 2052 2184 Deus
2077 2125 2281 2181 homini
2307 2125 2532 2194 largitus
2559 2130 2660 2186 est,
2685 2129 2741 2175 et
2765 2120 2956 2173 eadem
2979 2117 3188 2172 arbitrii
3211 2116 3370 2170 liber-

1788 2227 1900 2273 tate
1930 2218 2092 2272 homo
2116 2215 2362 2286 peccavit
2392 2232 2406 2267 :
2451 2212 2694 2282 nunquid
2733 2212 2854 2266 ideo
2883 2208 3228 2280 deputabitur
3256 2206 3369 2261 Deo

1788 2310 1978 2364 vitium
2024 2308 2206 2363 libera:
2248 2307 2560 2373 voluntatis,
2605 2306 2730 2376 quia
2763 2305 2995 2361 donator
3021 2303 3170 2373 ejus,
3205 2303 3256 2357 id
3287 2312 3371 2358 est

1789 2399 1974 2456 libera:
2013 2399 2338 2462 voluntatis,
2389 2398 2692 2453 certissime
2738 2396 3021 2452 creditur?
3067 2397 3161 2452 Est
3209 2395 3371 2466 igitur

1791 2499 1985 2545 natura
2013 2489 2189 2545 omnis
2212 2503 2280 2544 ex
2304 2487 2446 2551 Deo,
2475 2489 2667 2542 vitium
2689 2501 2818 2542 vero
2848 2502 2912 2541 ex
2952 2493 3140 2540 natura
3159 2526 3174 2551 ,
3219 2483 3372 2552 cujus

1791 2583 1987 2637 merito
2015 2589 2205 2636 natura
2234 2580 2470 2650 punitur.
2505 2579 2726 2634 Dixerat
2745 2579 2934 2633 eadem
2957 2577 3227 2647 quondam
3250 2576 3374 2630 Coe-

1793 2673 2000 2740 lestius,
2025 2671 2230 2743 Pelagii
2259 2670 2573 2741 discipulus,
2605 2671 2696 2740 qui
2726 2679 2903 2724 tecum
2935 2677 3141 2723 tantum
3165 2677 3374 2722 natura:

1796 2765 2086 2830 tribuebat,
2107 2773 2167 2818 ut
2183 2778 2304 2819 eam
2323 2763 2392 2818 ab
2417 2762 2563 2818 omni
2584 2762 2716 2816 vitio
2729 2769 2866 2831 -post
2885 2769 3164 2833 peccatum
3191 2768 3376 2815 extor-

1795 2869 1908 2910 rem
1939 2861 2224 2914 assereret,
2248 2852 2620 2922 voluntatique
2643 2851 2744 2908 soli
2769 2851 3027 2921 quidquid
3049 2850 3174 2905 mali
3197 2849 3372 2914 ﬂeret,

1795 2944 2092 3001 attribuere
2119 2943 2424 2998 nullatenus
2448 2942 2786 3008 formidaret,
2813 2943 2897 2998 cui
2929 2950 3108 2996 tamen
3141 2955 3170 2994 a
3198 2939 3377 2994 Patri-

1795 3038 1898 3094 bus
1925 3052 2242 3108 responsum
2279 3047 2402 3093 est:
2445 3045 2724 3108 peccatum
2755 3051 2862 3091 non
2902 3049 3022 3090 esse
3065 3034 3252 3089 vitium
3282 3049 3376 3088 na-

1797 3137 1932 3184 turae
1977 3129 2032 3183 in
2077 3127 2251 3198 primo
2293 3127 2545 3192 homine,
2576 3127 2718 3182 sicut
2759 3139 2879 3180 eam
2927 3125 3068 3180 Deus
3111 3115 3374 3190 condidit,

106 3234 234 3288 quae
261 3233 356 3287 per
381 3232 438 3272 se
469 3231 591 3272 esse
617 3230 723 3270 non
744 3221 986 3286 possunt,
1016 3212 1143 3282 quia
1166 3219 1372 3266 natura:
1411 3226 1517 3266 non
1547 3220 1693 3266 sunt.

1799 3224 1954 3294 quasi
1983 3223 2035 3278 in
2059 3238 2122 3278 ea
2151 3231 2348 3278 etcum
2376 3236 2440 3276 ea
2463 3221 2759 3288 conditum,
2783 3221 2878 3276 sed
2905 3221 3045 3276 sicut
3072 3235 3169 3275 sua
3187 3219 3379 3275 volun-

109 3310 284 3366 Porro
309 3309 374 3363 de
401 3305 678 3378 originalis
705 3305 910 3375 peccati
934 3303 1298 3368 damnatione,
1327 3299 1479 3370 cujus
1500 3302 1692 3356 merito

102 3399 409 3472 justissima
440 3397 536 3453 Dei
575 3396 841 3453 sententia
868 3394 1178 3450 universum
1203 3408 1373 3465 genus
1397 3395 1692 3449 humanum

108 3491 278 3548 morti
304 3490 432 3546 fecit
463 3488 756 3546 obnoxium
775 3529 790 3555 ,
834 3495 1094 3558 quantum
1121 3486 1424 3556 Pelagianis
1451 3485 1695 3558 patribus

107 3584 222 3639 suis
253 3582 464 3637 laveras
503 3580 557 3635 in
598 3587 847 3650 promptu
880 3585 962 3634 est
990 3595 1003 3631 :
1045 3578 1189 3633 unde
1213 3577 1365 3648 plura
1394 3577 1575 3633 dicere
1605 3593 1696 3632 su-

105 3674 488 3746 persedimus,
535 3672 662 3744 quia
711 3671 845 3727 satis
892 3685 1160 3741 superque
1205 3686 1236 3725 a
1283 3670 1528 3727 Patribus
1571 3670 1695 3727 inde

107 3776 295 3823 actum
323 3767 775 3834 terminatumque
800 3764 1170 3835 cognovimus.
1204 3761 1546 3820 Substantias
1569 3779 1696 3820 vero

105 3858 435 3914 substantiis
461 3855 787 3924 contrarias,
813 3856 984 3910 multa
1008 3856 1327 3912 documenta
1361 3864 1487 3911 sunt
1512 3874 1525 3910 :
1563 3866 1618 3911 et
1640 3865 1698 3911 ut

107 3961 310 4007 caetera
333 3959 674 4021 praeteream,
691 3951 1032 4021 perspicuum
1051 3959 1132 4005 est
1152 3965 1347 4021 aquam
1377 3950 1501 4021 igni,
1521 3950 1697 4018 ignem

102 4057 269 4113 aqua:
289 4041 556 4113 lignisque
575 4050 632 4098 et
653 4042 870 4097 caneris
897 4041 1245 4096 terrestribus
1267 4041 1509 4095 materiis
1534 4058 1546 4092 :
1573 4055 1700 4095 con-

107 4132 344 4188 trarium
373 4146 641 4188 venenum
667 4131 896 4199 homini,
924 4130 1149 4187 salivam
1177 4131 1414 4186 hominis
1444 4131 1533 4184 diu
1557 4129 1698 4202 jeju-

103 4223 297 4279 nantis
330 4223 588 4295 serpenti,
615 4223 888 4279 hominem
914 4222 1141 4287 homini,
1169 4221 1440 4276 diabolum
1471 4221 1698 4288 homini,

99 4323 164 4373 et
195 4324 395 4371 cetera
425 4315 750 4386 huiusmodi.
780 4315 949 4370 Deum
973 4327 1103 4368 vero
1123 4312 1335 4368 naturis
1362 4327 1392 4366 a
1419 4327 1477 4368 se
1503 4311 1702 4368 creatis

97 4409 162 4466 in
193 4415 406 4463 tantum
449 4421 558 4464 non
585 4421 705 4463 esse
733 4405 1099 4471 contrarium,
1141 4403 1195 4459 in
1224 4413 1484 4475 quantum
1524 4403 1594 4459 ab
1635 4417 1702 4460 eo

97 4511 313 4558 creatae
342 4508 508 4566 sunt;
547 4499 602 4555 in
645 4514 710 4556 eo
749 4508 927 4554 autem
958 4497 1101 4567 quod
1130 4496 1306 4554 ab'eo
1342 4497 1700 4568 superbiendo

1796 3324 1906 3371 tate
1931 3316 2150 3386 propria
2178 3315 2470 3384 depravata
2500 3322 2583 3368 cst
2607 3329 2670 3369 ac
2696 3313 2886 3369 vitiata
2914 3331 2927 3367 :
2959 3327 3066 3384 quo
3094 3321 3252 3382 pacto
3281 3312 3382 3383 igi-

1796 3418 1883 3462 tur
1913 3408 2080 3463 solius
2103 3407 2396 3462 voluntatis
2425 3413 2704 3478 peccatum
2729 3422 2849 3464 esse
2877 3406 3096 3473 dicitur,
3129 3423 3252 3463 cum
3279 3422 3379 3462 vo-

1795 3497 1976 3552 luntas
2003 3513 2101 3568 per
2123 3512 2182 3552 sc
2207 3498 2506 3552 substantia
2534 3513 2640 3554 non
2669 3498 2782 3554 sit?
2817 3497 2876 3554 Si
2906 3512 3036 3568 ergo
3055 3507 3248 3553 natura
3272 3512 3378 3552 non

1797 3598 1902 3655 est,
1931 3589 2179 3659 sequitur
2205 3597 2266 3642 ut
2300 3604 2396 3660 per
2427 3602 2486 3643 se
2518 3588 2660 3643 sicut
2684 3603 2792 3643 non
2823 3588 3150 3650 subsistere,
3183 3587 3254 3641 ita
3281 3603 3381 3641 nec

1795 3681 1932 3737 velle
1956 3679 2084 3738 boni
2127 3665 2331 3750 aliquid
2369 3679 2452 3735 vel
2497 3679 2625 3734 mali
2670 3694 2771 3735 nec
2813 3679 3026 3751 operari
3055 3679 3247 3748 possit.
3281 3679 3382 3736 Est

1797 3782 1977 3829 autem
1999 3772 2248 3827 voluntas
2275 3779 2482 3825 natura;
2504 3768 2750 3839 alicujus,
2775 3771 2890 3826 vult
2908 3786 3037 3842 ergo
3057 3781 3274 3837 natura,
3297 3773 3382 3827 vel

1797 3863 1994 3919 bonum
2019 3877 2086 3917 ex
2115 3861 2242 3926 Deo,
2270 3859 2354 3915 vel
2381 3861 2582 3915 malum
2609 3874 2676 3914 ex
2700 3875 2778 3916 se.
2805 3860 2901 3916 Est
2920 3861 3083 3932 igitur
3099 3869 3382 3932 peccatum

1798 3962 2006 4007 natura:
2047 3951 2250 4006 vitiatae
2295 3960 2458 4022 atque
2492 3952 2827 4022 depravatae,
2861 3953 3089 4009 volentis
3125 3954 3269 4025 quod
3297 3955 3384 4010 vel

1799 4042 2050 4098 conditor
2076 4041 2382 4111 prohibuit,
2431 4042 2516 4097 vel
2561 4043 2700 4099 ratio
2736 4052 2791 4099 et
2831 4042 3073 4113 probitas
3101 4045 3378 4101 dissuasit.

1801 4131 2066 4200 Quocirca
2090 4131 2216 4202 jure
2253 4134 2473 4204 punitur
2504 4142 2714 4198 natura,
2751 4133 2904 4204 cujus
2928 4144 3012 4191 est
3043 4145 3212 4192 totum
3240 4137 3384 4207 quod

1801 4241 1896 4282 sua
1928 4226 2148 4297 propria
2175 4227 2452 4283 voluntate
2486 4228 2835 4297 delinquitur.
2883 4228 3037 4285 Unde
3073 4241 3130 4288 et
3154 4231 3386 4303 Aposto-

1799 4317 1884 4375 lus
1929 4329 2149 4375 monet:
2193 4318 2316 4374 Non
2364 4331 2536 4391 regnet
2573 4330 2841 4392 peccatum
2875 4323 2930 4377 in
2958 4333 3126 4378 vestro
3172 4326 3385 4380 mortali

1801 4424 2034 4479 corpore,
2075 4418 2132 4464 ut
2159 4409 2412 4464 obcdiatis
2439 4411 2868 4481 concupiscentiis
2901 4412 3036 4482 ejus.
3082 4411 3184 4468 Sed
3223 4431 3385 4486 neque

1801 4499 2085 4554 exhibeatis
2112 4501 2341 4554 membra
2365 4510 2532 4555 vestra
2554 4516 2704 4555 arma
2723 4501 3013 4574 iniquitatis
3037 4514 3266 4574 peccato,
3293 4505 3386 4558 sed

97 4595 418 4657 discedunt,
455 4608 562 4648 non
593 4592 765 4650 solum
809 4591 1254 4654 rationabilibus.
1297 4605 1486 4646 verum
1530 4591 1696 4646 etiam
1723 4561 1778 4622 Β
1803 4593 2035 4648 exhibete
2058 4609 2146 4648 vos
2169 4592 2277 4648 Deo
2304 4603 2554 4664 tanquam
2575 4611 2638 4650 ex
2657 4561 2877 4651 mortuis
2900 4561 3205 4663 viventes,“
3226 4561 3388 4652 mem-

93 4685 574 4746 irrationabilihus
624 4683 759 4739 adeo
810 4683 1116 4740 contrarius
1161 4683 1390 4754 justitiae
1441 4683 1696 4753 tequitate

91 4777 440 4841 ostenditur,
480 4783 542 4830 ut
575 4774 693 4830 illas
714 4773 838 4844 jure
879 4774 1342 4846 praevaricationis
1387 4785 1695 4848 transgres-

94 4877 270 4932 sione
310 4871 543 4943 plectat,
573 4880 629 4928 et
657 4872 758 4927 has
798 4871 1012 4927 illarum
1059 4873 1254 4928 merito
1281 4871 1367 4929 vel
1392 4873 1582 4943 perdat
1611 4872 1697 4929 vel

94 4971 158 5025 in
210 4965 457 5022 deterius
488 4972 822 5022 commutet:
863 4975 922 5020 ut
957 4965 1011 5019 in
1053 4965 1292 5031 diluvio,
1345 4963 1596 5022 Sodomis
1642 4975 1700 5023 et

91 5056 299 5114 multis
326 5055 449 5111 aliis
477 5063 746 5111 terrarum
778 5054 926 5112 orbis
967 5055 1214 5127 partibus
1241 5055 1444 5111 factum
1472 5054 1702 5128 legimus

91 5145 530 5216 faciendumque
565 5145 620 5200 in
643 5144 847 5214 judicio
889 5145 1161 5201 credimus
1204 5154 1260 5202 et
1298 5154 1698 5216 exspectamus.

91 5237 250 5294 Dicit
279 5237 447 5293 etiam
475 5236 793 5307 Apostolus:
830 5235 968 5292 Caro
997 5239 1315 5310 concupiscit
1335 5238 1584 5294 adversus
1602 5241 1704 5311 spi-

91 5335 295 5399 ritum,
319 5342 371 5387 et
395 5332 611 5402 spiritus
639 5331 889 5386 adversus
914 5347 1142 5386 carnem.
1176 5331 1307 5388 Htec
1327 5333 1466 5387 enim
1495 5333 1594 5388 sibi
1617 5334 1702 5387 in-

89 5425 272 5480 vicem
303 5423 673 5489 adversantur,
701 5431 757 5475 ut
788 5437 890 5475 non
929 5437 1251 5494 quascunque
1280 5423 1433 5479 vultis
1453 5464 1468 5490 ,
1495 5422 1588 5479 illa
1617 5425 1702 5494 fa-

89 5518 264 5573 ciatis
295 5514 442 5589 (Gal.
467 5533 522 5584 v,
546 5516 633 5588 l7)
654 5533 668 5582 ;
692 5523 748 5571 et
776 5515 934 5570 item:
971 5512 1130 5569 Video
1158 5527 1332 5570 autem
1359 5518 1519 5571 aliam
1543 5516 1704 5589 legem

89 5615 157 5666 in
191 5608 448 5663 membris
474 5609 600 5662 meis
631 5615 1004 5678 repugnantem
1030 5606 1130 5678 legi
1152 5609 1338 5664 mentis
1367 5625 1496 5664 mete
1530 5619 1578 5664 et
1618 5627 1706 5664 ca-

88 5703 313 5776 ptivum
347 5717 429 5756 me
452 5700 722 5755 ducentem
747 5700 803 5753 in
828 5699 937 5770 lege
960 5699 1179 5770 peccati,
1203 5716 1320 5772 qua:
1349 5711 1424 5756 est
1459 5702 1513 5757 in
1546 5719 1708 5758 mem-

93 5796 215 5852 bris
237 5795 378 5849 meis
403 5791 583 5865 (Rom.
611 5807 706 5856 vu,
737 5789 852 5862 25).

485 5885 759 5950 Parnon.
807 5883 995 5949 CXV.

1806 4684 1900 4738 bra
1928 4694 2095 4739 vestra
2137 4700 2287 4738 arma
2321 4686 2549 4755 justitia:
2595 4687 2703 4741 Deo
2743 4687 2919 4760 (liam.
2947 4705 3020 4754 vt,
3057 4689 3140 4753 l2,
3177 4688 3284 4760 15).
3319 4689 3388 4744 Ει

1805 4790 2048 4828 rursum:
2075 4773 2266 4829 Omnes
2289 4777 2427 4830 enim
2458 4793 2552 4831 nos
2575 4777 2904 4845 manifestari
2927 4788 3126 4849 oportet
3151 4789 3273 4833 ante
3293 4780 3388 4832 tri-

1805 4866 1965 4923 bunal
1985 4864 2203 4934 Christi,
2219 4877 2274 4922 ut
2298 4868 2489 4937 referat
2520 4871 2876 4941 unusquisque
2895 4871 3108 4940 propria
3134 4871 3385 4940 corporis,

1802 4970 1958 5034 prout
1985 4961 2284 5032 gessit,siue
2302 4961 2634 5028 bonum,sive
2655 4962 2852 5018 malum
2869 4961 2952 5035 (ll
2983 4961 3104 5017 Cor.
3121 4961 3306 5033 v,10).
3325 4963 3391 5019 Et

1804 5051 2003 5108 iterum
2022 5067 2035 5104 :
2063 5050 2292 5106 Nescitis
2305 5051 2553 5123 quoniant
2568 5068 2787 5122 corpora
2803 5061 2972 5106 vestra
2986 5051 3215 5106 membra
3230 5049 3388 5106 Chri-

1805 5144 1872 5198 sti
1896 5152 2036 5197 sunt.
2065 5141 2271 5197 Tollens
2295 5157 2416 5213 ergo
2451 5141 2681 5196 membra
2709 5139 2903 5196 Christi
2934 5140 3127 5210 faciam
3155 5141 3390 5196 membra

1806 5236 2090 5291 meretricis
2113 5236 2139 5289 3’
2170 5235 2337 5290 Absit.
2372 5235 2455 5290 An
2489 5234 2698 5288 nescitis
2736 5232 2986 5303 quoniam
3022 5233 3114 5304 qui
3155 5233 3390 5289 adhteret

1807 5328 2088 5394 meretrici,
2113 5345 2274 5382 unum
2301 5344 2490 5397 corpus
2514 5327 2733 5396 e/ﬁcitur
2753 5341 2773 5380 :
2807 5323 2980 5380 Erunt
3005 5327 3164 5392 enim,
3195 5327 3387 5398 inquit,

1807 5423 1912 5475 duo
1947 5422 2002 5475 in
2049 5439 2203 5476 carne
2254 5439 2359 5476 una
2399 5419 2560 5492 (Ibid.
2617 5417 2844 5490 15,16).
2873 5418 2939 5476 Et
2987 5419 3248 5476 Dominus
3291 5435 3391 5490 per

1807 5515 2170 5585 Prophetam:
2224 5515 2412 5568 Anima
2450 5529 2568 5583 qua:
2612 5514 2932 5583 peccaverit,
2981 5514 3096 5584 ipsa
3136 5514 3392 5567 morietur

1809 5606 2024 5678 (Ezech.
2051 5621 2206 5670 xviii,
2238 5605 2314 5675 4).
2358 5602 2469 5660 Hac
2501 5603 2709 5659 ratione
2747 5602 3090 5676 syllogismus
3129 5613 3253 5660 tuus
3280 5618 3389 5659 non

1809 5701 2140 5763 verissimus,
2174 5699 2266 5754 sed
2301 5699 2783 5763 mendosissimus;
2822 5713 2928 5753 non
2959 5697 3254 5768 piissimus,
3293 5695 3388 5753 sed

1809 5795 2200 5867 impiissimus,
2248 5801 2300 5848 et
2346 5793 2632 5858 charitatis
2683 5800 2739 5849 et
2781 5792 3062 5849 catholica:
3110 5791 3233 5848 fidei
3280 5807 3386 5848 non

2874 5884 2953 5950 ’00

3934 892 3938 1082 ἶ

3936 1144 3940 1286 ι

3937 1385 3941 1510 ‘l
