4010 6352
563 353 703 412 1259

560 465 906 542 plenissimus
925 504 941 531 ,
980 462 1075 518 sed
1119 456 1465 515 inanissimus
1482 494 1495 517 ,

561 558 887 633 proposuisti
915 574 930 611 :

1103 634 1331 680 JOANNES
1357 631 1577 675 SCOTUS.

638 744 793 817 (Cap.
830 739 917 807 16,
946 752 1094 794 num.
1125 734 1213 800 15,
1252 739 1388 788 sect.
1415 728 1495 801 4.)
1525 738 1569 787 θ
1601 726 1767 782 Omne
1808 726 2000 780 bonum
2037 731 2136 817 gat

566 810 709 895 Deus
740 810 839 900 est,
863 842 953 887 aut
981 846 1047 885 ea:
1074 827 1181 883 Deo
1205 826 1402 896 factum
1426 831 1499 878 est
1524 839 1541 887 ;
1579 836 1728 875 omne
1761 816 1900 889 quod
1937 832 2002 870 ea:
2030 810 2136 869 Deo

566 930 766 999 factum
790 932 886 987 est,
930 919 1133 977 nullum
1160 916 1344 972 vitium
1386 913 1507 971 boni
1549 909 1732 981 efficit:
1785 923 1934 991 omne
1977 907 2139 977 igitur

569 986 759 1075 hortum
807 986 1009 1070 nullum
1058 1009 1236 1065 vitium
1294 1005 1413 1059 boni
1457 1003 1650 1075 efﬁcere
1696 986 1907 1070 potest.’
1940 996 2007 1050 Et
2060 1012 2140 1049 re-

567 1110 744 1179 ﬂexim
767 1122 786 1161 :
826 1101 1047 1158 Nullum
1074 1100 1255 1154 vitium
1282 1097 1441 1167 igitur
1462 1094 1581 1147 boni
1608 1108 1671 1145 ea:
1693 1091 1822 1144 bono
1851 1098 1944 1143 est.
1975 1085 2141 1141 Omne

565 1177 834 1269 peccatum
854 1194 980 1261 quia
1004 1189 1201 1245 malum
1228 1196 1325 1253 est,
1364 1185 1545 1241 vitium
1584 1183 1704 1237 boni
1731 1190 1847 1234 est:
1879 1193 2027 1233 omne
2066 1177 2143 1231 oi—

568 1288 700 1341 tium
728 1283 845 1339 boni
877 1296 942 1336 ex
975 1279 1107 1334 bono
1152 1294 1255 1333 non
1298 1284 1411 1330 est:
1457 1288 1607 1328 omne
1650 1271 1810 1340 igitur
1851 1275 2139 1338 peccatum,

567 1375 690 1445 quia
712 1370 910 1426 malum
934 1378 1030 1435 est,
1061 1383 1125 1425 ex
1148 1365 1278 1421 bono
1308 1380 1416 1419 esse
1443 1378 1546 1417 non
1570 1368 1752 1430 potest.
1796 1355 1977 1412 Omnis
1999 1370 2143 1409 crea-

569 1479 689 1523 tura
722 1464 943 1520 rationis
970 1462 1228 1533 particeps
1252 1474 1497 1529 magnum
1525 1455 1713 1511 bonum
1748 1462 1821 1506 est
1854 1466 1872 1506 :
1906 1466 1970 1505 ea:
1999 1447 2143 1505 nullo

568 1558 700 1612 bono
735 1553 971 1610 malum:
1002 1567 1067 1607 ea:
1096 1549 1246 1613 nulla
1268 1547 1429 1621 igitur
1461 1554 1701 1601 creatura
1739 1541 1956 1597 rationis
1981 1538 2146 1610 parti-

568 1648 680 1718 cipe
705 1653 970 1716 peccatum
997 1650 1093 1697 est.

1194 1765 1512 1810 CORBBC’I‘IO.

639 1871 679 1942 -ι-
713 1868 880 1925 Multo
903 1876 1028 1922 ante
1050 1866 1215 1922 verba
1236 1862 1383 1920 beati
1403 1860 1685 1932 Augustini
1709 1860 2011 1931 posuimus,
2034 1860 2149 1929 qui-

572 1965 675 2019 bus
721 1972 842 2017 tuus
885 1961 986 2016 iste
1037 1956 1379 2032 syllogismus
1416 1954 1681 2010 mendacii
1730 1953 2152 2023 deprehenditur

573 2053 803 2109 dicentis
827 2052 1098 2122 (August.,
1128 2047 1340 2102 Enchir.
1367 2061 1486 2116 cap.
1509 2044 1597 2118 1'5)
1624 2064 1637 2099 :
1670 2044 1831 2118 [Quid
1860 2052 1945 2099 est
1971 2050 2149 2098 autem

575 2145 751 2200 ntalus
778 2145 942 2199 homo
970 2142 1074 2197 nisi
1103 2140 1242 2196 mala
1266 2147 1479 2206 natura,
1504 2138 1627 2208 quia
1649 2139 1812 2193 homo
1834 2144 2025 2191 natura
2045 2147 2149 2190 est.

574 2236 745 2291 Porro
779 2234 824 2289 si
855 2233 1018 2288 homo
1047 2230 1248 2300 aliquid
1274 2229 1475 2285 bonum
1522 2236 1606 2283 est
1646 2226 1771 2298 quia
1810 2234 2001 2280 natura
2029 2232 2113 2280 est
2133 2264 2153 2290 ,

576 2325 706 2396 quid
752 2332 835 2380 est
865 2321 1040 2396 malus
1077 2321 1241 2376 homo
1276 2319 1381 2375 nisi
1424 2317 1625 2374 malum
1662 2316 1908 2373 bonum?
1950 2315 2153 2371 Tamen

578 2431 701 2473 cum
729 2415 837 2471 duo
867 2414 971 2470 ista
1007 2411 1385 2475 discernimus,
1418 2410 1721 2464 invenimus
1750 2422 1850 2463 nec
1878 2406 2001 2463 ideo
2039 2421 2154 2462 ma-

578 2508 689 2562 lum
736 2504 862 2576 quia
912 2503 1073 2559 homo
1101 2511 1216 2567 est,
1249 2515 1349 2556 nec
1390 2499 1512 2555 ideo
1542 2498 1740 2554 bonum
1785 2497 1909 2568 quia
1941 2496 2156 2567 iniquus

581 2607 704 2664 est;
735 2597 829 2653 sed
860 2595 1063 2652 bonum
1093 2593 1220 2663 quia
1260 2594 1451 2657 homo,
1486 2589 1683 2645 malum
1712 2590 1839 2660 quia
1882 2585 2155 2660 iniquus.)

581 2690 621 2759 ἰ-
647 2688 717 2744 Ει
748 2684 887 2743 infra
917 2686 1060 2757 (cap.
1093 2682 1181 2754 14)
1208 2699 1222 2737 :
1261 2681 1363 2755 [Et
1390 2683 1507 2737 haec
1534 2681 1641 2735 duo
1670 2680 1942 2735 contraria
1975 2678 2049 2733 ita
2081 2678 2159 2732 si-

580 2779 692 2836 mul
717 2783 865 2844 sunt,
893 2784 953 2830 ut
973 2776 1017 2831 si
1038 2774 1238 2829 bonum
1261 2787 1367 2827 non
1395 2778 1541 2827 esset
1558 2771 1614 2825 in
1635 2785 1743 2840 quo
1768 2769 1969 2824 malum
1992 2775 2157 2833 esset,

576 2883 803 2944 prorsus
840 2880 942 2921 nec
970 2863 1173 2920 malum
1203 2876 1324 2918 esse
1353 2860 1653 2932 potuisset:
1695 2859 1820 2930 quia
1862 2874 1969 2914 non
2002 2859 2161 2914 modo

582 2963 674 3019 ubi
703 2960 1046 3021 consisteret,
1077 2955 1170 3011 sed
1193 2955 1337 3010 unde
1362 2953 1601 3009 oriretur
1622 2950 1898 3022 corruptio
1927 2966 2033 3006 non
2060 2951 2162 3007 ha-

580 3056 738 3112 beret
767 3051 873 3107 nisi
899 3057 1048 3105 esset
1071 3046 1213 3118 quod
1248 3050 1727 3114 corrumperetur;
1767 3043 1909 3112 quod
1938 3042 2040 3097 nisi
2069 3043 2166 3097 bo-

581 3161 712 3204 num
752 3152 927 3211 esset,
973 3156 1073 3198 nec
1118 3146 1598 3209 corrumperetur;
1638 3134 1893 3206 quoniam
1924 3133 2054 3189 nihil
2082 3142 2168 3189 est

584 3236 731 3291 aliud
763 3231 1038 3303 corruptio
1064 3244 1227 3301 quam
1268 3229 1395 3284 boni
1438 3225 1839 3283 exterminatio.
1887 3224 1965 3279 Ex
2008 3225 2164 3280 bonis

586 3329 753 3400 igitur
778 3324 921 3381 mala
945 3330 1065 3380 orta
1095 3331 1239 3386 sunt,
1268 3327 1324 3375 et
1352 3318 1457 3375 nisi
1486 3318 1542 3372 in
1570 3316 1839 3389 aliquibus
1867 3315 2024 3372 bonis
2054 3330 2164 3370 non

585 3424 731 3483 sunt,
762 3430 863 3471 nec
889 3422 1009 3470 erat
1044 3411 1178 3467 alias
1206 3410 1348 3466 unde
1374 3408 1614 3464 oriretur
1649 3406 1758 3462 ulla
1788 3405 1915 3461 mali
1945 3415 2164 3461 natura.

586 3510 722 3565 Nam
751 3508 796 3563 si
821 3515 982 3573 esset,
1006 3504 1059 3560 in
1080 3511 1343 3575 quantum
1367 3508 1563 3555 natura
1582 3505 1747 3565 esset,
1767 3496 2009 3569 profecto
2026 3499 2167 3553 bona

586 3608 769 3666 esset;
810 3603 867 3653 et
902 3603 997 3650 aut
1028 3588 1449 3661 incorruptibilis
1489 3597 1685 3644 natura
1731 3594 1993 3659 magnum
2026 3595 2172 3643 esset

588 3691 825 3757 bonum,
867 3694 962 3744 aut
996 3686 1162 3742 etiam
1208 3692 1406 3739 natura
1443 3680 1811 3752 corruptibilis
1837 3678 1984 3735 nullo
2011 3681 2171 3736 modo

588 3790 755 3846 esset,
777 3778 884 3834 nisi
908 3777 1126 3848 aliquod
1149 3774 1371 3839 bonum,
1393 3773 1536 3843 quod
1554 3773 1753 3827 bonum
1776 3769 2174 3841 corrumpendo

587 3878 773 3947 posset
812 3869 865 3927 ei
902 3882 1099 3925 nocere
1122 3865 1395 3936 corruptio
1420 3862 1562 3936 (cap.
1593 3861 1705 3935 15).
1738 3861 1847 3918 Sed
1868 3876 1993 3917 cum
2030 3860 2173 3915 mala

591 3979 659 4021 ex
682 3963 840 4021 bonis
862 3967 983 4017 orta
1012 3972 1133 4015 esse
1156 3956 1408 4021 dicimus,
1441 3970 1549 4010 non
1591 3961 1812 4026 putetur
1846 3952 1952 4009 hoc
1989 3951 2175 4008 Domi-

592 4058 729 4114 nica:
754 4052 1037 4111 sententiae
1066 4048 1348 4120 refragari,
1372 4062 1480 4117 qua
1507 4045 1679 4100 dixit:
1724 4043 1848 4099 Non
1883 4052 2047 4116 potest
2088 4059 2178 4097 ar—

594 4150 689 4206 bor
711 4148 848 4203 bona
869 4143 1071 4215 fructus
1098 4140 1266 4195 malos
1292 4137 1482 4208 facere,
1510 4144 1565 4192 et
1600 4142 1795 4191 castera
1820 4152 1834 4188 :
1874 4150 1977 4188 non
2014 4141 2179 4204 potest

597 4238 739 4296 enim
768 4236 930 4309 (sicut
956 4233 1167 4290 Veritas
1193 4229 1291 4300 ait)
1320 4227 1492 4299 colligi
1521 4243 1621 4281 uva
1647 4226 1711 4280 de
1746 4226 1908 4294 spinis
1952 4222 2177 4297 (Matth.

596 4344 693 4396 vn,
728 4326 971 4398 18,16),
998 4325 1125 4396 quia
1168 4337 1274 4378 non
1303 4329 1482 4392 potest
1521 4335 1625 4375 uva
1668 4317 1820 4374 nasci
1860 4318 1929 4374 de
1969 4317 2177 4388 spinis;

601 4421 693 4479 sed
720 4436 787 4477 ex
809 4419 953 4474 bona
978 4427 1124 4472 terra
1149 4423 1205 4470 et
1222 4415 1363 4469 vites
1382 4412 1531 4469 nasci
1554 4424 1713 4481 posse
1733 4410 1976 4466 videmus
1994 4417 2051 4466 et
2071 4410 2185 4481 spi-

600 4528 717 4571 nas.
744 4513 822 4569 Eo
850 4510 969 4584 [al.,
1005 4509 1072 4563 Et
1098 4504 1313 4578 eodem]
1358 4504 1518 4597 modo
1562 4512 1812 4597 tanquam
1851 4502 2017 4560 arbor
2041 4498 2180 4558 mala
2206 4533 2260 4597 Β

522 4676 527 4685 ¹
601 4610 807 4663 fructus
845 4605 1037 4667 bonos,
1068 4600 1121 4655 id
1147 4607 1232 4654 est
1257 4611 1421 4668 opera
1450 4596 1589 4651 bona
1610 4635 1625 4661 ,
1656 4594 1761 4650 non
1792 4603 1972 4666 potest
2004 4594 2181 4650 facere

603 4699 848 4756 voluntas
894 4693 1073 4760 mala;
1113 4690 1207 4746 sed
1250 4704 1318 4744 ex
1360 4688 1499 4743 bona
1547 4686 1783 4743 hominis
1824 4695 2015 4742 natura
2049 4685 2182 4741 oriri

603 4789 853 4846 voluntas
898 4791 953 4841 et
995 4784 1137 4839 bona
1166 4785 1342 4851 potest
1374 4787 1432 4834 et
1454 4776 1635 4843 mala;
1674 4791 1775 4833 nec
1819 4776 1922 4832 fuit
1962 4788 2185 4848 prorsus

605 4881 749 4937 unde
772 4876 1022 4952 primitus
1049 4872 1284 4929 oriretur
1304 4868 1552 4924 voluntas
1578 4866 1717 4922 mala
1737 4907 1754 4934 ,
1783 4867 1888 4924 nisi
1915 4881 1983 4923 ex
2009 4864 2185 4938 angeli

605 4979 664 5028 et
691 4969 926 5026 hominis
944 4974 1137 5022 natura
1158 4960 1357 5034 bona.]
1393 4961 1434 5033 -ι-
1463 4957 1577 5027 Qua
1602 4959 1872 5015 sententia
1896 4968 2187 5015 evacuatur

608 5061 959 5120 nihilominus
1002 5055 1149 5130 quod
1194 5055 1261 5111 ad
1294 5051 1669 5125 probationem
1714 5050 1975 5122 propositi
2020 5049 2187 5122 syllo-

610 5156 769 5228 gismi
787 5154 1110 5211 udbibueras
1128 5149 1315 5206 dicens
1337 5164 1352 5201 :

1183 5274 1384 5318 OANNBS
1409 5272 1630 5317 800⁸1⁵08.

686 5380 837 5453 (Cap.
871 5376 959 5447 16,
990 5391 1139 5434 ιιιιιιι.
1171 5376 1274 5443 16,
1316 5382 1450 5432 sect.
1494 5372 1573 5447 5.)
1602 5382 1646 5431 Θ
1670 5372 1810 5429 Hinc
1834 5375 1949 5445 ipsa
1985 5371 2188 5429 Veritas

615 5474 687 5531 ait
709 5491 724 5530 :
755 5470 937 5529 Bonus
964 5470 1125 5526 homo
1148 5464 1214 5523 de
1235 5467 1377 5524 bono
1402 5468 1654 5522 thesauro
1676 5464 1856 5521 cordis
1875 5464 1958 5520 sui
1984 5464 2193 5536 profert

616 5568 796 5632 bona;
828 5561 1000 5621 malus
1027 5561 1188 5617 homo
1216 5559 1283 5614 de
1308 5558 1448 5614 malo
1474 5558 1728 5613 thesauro
1750 5556 1930 5612 cordis
1957 5556 2037 5612 sui
2066 5571 2192 5625 pro-

617 5654 726 5712 fert
752 5644 889 5711 mala
920 5653 1143 5725 (Matth.
1173 5667 1269 5718 xu,
1295 5649 1417 5722 55).
1451 5652 1526 5705 Ac
1563 5652 1608 5705 si
1646 5651 1837 5706 diceret
1863 5667 1884 5707 :
1913 5650 2078 5707 Omne
2101 5652 2192 5707 bo-

623 5763 744 5800 num
765 5746 900 5802 auod
922 5764 985 5801 ea:
1010 5746 1318 5827 cogitatione
1338 5761 1433 5799 sua
1457 5743 1589 5798 bona
1613 5744 1775 5799 bonus
1798 5746 1950 5801 homo
1970 5746 2190 5817 profert,

1559 339 1615 396 S.
1656 331 2025 394 PRUDENTI!
2052 324 2444 397 ,TBECENSIS
2482 324 2789 382 EPISCOPI
2968 344 2975 351 τ
3498 394 3507 401 ᾖ

1532 457 1809 513 cessatur,
1856 457 2017 515 quem
2055 440 2135 496 sic
2162 446 2210 505 Α
2237 453 2304 492 ea:
2326 436 2458 491 bono
2495 435 2740 490 thesauro
2781 433 3041 493 donatur,
3070 429 3124 483 id
3151 439 3250 495 est,
3277 443 3428 485 enea
3464 426 3523 481 in
3550 438 3671 496 quo
3713 432 3835 478 sunt

3696 313 3835 368 {ﬁt}

2240 543 2429 585 omnes
2455 526 2691 583 thesauri
2717 523 2994 594 sapientiae
3011 532 3069 576 et
3093 520 3335 576 scientia:
3360 516 3674 575 absconditi
3698 513 3833 583 (Col.

2243 643 2315 693 ιι,
2342 625 2398 695 5)
2423 643 2436 679 :
2464 624 2630 681 Omne
2656 620 2879 686 malum,
2905 617 3043 690 quod
3073 616 3385 685 cogitatione
3405 630 3510 669 sua
3544 610 3701 665 male
3724 626 3837 662 usu-—

2244 722 2328 776 lus
2352 719 2507 773 homo
2535 714 2753 786 profert,
2786 727 2851 767 eo:
2879 708 3020 767 rutilo
3043 709 3289 763 thesauro
3310 713 3386 758 est
3403 742 3420 769 ,
3462 699 3722 771 superbia
3745 699 3839 751 sci-

2245 815 2361 870 licet
2383 827 2499 884 qua:
2521 819 2596 865 est
2621 807 2833 863 initium
2860 802 3039 859 omnis
3062 796 3273 870 peccati
3298 792 3497 864 (Eccli.
3528 807 3586 853 x,
3620 788 3737 858 15).

2865 908 3186 953 οοωοτιο.

2315 1000 2357 1070 -ι-
2386 996 2906 1062 Haereticissemper
2946 986 3114 1043 fuisse
3139 982 3307 1041 moris
3346 988 3411 1035 ut
3450 975 3843 1062 rectitudinem

2248 1058 2449 1149 sanctae
2481 1088 2774 1158 Scriptum
2801 1058 2868 1138 ad
2890 1094 3021 1137 suos
3048 1079 3431 1146 detorquerent
3456 1083 3715 1129 errores,
3740 1058 3839 1120 uur

2248 1196 2438 1238 omnes
2461 1155 2713 1234 catholici
2749 1175 3023 1239 doctores,
3049 1177 3161 1223 tum
3190 1163 3276 1220 vel
3317 1161 3563 1217 maxime
3612 1156 3682 1211 B.
3715 1155 3819 1210 Gre

2249 1272 2432 1343 gorius
2462 1269 2517 1324 in
2546 1266 2701 1323 libris
2731 1262 3012 1318 Moralium
3037 1255 3240 1313 affatim
3262 1255 3637 1343 demonstrat,
3668 1262 3823 1316 quem

2251 1336 2541 1416 admodum
2570 1356 2625 1411 in
2649 1356 2750 1410 hac
2774 1361 2863 1407 tua
2900 1364 3007 1407 non
3031 1344 3403 1417 expositione,
3436 1338 3541 1395 sed
3582 1336 3841 1406 deprava~

2252 1452 2400 1509 tione
2421 1449 2614 1505 fecisse
2639 1440 3001 1501 convinceris.
3030 1437 3150 1493 Non
3179 1433 3321 1490 enim
3354 1430 3521 1497 dixit,
3545 1443 3623 1483 ex
3654 1426 3847 1497 cogita.

2254 1544 2401 1603 tione
2440 1555 2535 1597 sua
2554 1578 2571 1606 ,
2600 1534 2695 1595 sed
2720 1551 2785 1591 ea:
2813 1533 3058 1588 thesauro
3081 1526 3287 1590 cordis,
3314 1522 3408 1578 ubi
3436 1518 3846 1575 multitudinem

2252 1632 2517 1688 bonarum
2560 1624 2947 1697 cogitationum
2989 1618 3307 1690 piarumque
3332 1611 3697 1666 voluntatum
3734 1621 3846 1661 ssn-

2253 1732 2397 1780 ctam
2420 1717 2726 1791 congeriem
2744 1712 2913 1769 voluit
2931 1710 3201 1766 intimare.
3222 1705 3291 1760 Et
3308 1716 3539 1759 rursum
3562 1716 3681 1753 non
3706 1697 3847 1761 dixit,

2108 1858 2122 1879 ε
2173 1818 2224 1879 Β
2250 1819 2481 1874 donatur
2507 1789 2547 1867 ιι-
2566 1810 2694 1873 Deo,
2726 1803 2974 1877 quamvis
3007 1801 3110 1855 iste
3138 1798 3262 1869 pius
3287 1795 3594 1850 thesaurus
3624 1806 3735 1845 non
3760 1789 3849 1843 nis’

2254 1908 2321 1964 ab
2352 1905 2440 1961 illo
2471 1898 2734 1974 percipiat
2752 1893 2893 1966 quod
2919 1888 3327 1960 haberi'possit,
3355 1885 3455 1941 sed
3476 1882 3717 1955 profert,
3746 1897 3851 1952 qu:

2250 2009 2494 2069 personae
2517 1999 2572 2048 et
2590 1997 2743 2045 actus
2762 1984 2991 2041 multum
3020 1982 3160 2037 inter
3187 1993 3247 2034 se
3272 1977 3573 2033 differunt:
3602 1974 3756 2029 aliud
3780 1984 3851 2029 est

2252 2067 2399 2146 enim
2429 2093 2486 2142 et
2512 2082 2737 2139 alterius
2769 2075 3037 2148 proferre,
3081 2071 3226 2127 aliud
3250 2069 3605 2138 alteriusque
3638 2067 3847 2123 dttmre.

2255 2180 2518 2240 Similiter
2546 2175 2673 2232 mali
2703 2171 2939 2228 hominis
2964 2169 3254 2223 thesaurus
3278 2179 3390 2219 non
3416 2177 3535 2217 una
3565 2160 3691 2216 sola
3715 2160 3850 2229 cogi-

2255 2273 2480 2337 tatione,
2512 2267 2605 2326 sed
2634 2264 2819 2322 multis
2853 2274 3144 2332 pravarum
3178 2256 3583 2329 cogitationum
3617 2252 3851 2308 tumulti-

2254 2368 2359 2425 bus
2384 2360 2878 2434 comprehenditur.
2911 2355 3024 2413 Nec
3050 2368 3118 2411 ex
3142 2352 3255 2409 sola
3279 2350 3567 2422 superbia,
3614 2348 3715 2404 sed
3738 2347 3852 2401 alio-

2256 2472 2378 2515 rum
2407 2451 2765 2527 complurium
2803 2448 3057 2505 vitiorum
3095 2443 3389 2505 stt-uicibus
3423 2441 3689 2512 agitatur
3708 2448 3854 2510 atque

2255 2551 2549 2625 profertur.

2332 2641 2475 2696 Beda
2499 2639 2553 2695 in
2582 2633 2802 2693 humilia
2832 2632 2901 2688 de
2933 2626 3202 2686 Encteniis
3240 2643 3253 2680 :
3297 2623 3671 2698 [Thessalus
3694 2620 3862 2679 cet-ﬁs

2258 2730 2512 2791 iutentio-
2533 2734 2621 2785 est
2656 2720 3030 2796 cogitationis,
3070 2732 3139 2775 ex
3172 2731 3278 2786 qua
3304 2724 3658 2787 proventum
3697 2713 3862 2784 opai

2262 2824 2504 2880 internus
2530 2820 2733 2879 arbiter
2756 2815 2980 2888 iudicat.
3020 2811 3178 2869 Unde
3215 2809 3277 2865 ιιι
3316 2808 3662 2881 plerumque
3686 2816 3749 2861 ut
3768 2808 3862 2863 ni-

2262 2930 2395 2972 uora
2422 2914 2564 2969 bona
2594 2908 2837 2967 nonnulli
2874 2903 3066 2975 majori
3106 2902 3346 2961 ctelestis
3379 2901 3587 2972 gratia:
3622 2898 3867 2956 mercede

2263 3013 2556 3077 operentur
2572 3041 2588 3068 ,
2614 2999 2865 3059 videlicet
2895 3003 3118 3069 propter
3150 2992 3520 3049 intentionem
3547 2991 3747 3048 cordis
3770 3004 3865 3060 qua

2266 3094 2474 3165 majora
2508 3092 2794 3150 voluerant
2837 3097 3055 3160 patrare
3098 3086 3243 3142 bona
3288 3083 3335 3139 si
3378 3090 3659 3153 possent,
3695 3090 3752 3135 et
3790 3080 3867 3134 aii

2193 3174 2239 3239 C
2270 3185 2473 3257 majora
2499 3184 2763 3241 virtutum
2791 3193 2957 3253 opera
2981 3185 3340 3242 ostentantes.
3358 3175 3435 3231 ob
3468 3174 3746 3245 injuria
3766 3188 3869 3228 cor-

2267 3279 2350 3336 dis
2380 3277 2544 3348 tepidi
2568 3275 2779 3332 minora
2798 3288 2829 3329 a
2861 3269 3089 3327 Domino
3112 3267 3333 3340 praemia
3355 3266 3706 3329 sortiantur.
3726 3264 3869 3319 Dui-

2268 3382 2374 3439 que
2409 3381 2545 3438 opus
2586 3362 2765 3421 vidua:
2805 3373 2927 3431 qute
2964 3358 3101 3422 duos
3125 3368 3378 3420 nummos
3407 3352 3623 3409 detulit
3650 3353 3723 3407 ad
3754 3362 3869 3406 ten-

2268 3458 2418 3531 plum
2449 3452 2748 3511 innumeris
2767 3451 2991 3508 divitum
3020 3446 3262 3504 donariis
3284 3447 3357 3502 ab
3376 3445 3613 3500 interno
3640 3444 3869 3499 coniic-

2271 3555 2576 3605 scrutatore
2603 3541 2927 3616 praefertur:
2968 3537 3056 3595 Ea:
3089 3536 3419 3592 abundantia
3448 3537 3603 3591 enim
3628 3536 3867 3589 cordis“

2272 3639 2504 3711 loquitur
2526 3635 2743 3709 (Matth.
2764 3651 2868 3703 xu,
2888 3633 3013 3705 34):
3036 3634 3332 3690 humanum
3356 3632 3597 3703 quidem
3617 3632 3865 3703 indicti

2274 3745 2417 3802 saepe
2453 3728 2613 3795 fallit,
2642 3727 2769 3799 quia
2800 3741 2896 3782 cor
2921 3725 3155 3798 proximi
3198 3724 3374 3781 nescit
3416 3723 3533 3778 nisi
3580 3738 3659 3780 ex
3702 3736 3792 3779 ore
3823 3730 3869 3776 et

2273 3836 2439 3893 opere
2459 3834 2689 3892 pensare
2712 3836 2728 3886 ;
2768 3818 2911 3875 Deus
2943 3824 3125 3873 autem
3150 3816 3324 3887 ipsum
3346 3829 3499 3886 opus
3522 3822 3585 3870 et
3602 3827 3870 3869 sermones

2277 3926 2499 3975 nostros
2525 3930 2593 3972 ex
2623 3913 2804 3971 cordis
2822 3913 3003 3970 radice
3021 3912 3338 3984 perpendit:
3360 3909 3438 3967 illi
3460 3925 3609 3982 ergo
3628 3926 3703 3966 ex
3720 3911 3871 3965 abu-

2277 4008 2463 4065 dantia
2491 4007 2671 4063 cordis
2697 4020 2759 4063 os
2777 4005 3035 4077 loquitur,
3065 4005 3158 4075 qui
3180 4020 3248 4060 ex
3276 4018 3388 4075 qua
3410 4003 3739 4063 intentione
3763 4017 3873 4076 pn-

2281 4103 2505 4163 manapt
2531 4095 2697 4152 verba
2722 4109 2829 4150 non
2857 4092 3125 4167 ignorat.)

2349 4193 2391 4263 -ι-
2422 4189 2533 4246 Leo
2560 4189 2614 4245 in
2645 4202 2897 4246 sermone
2927 4186 3005 4260 (7)
3044 4189 3113 4244 de
3146 4185 3361 4258 Jejunio
3384 4186 3609 4243 mensis
3642 4186 3871 4258 σφω.

2284 4280 2662 4356 [Verissimum
2692 4294 2925 4349 namque
2950 4287 3035 4335 est
3061 4277 3204 4350 quod
3228 4278 3307 4335 ait
3333 4277 3613 4337 Dominus
3636 4296 3655 4335 :
3691 4277 3789 4334 Uti
3808 4286 3872 4333 eu

2281 4374 2558 4429 thesaurus
2579 4379 2735 4437 tuus,
2774 4370 2845 4425 ibi
2872 4371 2970 4425 erit
2997 4380 3045 4425 et
3074 4385 3168 4427 cor
3194 4378 3339 4427 totum
3384 4366 3621 4441 (Natus.
3652 4385 3746 4438 vs,
3774 4370 3871 4438 Si).

2284 4461 2418 4532 Quis
2446 4470 2628 4517 autem
2655 4468 2739 4516 est
2766 4461 3056 4517 thesaurus
3083 4461 3317 4517 hominis
3343 4461 3450 4516 nisi
3480 4463 3748 4533 quaedam
3776 4462 3875 4516 fn-

2286 4563 2469 4610 ctuum
2492 4551 2609 4622 ejus
2637 4552 2980 4624 congregatio
3013 4552 3364 4623 laborumque
3388 4551 3658 4609 collectio
3678 4554 3705 4609 i
3740 4554 3873 4621 Quid

2285 4645 2423 4700 enim
2443 4644 2769 4705 seminaverit
2790 4645 2930 4716 quis,
2950 4643 3049 4699 hoc
3070 4651 3120 4699 et
3138 4654 3325 4710 metet;
3344 4651 3402 4700 et
3426 4643 3601 4715 quale
3626 4645 3877 4717 enin-we

2287 4752 2424 4809 opus
2454 4737 2577 4795 talis
2598 4748 2657 4793 et
2677 4744 2955 4808 quaestus:
2990 4744 3047 4793 et
3078 4737 3168 4792 ubi
3192 4735 3494 4799 oblectatio
3510 4735 3747 4793 fruendi
3768 4751 3875 4794 col-

2290 4828 2552 4896 stituitur,
2572 4828 2647 4885 ibi
2670 4844 2799 4885 cura
2819 4828 3001 4885 cordis
3019 4828 3393 4900 obstringitur.
3416 4827 3539 4883 Sed
3562 4829 3749 4887 multa
3766 4836 3873 4886 υ

2292 4924 2414 5001 [al.,
2445 4940 2569 4982 cum
2596 4923 2765 4981 multa
2802 4923 2935 4998 sint]
2966 4938 3166 4996 genera
3190 4922 3530 4989 divitiarum,
3556 4922 3873 4980 disi-ies—

2291 5029 2395 5088 que
2423 5015 2665 5072 materia:
2700 5015 3016 5088 gaudiorum
3037 5056 3052 5081 ,
3084 5015 3368 5073 thesaurus
3394 5013 3611 5088 cuique
3650 5024 3745 5072 est
3782 5030 3875 5071 sl:

2288 5108 2597 5182 cupiditatis
2616 5106 2856 5176 allectus,
2875 5107 2972 5179 qui
2988 5107 3036 5163 si
3056 5107 3125 5163 de
3142 5106 3381 5179 appetitu
3398 5116 3491 5165 est
3512 5115 3875 5171 ιιι-πων..

2291 5215 2395 5258 non
2422 5200 2612 5257 beatos
2637 5197 2771 5271 facit
2792 5199 2874 5257 sui
2898 5198 3333 5271 participatione,
3360 5198 3456 5257 sed
3490 5199 3789 5269 ηπίξεως-1
3980 5204 3981 5211 ‘

2359 5291 2400 5362 -ι-
2434 5287 2766 5362 Augustinus
2812 5287 2868 5344 in
2911 5286 3087 5347 Natali
3128 5285 3191 5344 S.
3233 5285 3457 5345 Joannis
3478 5304 3497 5343 :
3548 5286 3743 5363 [Quid
3764 5298 3871 5345 est:

2293 5379 2463 5436 Arbor
2482 5379 2619 5436 bona
2654 5379 2818 5436 bonos
2844 5379 3049 5451 fructus
3080 5379 3228 5450 facit,
3252 5387 3302 5435 ut
3330 5378 3473 5437 male
3517 5380 3691 5437 urbor
3726 5378 3877 5435 nulls

2293 5472 2497 5544 fructus
2535 5472 2713 5543 facit?
2749 5471 2931 5528 Bonus
2972 5472 3126 5528 homo
3160 5471 3227 5527 de
3254 5471 3389 5527 bono
3427 5473 3692 5539 ιιιεριιη
3716 5470 3874 5526 αὑ

2293 5563 2378 5619 sui
2407 5562 2606 5635 profert
2648 5563 2824 5621 bona:
2859 5574 2907 5619 et
2950 5563 3121 5619 malus
3150 5565 3305 5621 homo
3343 5563 3410 5617 de
3448 5561 3598 5617 male
3642 5562 3873 5618 unum
3980 5566 3981 5635 ξ

2296 5657 2468 5712 cordis
2493 5659 2576 5713 sui
2599 5657 2797 5729 profert
2823 5656 2963 5712 mala
2990 5656 3203 5731 (Matth.
3236 5671 3330 5721 vn,
3358 5654 3466 5721 l7;
3496 5670 3605 5722 xu,
3632 5654 3753 5725 35).
3776 5652 3871 5707 Ησ-

2298 5749 2470 5804 mines
2498 5750 2722 5807 arbores
2746 5750 2945 5821 posuit,
2974 5750 3260 5807 thesauros
3286 5756 3438 5805 actus
3456 5747 3675 5817 posuit.
3704 5742 3873 5817 Qui
3980 5746 3981 5815 Ξ
