4010 6352
159 379 290 436 1261
339 373 348 386 ’

1004 369 1092 426 DE
1129 361 1806 422 PRIE'DESTINATIONE
1839 361 2122 418 CONTRA
2159 361 2210 420 J.
2255 359 2550 442 SCOTUM.

3269 365 3410 422 1262
3437 411 3442 420 .

157 491 322 546 homo.
341 493 446 552 εει,
475 485 606 540 [ales
633 489 785 538 actus
813 483 1012 546 habet;
1045 481 1090 536 si
1123 479 1296 534 bonus
1325 479 1488 532 homo
1513 485 1614 538 est,
1643 475 1729 528 ho-
1759 476 1804 538 Α
1831 471 2065 542 quisalri
2083 473 2236 542 ﬁunt,
2253 481 2298 526 et
2325 473 2378 525 in
2405 471 2484 524 his
2505 471 2592 540 qui
2605 471 3180 542 pereunt;quibusdam
3207 477 3414 546 quidem
3441 553 3446 556 _

159 597 254 638 nos
281 588 430 636 actus
465 581 664 642 habet;
707 577 750 630 si
785 575 956 630 malus
999 575 1158 628 homo
1207 577 1322 636 est,
1373 567 1540 622 malos
1579 575 1730 620 actus

155 673 350 736 habet;
385 685 492 726 non
521 679 696 738 potest
733 669 902 722 bonus
933 667 1094 722 homo
1119 663 1288 718 malos
1317 669 1468 716 actus
1491 659 1692 714 habere
1713 699 1728 722 ,

157 775 254 816 nec
285 759 454 813 malus
483 759 642 812 homo
663 759 834 812 bonos
855 765 1006 810 actus
1033 749 1280 822 habere]

227 853 266 922 -ι-
291 851 432 906 Idem
455 851 520 910 tle
543 849 732 906 Scriba
757 847 970 903 erudito
993 860 1008 900 :
1039 843 1344 916 [Quidquid
1369 842 1530 896 homo
1559 841 1732 896 malus

157 943 222 998 de
249 941 412 994 corde
437 955 536 994 suo
563 937 790 1008 profert,
825 935 1021 992 malum
1047 941 1148 998 est,
1177 932 1250 988 ibi
1281 933 1424 986 enim
1449 931 1730 986 thesaurus

157 1033 360 1088 malus:
401 1030 660 1100 quidquid
689 1037 870 1084 autem
913 1029 1074 1086 homo
1115 1027 1286 1082 bonus
1323 1025 1390 1078 de
1427 1024 1590 1080 corde
1633 1035 1732 1076 suo

117 1145 124 1154 -
155 1121 356 1191 profert
385 1121 582 1174 bonum
615 1125 716 1174 est.
757 1117 832 1174 lbi
871 1127 956 1172 est
995 1116 1138 1174 enim
1183 1116 1470 1170 thesaurus
1497 1108 1728 1181 bonus.]

155 1212 198 1286 -ι-
223 1213 350 1268 ltem
378 1213 518 1282 quod
544 1225 610 1264 ex
633 1209 812 1264 verbis
839 1207 898 1264 S.
929 1203 1400 1276 Augustiniponis
1435 1223 1448 1256 :

695 1335 924 1378 JOANNES
959 1333 1178 1374 SCOTUS.

228 1435 388 1510 (Cap.
421 1435 504 1494 l6.
531 1451 678 1489 num.
709 1433 796 1498 l7,
823 1439 956 1486 sect.
989 1429 1078 1502 5.)
1101 1441 1142 1486 Θ
1173 1427 1368 1482 Vitium
1389 1443 1510 1496 ergo
1541 1425 1732 1480 animm

157 1519 232 1584 est
251 1527 386 1598 quod
409 1527 550 1596 fecit,
569 1535 616 1580 et
639 1525 914 1596 diffic-ultas
935 1539 999 1577 ea:
1019 1525 1143 1576 vitio
1165 1537 1313 1591 ptem:
1331 1537 1488 1588 quam
1513 1519 1728 1588 patitur.

157 1617 226 1672 Ει
253 1633 462 1672 rursum
489 1634 502 1670 ε
547 1615 686 1680 Quid
713 1623 786 1668 est
817 1613 952 1667 enim
981 1611 1132 1666 dolor
1155 1613 1242 1682 qui
1264 1611 1456 1664 dicitur
1476 1611 1730 1680 corporis,

159 1707 258 1762 nisi
297 1705 558 1774 corruptio
601 1705 864 1774 repentina
911 1701 1096 1755 salutis
1135 1701 1250 1770 ejus
1283 1699 1356 1754 rei
1397 1711 1552 1768 quam
1597 1697 1734 1752 male

157 1793 346 1850 utendo
371 1795 546 1848 anima
573 1791 988 1862 corruptionibus
1017 1789 1354 1843 obnoxiavit?
1389 1787 1528 1854 Quid
1559 1797 1730 1840 autem
1759 1817 1808 1876 B

157 1883 308 1938 dolor
339 1885 430 1955 qui
458 1883 652 1936 dicitur
678 1881 840 1936 animi
869 1882 968 1936 nisi
996 1897 1172 1934 carere
1199 1879 1534 1934 mutabilibus
1579 1879 1730 1932 rebus

157 1975 338 2046 quibus
365 1975 638 2044 fruebatur
664 1983 752 2026 aut
785 1973 888 2042 frui
923 1989 978 2028 se
1005 1987 1152 2042 posse
1187 1971 1474 2042 sperabat?
1503 1969 1618 2024 Hoc
1655 1977 1730 2024 est

137 2077 316 2122 -totum
341 2069 480 2139 quod
501 2067 694 2120 dicitur
723 2065 950 2130 malum,
981 2065 1034 2120 id
1075 2075 1150 2120 est
1191 2074 1454 2134 peccatum
1495 2075 1542 2118 et
1582 2079 1730 2134 paena

156 2163 368 2234 peccati.
393 2161 458 2216 Et
485 2161 958 2234 paulo-superius:
1001 2157 1154 2226 Quod
1177 2175 1316 2213 mors
1337 2174 1438 2212 non
1468 2157 1534 2212 sit
1561 2175 1592 2210 a
1621 2155 1730 2210 Deo

159 2253 336 2326 (Aug,
367 2253 431 2308 de
455 2269 572 2308 vera
595 2251 790 2322 Relig.,
817 2267 972 2322 capp.
997 2249 1068 2306 20
1097 2259 1150 2305 et
1185 2249 1292 2320 12).

781 2395 1104 2452 conare-rm.

227 2495 266 2564 -ι-
288 2493 358 2550 Ut
385 2493 512 2550 hinc
533 2491 752 2562 colligas
783 2492 950 2548 Deum
977 2506 1082 2546 non
1121 2491 1312 2560 punire
1340 2489 1482 2558 quod
1513 2503 1732 2542 creave-

157 2585 246 2650 rit,
275 2599 376 2638 nec
397 2583 554 2638 aliam
579 2591 828 2638 naturam
855 2583 924 2636 ab
955 2581 1056 2634 alia
1085 2591 1278 2634 natura
1299 2579 1500 2648 puniri,
1529 2593 1626 2634 nec
1651 2579 1734 2632 ul-

157 2673 256 2728 lam
287 2687 501 2742 ptenam
533 2687 564 2726 a
591 2671 703 2726 Deo
727 2671 926 2726 factam
945 2709 960 2736 ,
991 2683 1166 2738 neque
1191 2670 1258 2724 ab
1297 2684 1362 2724 eo
1391 2667 1694 2738 praeseitatn
1713 2707 1730 2734 ,

158 2763 806 2835 nequepratdestinatam.
845 2761 1026 2816 Primo
1051 2761 1292 2818 omnium
1321 2760 1510 2814 vellem
1555 2769 1606 2814 te
1647 2759 1734 2830 pie

157 2857 434 2912 advertere
479 2861 724 2910 sanctum
767 2853 1156 2924 Augustinum,
1197 2853 1336 2908 sicut
1375 2852 1486 2922 ipse
1533 2851 1734 2906 fatetur

155 2945 496 3018 prolicienter
519 2945 804 3016 scripsisse
821 2985 836 3008 ,
869 2953 922 3000 et
949 2943 1112 2998 multa
1141 2951 1250 2998 tam
1275 2957 1342 2998 ex
1363 2943 1552 2998 eodem
1595 2941 1731 2996 libro

157 3037 306 3106 cujus
323 3045 408 3092 est
435 3035 620 3091 titulus
647 3053 659 3090 :
689 3037 756 3090 de
783 3049 910 3090 vera
941 3033 1244 3106 Religione,
1276 3049 1340 3088 ex
1367 3047 1474 3103 quo
1503 3032 1606 3086 ista
1631 3031 1728 3086 de-

157 3145 462 3200 cerpseras,
511 3143 672 3198 quam
721 3143 784 3184 ex
835 3127 958 3182 aliis
999 3127 1110 3182 suis
1153 3125 1514 3184 voluminibus
1559 3133 1730 3178 retra-

155 3229 348 3286 ctasse,
379 3235 606 3290 quorum
639 3233 802 3272 unum
846 3217 914 3272 ad
957 3225 1151 3272 caetera
1191 3217 1372 3272 sobrie
1401 3214 1733 3286 providenda

155 3311 398 3380 posuisse
421 3307 714 3364 .suﬂiceret.
743 3307 894 3376 Quod
921 3307 1084 3362 etiam
1111 3307 1344 3360 antehac
1369 3305 1616 3377 posuisse
1645 3313 1753 3358 me'

156 3401 334 3456 recolo
359 3401 544 3472 (Aug.,
589 3397 816 3454 Retract.
861 3399 898 3452 l.
939 3413 990 3464 ι,
1023 3411 1144 3468 cap.
1175 3395 1287 3469 21).
1321 3395 1493 3468 [Alio,
1525 3395 1730 3468 inquit,

155 3493 274 3548 loco
293 3491 432 3547 dixi:
455 3489 663 3545 Nullius
687 3497 912 3544 mortem
938 3489 1080 3544 Deus
1101 3488 1315 3558 quaerit,
1331 3488 1474 3558 quod
1495 3487 1573 3542 sic
1596 3485 1734 3542 acci~

151 3581 404 3654 piendum
441 3588 542 3644 est,
571 3579 698 3650 quia
733 3577 834 3636 sibi
871 3579 1032 3634 homo
1062 3577 1348 3648 acquisivit
1383 3585 1610 3632 mortem
1639 3575 1732 3630 de-

153 3687 340 3728 serens
379 3671 567 3735 Deum,
599 3677 654 3728 et
693 3670 926 3740 acquirit
948 3671 1036 3740 qui
1075 3683 1180 3724 non
1229 3667 1456 3740 requirit
1485 3667 1604 3740 [at.,
1647 3683 1730 3724 re-

151 3765 322 3820 currit
349 3761 460 3836 ad]
497 3763 664 3818 Deum
701 3781 714 3818 :
763 3763 1056 3818 secundum
1101 3765 1244 3834 quod
1295 3763 1556 3832 scriptum
1601 3771 1726 3818 est:

155 3853 296 3908 Deus
325 3863 540 3908 mortem
569 3869 672 3908 non
701 3853 978 3922 fecit;_scd
1023 3853 1186 3908 etiam
1234 3851 1360 3922 illud
1403 3867 1510 3906 non
1555 3851 1744 3904 minus

153 3959 340 4000 verum
363 3943 464 4008 est,
491 3941 610 3996 Vita
637 3953 686 3998 et
715 3961 850 3998 mors
876 3961 908 4000 a
941 3943 1164 3998 Domino
1195 3943 1304 3998 Deo
1334 3955 1407 3996 est
1435 3941 1624 4012 (Eccli.
1651 3955 1728 4004 xl,

105 4075 108 4080 -
153 4035 254 4106 id)
297 4053 308 4088 :
341 4037 450 4090 vita
491 4033 698 4090 scilicet
743 4051 772 4086 a
813 4035 1044 4088 donante
1069 4074 1084 4098 ,
1131 4047 1278 4088 mors
1313 4029 1726 4102 avindicaute.]

153 4127 196 4200 -ι-
227 4127 366 4182 Idem
399 4127 452 4182 in
489 4125 626 4182 libro
655 4133 842 4180 contra
865 4125 1232 4180 adversarium
1261 4124 1394 4195 legis
1413 4133 1468 4180 et
1499 4125 1728 4194 prophe-

155 4229 332 4274 tarum
375 4219 442 4290 (l.
484 4233 522 4284 ι,
551 4233 600 4274 c.
630 4217 754 4288 25).
797 4215 927 4290 [Sed
957 4215 1070 4286 ipse
1099 4215 1380 4280 Dominus,
1411 4215 1604 4284 inquit,
1635 4229 1732 4284 per

151 4311 406 4366 eumdum
433 4307 748 4380 prophetam
783 4305 1006 4372 fatetur,
1037 4313 1092 4360 et
1113 4305 1280 4360 dicit:
1309 4305 1416 4377 Ego
1444 4323 1558 4360 sum
1591 4305 1732 4360 Deus

149 4401 352 4470 faciens
383 4401 536 4466 bona,
573 4409 620 4455 et
645 4415 824 4454 creans
851 4397 992 4452 mala
1038 4395 1172 4468 (Isa.
1195 4413 1318 4462 XLV,
1351 4395 1522 4468 7).Ita
1553 4395 1728 4468 plane,

1831 564 1960 630 odor
1995 565 2108 618 vita:
2157 563 2210 618 in
2249 564 2426 626 vitam,
2457 563 2764 632 quibusdam
2805 581 2920 618 vero
2953 566 3080 618 odor
3125 569 3305 624 mortis
3357 571 3410 624 in

1829 641 2046 716 mortem
2077 651 2170 724 (ΙΙ
2199 651 2320 706 Cor.
2357 669 2416 718 tt,
2463 651 2684 722 15,16).
2737 651 2844 708 Sed
2877 669 2998 709 cum
3030 657 3285 712 continuo
3331 675 3414 714 sc-

1831 751 2058 820 quatur,
2096 751 2150 798 et
2177 742 2320 796 dicat
2363 761 2374 794 :
2407 733 2482 796 Et
2531 743 2600 796 ad
2640 743 2750 796 lucc
2775 744 2890 813 quis
2921 745 3140 800 idoneus
3176 745 3409 820 (Ibid.);

1832 817 2011 888 nonne
2033 833 2580 904 importuni-quodam
2619 836 2778 890 modo
2805 851 2992 892 sumus
3031 817 3278 910 ingerere
3307 817 3409 898 ista

1835 925 2164 989 carnalibus,
2216 941 2320 980 non
2381 925 2654 991 studiosis,
2703 927 2796 982 sed
2833 930 3188 986 contentiosis
3243 933 3413 990 nullo-

1831 1001 1990 1066 modo
2045 1013 2249 1068 idoneis
2301 1027 2362 1067 ea
2423 1029 2616 1084 capere
2667 1030 2784 1084 qua:
2827 1019 3032 1088 utinam
3082 1019 3268 1075 saltem
3316 1023 3410 1078 de-

1833 1102 2072 1176 sinerent
2099 1117 2340 1174 carpere.
2373 1103 2412 1174 -1-
2447 1103 2592 1158 idem
2621 1103 2674 1158 in
2703 1104 2841 1160 libro
2859 1107 2923 1162 de
2949 1105 3180 1164 Civitate
3207 1109 3302 1166 Dei
3333 1129 3412 1168 xu

1773 1259 1778 1262 _
1831 1191 1912 1262 (c.
1949 1190 2048 1262 5):
2097 1191 2220 1247 Sola
2269 1207 2400 1264 ergo
2449 1194 2586 1248 bona
2634 1193 2826 1248 alicubi
2867 1209 2986 1251 esse
3031 1207 3278 1266 possunt,
3303 1202 3414 1255 sola

1831 1283 1970 1338 mala
2003 1299 2308 1352 nusquam;
2341 1285 2594 1354 quoniam
2625 1283 2786 1338 etiam
2818 1295 3022 1342 natura:
3057 1287 3160 1344 illa}
3189 1305 3310 1360 quae
3349 1307 3418 1348 ex

1833 1373 1986 1428 malae
2027 1375 2318 1430 voluntatis
2355 1376 2506 1430 initio
2555 1375 2876 1450 [al.,vitio]
2925 1379 3126 1436 vitiata:
3173 1393 3318 1452 sunt,
3363 1385 3418 1440 in

1833 1475 2094 1533 quantum
2153 1465 2355 1521 vitiata:
2414 1475 2566 1534 sunt,
2630 1469 2784 1522 malae
2832 1477 2996 1536 sunt;
3049 1473 3105 1528 in
3158 1483 3418 1544 quantum

1831 1565 2014 1634 autem
2061 1565 2268 1612 naturae
2299 1555 2438 1622 sunt,
2485 1559 2640 1614 bonae
2683 1569 2840 1626 sunt;
2873 1568 3080 1618 etcum
3129 1565 3185 1620 in
3239 1567 3419 1636 poenis

1831 1653 1914 1700 est
1935 1654 2127 1700 natura
2147 1647 2362 1712 vitiosa,
2379 1656 2604 1720 excepto
2627 1664 2692 1704 eo
2713 1653 2854 1720 quod
2899 1661 3090 1708 natura
3113 1665 3224 1722 est,
3251 1659 3416 1714 etiam

1832 1733 2026 1790 hocibi
2047 1737 2248 1792 bonum
2273 1747 2376 1806 est,
2407 1739 2548 1808 quod
2579 1741 2840 1810 impunita
2866 1745 3084 1800 non'est
3106 1762 3121 1812 ;
3141 1747 3244 1802 hoc
3271 1751 3418 1804 enim

1835 1835 1923 1916 est
1957 1825 2184 1916 justum,
2221 1839 2278 1884 et
2313 1845 2472 1886 omne
2505 1830 2710 1900 justum
2737 1835 2924 1904 procul
2947 1837 3112 1894 dubio
3159 1841 3420 1916 bonum]

1915 1915 1943 1986 ι-
1981 1915 2132 1972 Hanc
2175 1927 2352 1974 tamen
2396 1921 2688 1988 vesaniam,
2737 1937 2860 1992 qua.
2891 1925 3094 1980 nullam
3141 1915 3418 2000 ptenama

1833 2011 1942 2094 Deo
1969 2013 2232 2082 tantisper
2275 2015 2476 2070 astruis
2517 2013 2750 2082 factam,
2793 2017 2984 2074 beatus
3021 2017 3122 2076 Job
3161 2038 3422 2080 mucrone

1831 2103 2079 2182 veritatis
2111 2104 2314 2160 recidat
2338 2107 2520 2160 dicens
2545 2125 2556 2160 :
2583 2105 2641 2162 Si
2668 2109 2800 2162 bona
2824 2113 3143 2182 suscepimus
3173 2115 3237 2170 de
3260 2133 3422 2170 manu

1831 2195 2065 2262 Domini,
2113 2195 2254 2250 mala
2286 2215 2448 2268 quare
2483 2215 2584 2252 non
2609 2200 3002 2270 suscipiamus?
3031 2201 3162 2274 (Job
3203 2221 3264 2270 ιι,
3303 2205 3420 2278 20.)

1830 2287 2124 2356 Gregorius
2167 2287 2394 2358 (Merui.
2427 2289 2519 2344 lib.
2553 2305 2631 2356 ιιι,
2655 2307 2704 2346 c.
2736 2291 2816 2362 7.)
2851 2293 2993 2348 bona
3031 2295 3240 2352 scilicet
3279 2297 3420 2353 dona

1833 2377 1928 2458 Dei
1975 2377 2058 2432 vel
2090 2379 2406 2448 temporalia
2436 2379 2520 2434 vel
2565 2389 2786 2446 aeterna,
2821 2383 2962 2436 mala
2999 2393 3180 2440 autem
3209 2383 3420 2457 ﬂagella

1831 2469 2118 2536 prasentia
2152 2470 2426 2538 appellans
2455 2489 2469 2536 ;
2505 2473 2573 2526 de
2599 2474 2794 2542 quibus
2833 2491 2932 2546 per
2955 2475 3282 2548 Prophetam
3312 2479 3422 2534 Do-

1835 2559 2014 2612 minus
2044 2559 2170 2614 dicit
2201 2575 2214 2613 :
2247 2561 2362 2630 Ego
2397 2563 2671 2628 Dominus,
2723 2575 2770 2618 et
2806 2583 2906 2621 non
2935 2577 3010 2622 est
3031 2569 3164 2623 alter
3185 2571 3422 2640 formans

1833 2651 1998 2706 lucem
2043 2665 2090 2708 et
2123 2673 2304 2710 creatis
2349 2647 2608 2724 tenebras,
2657 2661 2856 2730 faciens
2893 2679 3090 2732 pacem,
3142 2674 3190 2718 et
3237 2681 3422 2724 creans

1833 2746 1974 2802 mala
2005 2746 2138 2818 (lsa.
2173 2763 2298 2814 xcv,
2335 2750 2388 2820 7)
2431 2765 2445 2804 :
2485 2749 2690 2822 [Neque
2737 2754 2878 2808 enim
2927 2755 3067 2808 mala
3105 2751 3228 2828 qua:
3272 2751 3434 2814 nulla

1833 2850 1930 2890 sua
1953 2845 2145 2892 natura
2175 2839 2477 2896 subsistunt
2499 2856 2530 2894 a
2553 2843 2780 2898 Domino
2810 2857 3088 2912 creantur,
3119 2847 3210 2903 sed
3232 2862 3422 2905 creare

1833 2943 1893 2982 se
1939 2931 2080 2984 mala
2133 2931 2390 2985 Dominus
2437 2927 2638 2989 iudicat
2685 2951 2807 2990 cum
2857 2951 2944 2990 res
2991 2937 3126 2992 bene
3177 2939 3436 2994 conditas

1833 3021 1990 3076 nobis
2037 3023 2176 3078 male
2227 3027 2511 3096 agentibus
2559 3027 2611 3082 in
2661 3026 2926 3100 ﬂagellum
2975 3028 3200 3098 format,
3253 3041 3313 3086 ut
3355 3049 3420 3088 ea

1835 3110 1971 3178 ipsa,
2009 3121 2058 3168 et
2107 3129 2204 3184 per
2247 3115 2488 3170 dolorem
2535 3131 2642 3188 quo
2697 3119 2934 3186 feriunt,
2987 3119 3422 3194 delinquentibus

1839 3203 1978 3258 mala
2003 3205 2132 3270 sint,
2163 3213 2216 3260 et
2239 3221 2336 3278 per
2367 3218 2614 3264 naturam
2645 3225 2751 3280 qua
2781 3211 3042 3278 existunt,
3071 3211 3211 3268 bona
3237 3231 3250 3268 :
3279 3215 3424 3272 unde

1835 3303 1889 3348 et
1931 3309 2194 3350 venenum
2241 3311 2389 3352 mors
2429 3299 2645 3370 quidem
2697 3311 2781 3356 est
2819 3303 3046 3368 homini,
3099 3305 3192 3360 sed
3237 3313 3418 3362 tamen

1833 3389 1944 3444 vita
1973 3389 2234 3460 serpenti.
2265 3391 2466 3446 Amore
2497 3381 2640 3448 enim
2677 3395 3024 3466 praesentium
3065 3395 3132 3450 ab
3182 3391 3434 3454 auctoris

1831 3483 1998 3536 nostri
2039 3481 2326 3538 dilectione
2351 3485 2696 3552 recessimus,
2731 3495 2787 3542 et
2807 3503 3056 3558 perversa
3087 3505 3258 3556 mens,
3289 3491 3418 3546 dum

1831 3573 2172 3630 delectationi
2207 3585 2470 3632 creaturae
2517 3591 2576 3634 se
2611 3578 2885 3648 subdidit,
2933 3593 2964 3632 a
3004 3579 3277 3635 Creatoris
3323 3595 3415 3636 so-

1829 3667 2024 3722 cietate
2077 3667 2356 3736 disjunxit.
2393 3669 2468 3722 Ex
2509 3669 2594 3723 his
2619 3683 2747 3738 ergo
2789 3671 2858 3726 ab
2907 3677 3128 3726 auctore
3172 3669 3414 3727 ferienda

1831 3767 1964 3823 erat,
1991 3775 2110 3828 qua:
2129 3775 2320 3814 errans
2343 3761 2550 3814 auctori
2580 3767 2980 3830 praeposuerat;
3010 3769 3070 3816 ut
3089 3763 3230 3818 unde
3253 3764 3417 3820 homo

1833 3849 2046 3920 culpam
2069 3864 2174 3904 non
2207 3849 2384 3904 timuit
2403 3851 2666 3918 superbus
2690 3851 3016 3916 admittere;
3051 3853 3174 3908 inde
3195 3867 3416 3924 poenam

1831 3939 2178 4016 corrigendus
2205 3927 2512 4006 inveniret;
2539 3951 2594 3996 et
2619 3949 2770 3996 tanto
2795 3943 2954 3998 citius
2979 3943 3324 4015 resipisceret
3349 3947 3420 4004 ad

1833 4029 1920 4084 illa
1946 4045 2066 4099 quae
2089 4031 2342 4102 perdidit,
2376 4041 2578 4104 quanto
2623 4033 2823 4090 doloris
2859 4036 3015 4106 plena
3051 4053 3172 4094 esse
3203 4027 3430 4111 conspi-'

1832 4137 1978 4188 cere,
2009 4137 2126 4192 quae
2161 4124 2430 4192 quaesivit.
2481 4125 2634 4182 Unde
2679 4134 2735 4182 et
2777 4127 2914 4182 bene
2957 4127 3158 4184 dicitur
3181 4131 3418 4202 formans

1833 4213 2018 4280 lucem,
2047 4225 2092 4266 et
2119 4229 2302 4268 creans
2345 4215 2602 4284 tenebras,
2651 4217 2778 4286 quia
2805 4233 2926 4274 cum
2961 4233 3060 4290 per
3091 4219 3296 4294 ﬂagella
3327 4238 3418 4277 cx-

1837 4311 2004 4366 terius
2033 4311 2232 4366 doloris
2277 4313 2516 4368 tenebrat
2560 4321 2840 4382 creantur,
2887 4317 3032 4370 intus
3079 4331 3180 4388 per
3231 4320 3414 4374 erudi-

1837 4405 2036 4460 tionem
2077 4405 2166 4458 lux
2225 4407 2422 4462 mentis
2483 4409 2838 4464 accenditur:
2877 4408 3098 4466 Faciem
3151 4429 3332 4484 pacem
3370 4423 3418 4468 et

149 4496 270 4564 ipse
297 4503 382 4550 est
405 4495 546 4550 enim
575 4495 736 4558 Dens,
785 4493 850 4548 de
891 4505 996 4560 quo
1035 4491 1164 4546 dicit
1209 4491 1496 4561 Apostolus
1523 4509 1534 4544 :
1577 4489 1732 4546 Vides
1759 4517 1812 4576 D
1839 4513 2020 4552 creans
2043 4503 2184 4552 mata
2209 4515 2228 4564 ;
2249 4499 2376 4568 quia
2403 4507 2532 4556 tunc
2563 4501 2716 4558 nobis
2735 4517 2840 4574 pax
2865 4519 2986 4560 cum
3015 4505 3124 4562 Deo
3151 4505 3414 4574 redditur,

145 4601 274 4655 ergo
315 4585 590 4640 bonitatem
615 4593 662 4636 et
690 4583 1012 4638 severitatem
1043 4579 1136 4635 Dei
1167 4579 1358 4652 (Rom.
1391 4597 1432 4648 1,
1465 4581 1584 4652 12),
1613 4583 1728 4636 haec

143 4685 334 4732 autem
369 4674 631 4730 severitas
675 4673 792 4742 eius
835 4671 1232 4726 damnabilibus
1271 4671 1410 4726 mala
1449 4681 1552 4738 est,
1601 4672 1728 4742 quia

145 4765 358 4822 malum
385 4761 744 4816 damnationis
777 4759 882 4816 illis
920 4761 1194 4830 importat.
1247 4761 1382 4830 Nam
1413 4763 1538 4830 quia
1578 4761 1726 4834 justa

141 4865 260 4924 est,
287 4855 392 4912 alio
421 4854 578 4912 modo
611 4855 880 4925 reperitur
917 4857 1074 4920 bona,
1119 4871 1282 4912 omne
1326 4856 1470 4910 enim
1519 4855 1726 4926 justum

143 4953 358 5008 bonum
401 4947 542 5020 est.)
585 4949 656 5006 Et
697 4949 838 5006 infra
883 4949 1216 5022 Augustinus
1263 4947 1532 5022 (Ibidem)
1570 4949 1726 5022 :[Et,

145 5043 200 5100 si
247 5041 536 5112 aliquando
585 5057 708 5098 cum
755 5041 936 5112 aliqua
983 5041 1288 5100 diliereutia
1349 5043 1564 5110 dicitur,
1627 5044 1732 5098 hoc

145 5133 358 5189 rectius
427 5141 606 5204 potest
673 5133 934 5190 interesse
991 5134 1136 5204 quod
1207 5133 1316 5190 dixi
1369 5151 1384 5187 :
1439 5141 1500 5188 ut
1553 5133 1734 5188 facere

145 5229 226 5284 sit
275 5225 416 5296 quod
463 5225 684 5282 omnino
733 5241 838 5280 non
899 5237 1016 5280 erat.
1047 5243 1062 5292 ;
1099 5239 1288 5282 creare
1339 5233 1518 5280 autem
1557 5240 1626 5280 ex
1667 5241 1734 5282 eo

143 5319 298 5390 quod
322 5319 434 5388 jam
463 5327 582 5374 erat
611 5317 912 5374 ordinando
939 5317 1140 5388 aliquid
1185 5327 1522 5374 construere.
1581 5315 1732 5374 [deo-

143 5429 262 5486 que
281 5415 386 5469 hoc
413 5413 530 5468 loco
559 5413 760 5466 dictum
783 5419 884 5477 est,
911 5411 1055 5466 Deus
1075 5429 1256 5468 creans
1279 5411 1420 5466 mala
1441 5410 1576 5484 (lsa.
1599 5427 1724 5480 ην,

145 5505 243 5578 7),
285 5505 540 5578 quoniam
585 5503 934 5573 peccantibus
981 5518 1046 5558 ea
1097 5505 1362 5560 convertit
1413 5505 1466 5562 in
1527 5505 1728 5566 malum

145 5601 506 5672 dispositione
533 5597 836 5656 severitatis
865 5613 997 5666 suae,
1025 5611 1144 5670 qua
1175 5597 1434 5656 bonitatis
1460 5597 1582 5670 ejus
1626 5601 1734 5656 lar-

147 5693 326 5764 gitate
353 5691 490 5746 bona
513 5689 650 5747 facta
673 5701 816 5748 sunt.
849 5691 1000 5748 Unde
1035 5691 1168 5746 dicit
1191 5691 1466 5760 apostolus
1495 5693 1728 5748 Paulus:

147 5779 364 5838 Christi"
383 5781 546 5836 bonus
581 5783 712 5838 odor
738 5779 916 5838 sumus
945 5781 1056 5840 Deo
1089 5783 1146 5840 in
1181 5783 1322 5840 omni
1363 5783 1474 5838 loco
1499 5795 1546 5838 et
1579 5787 1630 5840 in
1653 5787 1734 5842 Itis

1837 4603 1958 4642 cum
1985 4588 2100 4644 haec
2128 4603 2248 4660 qua:
2277 4591 2412 4646 bene
2437 4599 2562 4646 sunt
2587 4594 2822 4660 condita,
2857 4597 2950 4650 sed
2979 4611 3082 4650 non
3125 4597 3262 4652 bene
3283 4611 3416 4652 con-

1836 4679 2040 4748 cupita,
2071 4679 2124 4734 in
2159 4695 2224 4736 ea
2245 4695 2364 4750 qua:
2393 4683 2547 4738 nobis
2573 4685 2714 4738 mala
2733 4695 2860 4740 sunt
2885 4685 3090 4760 ﬂagella
3113 4695 3414 4744 vertuntur.

1835 4771 1940 4828 Per
1959 4771 2168 4844 culpam
2193 4773 2388 4843 quippe
2411 4773 2522 4830 Deo
2541 4775 2814 4834 discordes
2833 4779 3136 4834 exstitimus
3159 4797 3172 4832 :
3195 4779 3416 4850 dignum

1835 4879 1964 4937 ergo
1999 4875 2086 4921 est
2132 4873 2190 4920 ut
2217 4867 2284 4922 ad
2323 4881 2510 4936 pacem
2539 4869 2682 4926 illius
2709 4887 2806 4942 per
2843 4870 3050 4944 ﬂagella
3088 4871 3412 4940 redeamus;

1833 4965 1914 5022 ut,
1941 4973 2064 5014 cum
2089 4973 2426 5030 unaquaeque
2461 4975 2550 5017 res
2583 4963 2718 5018 bene
2745 4963 2960 5020 condita
2985 4961 3139 5018 nobis
3167 4963 3220 5018 in
3263 4965 3414 5020 dolo-

1835 5067 1948 5108 rem
1999 5059 2258 5118 vertetur,
2296 5057 2528 5110 correcti
2559 5071 2710 5110 mens
2738 5057 2800 5110 ad
2833 5055 3068 5108 auctoris
3105 5071 3292 5126 pacem
3313 5057 3414 5114 hu-

1835 5143 2034 5198 militer
2073 5143 2416 5200 reformatur.
2461 5145 2586 5200 Haec
2619 5146 2802 5216 itaque
2835 5143 3040 5214 ﬂagella
3089 5147 3278 5208 beatus
3314 5149 3416 5208 Job

1835 5233 1976 5288 mala
2005 5237 2266 5300 nominat,
2297 5237 2424 5306 quia
2453 5237 2642 5294 salutis
2668 5245 2722 5292 et
2759 5238 3166 5310 tranquillitatis
3217 5245 3414 5300 bonum

1835 5341 1942 5396 qua
1963 5329 2366 5396 perturbatione
2391 5329 2588 5382 feriant
2619 5331 2856 5404 pensat]

1907 5420 1946 5492 1-
1993 5421 2066 5476 De
2105 5421 2508 5482 difﬁcultatibus
2563 5435 2738 5482 tamen
2787 5435 2948 5496 atque
2997 5429 3254 5500 peccatis,
3293 5443 3418 5508 quq

1838 5513 2088 5572 dicnnttu‘
2129 5527 2234 5574 non
2273 5519 2446 5572 solum
2493 5529 2734 5588 peccata,
2775 5521 2865 5576 sed
2911 5530 2968 5576 et
3007 5535 3182 5592 ptenae
3225 5537 3416 5594 pecca-

1841 5617 2052 5672 torum,
2109 5609 2250 5676 quod
2303 5609 2356 5664 in
2401 5611 2502 5664 hac
2549 5611 2766 5692 interim
2813 5613 2940 5668 vita,
2971 5629 3140 5682 quam
3181 5615 3420 5692 maximq

1842 5699 1993 5762 ﬁant,
2039 5711 2142 5754 nec
2185 5699 2270 5754 his
2301 5715 2470 5768 poenas
2499 5701 2634 5764 alite,
2665 5703 2748 5756 vel
2787 5713 3080 5772 praesentes
3107 5703 3192 5776 vel
3223 5703 3414 5780 futura:

1843 5789 2112 5846 ullatenus
2147 5788 2542 5858 excludantur,
2591 5791 2760 5862 plena:
2809 5801 2937 5848 sunt
2995 5789 3414 5854 orthodoxorum
