4010 6352
656 294 798 353 1263

1566 308 1574 315 ·
1651 296 1708 353 S.
1745 295 2113 355 PRUDENTII
2150 293 2532 379 TRECENSIS
2567 294 2876 355 EPlSCOPl
3652 317 3739 377 nu

656 416 867 489 pagina:
918 374 1267 470 tractatorum
1291 455 1306 482 ,
1346 430 1572 487 quorum
1623 425 1843 472 sanctus
1891 374 2224 488 Augustinus
2251 421 2303 482 Α
2326 413 2450 483 (ιυία
2475 426 2635 482 Dama
2662 429 2730 467 εκ
2760 410 3027 482 ίῙίίεῘυειθ
3055 412 3304 486 inﬂigitur
3328 416 3509 489 ἀίεηίδε
3535 419 3603 479 δίε
3634 374 3741 487 initi

656 507 711 563 in
743 506 882 561 libro
909 521 944 560 v
971 505 1110 576 (cap.
1152 506 1207 575 '5)
1235 512 1419 560 contra
1446 503 1712 559 lulianum
1736 504 2045 560 haereticum
2072 504 2226 560 Pela-

657 599 874 671 gianum
923 598 997 653 ita
1043 597 1232 653 eﬂ‘atus
1262 605 1343 652 est
1368 612 1383 651 :
1412 596 1634 669 [luseris
1658 596 1762 652 alia
1813 597 1880 652 de
1922 596 2062 652 libro
2102 610 2225 651 meo

656 692 859 757 verba,
906 698 966 745 ut
1008 690 1149 753 dixi,
1193 689 1373 745 carnis
1419 689 1838 746 iuobedientiam
1895 688 2223 749 inobedienti

656 782 862 839 homini
893 782 1202 853 dignissime
1247 780 1596 847 retributam;
1647 780 1773 852 quia
1822 778 2075 848 iniustum
2105 786 2224 833 erat

655 882 718 929 ut
741 874 1204 941 obtemperaretur
1231 885 1262 925 a
1291 885 1448 926 servo
1476 886 1598 937 suo,
1620 871 1673 926 id
1698 880 1782 926 est
1801 885 1831 924 a
1856 881 2081 940 corpore
2101 882 2219 934 suo,

653 963 705 1019 ei
734 961 825 1033 qui
855 976 961 1017 non
1010 962 1475 1031 obtemperaverat
1516 960 1745 1016 Domino
1768 974 1898 1025 suo;
1927 967 1983 1014 et
2008 959 2249 1039 eonaris_

654 1052 938 1110 ostendere
958 1051 1098 1107 hanc
1114 1046 1530 1107 inobedientiam
1556 1050 1736 1106 carnis
1754 1049 1932 1120 potius
1955 1063 2075 1105 esse
2098 1048 2219 1103 lau-

651 1143 908 1210 dabilem,
929 1143 973 1199 si
997 1155 1154 1214 poena
1174 1141 1448 1214 peccantis
1468 1150 1552 1197 est
1572 1159 1586 1195 :
1613 1150 1689 1208 et,
1713 1149 1963 1211 tanquam
1991 1155 2219 1210 persona

649 1237 722 1293 sit
744 1226 923 1307 aliqua
953 1251 1073 1307 quae
1099 1243 1437 1307 peceatorem
1484 1235 1718 1291 scienter
1745 1233 1963 1305 allligat,
1992 1234 2074 1289 sic
2099 1247 2219 1288 eam

651 1327 796 1382 velut
830 1324 1091 1383 ultricem
1126 1326 1364 1392 sceleris,
1417 1333 1474 1382 et
1520 1326 1575 1380 in
1612 1325 1715 1382 hoc
1767 1325 1862 1381 Dei
1915 1325 2217 1381 ministram

648 1428 908 1488 tanquam
924 1432 1180 1489 magnum
1201 1417 1417 1488 aliquod
1445 1418 1643 1473 bonum
1670 1416 1936 1473 cothurno
1953 1417 2219 1472 sermonis

646 1524 905 1576 exornas,
928 1525 1031 1566 nec
1050 1510 1257 1583 cogitas
1270 1525 1429 1582 posse
1445 1519 1497 1566 te
1518 1511 1624 1565 isto
1638 1514 1797 1566 modo
1817 1510 2035 1565 laudare
2058 1524 2217 1580 ange-

644 1599 727 1657 los
761 1600 934 1657 malos
978 1600 1069 1671 qui
1098 1601 1284 1672 utique
1318 1616 1427 1657 non
1464 1610 1589 1656 sunt
1631 1600 1737 1656 nisi
1776 1601 2217 1673 praevaricatores

2322 506 2566 560 membris
2612 522 2906 577 repugnans
2953 507 3054 578 legi
3084 508 3265 562 mentis
3303 508 3454 579 (Rom.
3477 528 3555 577 vn,
3575 514 3742 588 23),:m

2323 595 2443 651 ideo
2467 595 2581 666 ipsa
2601 595 2746 667 juste
2772 595 2902 667 agit,
2940 597 3069 666 quia
3096 595 3211 664 ejus
3246 598 3330 668 qui
3375 601 3467 671 egit
3492 600 3640 672 iniusta
3665 608 3742 681 (aL,

2322 684 2540 758 injuste]
2594 700 2753 755 paena
2794 687 2866 742 sit
2915 685 3083 756 justa.
3123 687 3190 743 Et
3235 690 3364 744 sicut
3406 693 3581 750 czecitas
3615 701 3744 769 cordis,

2322 792 2482 848 quam
2511 777 2657 833 solus
2684 787 2925 834 removet
2967 779 3295 835 illuminator
3317 779 3459 849 Deus,
3484 793 3530 838 et
3556 799 3744 855 peccatum

2320 877 2425 934 est,
2452 883 2558 939 quo
2583 869 2637 925 in
2685 869 2854 926 Deum
2893 886 3003 927 non
3056 872 3312 938 creditur,
3357 880 3405 928 et
3434 889 3564 944 poem
3597 881 3743 947 peccati,

2319 974 2425 1031 qua
2452 976 2550 1016 cor
2569 962 2859 1032 superbum
2890 963 3051 1034 digna
3079 963 3507 1021 animadversione
3526 968 3745 1037 puuitnr,ct

2317 1062 2481 1104 causa
2525 1050 2752 1119 peccati,
2792 1051 2935 1120 quod
2980 1052 3111 1108 caeci
3159 1050 3276 1124 [al.,
3318 1068 3429 1108 eum
3468 1054 3570 1109 mali
3602 1057 3745 1131 aliquid]

2319 1139 2496 1195 cordis
2535 1154 2724 1195 errore
2747 1141 3150 1197 committitur:
3197 1142 3269 1197 ita
3305 1145 3657 1215 concupiscentia
3676 1164 3747 1202 car-

2317 1230 2403 1285 nis
2463 1229 2724 1287 adversus
2788 1248 2950 1303 quam
2996 1234 3172 1290 bonus
3229 1235 3523 1306 concupiscit
3578 1238 3746 1308 spiritus,

2316 1327 2374 1376 et
2398 1329 2676 1390 peccatum
2704 1331 2804 1386 est,
2846 1324 2974 1394 quia
3010 1325 3152 1380 inest
3179 1324 3257 1380 illi
3291 1325 3600 1383 inobedientia
3627 1341 3745 1384 contra

2317 1410 2651 1473 dominatum
2695 1414 2922 1484 mentis;
2954 1423 3011 1471 et
3036 1431 3194 1487 pmna
3217 1418 3412 1487 peccati
3448 1427 3533 1473 est.
3557 1419 3657 1489 Quia
3674 1422 3747 1476 red-

2316 1500 2425 1557 dita
2448 1509 2533 1557 est
2556 1503 2765 1559 meritis
2791 1503 3166 1571 inobedientis,
3201 1515 3257 1561 et
3276 1523 3423 1563 eausa
3442 1511 3609 1579 peccati
3627 1511 3748 1567 estde-

2313 1590 2545 1648 l‘ectione
2611 1596 2996 1653 consentientis
3047 1598 3131 1654 vel
3182 1602 3745 1671 contagionewasceutis:

646 1701 812 1764 atque
845 1692 1017 1765 impii,
1059 1708 1158 1764 per
1199 1707 1336 1763 quos
1364 1701 1544 1748 tamen
1572 1692 1739 1747 Deum
1779 1691 2001 1747 meritas
2026 1707 2215 1763 poenas
2313 1685 2539 1754 Pl'Oinde
2563 1685 2744 1741 omnia
2788 1701 2909 1757 quae
2930 1703 3029 1759 pro
3056 1689 3159 1746 hac
3193 1700 3283 1747 tua
3306 1706 3437 1747 caeca
3464 1701 3511 1748 et
3541 1693 3748 1750 inconside-

643 1783 891 1855 irrogare
936 1782 1286 1854 peccantibus
1313 1790 1500 1839 sancta
1551 1779 1830 1853 Scriptura
1877 1789 2105 1838 testatur
2132 1782 2219 1837 di-
2244 1769 2293 1830 B
2320 1785 2439 1831 rata
2483 1777 2737 1847 opinione
2781 1780 2986 1848 dixiSti.
3011 1796 3117 1852 qua
3157 1783 3335 1838 carnis
3362 1784 3747 1855 concupiscentiam.

641 1894 812 1935 cens:
840 1877 984 1934 Misit
1005 1877 1064 1932 in
1091 1893 1177 1933 eos
1198 1876 1334 1931 iram
1360 1875 1734 1947 indignationis
1750 1890 1878 1941 sum,
1901 1859 2217 1947 indignatio;

643 1984 761 2025 nem
788 1977 836 2022 et
863 1967 1000 2021 iram
1034 1977 1082 2021 et
1104 1965 1512 2032 tribulationem,
1533 1965 1881 2021 immissiones
1899 1981 1991 2035 per
2004 1964 2215 2035 angelos

639 2055 809 2111 malos
837 2054 954 2127 (Ps.
976 2070 1179 2120 Lxxvu,
1211 2054 1326 2127 49).
1354 2054 1537 2110 Lauda
1563 2055 1728 2111 etiam
1756 2054 1910 2120 istos,
1935 2054 2092 2110 lauda
2123 2069 2215 2109 eo-

641 2160 763 2201 rum
793 2144 1093 2216 principem
1142 2142 1425 2210 Satanam,
1450 2144 1578 2215 quia
1626 2152 1683 2198 et
1722 2144 1836 2213 ipse
1866 2143 2058 2200 vindex
2084 2159 2212 2215 pee-

641 2235 749 2290 cati
782 2234 914 2300 l‘uit,
945 2234 1162 2305 quando
1198 2234 1245 2290 ei
1278 2234 1497 2288 tradidit
1528 2233 1817 2307 Apostolus
1854 2235 2113 2289 hominem
2157 2234 2213 2289 in

637 2324 908 2379 interitum
952 2324 1127 2378 carnis
1162 2322 1215 2395 (Ι
1239 2321 1363 2380 Cor.
1391 2340 1449 2391 v,
1478 2323 1556 2397 5).
1592 2322 1759 2380 Valde
1797 2324 1941 2380 enim
1981 2324 2214 2380 disertus

638 2432 701 2474 es
718 2427 906 2473 contra
935 2417 1166 2489 gratiam
1193 2415 1413 2483 Christi,
1436 2424 1492 2473 et
1518 2417 1741 2473 idoneus
1780 2417 1960 2473 dicere
1979 2431 2212 2489 panegy-

638 2507 813 2564 ricum
843 2506 1059 2563 Satanae
1106 2516 1163 2563 et
1209 2506 1415 2578 angelis
1440 2507 1576 2580 ejus,
1611 2523 1709 2580 per
1755 2522 1890 2578 quos
1920 2508 2209 2564 multorum

540 2614 549 2619 '
635 2603 782 2659 Deus
801 2600 967 2672 judex
1017 2610 1180 2672 atque
1215 2600 1359 2658 ultor
1385 2610 1469 2658 est
1517 2601 2210 2673 peecatorum,retribuens

634 2696 718 2751 eis
746 2693 1040 2750 secundum
1069 2709 1235 2766 opera
1260 2709 1377 2760 sua,
1404 2708 1500 2750 eos
1524 2694 1671 2764 ipsos
1692 2693 1954 2766 pessimos
1982 2701 2038 2749 ει
2055 2694 2208 2749 dam-

634 2784 843 2840 nabiles
870 2784 1093 2854 spiritus
1131 2783 1525 2856 puniendorum
1563 2784 1824 2856 supplicia
1862 2782 2088 2850 faciens,
2115 2782 2208 2854 qui

635 2878 778 2935 bene
800 2877 1051 2948 justeque
1087 2876 1260 2931 utitur
1283 2883 1339 2932 et
1377 2876 1533 2933 bonis
1554 2884 1608 2933 et
1635 2876 1813 2932 malis.
1842 2875 2079 2933 Praedica
2107 2875 2209 2948 igi-

633 2975 726 3024 tur
750 2964 1119 3039 iniquissimas
1142 2974 1460 3037 potestates,
1502 2966 1628 3040 quia
1655 2982 1754 3038 per
1780 2966 1925 3037 ipsas
1949 2965 2088 3022 mala
2116 2980 2207 3022 re-

635 3062 949 3117 tribuuntur
971 3059 1148 3125 malis,
1164 3060 1253 3131 qui
1266 3068 1551 3131 propterea
1565 3058 2049 3129 concupiscentiam
2068 3073 2206 3131 prae-

2315 1880 2382 1923 eo
2406 1868 2523 1939 ipso
2549 1868 2691 1939 quod
2715 1884 2836 1925 eam
2863 1886 3078 1942 pinnam
3116 1873 3348 1929 diximus
3370 1890 3477 1931 esse
3497 1877 3671 1945 peccati,
3688 1892 3751 1930 non

2314 1960 2487 2017 solum
2533 1976 2638 2018 non
2663 1961 3094 2034 vituperandam,
3125 1980 3315 2021 verum
3355 1966 3498 2021 etiam
3534 1966 3749 2020 laudandam

2313 2051 2534 2122 putasti,
2556 2051 2853 2122 quamlibet
2895 2054 3102 2125 prolixa
3130 2054 3475 2126 disputatione
3511 2055 3556 2110 in
3585 2071 3634 2110 eo
3651 2054 3751 2109 inuis

2312 2143 2650 2209 immoratus,
2686 2145 2970 2202 evanuisse
3011 2147 3370 2203 certissimum
3411 2156 3503 2202 est.
3544 2146 3645 2201 Nam
3665 2145 3750 2215 quod

2311 2235 2436 2292 aistl
2462 2254 2475 2290 :
2503 2235 2563 2292 Si
2604 2236 2767 2293 libido
2804 2251 2964 2307 paena
2997 2239 3204 2309 peccati
3249 2248 3350 2305 est,
3378 2238 3753 2310 abjiciendamesse

2309 2326 2643 2397 pudicitiam,
2679 2341 2747 2382 ne
2786 2326 3000 2383 rebellis
3029 2328 3082 2382 in
3112 2327 3285 2383 Deum
3313 2328 3514 2383 castitas
3548 2326 3694 2380 illatam
3713 2323 3751 2376 ab

2309 2430 2376 2472 eo
2392 2417 2604 2473 dicatur
2623 2430 2883 2473 enervare
2907 2419 3255 2486 sententiam,
3283 2428 3337 2475 et
3358 2427 3530 2474 caetera
3547 2416 3753 2488 huiusmodi

2308 2522 2429 2579 quae
2455 2508 2594 2563 hanc
2636 2509 2932 2563 vanitatem
2976 2510 3364 2581 consequentia
3390 2519 3534 2579 atque
3564 2509 3659 2563 hinc
3679 2505 3753 2561 reli-

2307 2609 2433 2670 gata
2476 2602 2739 2657 conteris.
2766 2601 3009 2663 Totidem
3052 2602 3236 2658 verbis
3281 2603 3345 2659 de
3389 2603 3596 2659 caecitate
3627 2599 3755 2659 cordis

2306 2708 2491 2751 errore
2539 2693 2700 2749 simili
2740 2692 2861 2767 [al.,
2893 2692 3189 2767 simillimo]
3230 2695 3389 2750 modo
3427 2694 3520 2750 dici
3550 2698 3693 2763 potest.
3721 2687 3755 2741 ἃ

2306 2787 2521 2843 caecitas
2541 2787 2719 2843 cordis
2741 2800 2898 2857 poma
2919 2787 3126 2856 peccati
3150 2797 3259 2853 est,
3289 2785 3560 2858 abjicienda
3578 2781 3755 2843 doctrina.

2307 2892 2375 2934 ne
2404 2875 2620 2934 rebellis
2641 2877 2696 2932 in
2725 2877 2894 2933 Deum
2924 2879 3123 2933 mentis
3152 2877 3466 2933 illuminatio
3486 2872 3756 2930 illatamabeo

2305 2971 2516 3027 dicatur
2538 2985 2798 3026 enervare
2818 2970 3160 3027 sententiam.
3179 2970 3335 3039 Quod
3358 2970 3400 3026 si
3426 2966 3759 3025 absurdissima

2304 3070 2387 3119 est
2412 3063 2592 3119 dicere
2616 3061 2883 3134 (quamvis
2904 3063 2974 3119 sit
2993 3062 3211 3118 caecitas
3237 3062 3418 3118 cordis
3436 3076 3572 3133 plena
3591 3054 3755 3128 peccaui.

538 3143 553 3159 ’
635 3152 787 3209 dicas
816 3151 998 3207 carnis
1029 3169 1043 3206 :
1074 3129 1200 3221 quia
1228 3129 1587 3206 iriebédientia
1614 3150 1872 3205 retributa
1898 3157 1985 3206 est
2010 3129 2199 3207 inobe-
2228 3129 2275 3194 ο
2306 3168 2372 3209 eo
2400 3154 2559 3209 modo
2589 3129 3033 3209 absurdissimum
3056 3161 3142 3209 est
3166 3153 3332 3209 etiam
3369 3129 3502 3223 quod
3520 3151 3611 3220 ipse
3629 3143 3759 3203 dixisti.

636 3242 854 3298 dieutiae
876 3241 1194 3314 peccatoris.
1222 3239 1406 3295 Lauda
1448 3240 1690 3311 iniquum
1738 3253 1918 3311 regem
1963 3238 2200 3307 Saulem,

636 3336 761 3409 quia
786 3344 841 3391 et
869 3335 983 3406 ipse
1009 3332 1111 3389 fuit
1134 3348 1292 3405 ptena
1316 3333 1683 3404 peccantium;
1710 3331 1938 3388 Domino
1957 3332 2199 3388 dicente:

633 3426 770 3482 Dedi
822 3424 914 3481 tibi
958 3440 1128 3496 regem
1155 3425 1211 3478 in
1239 3424 1321 3478 ira
1356 3439 1472 3478 mea
1526 3421 1671 3495 (Ose.
1726 3439 1847 3488 xm,
1889 3422 2011 3493 10);
2042 3422 2201 3478 lauda

633 3515 961 3574 daemonium
1002 3513 1147 3584 quod
1190 3528 1286 3570 rex
1315 3514 1431 3585 ipse
1461 3513 1790 3586 patiebatur,
1826 3514 1951 3583 quia
1995 3520 2052 3568 et
2100 3512 2203 3569 hoc

630 3619 792 3679 poena
816 3604 993 3660 fuerat
1014 3603 1335 3674 peccatoris.
1351 3601 1535 3659 Lauda
1558 3603 1845 3659 cwcitatem
1867 3602 2061 3668 cordis,
2083 3619 2200 3675 qua:

628 3715 695 3753 ea:
727 3707 873 3769 parte
899 3697 956 3750 in
985 3694 1153 3751 Israel
1182 3696 1326 3766 facta
1369 3705 1465 3763 est,
1497 3711 1600 3753 nec
1635 3704 1843 3753 tacetur
1865 3696 1930 3752 de
1959 3697 2201 3753 caecitate

627 3789 811 3856 Israel,
847 3802 1017 3859 quare
1058 3788 1221 3843 donec
1261 3788 1563 3861 plenitudo,
1608 3789 1800 3861 inquit,
1842 3790 2072 3861 gentium
2110 3792 2196 3844 in-

626 3891 808 3949 traret,
856 3881 960 3936 nisi
1014 3879 1156 3937 forte
1203 3888 1260 3936 et
1312 3880 1470 3937 istam
1521 3896 1737 3954 pmnam
1784 3882 2006 3953 negabis
2054 3897 2197 3947 esse,

628 3987 812 4043 quam,
844 3971 891 4028 si
917 3971 1053 4028 lueis
1081 3971 1307 4028 interna:
1330 3980 1539 4027 amator
1562 3987 1730 4038 esses,
1762 3989 1869 4029 non
1898 3972 2070 4028 solum
2100 3973 2199 4027 ali-

627 4078 811 4135 quam,
840 4062 937 4119 sed
963 4061 1118 4119 valde
1161 4077 1410 4134 magnam
1438 4078 1654 4134 pmnam
1682 4077 1802 4119 esse
1827 4063 2091 4119 elamares
2128 4064 2196 4118 ad

625 4157 789 4210 istam
832 4154 1126 4210 caecitatem
1162 4152 1282 4227 [al.,
1330 4161 1387 4209 at
1431 4153 1533 4210 ista
1563 4151 1801 4226 caecitas]
1844 4151 1943 4208 fuit
1994 4152 2195 4211 Judaeis

627 4247 831 4322 grande
865 4245 1261 4302 incredulitatis
1290 4245 1512 4313 malum,
1559 4254 1613 4301 ει
1637 4244 1854 4317 grandis
1881 4259 2041 4300 causa
2070 4261 2196 4317 pec-

625 4341 755 4407 cati,
784 4347 844 4393 ut
874 4339 1183 4395 occiderent
1222 4337 1519 4395 Christum.
1546 4337 1667 4394 Jam
1709 4338 1872 4394 istam
1895 4340 2192 4394 caecitatem

622 4433 669 4488 si
692 4446 910 4503 ptenam
935 4429 1102 4487 fuisse
1117 4430 1416 4503 negaveris,
1446 4429 1675 4485 similem
1714 4438 1766 4485 te
1792 4430 1996 4500 perpeti
2026 4430 2189 4486 etiam

2304 3247 2550 3318 quamvis
2578 3247 2652 3302 sit
2694 3246 2877 3313 libido,
2902 3247 2955 3302 id
2998 3254 3082 3302 est
3107 3245 3469 3303 inobedientia
3502 3241 3758 3308 carnispem

2303 3336 2560 3406 peccati:
2613 3335 2866 3407 quoniam
2913 3336 3140 3393 excitati
3190 3335 3374 3393 cordis
3422 3333 3563 3390 debet
3595 3330 3759 3386 resistam

2303 3429 2546 3495 scientia,
2590 3437 2647 3484 et
2693 3428 2900 3485 libidini
2929 3428 3282 3485 continentia.
3331 3428 3457 3483 Eam
3485 3440 3592 3481 vero
3623 3433 3760 3493 pteram

2302 3537 2422 3591 quae
2437 3536 2536 3577 nec
2558 3537 2711 3578 error
2730 3532 2815 3578 est
2838 3537 2941 3578 nec
2952 3521 3139 3583 libido.
3155 3522 3317 3579 debet
3338 3521 3550 3577 tolerare
3570 3511 3757 3588 patientia.

2301 3614 2660 3685 Quapropter,
2709 3613 2942 3684 quando,
2973 3613 3083 3670 Deo
3110 3614 3371 3681 donante,
3394 3629 3460 3669 ex
3499 3625 3605 3665 vera
3640 3605 3761 3659 vivitur

2302 3706 2426 3771 ﬁde,
2459 3706 2574 3776 ipse
2596 3707 2738 3762 Deus
2762 3708 2915 3761 adest
2942 3713 2997 3760 et
3022 3707 3188 3761 menti
3217 3704 3562 3762 illuminanda
3578 3710 3621 3755 et
3638 3708 3760 3752 conm-

2298 3796 2574 3867 pisceutite
2619 3796 2935 3867 superanda:
2968 3804 3024 3852 et
3070 3796 3333 3853 molestia:
3373 3791 3683 3869 perferenda:
3705 3785 3762 3837 bet

2299 3888 2441 3944 enim
2471 3896 2638 3943 totum
2669 3897 2815 3944 recte
2850 3889 2932 3954 lit,
2963 3888 3179 3958 quando
3222 3887 3285 3943 tit
3330 3894 3538 3958 propter
3556 3884 3706 3953 ipsum;
3732 3871 3761 3924 ίά

2298 3987 2402 4045 est,
2446 3978 2660 4048 quando
2703 3979 2872 4049 gratis
2896 3987 3109 4033 amatur
3140 3977 3277 4048 ipse.
3323 3976 3503 4045 Qualis
3530 3963 3764 4029 amornolis

2297 4082 2420 4125 esse
2445 4083 2549 4123 non
2593 4076 2770 4137 potest
2798 4068 2901 4123 nisi
2927 4083 2994 4123 ex
3034 4068 3179 4139 ipso;
3224 4066 3482 4138 alioquin,
3522 4058 3689 4133 quando
3704 4052 3763 4108 sibi

2299 4160 2464 4216 homo
2493 4158 2719 4215 multum
2746 4159 2944 4230 placet,
2973 4167 3029 4213 et
3071 4159 3140 4213 de
3167 4174 3267 4213 sua
3312 4159 3509 4213 virtute
3534 4149 3716 4211 conﬁdit,
3739 4143 3765 4197 si

2296 4230 2531 4306 traditur
2552 4251 2607 4305 in
2634 4249 2902 4307 desideria
2925 4249 3190 4320 superbiae
3206 4265 3340 4315 suae,
3359 4257 3505 4304 tanto
3526 4242 3765 4313 amplius"Ii

2294 4351 2450 4416 getur
2470 4343 2572 4397 hoc
2595 4342 2793 4397 malum
2815 4351 3017 4412 quanto
3040 4341 3212 4411 magis
3238 4343 3289 4396 ei
3315 4340 3614 4411 cupiditates
3633 4338 3767 4389 estcf!

2295 4434 2581 4500 cesserint,
2603 4448 2824 4504 easque,
2866 4432 3008 4488 velut
3046 4431 3353 4497 laudabilis,
3378 4433 3510 4487 hanc
3532 4439 3659 4482 unam
3677 4416 3767 4473 obit

623 4540 734 4582 non
782 4522 1046 4580 conﬁtens
1085 4521 1372 4595 iudicabis.
1401 4520 1462 4578 Si
1508 4531 1686 4578 autem
1712 4537 1930 4595 poenam
1973 4523 2192 4594 quidem
2217 4515 2271 4577 Ι)
2294 4527 2511 4591 ctando,
2542 4503 2945 4595 compresserit.
2972 4522 3126 4591 Quod
3154 4537 3287 4593 ergo
3332 4522 3386 4576 in
3430 4519 3541 4575 aliis
3580 4503 3769 4586 optimi!

620 4615 813 4683 fuisse,
841 4615 935 4672 sed
954 4614 1162 4687 peccati
1200 4627 1415 4686 penam
1436 4628 1544 4670 non
1574 4613 1739 4671 fuisse
1763 4615 2066 4682 contendis,
2104 4615 2191 4670 in-

621 4708 779 4763 terim
831 4705 1021 4762 fateris
1064 4705 1208 4777 quod
1248 4719 1413 4760 unum
1462 4703 1662 4776 aliquid
1691 4713 1748 4761 et
1768 4715 2046 4777 peceatum
2069 4721 2194 4763 esse

616 4797 810 4870 possit,
832 4805 889 4853 et
924 4812 1124 4869 paena:
1164 4795 1212 4854 si
1251 4802 1431 4852 autem
1457 4810 1564 4852 non
1609 4805 1696 4853 est
1739 4797 1843 4853 hoc
1883 4795 2003 4870 [al.,
2051 4795 2189 4870 haec]

618 4903 780 4961 pmua
807 4887 1036 4959 peccati,
1065 4885 1310 4959 profecto
1337 4885 1515 4958 iniqua
1540 4901 1695 4958 paena
1724 4896 1827 4953 est,
1848 4896 1904 4944 et
1934 4889 2188 4959 injustum

620 4979 757 5036 lacis
788 4978 957 5035 Deum
987 4995 1095 5050 quo
1117 4978 1340 5049 iubente
1380 4977 1467 5034 vel
1515 4978 1743 5045 sinente,
1786 4988 1880 5034 aut
1913 4978 2187 5035 inﬁrmum

616 5088 726 5143 quo
754 5087 861 5129 non
893 5080 1167 5128 avertente
1186 5069 1447 5144 inﬂigitur
1473 5071 1743 5127 innocenti
1779 5070 1898 5143 [al.,
1926 5071 2186 5145 nocenti].

616 5164 770 5234 Quod
793 5165 839 5220 si
858 5164 1025 5221 etiam
1048 5177 1265 5236 pinnam
1293 5162 1503 5234 peccati
1530 5177 1651 5219 esse
1671 5161 1923 5218 concedis
1953 5162 2065 5235 (ne,
2085 5163 2189 5218 hoc

615 5272 724 5314 non
753 5255 1097 5313 concedendo
1114 5253 1233 5329 [al.,
1265 5269 1373 5310 non
1396 5250 1590 5327 deest],
1615 5261 1670 5308 tu
1692 5251 1807 5323 ipse
1830 5253 1991 5308 corde
2015 5266 2189 5308 caecus

616 5348 926 5423 appareas),
967 5346 1093 5403 vide
1133 5344 1267 5414 jam,
1299 5344 1444 5416 quod
1490 5343 1672 5400 videre
1730 5341 1972 5409 nolebas,
2028 5343 2188 5398 istam

616 5456 781 5515 quam
809 5439 1025 5496 movisti
1056 5438 1286 5494 solutam
1310 5452 1433 5494 esse
1458 5436 1839 5508 quaestionem;
1866 5437 2013 5507 quia,
2049 5435 2191 5492 sicut

616 5533 861 5592 diabolus
892 5540 1054 5602 atque
1079 5529 1257 5601 angeli
1279 5528 1421 5601 ejus,
1457 5537 1514 5584 et
1539 5528 1667 5584 mali
1697 5541 1850 5600 reges
1875 5543 1983 5584 non
2015 5527 2191 5584 solum

614 5624 719 5696 ipsi
746 5629 1056 5692 peccatores
1079 5626 1223 5685 sunt,
1250 5620 1344 5675 sed
1368 5633 1465 5690 per
1476 5617 1741 5691 justitiam
1761 5618 1855 5674 Dei
1877 5618 2013 5674 ﬁunt
2027 5618 2188 5674 etiam

618 5713 877 5788 supplicia
906 5720 1274 5785 peccatorum.
1316 5710 1428 5775 Nec
1471 5712 1592 5769 ideo
1642 5712 1801 5771 laude
1849 5719 1975 5768 sunt
2019 5710 2188 5784 digni,

2293 4616 2431 4673 meis
2454 4615 2649 4688 legisse
2676 4623 2729 4671 te
2752 4614 2906 4679 dicis,
2935 4624 3095 4685 atque
3123 4614 3177 4669 id
3205 4612 3407 4669 frustra
3450 4608 3769 4667 relutareconr

2292 4717 2380 4765 tus
2409 4724 2491 4775 es,
2511 4722 2633 4764 esse
2660 4706 2913 4763 nonnulla
2941 4714 3184 4778 peccata,
3209 4719 3334 4776 qua:
3360 4716 3528 4775 pmnae
3548 4698 3641 4755 sint
3665 4689 3767 4748 etiam

2291 4806 2658 4871 peccatorum,
2693 4797 2938 4869 deposito
2989 4796 3240 4853 vincendi
3266 4794 3450 4850 studio
3475 4791 3706 4860 diligenter
3722 4788 3771 4831 al-

2291 4891 2473 4956 tende,
2504 4899 2561 4946 et
2603 4890 2845 4945 invenies
2887 4903 3007 4945 esse
3043 4888 3418 4951 verissimum,
3470 4877 3769 4967 secundum?

2289 4996 2413 5053 qua:
2433 4980 2500 5037 de
2526 4980 2705 5037 contis
2728 4979 2972 5036 caecitate
2993 4987 3225 5034 tractata
3246 4986 3396 5033 sunt.
3419 4972 3552 5043 Quid
3572 4967 3687 5025 enim
3703 4974 3773 5055 εξ·

2289 5048 2382 5139 sti,
2414 5086 2596 5143 quaeso
2631 5079 2703 5137 te,
2732 5070 2863 5141 quid
2907 5070 3061 5141 egisti
3094 5064 3561 5124 commemorando

2290 5179 2414 5221 eum
2434 5142 2843 5226 testimonium,
2894 5175 3000 5231 quo
3050 5174 3151 5230 ego
3190 5158 3319 5214 illud
3366 5153 3577 5226 probavi
3612 5142 3719 5218 quod
3742 5142 3773 5190 il

2290 5252 2396 5308 alia
2440 5267 2560 5309 mea
2607 5251 2968 5321 disputatione
3014 5249 3189 5322 legisti
3215 5268 3229 5304 :
3253 5248 3383 5317 quia
3434 5246 3499 5300 de
3536 5232 3774 5312 quibusthlli

2289 5344 2508 5414 scripsit
2529 5343 2713 5398 dicens
2738 5359 2752 5396 :
2785 5340 3027 5396 Tradidit
3051 5339 3168 5395 illos
3194 5339 3336 5394 Deus
3364 5339 3423 5392 in
3451 5330 3777 5414 reprobi“?

2289 5406 2426 5504 sum,
2457 5444 2514 5490 ut
2555 5434 2755 5505 faciant
2797 5448 2916 5504 qua:
2958 5448 3062 5488 non
3097 5428 3445 5486 conveniam?
3472 5423 3625 5497 (Rom.
3650 5406 3776 5505 sibi

2290 5496 2569 5582 Hoe'euim
2592 5496 2821 5579 voluisti
2830 5522 2998 5578 videri
3023 5519 3429 5593 hyperbolieum
3453 5496 3637 5572 dictum
3655 5525 3667 5562 ε

2291 5615 2353 5672 tit
2378 5631 2520 5681 eum,
2549 5615 2617 5670 ad
2652 5613 3044 5685 permovendos
3093 5612 3321 5674 animos,
3369 5606 3525 5662 tidem
3547 5610 3697 5691 mrum

2293 5709 2690 5768 sermocinatur
2712 5708 2953 5773 excedit;
2981 5706 3072 5764 ubi
3097 5720 3226 5777 ergo
3254 5703 3307 5761 id
3330 5696 3612 5773 Apostolus
3631 5689 3779 5747 {eum
