4010 6352
213 410 350 465 1265

1070 404 1157 460 DE
1199 403 1866 462 PR/EDESTINATIONE
1905 399 2181 460 CONTRA
2218 403 2268 461 J.
2312 400 2605 461 SCOTUM.

3322 396 3458 465 £266

207 538 318 577 non
351 520 593 592 graveris
613 520 921 576 ostendere.
949 517 1082 573 Cum
1111 519 1480 585 inveheretur,
1505 521 1698 589 inquis,
1731 521 1784 575 in
1813 523 1862 582 Α
1888 518 2051 572 etiam
2083 519 2384 575 consentiat
2410 519 2491 574 eis
2526 517 2590 572 ad
2617 511 2996 573 committenda
3038 519 3224 573 eadem
3269 521 3410 576 mala
3435 524 3457 576 ‘.'

204 614 497 683 impiorum
539 613 796 679 crimina;
832 627 1111 682 poenarum
1141 627 1206 668 ea
1258 612 1561 668 nominibus
1598 629 1786 684 aggra-

203 707 373 768 vavit,
415 715 784 775 quantumque
825 705 1030 775 pectori
1082 720 1178 760 suo
1233 706 1494 760 virtutum
1543 707 1781 762 omnium

204 798 483 856 domicilio
515 799 788 869 turpitudo
829 798 1099 862 horreret,
1153 797 1466 863 ostendens,
1521 814 1626 852 non
1673 806 1780 852 tam

204 906 332 947 reos
373 905 535 959 quam
563 889 846 942 damnatos
874 887 975 942 sibi
1007 887 1143 941 tales
1171 888 1247 940 ait
1271 887 1460 941 videri.
1485 887 1613 950 lmo,
1645 887 1784 943 sicut

202 983 324 1053 ipse
353 981 614 1051 loquitur,
644 994 750 1033 non
776 979 918 1034 sicut
938 993 1060 1032 eum
1093 987 1146 1032 tu
1174 977 1317 1046 loqui
1350 977 1528 1048 lingis,
1556 986 1610 1032 et
1633 979 1784 1032 dam-

201 1082 366 1128 natos
406 1070 793 1126 demonstravit
829 1079 885 1124 et
923 1085 1066 1134 reos,
1088 1083 1188 1124 nec
1211 1069 1382 1124 solum
1409 1067 1474 1121 de
1495 1068 1783 1139 praeteritis

201 1181 331 1221 reos
377 1176 594 1235 propter
623 1180 742 1234 quae
795 1163 1098 1227 damnatos,
1148 1163 1241 1218 sed
1291 1162 1413 1216 inde
1467 1163 1627 1216 etiam
1660 1176 1781 1216 reos

201 1255 296 1310 ubi
327 1255 445 1327 [al.,
467 1258 623 1308 ‘uude
651 1253 837 1325 etiam]
863 1254 1144 1311 damnatos
1175 1271 1186 1306 :
1229 1269 1352 1306 nam
1397 1267 1518 1306 reos
1548 1251 1780 1306 ostendit

200 1347 295 1402 ubi
313 1347 388 1400 ait
407 1365 418 1398 :
440 1345 507 1398 Et
525 1335 794 1399 coluerunt
808 1355 854 1398 et
869 1346 1154 1398 servierunt
1174 1353 1427 1397 creatura:
1438 1343 1609 1412 potius
1622 1358 1778 1412 quam

201 1434 441 1490 Creatori
465 1437 553 1504 qui
585 1445 656 1489 est
686 1434 978 1488 benedictus
1007 1435 1061 1487 in
1087 1433 1304 1498 sa’cula,
1331 1450 1482 1487 amen
1509 1432 1687 1504 (Rom.
1721 1448 1775 1498 v,

197 1525 292 1594 25)
326 1545 338 1579 :
368 1527 558 1581 deinde
589 1527 873 1579 damnatos
898 1533 1118 1594 propter
1141 1524 1300 1578 istum
1331 1532 1570 1588 reatum;
1601 1523 1779 1593 sequi-

201 1623 293 1668 tur
317 1615 458 1669 euim
482 1633 493 1668 :
527 1613 750 1684 Propter
773 1615 870 1668 hoc
899 1613 1117 1667 tradidit
1144 1613 1261 1668 illos
1275 1613 1413 1668 Deus
1434 1614 1487 1667 in
1511 1615 1780 1684 passiones

197 1703 500 1773 ignominia:
546 1703 731 1774 (Ibid.,
798 1703 910 1774 26).
970 1703 1178 1758 Audisti
1245 1721 1258 1757 :
1307 1703 1525 1773 Propter
1561 1706 1689 1769 hoc,
1723 1712 1780 1758 et

199 1795 399 1862 quaeris
441 1795 673 1849 inaniter
717 1794 983 1863 quomodo
1033 1793 1407 1864 intelligendus
1445 1795 1515 1848 sit
1565 1797 1776 1850 tradere

1886 623 1951 663 ac
1975 623 2072 678 per
2095 609 2216 675 hoc,
2261 608 2405 663 aliud
2443 618 2527 663 est
2554 607 2754 662 habere
2782 607 2920 662 mala
2962 608 3227 663 desideria
3256 611 3456 676 cordis,

1885 699 2026 754 aliud
2072 701 2208 754 tradi
2259 699 2608 769 eis:utique,
2645 706 2704 752 ut
2745 698 3129 755 consentiendo
3163 699 3242 754 eis
3284 702 3460 769 possi-

1884 792 2074 848 deatur
2099 791 2167 846 ab
2197 791 2298 856 eis,
2328 791 2470 861 quod
2504 789 2562 845 tit
2604 806 2725 846 cum
2753 789 2936 845 divino
2975 791 3182 860 judicio
3228 793 3460 848 traditur

1882 883 1980 937 eis.
2002 883 2248 952 Alioquin
2271 882 2468 936 frustra
2493 881 2692 937 dictum
2722 891 2834 936 est:
2859 879 2987 936 Post
3016 882 3460 952 concupiscentiae

1882 983 2000 1028 tuas
2030 990 2132 1027 non
2175 990 2262 1028 eas
2293 972 2492 1043 (Eccli.
2523 988 2678 1036 xvm,
2707 972 2841 1042 50);
2872 973 2916 1027 si
2938 970 3049 1041 jam
3085 973 3312 1042 quisque
3333 987 3458 1026 reus

1882 1072 1987 1130 est,
2023 1065 2164 1134 quod
2209 1064 2619 1128 tumultuantes,
2645 1072 2698 1118 et
2727 1063 2793 1117 ad
2821 1062 2959 1116 mala
2989 1064 3204 1117 trahere
3228 1063 3461 1117 nitentes

1882 1157 2045 1211 sentit
2064 1172 2178 1222 eas,
2202 1173 2301 1213 nec
2324 1173 2416 1213 eas
2432 1158 2694 1228 sequitur,
2719 1157 2764 1212 si
2790 1173 2893 1212 non
2917 1156 3276 1246 eis'traditur,
3300 1169 3458 1210 exer-

1882 1261 2010 1302 cens
2049 1247 2304 1302 adversus
2350 1261 2443 1303 eas
2481 1247 2712 1315 gloriosa
2770 1244 3088 1311 certamina,
3143 1244 3188 1299 si
3230 1245 3360 1298 vivit
3405 1244 3458 1298 in

1881 1341 2072 1411 gratia.
2106 1339 2243 1406 Quid
2287 1340 2381 1395 tibi
2419 1341 2563 1395 enim
2605 1339 2838 1404 videtur,
2887 1338 2978 1408 qui
3029 1338 3279 1392 observat
3317 1336 3460 1404 quod

1882 1433 2140 1500 scriptum
2166 1440 2250 1486 est
2277 1448 2290 1483 :
2315 1429 2376 1486 Si
2403 1441 2620 1500 pt'wstas
2646 1430 2835 1496 anima:
2861 1439 2965 1484 tute
2994 1427 3456 1498 concupiscentias,

1879 1521 1995 1591 ejus
2025 1522 2198 1590 (quod
2220 1521 2347 1590 quid
2381 1529 2466 1575 est
2486 1521 2630 1574 aliud
2659 1535 2819 1589 quam
2850 1519 3115 1574 desideria
3145 1515 3262 1586 ejus
3284 1515 3457 1586 mala)

1880 1610 2034 1679 faciet
2064 1618 2112 1664 te
2141 1611 2392 1680 gaudium
2418 1610 2642 1664 inimicis
2679 1619 2726 1663 et
2763 1609 2948 1664 invidis
2975 1609 3118 1662 tuis?
3140 1605 3456 1678 (Ibid.,5l.)

1881 1699 2130 1768 Nunquid
2173 1698 2284 1768 jam
2328 1700 2430 1755 iste
2469 1714 2593 1756 reus
2634 1701 2751 1755 est?
2799 1700 3045 1755 habendo
3095 1699 3228 1753 tales
3263 1699 3459 1752 animas

1880 1792 2356 1860 concupiscentias,
2383 1807 2518 1863 quas
2548 1792 2596 1847 ei
2629 1801 2887 1863 praestare
2935 1807 3041 1848 non
3069 1791 3246 1857 debet,
3292 1806 3360 1844 ne
3402 1789 3458 1844 iu

199 1885 374 1949 Deus,
403 1885 628 1940 multum
654 1885 903 1940 laborans
933 1893 992 1938 ut
1019 1885 1270 1940 ostendas
1291 1900 1414 1940 eum
1442 1887 1654 1940 tradere
1680 1885 1776 1941 de-
1805 1882 1853 1942 B
1879 1881 2129 1951 gaudium
2157 1883 2341 1938 veniat
2364 1883 2576 1939 diabolo
2606 1892 2661 1939 et
2687 1883 2888 1955 angelis
2915 1882 3051 1951 ejus,
3083 1882 3174 1952 qui
3197 1889 3322 1936 sunt
3346 1870 3456 1935 ini-

198 1977 452 2032 serendo!
487 1975 592 2032 Sed
625 1976 1025 2046 quomodolibet
1067 1977 1266 2042 tradat,
1297 1974 1518 2047 Propter
1545 1978 1641 2032 hoc
1669 1986 1776 2032 tra-

200 2069 353 2133 didit,
375 2079 585 2138 propter
603 2069 699 2121 hoc
721 2067 992 2134 deseruit;
1020 2077 1074 2123 et
1104 2068 1251 2122 vides
1269 2067 1385 2137 ejus
1411 2070 1771 2135 traditionem,

197 2160 492 2230 quamlibet
519 2167 572 2214 et
600 2159 1001 2228 quomodolibet
1029 2159 1314 2230 intelligas,
1342 2176 1460 2230 quae
1488 2170 1774 2216 consecuta

197 2251 322 2304 siut.
359 2249 583 2304 Curavit
604 2249 747 2302 enim
776 2247 1064 2318 Apostolus
1093 2249 1271 2304 dicere
1303 2258 1501 2318 quanta
1522 2263 1679 2320 paena
1704 2252 1776 2306 sit

196 2357 228 2394 a
271 2342 380 2396 Deo
421 2343 554 2395 tradi
585 2341 925 2410 passionibus
957 2341 1278 2411 ignominiae,
1312 2342 1425 2396 sive
1454 2343 1770 2409 deserendo,

195 2434 310 2488 sive
345 2435 450 2489 alio
495 2449 815 2504 quocunque
854 2434 933 2488 vel
962 2435 1265 2504 esplicabili
1293 2437 1377 2491 vel
1413 2437 1772 2506 inexplicabili

195 2529 378 2593 modo,
425 2545 533 2598 quo
577 2528 707 2582 facit
736 2529 850 2583 haec
875 2545 1082 2584 summe
1137 2531 1308 2586 bonus
1343 2540 1397 2585 et
1433 2530 1776 2587 ineﬂ‘abiliter

190 2621 389 2689 justus.
415 2619 548 2672 Nam
576 2620 782 2690 {eniintv
806 2637 986 2674 eorum
1011 2621 1229 2693 (inquit)
1253 2623 1652 2676 immutaverunt
1682 2639 1776 2676 na-

196 2713 417 2767 turalem
447 2730 600 2767 usum
628 2715 683 2768 in
714 2731 830 2768 eum
860 2731 1010 2768 usum
1048 2717 1136 2787 qui
1168 2725 1240 2770 est
1279 2725 1457 2770 contra
1489 2725 1733 2771 naturam
1753 2732 1772 2770 :

196 2804 436 2858 similiter
481 2816 655 2860 autem
705 2817 750 2859 et
801 2807 1044 2872 masculi,
1097 2808 1442 2878 relinquentes
1481 2810 1772 2864 naturalem

197 2911 349 2949 usum
379 2895 606 2964 feminre,
645 2907 952 2951 exarserunt
982 2898 1038 2952 in
1067 2900 1350 2968 appetitum
1380 2917 1531 2954 suum
1559 2901 1611 2954 in
1642 2902 1770 2955 invi~

197 3003 325 3053 cem,
371 2988 592 3042 masculi
638 2989 692 3042 in
721 2987 1006 3055 masculos,
1056 2990 1441 3058 deformitatem
1481 3002 1766 3062 aperantes,

195 3087 244 3131 et
283 3079 567 3134 mercedem
610 3091 866 3144 mutuam,
899 3098 1057 3150 quam
1083 3083 1310 3151 oportuit
1357 3085 1549 3136 erroris
1579 3084 1682 3152 sui,
1719 3085 1772 3138 in

195 3170 476 3239 semetipsis
522 3172 820 3242 recipientes
874 3171 1046 3243 (Ibid.
1122 3173 1214 3238 26,
1281 3174 1424 3245 27);
1494 3176 1622 3244 quid
1671 3177 1771 3232 hoc

196 3261 510 3328 evidentius,
555 3262 682 3332 quid
720 3263 982 3331 apertius,
1029 3262 1156 3332 quid
1195 3265 1537 3332 expressius?
1569 3264 1769 3320 Merce-
1796 3247 1841 3312 (ἶ

193 3351 310 3404 dem
353 3363 588 3406 mutuam
633 3353 899 3424 recepisse
951 3354 1082 3410 dicit
1133 3355 1315 3424 utique
1365 3355 1662 3421 damnatos,
1713 3366 1770 3412 ut

195 3452 340 3499 tanta
375 3456 730 3515 operarentur
778 3447 917 3501 mala
959 3464 973 3501 :
1021 3455 1076 3502 et
1128 3455 1304 3502 tamen
1357 3448 1459 3502 ista
1493 3449 1768 3506 damnatio

194 3536 354 3590 etiam
392 3546 574 3592 reatus
615 3547 700 3593 est
747 3553 855 3608 quo
904 3539 1122 3609 gravius
1177 3538 1542 3608 implicantur.
1591 3540 1666 3594 lta
1713 3549 1768 3596 et

193 3638 409 3698 peccata
447 3638 571 3684 sunt
623 3629 727 3684 ista
774 3639 828 3685 et
855 3646 1029 3700 paena:
1071 3631 1484 3700 praecedentium
1521 3641 1766 3701 peccato-

192 3735 347 3775 rum:
378 3723 596 3792 etquod
637 3731 718 3776 est
745 3722 1065 3788 mirabilius,
1115 3722 1277 3777 etiam
1303 3723 1606 3793 oportuisse
1637 3725 1766 3780 dicit

190 3825 284 3867 eos
310 3812 466 3866 istam
509 3821 743 3866 mutuam
770 3813 1056 3867 mercedem
1087 3814 1346 3885 recipere.
1379 3815 1456 3869 Ita
1486 3830 1544 3870 se
1568 3815 1766 3870 habent

191 3905 350 3958 etiam
380 3905 658 3974 superiora
695 3905 857 3960 verba
902 3905 1164 3974 Apostoli,
1194 3921 1312 3974 quae
1343 3905 1456 3974 ipse
1498 3907 1758 3976 posuisti:

191 3997 520 4051 Mutaverunt
551 3997 774 4067 gloriam
812 3996 1219 4066 incorruptibilis
1247 3996 1346 4050 Dei
1383 3997 1438 4048 in
1463 3996 1764 4050 similitudi-

189 4104 304 4141 nem
342 4088 585 4157 imaginis
629 4085 980 4155 corruptibilis
1030 4086 1274 4148 hominis,
1303 4095 1352 4139 et
1388 4084 1672 4151 volucrum,
1714 4095 1762 4140 et

187 4179 600 4251 quadrupedum,
629 4188 678 4234 et
724 4179 1035 4248 serpentium
1062 4194 1080 4232 :
1107 4187 1316 4248 propter
1361 4179 1501 4251 quod
1544 4181 1763 4234 tradidit

187 4270 303 4325 illos
316 4271 538 4334 Deusin
559 4272 817 4327 desideria
849 4271 1020 4326 cordis
1050 4288 1252 4336 eorum,
1273 4273 1328 4325 in
1353 4273 1756 4337 immunditiam,

187 4371 242 4418 et
261 4373 454 4418 cmtera
471 4380 590 4434 qua:
615 4371 944 4432 sequuntur;
974 4371 1030 4418 et
1049 4364 1138 4418 hic
1161 4364 1346 4432 utique
1367 4364 1516 4418 vides
1537 4379 1758 4418 causam

184 4464 404 4525 propter
449 4471 608 4525 quam
667 4454 848 4509 traditi
895 4463 1020 4509 sunt
1073 4455 1190 4509 sine
1243 4453 1348 4508 ulla
1404 4453 1760 4526 ambiguitate

182 4554 555 4601 monstratam.
589 4547 734 4600 Dixit
766 4547 963 4616 quippe
1005 4545 1134 4615 quid
1177 4545 1304 4599 mali
1335 4554 1458 4600 ante
1482 4545 1754 4614 fecissent,

1877 1975 2002 2029 mici
2033 1984 2194 2045 atque
2232 1977 2396 2031 invidi
2450 1977 2640 2032 nostri.
2687 1977 2822 2033 Cum
2868 1992 2996 2049 ergo
3050 1977 3250 2031 dicitur
3295 1978 3456 2031 homo

1875 2069 2026 2122 trudi
2061 2071 2330 2125 desideriis
2377 2071 2506 2136 suis,
2557 2070 2679 2126 inde
2721 2071 2778 2124 ﬁt
2815 2086 2958 2134 reus,
2999 2071 3124 2139 quia
3151 2071 3393 2124 desertus
3424 2084 3457 2124 a

1877 2157 1986 2212 Deo
2011 2160 2154 2214 cedit
2176 2161 2254 2216 eis
2298 2172 2459 2231 atque
2484 2162 2770 2226 consentit,
2798 2162 3053 2227 vincitur,
3083 2161 3312 2230 capitur,
3343 2167 3456 2213 tra-

1873 2248 2040 2315 hitur,
2073 2251 2375 2319 possidetur
2401 2268 2414 2306 :
2445 2251 2490 2304 Α
2518 2268 2617 2322 quo
2645 2252 2780 2306 enim
2807 2253 2924 2322 quis
2953 2252 3183 2306 devictus
3212 2260 3307 2316 est,
3333 2251 3458 2305 huic

1874 2352 1920 2396 et
1946 2359 2121 2396 servus
2148 2343 2390 2398 addictus
2417 2353 2492 2398 est
2522 2343 2614 2414 (II
2653 2343 2797 2398 Petr.
2829 2361 2888 2409 ιι,
2921 2344 3045 2415 l9),
3083 2353 3138 2398 et
3159 2343 3218 2398 tit
3245 2344 3293 2397 ei
3318 2359 3452 2414 pec-

1874 2443 2054 2488 catum
2097 2448 2451 2504 consequens,
2495 2436 2848 2504 prtecedentis
2886 2451 3046 2505 pmna
3069 2436 3295 2507 peccati.
3343 2435 3456 2489 An-

1875 2541 1980 2580 non
2023 2534 2107 2580 cst
2152 2538 2430 2596 peccatum
2479 2537 2535 2581 et
2584 2541 2740 2598 poena
2795 2529 3034 2597 peccati?
3086 2529 3176 2584 ubi
3222 2527 3449 2598 legitur:

1873 2617 2128 2673 Dominus
2175 2621 2311 2673 enim
2356 2619 2560 2672 miscuit
2605 2618 2710 2672 illis
2744 2619 2984 2688 spiritum
3031 2619 3248 2684 erroris,
3287 2629 3334 2672 et
3369 2635 3455 2672 se-

1873 2711 2134 2766 duxerunt
2178 2711 2466 2783 zEgyptum
2495 2714 2551 2766 in
2586 2712 2824 2766 omnibus
2871 2713 3108 2783 operibus
3145 2714 3273 2774 suis,
3319 2711 3456 2766 sicut

1872 2803 2141 2858 seducitur
2171 2803 2380 2859 ebrius?
2406 2803 2552 2876 (Isa.
2587 2821 2702 2870 χιχ,
2730 2803 2856 2875 24.)
2889 2804 3003 2859 Non
3035 2813 3116 2859 est
3147 2813 3448 2875 peccatum,

1872 2905 1928 2950 et
1981 2911 2137 2966 poena
2188 2896 2392 2968 peccati
2449 2897 2539 2952 ubi
2590 2897 2698 2952 Deo
2754 2897 2884 2951 dicit
2938 2897 3244 2967 Propheta:
3309 2895 3451 2962 Quid

1871 3005 2050 3043 errare
2077 2987 2242 3057 fecisti
2267 3005 2377 3054 nos,
2407 2987 2646 3056 Domine,
2679 3006 2710 3042 a
2747 2989 2828 3042 via
2861 2999 2974 3055 tua,
3005 2988 3241 3044 obtulisti
3273 2997 3454 3044 nostra

1872 3077 2072 3132 corda:
2111 3088 2165 3132 ut
2215 3095 2317 3133 non
2361 3078 2656 3133 timeremus
2692 3077 2958 3150 te?(lsa.
2991 3095 3144 3146 LXIII,
3171 3079 3292 3151 17.)
3333 3078 3453 3134 Νοιι

1873 3177 1958 3224 est
2009 3179 2328 3240 peccatum,
2384 3178 2440 3225 et
2487 3183 2646 3240 poena
2700 3171 2904 3240 peccati
2952 3170 3046 3225 ubi
3101 3185 3288 3225 rursus
3341 3169 3452 3224 Deo

1873 3260 2072 3316 dicitur
2103 3281 2116 3316 :
2148 3262 2286 3317 Ecce
2316 3273 2372 3317 tu
2401 3263 2566 3318 iratus
2593 3281 2668 3328 es,
2701 3274 2748 3318 et
2777 3282 2870 3319 nos
2903 3265 3270 3335 peccavimus:
3295 3280 3452 3335 prop-

1871 3363 2011 3409 terea
2035 3356 2345 3422 erravimus,
2369 3364 2419 3410 et
2434 3355 2559 3424 facti
2587 3373 2766 3411 sumus
2788 3359 2940 3411 sicuti
2961 3357 3216 3412 immundi
3241 3356 3456 3412 omnes?

1871 3440 1982 3514 (Is.
2009 3459 2153 3510 wa,
2189 3444 2244 3509 5,
2277 3444 2368 3515 6.)
2407 3445 2522 3500 Non
2555 3455 2640 3501 est
2680 3456 2985 3517 peccatum,
3035 3456 3090 3502 et
3132 3460 3293 3518 paena
3323 3461 3448 3516 pec-

1869 3536 1974 3590 cati
2023 3537 2114 3591 ubi
2162 3535 2358 3607 legitur
2390 3537 2456 3593 de
2495 3537 2755 3594 Gentibus
2803 3555 2938 3609 quas
2975 3539 3261 3594 debellavit
3291 3537 3450 3592 Iesus

1868 3626 2015 3682 Nave
2044 3645 2057 3682 :
2088 3627 2224 3694 Quia
2263 3647 2354 3699 per
2392 3629 2673 3684 Dominum
2711 3631 2909 3700 factum
2945 3640 3018 3684 est
3042 3631 3331 3699 confortari
3360 3647 3452 3684 cor

1867 3737 2065 3784 eorum,
2092 3731 2149 3774 ut
2177 3721 2377 3774 obviam
2400 3721 2533 3774 irent
2557 3721 2626 3773 ad
2657 3719 2847 3774 bellum
2883 3720 2951 3773 ad
2979 3719 3168 3785 Israel,
3203 3730 3257 3774 ut
3283 3731 3450 3774 exter—

1868 3811 2228 3864 minarentur?
2254 3809 2389 3879 (Jos.
2421 3825 2494 3874 χι,
2523 3809 2638 3881 20.)
2663 3825 2768 3864 non
2797 3820 2879 3865 est
2902 3820 3186 3880 peccatum
3217 3821 3266 3866 ct
3287 3827 3448 3882 ptena

1866 3901 2108 3972 peccati;
2139 3901 2279 3970 quod
2317 3915 2419 3955 non
2451 3901 2653 3956 audivit
2683 3917 2777 3956 rex
2807 3901 3046 3962 Roboam
3076 3903 3285 3972 plebem
3312 3904 3448 3958 bene

1866 3995 2214 4050 monentem?
2273 3995 2573 4064 quoniam,
2631 3995 2771 4051 sicut
2829 3995 3105 4068 Scriptura
3159 3997 3442 4069 loquitur:

1869 4085 1998 4141 Erat
2037 4087 2298 4141 conversio
2321 4105 2352 4140 a
2375 4086 2622 4150 Domino.
2659 4099 2715 4144 ut
2758 4099 3007 4144 statueret
3052 4091 3257 4145 verbum
3291 4108 3448 4146 suum

1864 4180 2003 4250 quod
2047 4181 2110 4234 de
2161 4181 2250 4235 illo
2306 4182 2510 4235 locutus
2567 4193 2641 4236 est
2690 4184 2743 4236 in
2792 4200 2950 4237 manu
2996 4184 3142 4238 Abite
3184 4185 3447 4255 prophetia

1866 4270 1985 4343 (III
2011 4271 2136 4343 Reg.
2168 4290 2263 4340 xu,
2297 4273 2404 4346 15).
2425 4271 2538 4328 Non
2559 4283 2639 4329 est
2665 4285 2942 4345 peccatum
2971 4285 3024 4330 et
3052 4289 3209 4346 paena
3237 4276 3444 4347 peccati

1865 4363 1917 4416 in
1963 4377 2028 4418 eo
2064 4365 2204 4433 quod
2273 4366 2532 4436 scriptum
2586 4375 2706 4432 est,
2749 4367 3024 4423 Amasiam
3073 4383 3252 4439 regem
3305 4366 3444 4424 Juda

1864 4454 2101 4510 noluisse
2130 4457 2316 4511 audire
2339 4455 2493 4512 Joam
2535 4472 2716 4529 regem
2761 4457 2924 4513 Israel
2953 4459 3088 4514 bene
3136 4467 3444 4515 monentem

1863 4560 1930 4600 ne
1974 4547 2291 4616 procederet
2320 4548 2386 4603 ad
2437 4547 2786 4604 bellandum?
2811 4549 2889 4605 sic
2934 4551 3079 4605 enim
3109 4549 3341 4621 legitur:
3377 4550 3443 4604 Et

183 4647 240 4693 et
272 4637 512 4706 adjunxit
549 4657 562 4692 :
595 4613 802 4708 propter
831 4613 969 4709 quod
995 4613 1210 4692 tradidit
1242 4638 1358 4692 illos
1387 4639 1525 4693 Deus
1551 4640 1604 4693 in
1624 4641 1762 4694 desi-
1785 4613 1839 4674 D
1866 4613 2198 4696 non—audivit
2247 4643 2487 4698 Amasias
2529 4644 2774 4716 quoniam
2815 4663 2848 4699 a
2872 4644 2981 4700 Deo
3029 4655 3141 4700 erat
3162 4613 3243 4699 ⁷ιιι
3272 4646 3448 4699 ιναάεν

179 4727 329 4784 deria
351 4728 528 4782 cordis
554 4745 752 4782 eorum.
780 4727 1012 4784 Proinde
1032 4729 1384 4798 praecedentis
1404 4739 1490 4785 est
1511 4731 1625 4787 haec
1645 4744 1761 4802 pte-

179 4834 249 4875 na
279 4819 508 4888 peccati,
537 4827 591 4874 et
615 4827 792 4874 tamen
819 4819 985 4874 etiam
1023 4821 1138 4890 ipsa
1167 4829 1448 4891 peccatum
1473 4829 1573 4886 est,
1616 4821 1759 4891 quod

179 4911 360 4966 verbis
405 4913 859 4982 consequentibus
907 4913 1160 4984 explicat.
1193 4913 1297 4970 Sed
1330 4922 1383 4967 tu
1429 4923 1617 4969 contra
1649 4915 1759 4970 dis-

1863 4740 2012 4786 retur
2043 4732 2097 4786 in
2145 4749 2329 4788 manus
2373 4735 2618 4797 hostium,
2663 4737 2912 4806 quoniam
2953 4737 3232 4808 qutesierat
3275 4735 3445 4791 Deum

1862 4821 2033 4877 Edam
2061 4822 2158 4893 (II
2194 4823 2324 4879 Par.
2370 4841 2501 4892 xxv,
2523 4826 2646 4898 20).
2678 4827 2744 4882 Et
2790 4827 2954 4884 multa
2984 4828 3087 4883 alia
3112 4841 3444 4883 commemo-

1860 4931 1983 4972 rare
2012 4932 2314 4986 possumus,
2367 4919 2420 4972 in
2450 4919 2644 4989 quibus
2685 4919 2888 4990 liquido
2937 4928 3195 4990 appareat
3232 4919 3444 4974 occulto

179 5016 363 5058 serens
397 5017 464 5058 eo
506 5005 664 5059 modo
693 5005 782 5059 tibi
823 5005 1020 5060 videris
1054 5006 1212 5060 istam
1245 5005 1471 5061 solvisse
1497 5007 1756 5076 quaestio-
1855 5005 2060 5076 judicio
2090 5008 2185 5063 Dei
2237 5007 2354 5064 ﬂeri
2404 5011 2810 5080 perversitatem
2855 5011 3052 5076 cordis,
3073 5021 3145 5066 -ut
3183 5027 3291 5066 non
3345 5027 3443 5066 au-

179 5091 324 5156 nem,‘
353 5091 477 5162 quia
510 5083 790 5148 desideriis
833 5096 945 5150 suis
989 5094 1275 5164 Apostolus
1315 5097 1542 5150 traditos
1586 5096 1754 5150 dixit:

175 5181 292 5236 Jam
323 5184 464 5237 enim
492 5183 813 5254 ﬂagitiorum
854 5188 1050 5256 iniquis
1080 5187 1212 5260 [al.,
1233 5187 1446 5259 inquis]
1479 5188 1756 5244 desideriis

175 5275 508 5342 aastuabant;
541 5286 594 5332 et
623 5277 866 5348 adjungis
896 5294 958 5334 ac
987 5280 1121 5334 dicis
1147 5297 1160 5333 :
1189 5281 1469 5347 Quomodo
1491 5295 1617 5350 ergo
1659 5295 1755 5349 per

173 5367 469 5435 potentiam
513 5369 774 5424 tradentis
828 5371 1114 5440 deputandi
1156 5382 1282 5426 sunt
1325 5373 1377 5426 in
1429 5372 1555 5426 talia
1610 5373 1752 5427 facta

175 5457 465 5513 cecidisse?
495 5459 622 5530 quid
651 5475 780 5532 ergo
807 5461 922 5531 plus
945 5461 1141 5516 factum
1169 5471 1270 5528 est,
1307 5463 1533 5518 obsecro
1561 5473 1630 5529 te,
1659 5471 1751 5518 aut

175 5550 302 5620 quid
337 5552 538 5606 diceret
570 5570 585 5608 :
617 5553 858 5608 Tradidit
881 5554 999 5608 illos
1031 5555 1166 5608 Deus
1194 5557 1248 5610 in
1288 5556 1548 5609 desideria
1579 5557 1752 5610 cordis

173 5657 392 5707 eorum;
425 5644 467 5696 si
508 5642 621 5711 jam
665 5653 821 5700 erant
873 5646 1101 5716 possessi
1160 5647 1555 5714 quodammodo
1600 5648 1755 5702 malis

174 5733 455 5789 desideriis
499 5738 677 5792 cordis
727 5739 850 5792 sui?
895 5739 1143 5809 Nunquid
1201 5751 1379 5793 autent
1423 5757 1757 5810 consequens

171 5834 255 5881 est
309 5835 365 5880 ut
417 5828 462 5883 si
493 5829 654 5885 habet
689 5830 882 5899 aliquis
927 5834 1104 5888 cordis
1152 5833 1418 5887 desideria
1449 5835 1607 5899 matri,
1641 5835 1752 5903 jam

1865 5100 2048 5155 diatur
2075 5100 2217 5169 quod
2261 5116 2448 5156 verum
2479 5103 2691 5165 dicitur,
2724 5111 2780 5156 et
2811 5103 2934 5158 inde
2968 5113 3238 5174 peccetur,
3283 5112 3339 5159 et
3372 5105 3443 5159 sit

1862 5189 2035 5269 ipsum
2080 5199 2354 5261 peccatum
2397 5191 2751 5262 praecedentis
2789 5193 2951 5248 etiam
2998 5209 3156 5266 poena
3202 5195 3434 5265 peccati.

1859 5281 1992 5336 Nam
2023 5284 2243 5339 credere
2290 5285 2608 5349 mendacio,
2662 5292 2718 5338 et
2768 5301 2872 5341 non
2915 5287 3138 5343 credere
3184 5287 3440 5354 veritati,

1857 5373 2042 5442 utique
2089 5384 2370 5444 peccatum
2409 5384 2528 5440 est;
2579 5375 2728 5429 venit
2756 5383 2932 5432 tamen
2975 5378 3042 5434 ab
3083 5393 3146 5434 ea
3195 5381 3443 5437 caecitate

1857 5464 2056 5528 cordis,
2103 5480 2222 5536 qua:
2255 5463 2466 5519 occulto
2513 5461 2718 5532 judicio
2771 5465 2887 5531 Dei,
2939 5468 3034 5524 sed
3072 5477 3249 5525 tamen
3269 5470 3437 5541 justo,

1857 5556 2017 5609 etiam
2061 5556 2266 5624 peccati
2318 5570 2473 5625 pmna
2523 5565 2874 5614 monstratur.
2931 5558 3099 5626 Quale
3152 5569 3236 5616 est
3277 5561 3439 5617 etiam

1859 5647 1986 5702 illud
2014 5647 2159 5716 quod
2201 5647 2267 5700 ad
2319 5645 2824 5705 Thessalonicenses
2873 5652 3061 5708 scribit
3099 5653 3432 5723 Apostolus:

1861 5740 1967 5793 Pro
1995 5756 2052 5793 co
2081 5739 2220 5808 quod
2247 5737 2571 5794 dilectionem
2599 5744 2830 5798 veritatis
2877 5762 2980 5800 non
3019 5757 3339 5817 receperunt,
3379 5756 3438 5801 ut

1863 5832 1996 5888 salri
2027 5832 2229 5901 ﬁerent,
2249 5841 2296 5884 et
2330 5831 2442 5884 ideo
2466 5832 2630 5887 mittet
2662 5833 2766 5888 illis
2798 5834 2939 5891 Deus
2969 5838 3318 5908 Operationem
3355 5853 3440 5891 er-
