4010 6352
558 378 693 435 1267

1557 376 1613 430 S.
1654 374 2025 431 PRUDENTII
2064 373 2443 431 TRECENSIS
2480 372 2786 433 EPISCOPI

558 494 717 559 roris,
764 499 824 548 ut
872 493 1085 549 credant
1128 492 1405 547 mendacia
1433 488 1526 559 (Il
1561 489 1739 547 Thess.
1768 489 1963 561 ".40).
1992 489 2131 546 Ecce
2157 491 2210 552 Α
2234 489 2364 548 libet
2397 491 2518 564 [al.,
2551 489 2967 564 quantamlibet]
3004 491 3149 546 enim
3196 490 3441 561 praebeat
3470 489 3816 560 patientiam,

554 584 762 655 peccati
791 599 952 654 plena
998 590 1413 655 peccatumest.
1463 581 1763 652 Utrumque
1794 580 1983 645 claret,
2012 581 2135 636 bre—

557 678 700 734 viter
729 677 931 732 dictum
955 683 1056 738 est,
1085 682 1268 745 aperte
1289 674 1489 728 dictum
1513 681 1618 739 est,
1645 672 1714 729 ab
1732 686 1798 728 eo
1824 672 2027 728 dictum
2051 677 2137 726 est

560 767 716 839 cujus
756 767 862 823 alia
887 766 1050 822 verba
1088 764 1142 819 in
1179 772 1328 820 tuam
1358 762 1679 821 sententiam
1712 762 1910 818 frustra
1958 762 2137 817 detor-

561 873 729 929 quere
778 865 1005 914 conatus
1039 870 1118 911 es.
1152 853 1290 923 Quid
1321 861 1406 911 est
1430 862 1612 909 autem
1647 853 1789 923 quod
1814 853 1972 917 dicis,
2001 851 2136 908 Cum

563 950 843 1006 desideriis
876 949 990 1005 suis
1029 947 1217 1003 traditi
1242 946 1515 1011 dicuntur,
1557 943 1727 1003 relicti
1774 958 1871 1014 per
1900 943 2139 1000 divinam

561 1044 878 1114 patientiam
929 1040 1262 1113 intelligendi
1307 1047 1453 1103 sunt,
1492 1053 1598 1093 non
1640 1052 1737 1108 per
1762 1036 2053 1108 potentiam
2081 1035 2139 1092 in

562 1143 784 1207 peccata
827 1133 1113 1201 compulsi,
1142 1132 1298 1203 quasi
1346 1146 1452 1186 non
1492 1128 1651 1184 simul
1675 1130 1851 1198 posuit
1881 1126 2141 1199 [ηἰηνο-

562 1225 756 1299 suerit]
799 1225 914 1282 haec
963 1224 1071 1281 duo
1120 1224 1260 1281 idem
1312 1220 1599 1291 Apostolus
1636 1229 1690 1274 et
1731 1218 2044 1289 patientiam
2089 1224 2144 1273 et

562 1315 882 1389 potentiam,
914 1315 1006 1371 ubi
1033 1315 1147 1371 ait:
1183 1312 1271 1370 Sic
1299 1321 1471 1367 autem
1500 1309 1675 1366 uolens
1702 1309 1840 1364 Deus
1878 1310 2144 1363 ostendere

564 1425 722 1472 iram,
737 1417 787 1463 et
811 1407 1170 1464 demonstrare
1195 1404 1476 1476 potentiam
1497 1419 1670 1468 suam,
1692 1400 1866 1455 attulit
1894 1400 1951 1455 in
1977 1398 2143 1455 multa

563 1500 820 1571 patientia
862 1514 986 1554 uasa
1005 1497 1122 1562 irae,
1158 1512 1277 1567 qua:
1301 1493 1528 1566 perfecta
1553 1503 1675 1549 sunt
1704 1493 1760 1548 in
1804 1491 2145 1563 perditionem

567 1590 771 1665 (Rom.
818 1606 898 1656 tx,
944 1587 1084 1660 22).
1147 1587 1297 1655 Quid
1337 1587 1531 1642 horum
1581 1592 1759 1641 tamen
1816 1583 1952 1640 dicis
2002 1596 2143 1649 esse,

568 1680 713 1752 quod
767 1680 1028 1749 scriptum
1082 1677 1210 1733 est?
1268 1675 1339 1730 Et
1374 1675 1623 1747 propheta
1673 1675 1720 1729 si
1762 1673 2009 1729 erraverit
2033 1712 2049 1738 ,
2096 1681 2146 1726 et

569 1773 776 1829 locutus
835 1773 998 1842 fuerit
1021 1812 1037 1836 ,
1100 1770 1212 1841 Ego
1275 1769 1525 1824 Dominus
1597 1768 1781 1823 seduxi
1842 1767 2146 1837 prophetam

2234 582 2340 640 nisi
2363 583 2478 653 ipse
2502 583 2734 648 dederit,
2757 583 2878 653 quis
2896 582 3062 639 habet
3085 580 3208 655 [ειη
3246 580 3381 654 agit]
3406 580 3821 651 penitentiam?

2233 677 2313 731 An
2345 675 2543 733 oblitus
2580 688 2642 733 es
2684 678 2825 748 quod
2861 679 3004 733 idem
3034 678 3151 746 ipse
3195 678 3388 732 doctor
3424 675 3546 729 ait:
3576 672 3672 728 Ne
3696 673 3822 741 forte

2233 769 2317 825 det
2333 770 2439 826 illis
2463 771 2602 827 Deus
2622 772 2972 843 panitentiam
2995 772 3065 826 ad
3087 772 3504 842 cognoscendam
3524 771 3823 835 κτίται..

2235 872 2285 918 et
2320 864 2622 934 resipiscant
2661 882 2694 919 a
2719 863 2916 919 diaboli
2950 864 3151 935 laqueis
3180 861 3268 935 (II
3316 863 3458 917 Tim.
3488 876 3554 927 ιι,
3586 860 3692 923 25,
3716 860 3823 930 26),

2235 953 2329 1008 sed
2352 954 2559 1023 judicia
2598 955 2713 1024 ejus
2742 954 2907 1008 multa
2950 955 3166 1025 abys'sus
3194 952 3371 1026 (Psal.
3403 968 3584 1019 xxxv,
3615 944 3701 1010 1).
3728 953 3826 1009 Nos

2237 1054 2386 1100 certe
2411 1045 2457 1102 si
2485 1061 2580 1101 cos
2606 1047 2659 1101 in
2700 1060 2836 1116 quos
2882 1045 3039 1102 nobis
3082 1056 3322 1118 potestas
3347 1054 3451 1109 est,
3486 1054 3629 1102 ante
3652 1046 3828 1103 nullas

2240 1144 2453 1190 nostros
2501 1144 2817 1206 perpetrare
2860 1136 3067 1194 scelera
3120 1140 3526 1209 permittamus,
3582 1139 3670 1193 rei
3717 1153 3826 1192 co-

2240 1223 2374 1295 ipsis
2394 1227 2619 1283 erimus.
2650 1225 2820 1293 Quam
2843 1243 2975 1284 vero
3000 1228 3412 1284 innumerabilia
3445 1227 3539 1283 ille
3565 1228 3831 1298 permittit

2242 1313 2359 1371 ﬁeri
2391 1323 2517 1370 ante
2544 1316 2731 1371 oculos
2754 1332 2901 1381 suos,
2933 1332 3055 1387 qua:
3077 1319 3263 1389 utique
3292 1319 3337 1373 si
3360 1319 3665 1381 noluisset,
3684 1318 3829 1372 nulla

2242 1407 2455 1463 ratione
2504 1408 2859 1478 permitteret,
2892 1417 2947 1464 et
2994 1417 3172 1464 tamen
3206 1408 3384 1480 justus
3408 1419 3471 1464 et
3520 1411 3716 1465 bonus
3740 1418 3831 1475 est,

2244 1511 2299 1554 et
2350 1498 2490 1571 quod
2521 1501 2808 1571 praebendo
2832 1501 3170 1571 patientiam,
3220 1502 3327 1555 Dat
3355 1501 3537 1556 locum
3580 1504 3831 1569 ριηὶιιιι-

2248 1591 2355 1656 tite,
2399 1588 2578 1645 nolens
2615 1589 2842 1660 aliquem
2884 1592 3053 1660 perire
3083 1590 3169 1662 (II
3216 1589 3360 1646 Petr.
3389 1607 3477 1656 ιιι,
3526 1591 3629 1658 9);
3688 1590 3835 1646 Neri

2248 1682 2504 1736 Dominus
2532 1681 2621 1745 qui
2660 1690 2782 1735 sunt
2829 1680 2941 1752 ejus
2972 1679 3061 1752 (II
3104 1680 3237 1735 Tim.
3280 1698 3343 1747 tt,
3384 1681 3500 1751 l9).
3550 1680 3628 1736 Et
3670 1684 3835 1735 auritis

2251 1784 2559 1843 cooperatur
2598 1771 2720 1845 [al.,
2743 1771 3110 1846 cooperantur]
3136 1775 3192 1828 in
3228 1774 3454 1837 bonum;
3503 1774 3607 1828 sed
3652 1775 3836 1843 bisqui

570 1864 763 1930 illum,
821 1872 868 1920 et
912 1861 1200 1918 extendam
1262 1874 1475 1915 manum
1541 1875 1710 1914 meam
1770 1873 1925 1928 super
1980 1872 2098 1911 eum
2131 1895 2147 1922 .
2176 1847 2224 1906 Β
2250 1866 2534 1920 secundum
2582 1866 2903 1936 propositum
2944 1866 3133 1920 uocati‘
3159 1874 3280 1919 sunt
3325 1864 3509 1935 (Rom.
3548 1864 3835 1931 1111,28).

545 1963 619 2012 .et
684 1952 1040 2011 exterminabo
1106 1967 1227 2008 eum
1287 1951 1352 2005 de
1384 1950 1582 2005 medio
1655 1948 1833 2019 populi
1895 1947 1996 2003 mei
2053 1945 2145 2002 Is-

572 2046 683 2102 rael
710 2063 729 2102 :
768 2045 1025 2116 patientia
1068 2053 1155 2101 est
1192 2059 1259 2099 ac
1310 2043 1586 2113 potentia?
1631 2041 1906 2112 quodlibet
1959 2038 2144 2113 eligas,

575 2136 660 2193 vel
685 2145 976 2204 utrumque
1007 2134 1244 2189 fatearis.
1278 2130 1438 2188 Vides
1470 2141 1647 2188 tamen
1671 2131 1803 2187 false
1824 2131 2148 2201 prophetau-

577 2228 646 2284 tis
674 2235 951 2300 peccatum
1001 2241 1142 2290 esse,
1183 2240 1507 2295 poenamque
1554 2223 1781 2293 peccati.
1835 2222 1917 2277 An
1962 2229 2019 2276 et
2060 2219 2151 2276 hic

576 2318 820 2375 dicturus
858 2333 918 2373 es
964 2317 1109 2388 quod
1142 2316 1219 2371 ait
1252 2331 1265 2369 :
1300 2314 1410 2385 Ego
1440 2314 1694 2371 Dominus
1724 2314 1905 2369 seduxi
1926 2312 2150 2382 prophe-

577 2422 685 2467 tam
722 2410 893 2476 illum,
944 2408 1344 2478 intelligendum
1391 2422 1511 2462 esse
1556 2407 1789 2470 deserui,
1841 2413 1900 2460 ut
1942 2418 2043 2475 pro
2071 2403 2151 2460 eis

562 2500 712 2574 (AL,
739 2500 879 2574 eius]
912 2500 1121 2559 meritis
1162 2500 1416 2555 seductus
1439 2505 1667 2552 erraret.
1693 2496 1807 2567 Age
1837 2504 1895 2550 ut
1914 2495 1998 2550 vis
2026 2513 2040 2548 :
2073 2501 2152 2549 ta-

578 2610 701 2650 men
753 2610 820 2651 eo
866 2593 1027 2651 modo
1072 2593 1293 2664 punitus
1323 2597 1407 2646 est
1439 2604 1540 2659 pro
1582 2597 1827 2658 peccato,
1871 2595 1932 2643 ut
1956 2585 2152 2643 falsum

582 2683 960 2755 prqphetando
982 2689 1253 2755 peccaret.
1285 2678 1390 2736 Sed
1420 2679 1547 2734 illud
1577 2680 1807 2743 intuere,
1837 2677 1979 2747 quod
2013 2673 2153 2733 Vidit

580 2774 831 2832 Michteas
866 2773 1128 2845 propheta
1177 2770 1457 2825 Dominum
1506 2769 1764 2823 sedentem
1806 2784 1964 2838 super
2009 2767 2156 2820 thro-

581 2881 706 2922 num
733 2882 905 2931 suum,
935 2873 984 2919 et
1004 2863 1170 2921 omnis
1193 2862 1449 2917 exercitus
1471 2859 1585 2915 caeli
1605 2858 1776 2913 stabat
1810 2858 1951 2912 circa
1973 2873 2093 2912 eum
2120 2873 2154 2911 a

579 2957 777 3013 dextris
804 2956 921 3028 ejus
945 2964 994 3011 et
1021 2972 1055 3009 a
1093 2953 1318 3009 sinistris
1348 2952 1480 3022 ejus,
1523 2960 1571 3004 et
1595 2950 1730 3003 dixit
1756 2948 2008 3003 Dominus
2027 2947 2153 3018 quia

580 3047 790 3119 seducet
833 3046 1011 3103 Achab
1055 3061 1227 3117 regem
1267 3042 1468 3109 Israel,
1516 3052 1564 3097 et
1616 3040 1846 3096 ascendit
1897 3048 1945 3094 et
1997 3038 2154 3094 cadat

583 3137 704 3211 (aL,
746 3137 987 3194 ascendet
1018 3146 1068 3191 et
1092 3133 1264 3208 cadet]
1295 3135 1350 3188 in
1376 3132 1637 3188 Ramaoth
1668 3131 1913 3188 Calaad.’
1931 3130 1997 3187 Et
2017 3130 2151 3185 dixit

2248 1956 2367 2013 Non
2391 1957 2535 2012 enim
2558 1972 2749 2012 omnes
2782 1956 2872 2025 qui
2900 1955 3075 2011 vocati
3107 1963 3251 2019 sunt,
3293 1955 3607 2010 secundum
3652 1970 3839 2026 propo-

2250 2047 2411 2102 situm
2442 2054 2568 2100 sunt
2588 2046 2779 2100 vocati.
2808 2043 2868 2098 Μ
2872 2045 2967 2107 ulti
2999 2046 3139 2100 enim
3176 2044 3366 2110 uocati,
3391 2045 3561 2114 pauci
3588 2061 3717 2100 uero
3740 2044 3837 2099 ele-

2250 2133 2559 2205 ctilﬂatth.
2592 2149 2730 2198 xxu,
2770 2132 2878 2201 14).
2928 2131 3028 2200 Qui
3073 2147 3202 2204 ergo
3226 2131 3407 2195 electi,
3438 2131 3501 2186 hi
3540 2134 3835 2188 secunda

2250 2224 2579 2297 propositum
2616 2224 2812 2279 vocati.
2844 2222 2995 2279 Unde
3021 2231 3077 2278 et
3116 2221 3245 2278 alibi
3291 2222 3425 2279 dicit
3470 2242 3489 2277 :
3534 2222 3837 2280 Secundu-

2251 2317 2505 2371 virtutem
2534 2314 2629 2370 Dei
2657 2313 2835 2370 salvos
2872 2328 2970 2369 nos
3010 2312 3281 2377 facientis,
3311 2321 3369 2368 et
3396 2313 3670 2368 vocantis
3706 2328 3841 2368 scca-

2253 2408 2392 2463 tione
2409 2424 2506 2461 sua
2526 2414 2727 2470 sancta,
2758 2422 2861 2461 non
2882 2404 3168 2461 secundum
3199 2421 3361 2475 opera
3400 2415 3628 2471 nostra,
3651 2406 3746 2461 sed
3768 2423 3839 2461 ss-

2252 2500 2482 2556 cundum
2517 2515 2671 2554 suum
2707 2499 3051 2569 propositum,
3093 2506 3141 2552 et
3166 2498 3398 2568 gratiam
3438 2514 3571 2569 quc
3608 2500 3741 2553 data
3778 2508 3842 2553 α

2253 2592 2404 2650 nobis
2444 2593 2502 2648 in
2527 2590 2748 2649 Christo
2793 2589 2921 2647 Jesu
2948 2599 3070 2645 ante
3104 2589 3299 2646 uacula
3325 2600 3543 2646 uatem
3593 2590 3689 2662 (II
3722 2589 3841 2646 Tia.

2262 2701 2327 2750 ιι,
2373 2683 2427 2749 8,
2468 2682 2545 2755 9).
2616 2684 2855 2753 Denique
2900 2690 2957 2739 et
3009 2682 3100 2738 hic
3134 2698 3259 2738 cum
3314 2682 3611 2739 dixisset:
3663 2682 3843 2740 Omnis

2255 2784 2602 2846 cooperantur
2620 2777 2675 2831 in
2721 2775 2911 2830 bonum
2941 2774 3023 2829 his
3065 2774 3155 2845 qui
3196 2774 3503 2829 “cundum
3530 2776 3847 2845 propositu-

2254 2866 2423 2922 uocati
2453 2875 2593 2930 sunt,
2641 2865 2897 2921 continuo
2932 2864 3206 2921 subdidit:
3240 2863 3523 2931 Quoniam
3569 2882 3713 2936 quos
3743 2874 3851 2917 ante

2254 2957 2534 3028 pra-scivit,
2578 2965 2629 3011 et
2668 2956 3061 3028 praadestinauit
3102 2955 3400 3024 conformes
3442 2957 3714 3027 iungitis
3738 2955 3853 3009 Filii

2242 3047 2389 3118 .ejus,
2435 3057 2492 3101 ut
2538 3047 2605 3103 sit
2631 3046 3008 3117 primogenitus
3057 3046 3115 3101 in
3150 3044 3331 3100 multis
3369 3046 3677 3116 fratribus.
3720 3046 3851 3112 Qus

2256 3148 2429 3195 autem
2458 3137 2866 3209 prtedestinavit,
2892 3136 3010 3192 illos
3047 3146 3097 3192 et
3133 3137 3354 3202 uocauit,
3392 3147 3442 3191 et
3470 3154 3618 3207 quos
3642 3139 3851 3199 vocarit,

580 3202 778 3284 iste'sic
821 3237 869 3284 et
906 3228 1004 3282 iste
1030 3227 1126 3282 sic.
1160 3225 1229 3280 Et
1245 3202 1383 3281 exiit
1427 3225 1663 3294 spiritus,
1690 3232 1740 3279 et
1765 3224 1905 3277 stetit
1950 3222 2008 3276 in
2032 3237 2156 3276 con-
2180 3202 2228 3266 C
2256 3232 2396 3302 ἤρεθε
2425 3202 2475 3285 ei
2503 3228 2827 3299 justi/ienuit,
2870 3244 3000 3299 quos
3030 3237 3204 3282 autem
3239 3202 3595 3298 justiﬁedeit,
3638 3230 3777 3297 ipsos
3813 3234 3855 3280 κ

581 3328 758 3390 spectu
780 3318 1018 3383 Domini,
1049 3326 1094 3372 et
1125 3316 1258 3371 dixit
1281 3330 1302 3370 :
1341 3313 1457 3385 Ego
1480 3314 1722 3369 seducam
1752 3327 1902 3376 eum;
1940 3320 1987 3365 et
2022 3309 2155 3364 dixit

582 3409 838 3464 Dominus
865 3407 934 3462 ad
960 3424 1078 3467 eum
1099 3420 1118 3459 :
1145 3405 1213 3460 In
1233 3405 1377 3476 quo?
1404 3402 1472 3458 Et
1513 3404 1647 3459 dixit
1691 3420 1709 3459 :
1752 3401 1941 3463 Exibo,
1972 3411 2021 3456 et
2065 3417 2154 3458 ero

579 3502 800 3573 spiritus
829 3499 1055 3555 mendax
1090 3499 1145 3553 in
1169 3513 1258 3553 ore
1278 3496 1509 3551 omnium
1535 3493 1901 3565 prophetarum
1923 3490 2058 3560 ejus.
2083 3489 2154 3545 Et

577 3595 713 3650 dixit
739 3612 753 3650 :
778 3592 1030 3657 Seduces,
1049 3600 1099 3647 et
1121 3590 1455 3662 prwvalebt's,‘
1478 3589 1582 3653 exi,
1603 3597 1653 3641 et
1672 3587 1757 3658 {ac
1779 3586 1851 3641 sic
1875 3584 1994 3657 (111
2021 3583 2152 3656 Reg.

579 3702 713 3751 χιιι,
739 3684 834 3751 20,
855 3684 947 3751 2i,
981 3684 1096 3756 22).
1138 3680 1278 3751 Quid
1324 3680 1395 3737 ad
1444 3679 1545 3736 ista
1573 3678 1815 3736 dicturus
1836 3676 1931 3734 es?
1961 3689 2155 3744 netnpe

578 3792 671 3834 rex
702 3777 819 3848 ipse
845 3774 1088 3847 peccavit
1124 3773 1273 3831 falsis
1299 3771 1571 3829 credendo
1608 3768 1888 3841 prophetis
1916 3787 1928 3823 :
1961 3775 2017 3824 at
2040 3767 2156 3823 haec

574 3869 694 3942 ipsa
749 3878 869 3925 erat
917 3876 973 3924 et
1024 3882 1184 3940 paena
1235 3865 1445 3938 peccati
1483 3879 1500 3919 :
1539 3863 1650 3919 Deo
1700 3862 1997 3928 indicante,
2042 3861 2155 3917 Deo

575 3960 826 4016 mittente
847 3959 1094 4030 angelum
1121 3957 1344 4023 malum,
1375 3964 1434 4011 ut
1467 3955 1705 4027 apertius
1732 3952 2156 4024 intelligeremus

576 4049 847 4120 quomodo
874 4049 929 4105 in
945 4046 1160 4107 Psalmo
1181 4048 1384 4105 dictum
1414 4047 1503 4112 sit,
1520 4045 1723 4101 misisse
1750 4046 1887 4100 iram
1909 4043 2156 4115 indigna-

575 4139 732 4194 tionis
762 4155 874 4194 sua!
901 4154 994 4211 per
1017 4138 1228 4210 angelos
1258 4138 1425 4195 malos
1453 4135 1628 4208 (Psal.
1665 4151 1876 4198 Lxxvn,
1901 4132 2016 4204 i9).
2047 4132 2153 4203 Sed

576 4230 816 4300 nunquid
861 4231 1132 4287 errando?
1185 4230 1426 4300 nunquid
1472 4228 1669 4297 injuste
1710 4226 2023 4298 quidquam,
2070 4223 2155 4279 vel

578 4327 781 4373 temere
826 4316 1117 4387 iudicando
1170 4319 1285 4373 sive
1332 4316 1613 4371 faciendo?
1672 4315 1842 4378 absit;
1904 4313 1999 4369 sed
2046 4327 2154 4367 non

578 4408 777 4463 frustra
805 4407 880 4462 illi
909 4407 1112 4463 dictum
1144 4416 1229 4464 est
1263 4424 1276 4461 :
1308 4405 1522 4463 Iudicia
1547 4417 1636 4459 tua
1661 4405 1795 4459 sicut
1818 4402 1983 4456 multa
2005 4403 2156 4473 abys-

572 4514 661 4554 sus
684 4494 856 4569 (Psal.
884 4512 1049 4562 xxxv,
1074 4492 1148 4570 7).
1167 4495 1283 4552 Non
1304 4496 1503 4551 frustra
1522 4495 1835 4566 Apostolus:
1862 4493 1907 4549 0
1929 4494 2154 4550 altitudo

573 4590 881 4645 divitiarum
900 4556 1169 4658 sapientia:
1213 4598 1261 4643 et
1287 4588 1515 4643 scientia:
1547 4584 1662 4653 Dei,
1689 4603 1849 4658 quam
1890 4587 2154 4641 inscruta-
2179 4556 2232 4618 Β

574 4679 700 4735 bilia
742 4690 866 4735 sunt
901 4678 1111 4751 judicia
1154 4678 1305 4751 ejus,
1347 4686 1395 4733 et
1445 4675 1824 4749 investigabiles
1864 4676 1961 4731 vita
1989 4676 2155 4746 ejus?

572 4776 690 4847 quis
719 4775 858 4831 enim
902 4775 1137 4846 cognovit
1187 4788 1396 4829 sensum
1437 4769 1668 4836 Domini,
1699 4778 1793 4824 aut
1837 4770 1956 4840 quis
1981 4769 2155 4824 consi-

574 4869 762 4925 liarius
784 4870 897 4941 ejus
921 4870 1058 4942 fuit;
1085 4878 1177 4926 aut
1204 4869 1322 4942 quis
1340 4869 1485 4939 prior
1505 4866 1646 4923 dedit
1684 4865 1787 4934 illi,
1815 4874 1871 4921 ut
1896 4865 2154 4922 retribua-

574 4970 664 5016 tur
683 4963 730 5017 ei
754 4962 930 5035 (Rom.
958 4978 1040 5029 XI,
1065 4962 1158 5029 33,
1189 4961 1280 5027 54,
1314 4960 1448 5031 55)?
1477 4958 1681 5014 nullum
1718 4957 1882 5029 elegit
1905 4957 2149 5029 dignum,

575 5052 673 5109 sed
722 5050 968 5124 eligendo
1012 5053 1191 5110 elTecit
1245 5053 1486 5125 dignum,
1534 5048 1739 5106 nullum
1776 5058 1955 5106 tamen
2001 5049 2157 5122 punit

576 5146 796 5219 indigne
824 5146 957 5220 [Al.,
981 5146 1300 5221 indignum].

646 5234 759 5301 Ait,
796 5235 993 5306 inquis,
1032 5238 1320 5308 Apostolus
1351 5258 1362 5292 :
1397 5237 1617 5292 Bonitas
1660 5236 1760 5293 Dei
1803 5237 1872 5292 ad
1912 5239 2160 5309 paeniten-

578 5329 709 5383 (iam
738 5337 789 5384 te
830 5327 1045 5385 adducit
1093 5328 1270 5401 (Rom.
1303 5346 1365 5398 ιι,
1402 5329 1479 5402 4).
1516 5327 1716 5385 Verum
1756 5343 1876 5385 esse
1902 5337 2154 5396 constat;

579 5420 675 5476 sed
705 5436 867 5492 quem
891 5422 1293 5492 przedcstinavit
1328 5423 1578 5489 adducit;
1616 5422 1864 5492 quamvis
1908 5422 2043 5492 ipse,
2070 5437 2158 5478 se-

580 5512 818 5569 cundum
845 5512 1099 5568 duritiam
1145 5523 1199 5567 et
1237 5528 1331 5569 cor
1380 5514 1727 5585 llll'ptBllllellS
1757 5512 2043 5584 (quantum
2094 5513 2163 5570 ad

582 5605 757 5675 ipsum
799 5588 1015 5677 attinet)
1053 5605 1368 5660 thesaurizet
1399 5605 1499 5660 sibi
1526 5607 1661 5660 iram
1701 5606 1757 5659 in
1783 5605 1868 5660 die
1892 5605 1987 5660 ira:
2016 5614 2063 5659 et
2090 5621 2165 5660 re-

584 5695 863 5753 uelationis
901 5696 1033 5768 justi
1069 5698 1261 5768 judicii
1292 5697 1386 5751 Dei
1405 5739 1420 5764 ,
1448 5700 1537 5769 qui
1578 5699 1757 5753 reddet
1786 5700 2066 5771 unicuique
2086 5716 2169 5753 se-

586 5784 817 5863 cundum
876 5802 1032 5859 opera
1075 5790 1190 5861 ejus
1260 5789 1439 5863 (Ibid.,
1496 5805 1570 5859 tv,
1618 5790 1674 5859 5,
1719 5790 1818 5863 6);
1883 5801 2172 5864 quantum-

2251 3319 2566 3393 gloriﬁcavit
2610 3317 2785 3389 (Rom.
2832 3332 2952 3384 vui,
2982 3317 3076 3384 28,
3111 3317 3203 3383 29,
3250 3317 3368 3387 30),
3397 3318 3457 3373 hi
3486 3327 3629 3373 sunt
3670 3332 3852 3373 seen-

2253 3410 2379 3466 dum
2424 3409 2756 3481 propositum
2804 3410 2985 3465 vocati
3030 3407 3246 3480 (Ephes.
3296 3422 3337 3472 ι,
3400 3408 3523 3477 ll),
3570 3409 3680 3478 ipsi
3734 3420 3851 3478 cur

2252 3503 2432 3569 electi,
2463 3514 2519 3559 et
2552 3503 2655 3559 hoc
2698 3508 2827 3557 ante
2867 3500 3052 3556 mundi
3083 3498 3541 3555 constitutionem
3580 3500 3657 3555 ab
3682 3514 3750 3554 eo
3772 3498 3851 3567 qi

2253 3605 2399 3650 vocat
2419 3613 2480 3650 ea
2505 3612 2622 3666 quae
2651 3612 2755 3650 non
2779 3603 2922 3660 sunt,
2959 3603 3211 3663 tanquam
3234 3592 3339 3645 sint
3372 3587 3571 3655 (Reus.
3606 3606 3732 3653 xxv,
3758 3590 3850 3657 Π).

2255 3686 2362 3743 Sed
2388 3686 2535 3742 electi
2578 3702 2671 3756 per
2719 3684 3023 3741 electionem
3062 3682 3270 3755 gratiae.
3324 3680 3491 3739 Unde
3526 3681 3675 3737 dicit
3724 3680 3850 3735 idc-

2254 3774 2443 3831 doctor
2467 3784 2523 3830 et
2558 3775 2627 3830 de
2656 3772 2818 3831 Israel
2848 3791 2865 3829 ε
2900 3770 3156 3844 Reliquit:
3180 3786 3274 3841 per
3320 3768 3646 3827 electionem
3676 3768 3849 3840 gratia

2254 3866 2411 3923 salua:
2433 3867 2589 3939 [actia
2609 3875 2730 3921 sunt
2753 3863 2924 3934 (Rom.
2950 3879 3026 3930 xt,
3058 3862 3134 3933 5).
3161 3861 3228 3919 Et
3270 3874 3338 3916 ne
3378 3858 3531 3914 forte
3560 3868 3702 3915 ante
3726 3874 3849 3913 cau-

2255 3958 2588 4015 stitutionem
2626 3956 2809 4013 mundi
2862 3972 2927 4011 ex
2973 3956 3228 4025 operibus
3277 3953 3649 4025 praacognitis
3710 3960 3853 4023 pota-

2255 4058 2445 4107 rentur
2486 4048 2641 4107 electi
2667 4087 2682 4114 ,
2723 4054 2942 4103 secutus
2984 4054 3071 4101 est
3117 4052 3173 4101 et
3224 4042 3479 4113 adiunxit
3516 4062 3532 4098 :
3577 4041 3643 4097 Si
3680 4054 3849 4095 autem

2253 4143 2445 4216 gratia,
2462 4143 2583 4213 jam
2609 4158 2713 4196 non
2738 4155 2804 4195 ex
2823 4139 3066 4212 operibus
3083 4155 3103 4194 :
3126 4137 3359 4209 alioquin
3402 4135 3735 4208 gratiajaas
3758 4148 3853 4186 usu

2213 4218 2221 4226 ’
2254 4245 2330 4293 est
2359 4235 2531 4307 gratia
2582 4231 2769 4307 (Ibid.,
2799 4230 2879 4303 6).
2932 4231 3012 4286 Ex
3052 4230 3160 4286 isto
3203 4242 3432 4285 numero
3462 4228 3853 4283 electorumet

2254 4324 2947 4398 pradestinatorum,etiam
2961 4322 3052 4394 qui
3068 4321 3358 4392 pessimam
3377 4318 3649 4377 duxerint
3662 4318 3853 4378 vitam,

2255 4434 2354 4489 per
2369 4418 2461 4473 Dei
2474 4417 2862 4489 benignitatem
2874 4412 3217 4475 adducuntur
3239 4410 3303 4467 ad
3320 4408 3743 4482 paenitentiam,
3770 4419 3857 4477 per

2256 4508 2409 4577 cujus
2436 4508 2751 4580 patientiam
2776 4522 2885 4562 non
2910 4514 3035 4561 sunt
3053 4505 3180 4561 huic
3204 4503 3329 4558 vita:
3350 4502 3405 4557 in
3438 4501 3561 4570 ipsa
3585 4499 3857 4557 scelerata

2258 4600 2661 4672 perpetratione
2679 4592 2965 4663 subtracti,
2989 4604 3048 4651 ut
3065 4593 3384 4652 ostendatur
3406 4601 3463 4648 et
3484 4591 3627 4662 ipsis
3656 4598 3721 4645 et
3744 4588 3858 4642 aliis

2260 4688 2628 4748 comet-edibus
2654 4703 2845 4747 eorum
2872 4687 2941 4743 de
2978 4702 3142 4757 quam
3180 4683 3449 4757 profundo
3493 4681 3653 4737 malo
3690 4678 3859 4751 posit

2261 4782 2404 4839 Deus
2439 4780 2611 4853 gratia
2648 4779 2912 4845 liberare;
2947 4794 3011 4834 ex
3038 4777 3125 4834 his
3152 4791 3313 4835 nemo
3332 4774 3496 4846 perit,
3526 4784 3861 4845 quacum

2261 4883 2421 4931 aetate
2450 4872 2751 4929 moriantur
2778 4869 2901 4944 [al.,
2928 4867 3236 4940 moriatur].
3272 4865 3429 4922 Absit
3450 4864 3602 4919 enim
3636 4875 3859 4933 utpra-

2263 4966 2565 5023 destinatus
2593 4964 2662 5020 ad
2703 4963 2870 5018 vitam
2912 4962 3029 5019 sine
3064 4968 3409 5017 sacramento
3438 4955 3773 5013 Medii-toris
3796 4953 3861 5008 i-

2261 5056 2380 5112 nire
2410 5056 2753 5127 permittatur
2785 5053 2924 5108 hanc
2967 5052 3152 5107 vitam.
3192 5048 3422 5119 Propter
3452 5046 3559 5101 hos
3596 5046 3863 5109 Domina

2261 5147 2339 5202 ait
2367 5164 2380 5201 :
2414 5144 2466 5199 Η
2471 5163 2546 5201 wc
2567 5154 2643 5201 est
2665 5154 2839 5199 autem
2865 5140 3104 5197 voluntas
3125 5140 3240 5210 ejus
3260 5139 3349 5210 qui
3372 5137 3518 5192 misit
3540 5152 3627 5191 use
3653 5132 3865 5197 Patris,

2260 5248 2317 5293 ut
2342 5254 2493 5293 omne
2512 5236 2652 5308 quod
2673 5235 2815 5290 dedit
2837 5232 2984 5297 mihi,
3009 5247 3113 5285 non
3138 5231 3353 5299 perdam
3381 5244 3448 5284 ex
3475 5245 3541 5282 eo
3570 5226 3775 5299 (locis.
3792 5242 3863 5291 vi,

2259 5329 2370 5401 39).
2402 5328 2596 5387 Castori
2632 5336 2810 5383 autem
2841 5323 3094 5380 mortales
3120 5322 3211 5393 qui
3244 5336 3312 5378 ex
3348 5321 3454 5377 isto
3480 5336 3732 5376 numero
3760 5335 3863 5374 non

2262 5434 2410 5490 sunt,
2457 5440 2521 5479 ex
2552 5423 2740 5478 eadem
2778 5419 2995 5490 quidem
3033 5432 3211 5472 massa
3255 5431 3320 5471 ex
3361 5429 3469 5486 qua
3512 5422 3574 5469 et
3616 5414 3744 5478 isti,
3776 5410 3865 5467 sed

2265 5532 2396 5572 vasa
2420 5516 2513 5570 ira:
2529 5512 2655 5568 facti
2671 5507 2986 5582 sunt(Rom.
3007 5524 3084 5575 ιι,
3106 5507 3196 5574 22,
3221 5506 3339 5574 25),
3361 5505 3430 5560 ad
3454 5505 3757 5560 utilitatem
3782 5518 3871 5558 na-

2270 5616 2491 5665 scuntur
2522 5606 2770 5660 istorum.
2803 5600 2920 5657 Non
2958 5600 3104 5655 enim
3142 5612 3466 5669 quemquam
3495 5611 3697 5651 eorum
3730 5594 3871 5650 De.

2274 5711 2477 5757 temere
2514 5712 2579 5752 ac
2607 5695 2829 5752 fortuito
2857 5701 3028 5756 creat,
3052 5700 3144 5746 aut
3170 5690 3299 5761 quid
3323 5690 3390 5744 de
3426 5689 3535 5744 illis
3568 5688 3705 5744 boni
3736 5704 3865 5757 ope-

2276 5803 2425 5853 retur
2455 5794 2696 5867 ignorat,
2718 5778 2848 5848 'cum
2887 5796 2943 5844 et
2978 5788 3082 5843 hoc
3119 5786 3292 5859 ipsum
3321 5783 3444 5860 [al.,
3474 5782 3623 5860 ipso]
3663 5785 3864 5843 boat-
