4010 6352
196 336 342 395 1269

1049 331 1135 385 DE
1173 320 1844 383 PRASDESTINATIONE
1879 318 2156 378 CONTRA
2192 316 2244 375 δ.
2288 313 2586 375 SCUTUM.

3317 307 3458 369 1270

191 456 452 524 operetur
476 445 618 519 quod
640 444 695 501 in
722 444 802 502 eis
823 442 1113 499 humanam
1138 448 1287 498 creat
1316 448 1590 504 naturam,
1621 444 1677 493 et
1708 451 1774 491 ex
1804 439 1857 498 Α
1884 433 2085 498 iratus;
2129 439 2183 487 et
2206 445 2392 486 rursus
2424 447 2437 483 :
2469 442 2573 483 non
2616 424 2787 524 pare-it
2820 423 3106 497 propitius,
3143 424 3321 496 parcit
3349 425 3459 480 ira-

193 545 279 603 eis
311 541 555 599 ordinem
576 537 757 599 saeculi
785 535 1065 609 praesentis
1085 542 1327 590 exornat.
1359 532 1587 587 Istorum
1610 528 1781 585 nemi-

188 618 331 694 nem
362 632 581 690 adducit
601 632 669 686 ad
692 628 1075 702 ptenitentiam
1100 626 1370 682 salubrem
1397 631 1454 678 et
1480 620 1780 693 spiritalem

195 744 306 801 qua
333 729 495 783 homo
520 724 574 781 in
596 723 812 781 Christo
840 720 1221 778 reconciliatur
1243 718 1374 783 Deo,
1397 717 1512 773 sive
1537 715 1644 771 illis
1666 728 1783 769 am-

193 817 425 891 pliorem
480 812 821 885 patientiam.
878 810 991 866 sive
1052 823 1157 864 non
1213 807 1470 877 imparem
1522 803 1779 875 prazbeat.

195 906 457 976 Quamvis
485 919 616 977 ergo
640 916 826 959 omnes
856 916 923 957 ex
956 900 1144 956 eadem
1174 912 1350 953 massa
1382 892 1698 967 perditionis
1725 902 1780 949 et

194 993 589 1052 damnationis.
628 991 922 1048 secundum
958 987 1211 1043 duritiam
1251 984 1431 1042 cordis
1465 983 1547 1039 sui
1588 992 1644 1038 et
1686 996 1784 1037 cor

196 1085 548 1158 impmnitens
571 1080 851 1155 (quantum
869 1079 934 1134 ad
963 1078 1106 1150 ipsos
1146 1075 1400 1147 pertinet)
1430 1074 1783 1130 thesaurizent

197 1179 302 1234 sibi
328 1179 463 1233 iram
492 1177 547 1231 in
577 1175 714 1230 diem
736 1173 864 1240 inv;
887 1188 987 1243 quo
1018 1170 1264 1225 reddetur
1290 1169 1573 1240 unicuique
1594 1183 1781 1221 secun-

197 1270 328 1325 dum
355 1284 511 1341 opera
540 1283 637 1321 sua
665 1263 836 1338 (Rom.
880 1278 939 1328 ιι,
990 1259 1070 1332 5),
1101 1260 1242 1317 Deus
1279 1268 1457 1315 tamen
1496 1258 1630 1314 alios
1659 1256 1783 1313 inde

198 1378 303 1437 per
319 1358 725 1418 misericordem
746 1357 1039 1413 bonitatem
1069 1352 1285 1409 adducit
1306 1352 1370 1407 ad
1383 1350 1781 1423 paenitentiam,

202 1455 345 1511 alios
380 1450 676 1510 secundum
696 1446 901 1517 justum
918 1445 1182 1517 judicium
1210 1460 1314 1499 non
1345 1441 1589 1507 adducit;
1622 1441 1786 1496 habet

204 1547 355 1605 enim
379 1552 698 1617 potestatem
719 1539 1014 1597 adducendi
1036 1548 1091 1595 et
1120 1537 1384 1603 trahendi,
1419 1535 1535 1607 ipso
1559 1532 1785 1588 Domino

1885 532 2000 590 tus;
2048 531 2209 594 atque
2239 522 2290 576 in
2330 521 2414 575 his
2449 517 2700 573 omnibus
2736 515 2910 572 bonus
2952 527 3260 588 perseverat
3287 525 3342 573 et
3369 517 3460 589 ju-

1883 624 2000 671 stus
2055 633 2070 669 :
2104 612 2211 671 Sed
2231 612 2300 668 ad
2328 613 2438 667 lues
2468 611 2582 681 quis
2605 608 2822 664 idoneus
2852 605 2939 679 (11
2964 605 3088 662 Cor.
3114 625 3178 673 ιι,
3202 609 3312 679 l6),
3353 606 3461 664 uti-

1883 728 1988 785 que
2017 712 2083 767 ad
2118 712 2233 767 haec
2268 708 2387 779 ejus
2410 703 2801 779 perscrutanda
2830 713 2886 760 et
2921 700 3292 772 investiganda
3314 698 3462 769 judi-

1884 804 1965 860 cia
1995 805 2119 876 quis
2145 804 2307 860 homo
2334 802 2559 857 idoneus
2583 796 2731 871 (Sap.
2758 812 2841 862 ιιι,
2864 795 2976 867 15),
2998 809 3156 865 quem
3185 790 3459 863 corrupti-

1885 895 1992 950 bile
2037 902 2293 967 aggravat
2335 906 2530 963 corpus
2558 932 2573 955 ,
2620 888 2834 945 etiamsi
2883 887 3078 943 habeat
3119 886 3234 958 jam
3290 884 3463 941 sancti

1887 986 2124 1057 Spiritus
2150 983 2520 1059 pignus?Sed,
2549 983 2710 1039 homo
2738 980 3037 1051 intelligens
3055 988 3111 1034 et
3133 987 3343 1043 acutus,
3369 977 3462 1047 ju-

1884 1085 2023 1143 stam
2051 1078 2184 1133 dicis
2209 1092 2328 1133 esse
2361 1076 2637 1131 libidinem
2681 1080 2736 1129 et
2767 1068 2942 1127 laudis
2972 1071 3240 1142 praeconio
3269 1068 3467 1140 praedi-

1886 1169 2108 1224 candam
2155 1186 2169 1222 :
2210 1167 2255 1223 si
2304 1182 2425 1222 eum
2473 1165 2561 1235 qui
2617 1162 2724 1217 Deo
2769 1178 2874 1217 non
2918 1161 3186 1227 obedivit,
3244 1174 3351 1214 non
3390 1158 3468 1214 illi

1886 1259 2185 1315 obediendo
2206 1258 2430 1330 punivit.
2457 1256 2514 1312 Si
2536 1254 2836 1328 prudenter
2848 1250 2936 1309 hic
2956 1267 3197 1324 saperes,
3223 1250 3469 1322 profecto

1888 1368 2006 1409 esse
2034 1351 2374 1421 iniquitatem
2414 1349 2650 1413 videres,
2688 1361 2793 1417 qua
2822 1361 2949 1417 pars
2983 1345 3205 1402 inferior
3232 1343 3466 1400 hominis

1888 1450 2153 1514 repugnat
2175 1439 2437 1513 superiori
2463 1448 2625 1509 atque
2644 1436 2872 1503 meliori,
2895 1446 2950 1491 et
2978 1445 3085 1490 tam
3108 1433 3231 1509 [al.,
3259 1430 3468 1507 tamen]

1883 1534 2030 1607 juste
2067 1535 2334 1605 iniquum,
2377 1548 2488 1589 suae
2512 1533 2695 1588 carnis
2725 1531 3005 1602 iniquitate
3030 1530 3299 1601 punitum,
3326 1527 3471 1585 sicut

203 1636 456 1693 dicente:
492 1632 659 1688 Nemo
684 1630 817 1686 venit
843 1630 912 1684 ad
937 1646 1041 1692 me,
1064 1628 1164 1682 nisi
1192 1625 1370 1691 Pater,
1398 1625 1486 1697 qui
1521 1623 1660 1678 misit
1682 1639 1784 1689 me,
1889 1634 1974 1681 est
2001 1640 2098 1681 rex
2142 1624 2357 1697 iniquus
2396 1622 2616 1692 maligni
2645 1621 2868 1691 spiritus
2911 1619 3197 1689 iniquitate
3232 1617 3469 1689 punitus.

204 1726 426 1781 traxerit
462 1741 579 1780 eum
619 1722 798 1796 (Joan.
843 1737 919 1785 vt,
954 1719 1067 1792 44).
1102 1716 1351 1789 Nunquid
1392 1725 1575 1783 autem
1603 1714 1788 1772 Achab

1897 1719 1972 1773 Au
2018 1728 2072 1774 et
2113 1719 2285 1790 ipsum
2318 1717 2609 1789 malignum
2655 1716 2904 1788 spiritum
2941 1714 3161 1769 laudare
3190 1710 3474 1782 disponis?

205 1832 390 1889 regem
413 1814 732 1885 sacrilegum
750 1821 804 1867 et
827 1811 1047 1883 impium
1070 1811 1293 1865 adduxit
1311 1811 1376 1864 ad
1392 1808 1786 1882 paenitentiam,
1814 1788 1864 1851 Β
1890 1813 1988 1869 Eia
2023 1813 2150 1882 quid
2176 1812 2447 1868 moraris?
2476 1812 2632 1867 decet
2651 1810 2796 1866 enim
2829 1818 2882 1865 te
2919 1800 3197 1864 inimicum
3222 1804 3473 1879 gratuita;

208 1920 303 1963 aut
329 1906 518 1964 saltem
560 1922 659 1977 per
680 1903 990 1960 mendacem
1024 1902 1274 1975 spiritum
1308 1901 1420 1972 jam
1462 1900 1682 1955 seducto
1710 1906 1791 1953 al-
1894 1904 1988 1959 Dei
2029 1903 2308 1969 bonitatis,
2338 1903 2673 1958 laudatorem
2721 1901 2942 1972 spiritus
2989 1913 3110 1954 esse
3157 1895 3473 1962 mendacis;

207 2016 314 2073 que
351 2003 574 2070 decepto
596 1997 907 2070 patientiam
935 2004 990 2051 et
1032 1993 1489 2067 longanimitatem
1530 1989 1792 2064 pratbuit?

210 2074 330 2165 (Ill
374 2091 504 2161 Reg.
548 2104 697 2157 χιιι,
738 2086 852 2159 20.)
897 2085 1086 2142 Nonne
1123 2084 1176 2141 in
1214 2101 1279 2142 eo
1312 2084 1524 2150 statim,
1572 2092 1794 2155 propter

212 2185 355 2256 quod
386 2192 506 2239 erat
536 2182 809 2244 seductus,
839 2189 1015 2235 morte
1055 2179 1300 2249 rapiente
1327 2176 1650 2247 completum
1674 2173 1792 2230 est?

213 2277 373 2350 (Ibid.
399 2315 416 2341 ,
451 2274 565 2345 54.)
612 2274 745 2344 Quis
789 2288 910 2329 eum
957 2272 1105 2327 dicat
1148 2285 1253 2326 non
1289 2284 1541 2341 peccasse
1579 2267 1791 2337 spiritui

212 2368 483 2425 credendo
508 2362 792 2431 mendacii,
823 2365 946 2436 quis
965 2364 1109 2420 dicat
1138 2363 1241 2419 hoc
1268 2370 1548 2433 peccatum
1576 2374 1792 2431 poenam

213 2476 325 2515 non
360 2457 525 2513 fuisse
572 2456 778 2527 peccati
818 2456 1121 2511 venientem
1150 2454 1216 2508 de
1236 2453 1439 2524 judicio
1465 2451 1583 2517 Dei,
1617 2466 1647 2505 a
1687 2464 1795 2520 quo

212 2551 345 2620 legit
380 2549 690 2619 mendaeem
717 2546 963 2618 spiritum
1005 2545 1119 2600 sive
1157 2543 1379 2599 missum
1405 2542 1520 2597 sive
1556 2539 1792 2611 permiso

218 2640 373 2695 sum?
398 2638 529 2706 Quis
573 2639 766 2693 horum
807 2635 1009 2707 aliquid
1036 2635 1186 2701 dicit,
1231 2633 1335 2689 nisi
1368 2631 1459 2703 qui
1499 2631 1629 2686 dicit
1653 2628 1797 2700 quod

219 2730 363 2795 vult,
390 2738 443 2784 et
469 2729 611 2800 quod
640 2744 827 2783 verum
855 2736 941 2784 est
967 2726 1155 2782 audire
1182 2741 1289 2781 non
1328 2724 1477 2779 vult?
1507 2723 1640 2790 Quis
1669 2736 1796 2777 vero

220 2821 292 2876 ita
324 2820 554 2892 desipiat
578 2829 658 2886 ut,
680 2835 801 2874 cum
825 2819 1054 2874 audierit
1074 2816 1216 2888 quod
1242 2818 1295 2872 in
1315 2817 1521 2888 psalmo
1545 2815 1792 2871 canitur:

222 2911 305 2967 Ne
349 2910 670 2979 lradas‘me,
717 2910 958 2978 Domine,
1003 2910 1335 2983 agdesiderio
1385 2926 1497 2964 meo
1537 2907 1798 2980 peccatori

221 3003 392 3077 (Psnl.
423 3019 641 3068 cxxxrx,
669 3002 744 3075 9),
776 3004 878 3059 hoc
914 3003 1057 3058 dicat
1093 3017 1123 3056 a
1158 3018 1217 3059 se
1254 3002 1436 3067 homo,
1469 3016 1535 3057 ne
1562 3001 1704 3057 Deus
1728 2999 1800 3055 sit

220 3094 429 3164 patiens
455 3111 581 3167 erga
604 3094 767 3159 illum,
796 3094 841 3149 si
870 3095 1011 3150 Deus
1035 3109 1141 3148 non
1170 3093 1363 3159 tradit,
1391 3101 1451 3147 ut
1476 3091 1614 3146 mala
1642 3090 1795 3157 ﬁant,

1893 2012 1992 2053 nec
2017 1995 2286 2051 laborabis
2307 1995 2548 2050 invenire
2568 1993 2697 2065 quid
2720 1993 2890 2057 dicas,
2910 1990 3096 2045 laudes
3120 1986 3236 2057 ejus
3255 1995 3475 2059 paratas

1893 2087 2079 2143 habes.
2107 2086 2163 2141 Si
2193 2088 2306 2141 haec
2334 2085 2448 2156 ipsa
2488 2084 2541 2140 in
2573 2099 2696 2141 eum
2736 2082 2900 2139 verba
2932 2080 3274 2138 transtuleris
3294 2118 3311 2147 ,
3357 2092 3479 2148 quae

1891 2179 2120 2251 posuisti
2139 2178 2191 2234 in
2213 2177 2372 2232 laude
2400 2175 2655 2239 libidinis,
2682 2174 2829 2231 velut
2849 2170 3235 2243 consequentia
3257 2177 3478 2227 senten-

1895 2269 2025 2324 tiam
2053 2283 2268 2334 meam;
2312 2267 2436 2337 quia
2467 2281 2567 2337 ego
2594 2265 2703 2322 dixi
2738 2283 2751 2320 :
2793 2265 3060 2337 lnjustum
3102 2262 3246 2320 enim
3276 2272 3394 2317 erat
3421 2268 3484 2316 ut

1895 2360 2364 2430 obtemperaretur
2392 2373 2422 2413 a
2453 2373 2612 2414 servo
2640 2371 2759 2425 suo,
2798 2356 2903 2435 hoc
2927 2363 3013 2412 est
3050 2371 3081 2411 a
3123 2368 3351 2427 corpore
3379 2367 3481 2409 suo

1896 2452 1944 2507 ei
1963 2451 2053 2520 qui
2080 2468 2183 2507 non
2208 2451 2678 2521 obtemperaverat
2705 2448 2933 2506 Domino
2956 2463 3076 2506 suo.
3100 2447 3254 2516 Quod
3284 2454 3340 2501 tu
3380 2460 3479 2501 ne-

1897 2557 2055 2612 gans,
2075 2550 2131 2597 et
2154 2539 2350 2597 falsum
2378 2556 2498 2597 esse
2524 2540 2796 2608 deridens,
2822 2539 2970 2597 velut
2994 2537 3284 2597 ostendere
3310 2536 3484 2594 volui-

1899 2634 1966 2690 sti
2008 2649 2127 2705 quae
2170 2642 2489 2705 sequeretur
2541 2634 2868 2701 absurditas,
2928 2642 3185 2704 tanquam
3234 2630 3484 2687 ultricem

1898 2728 2127 2800 peccati,
2175 2728 2222 2784 si
2262 2728 2366 2784 hoc
2392 2728 2467 2783 ita
2508 2734 2610 2792 est,
2656 2726 2931 2782 libidinem
2973 2725 3162 2780 laudas
3207 2722 3327 2796 [al.,
3369 2722 3485 2777 lau-

1899 2818 2076 2892 dans].
2099 2819 2258 2875 Certe
2280 2819 2441 2876 istum
2466 2817 2782 2875 mendacem
2812 2818 3086 2890 spiritum,
3111 2817 3235 2887 quia
3260 2817 3486 2888 impium

1901 2926 2081 2981 regem
2115 2911 2254 2966 sicut
2297 2910 2609 2966 merebatur
2639 2908 2872 2966 fallendo
2915 2908 3082 2965 traxit
3127 2908 3192 2963 ad
3229 2915 3484 2972 mortem,

1902 3020 2009 3060 non
2059 3021 2223 3077 negas
2271 3003 2574 3075 iniquitatis
2610 3003 2842 3061 ultorem
2886 3002 3007 3077 (III
3042 3001 3167 3074 Reg.
3190 3016 3329 3066 χιιι,
3367 2999 3483 3072 2|).

1905 3102 2046 3157 Ecce
2089 3116 2188 3171 ego
2226 3108 2281 3155 et
2328 3100 2414 3154 hic
2459 3099 2578 3154 dico
2617 3113 2632 3153 :
2672 3098 2929 3170 lnjustum
2959 3096 3105 3152 enim
3146 3104 3265 3152 erat
3304 3093 3488 3164 utqui

222 3185 322 3242 nisi
351 3186 999 3258 patientiam,bonitatem
1027 3184 1314 3257 praebendo
1333 3200 1455 3240 cum
1482 3185 1634 3239 linnt.
1661 3182 1800 3251 Quid
1824 3171 1875 3241 (ἶ
1905 3209 2009 3249 non
2054 3192 2361 3249 crediderat
2398 3190 2509 3246 Deo
2550 3205 2678 3248 vero
2718 3206 2823 3247 non
2868 3189 3209 3259 deciperetur
3236 3204 3268 3243 a
3311 3186 3484 3253 falso;

220 3286 301 3332 cst
326 3286 505 3332 autent
535 3277 675 3347 quod
699 3277 937 3347 quotidie
972 3277 1202 3331 dicimus
1234 3295 1247 3330 :
1285 3276 1365 3330 Ne
1391 3292 1484 3330 nos
1516 3275 1714 3345 inferas
1743 3276 1796 3330 in

184 3367 806 3437 -lentalt°0nem'(Hatth.
837 3383 922 3434 γι,
961 3367 1073 3439 15),
1123 3367 1223 3422 nisi
1274 3375 1335 3421 ut
1372 3382 1479 3422 non
1523 3367 1800 3422 tradamur

220 3459 669 3529 concupiscentiis
709 3458 924 3513 nostris.
965 3456 1330 3528 Unusquisque
1368 3457 1503 3511 enim
1546 3465 1795 3521 tentatur,

221 3566 251 3602 a
283 3548 696 3618 concupiscentia
725 3564 822 3602 sua
847 3548 1138 3602 abstractus
1160 3556 1208 3602 et
1230 3546 1431 3601 illectus
1456 3544 1599 3619 (Jac.
1627 3544 1794 3619 1,14).

222 3639 302 3692 An
326 3637 463 3692 forte
495 3638 598 3694 hoc
618 3653 649 3692 a
683 3638 794 3693 Deo
819 3638 1070 3708 petimus,
1108 3648 1168 3693 ut
1196 3652 1299 3692 non
1328 3638 1398 3693 sit
1436 3653 1564 3708 erga
1589 3651 1688 3692 nos
1708 3651 1799 3708 pa-

222 3730 358 3786 tiens
398 3730 613 3787 bonitas
664 3730 816 3801 ejus?
854 3730 970 3786 Non
1008 3744 1139 3801 ergo
1177 3728 1293 3799 ejus
1332 3728 1647 3784 invocamus
1694 3727 1798 3783 mi-

220 3826 604 3891 sericordiam,
659 3824 753 3881 sed
810 3825 987 3896 potius
1044 3823 1377 3879 iracundiam
1415 3836 1793 3893 provocamus.

219 3916 350 3985 Quis
389 3917 489 3971 ista
540 3917 713 3989 sapiat
754 3917 954 3972 sanus?
976 3916 1088 3972 lmo
1118 3917 1238 3986 quis
1275 3915 1359 3970 vel
1410 3914 1646 3969 furiosus
1682 3913 1798 3967 hmc

222 4006 399 4062 dicat?
436 4006 620 4062 Tradit
649 4020 777 4077 ergo
808 4005 949 4061 Deus
979 4006 1033 4061 in
1068 4005 1334 4076 passiones
1372 4002 1700 4074 ignominiae,
1740 4010 1798 4055 ut

220 4096 351 4168 [iant
383 4112 501 4169 qum
528 4114 631 4153 non
660 4098 967 4152 conveniunt
992 4095 1170 4167 (Rom.
1207 4113 1246 4161 ι,
1265 4095 1380 4167 26).
1406 4094 1514 4151 Sed
1536 4095 1651 4165 ipse
1669 4108 1798 4150 con-

221 4189 501 4244 venientcr
523 4189 708 4256 tradit,
737 4197 793 4244 et
811 4188 947 4244 dunt
975 4188 1161 4243 eadem
1189 4199 1431 4261 peccata,
1472 4196 1528 4243 et
1550 4196 1799 4260 peccato-

224 4295 338 4335 rum
366 4280 625 4353 supplicia
649 4280 1067 4352 praeteritorum,
1098 4290 1151 4336 et
1187 4279 1569 4351 suppliciorum
1606 4278 1798 4335 merita

224 4370 541 4427 futurorum.
576 4372 732 4428 Sicut
762 4368 985 4428 tradidit
1011 4372 1198 4430 Achab
1220 4372 1274 4428 in
1300 4370 1796 4443 pseudopropheta-

1904 3283 2061 3339 lauda
2103 3298 2234 3352 ergo
2279 3291 2334 3339 et
2372 3282 2530 3337 istius
2550 3280 2817 3353 justitiam
2858 3278 3134 3346 falsitatis,
3184 3288 3239 3334 et
3274 3278 3378 3343 dic,
3428 3284 3488 3333 ut

1903 3374 2085 3430 dixisti
2119 3374 2170 3428 in
2196 3373 2357 3428 laude
2399 3373 2657 3439 libidinis,
2688 3373 2815 3444 quia
2842 3372 2975 3428 nihil
2997 3388 3060 3428 ea
3088 3379 3268 3444 potest
3294 3370 3484 3426 lauda-

1903 3467 2063 3524 bilius
2091 3467 2347 3524 aestimari
2375 3507 2391 3533 ,
2423 3467 2466 3521 si
2496 3465 2779 3537 iniquitate
2800 3465 2967 3521 multa
3009 3462 3132 3538 [al.,
3162 3463 3297 3537 ulta]
3326 3479 3482 3520 com-

1901 3560 2064 3616 missa
2109 3568 2212 3627 est,
2249 3559 2290 3615 si
2325 3558 2616 3614 vindicavit
2662 3558 2913 3629 injuriam
2949 3557 3062 3612 Dei.
3105 3557 3192 3622 Et,
3235 3557 3360 3627 quia
3409 3556 3489 3612 ita

1899 3651 2231 3708 consortium
2258 3649 2467 3720 peccati
2495 3664 2600 3705 non
2627 3647 2833 3712 habuit,
2865 3657 2921 3703 ut
2954 3645 3187 3702 ollieium
3214 3645 3488 3702 vindican-

1903 3740 1973 3796 tis
2006 3748 2329 3805 assumeret,
2376 3738 2557 3795 omnia
2586 3737 2706 3793 haec
2743 3736 3038 3793 secundum
3083 3744 3204 3793 tuos
3232 3735 3483 3793 acutissi-

1902 3846 2023 3886 mos
2051 3845 2243 3885 sensus
2265 3836 2416 3884 recte
2444 3828 2720 3895 dicuntur,
2743 3836 2798 3884 et
2828 3829 2881 3884 in
2914 3829 3056 3884 illius
3083 3827 3342 3884 immundi
3374 3828 3485 3900 spi-

1905 3920 2038 3975 ritus
2069 3919 2246 3975 laude.
2284 3918 2426 3992 Ergo
2455 3920 2785 3990 praeconium
2805 3920 2979 3976 laudis
3002 3918 3124 3994 [al.,
3153 3918 3325 3993 vocis]
3356 3929 3486 3991 tuae,

1901 4009 1955 4064 in
1975 4008 2135 4064 simili
2167 4024 2358 4076 causa,
2384 4016 2479 4063 aut
2506 4009 2752 4065 mendaci
2784 4010 2945 4065 redde
2972 4010 3205 4081 spiritui,
3239 4019 3329 4065 aut
3357 4025 3487 4067 con-

1901 4099 2103 4155 tumaci
2141 4097 2269 4155 tolle
2307 4097 2538 4155 libidini.
2590 4096 2727 4165 Quid
2767 4097 2907 4170 fugis
2935 4099 3002 4155 ad
3037 4099 3485 4156 obscurissimam

1901 4193 1968 4248 de
2004 4192 2185 4246 anima
2225 4189 2579 4261 quiestionem
2630 4189 2684 4245 in
2728 4190 3019 4262 paradiso?
3055 4191 3124 4248 ah
3155 4191 3336 4247 animo
3364 4190 3489 4263 qui-

1900 4280 2023 4339 dem
2057 4283 2220 4355 coepit
2243 4282 2427 4348 elatio,
2457 4288 2512 4336 et
2539 4281 2619 4354 ad_
2628 4291 2959 4363 praeceptum
2982 4281 3487 4356 transgrediendum

1901 4374 2026 4431 inde
2051 4375 2335 4431 consensio
2366 4391 2380 4428 :
2413 4381 2633 4445 propter
2657 4374 2799 4445 quod
2824 4373 3028 4430 dictum
3048 4384 3130 4430 est
3151 4390 3182 4429 a
3201 4386 3484 4445 serpente:

224 4478 339 4518 rum
383 4462 721 4520 mendacium
752 4460 871 4537 (III
912 4460 1035 4535 Reg.
1070 4474 1203 4530 xxu,
1242 4463 1355 4535 20).
1396 4464 1551 4520 Sicut
1585 4464 1861 4538 tradidit_
1903 4462 2070 4520 Eritis
2121 4465 2253 4521 sicut
2307 4465 2382 4518 dii
2431 4460 2584 4536 (Gen.
2635 4478 2717 4529 ιιι,
2767 4462 2844 4538 5),
2891 4462 2987 4519 sed
3024 4472 3307 4534 peccatum
3353 4462 3487 4519 illud

221 4552 461 4611 Roboam
492 4557 544 4611 in
574 4534 770 4612 falsum?
787 4534 1068 4612 consilium
1095 4554 1213 4629 (III
1238 4534 1363 4627 Reg.
1401 4573 1511 4623 xu,
1544 4554 1633 4628 15)
1669 4574 1682 4611 :
1715 4556 1798 4612 fa-
1823 4534 1879 4596 D
1904 4558 2067 4613 homo
2108 4565 2255 4613 totus
2296 4534 2564 4628 implevit;
2620 4564 2746 4612 tunc
2780 4534 2863 4613 est
2900 4572 3032 4613 caro
3070 4557 3210 4614 facta
3247 4556 3484 4628 peccati,

222 4645 296 4700 cit
320 4645 435 4700 haec
464 4646 618 4700 miris
644 4653 700 4701 et
730 4644 1091 4702 ineﬂ’ahilihus
1126 4646 1322 4713 modis,
1353 4648 1444 4718 qui
1473 4648 1623 4704 novit
1651 4646 1798 4717 justa

215 4736 419 4809 judicia
445 4753 539 4794 sua
556 4754 662 4793 non
677 4737 847 4794 solum
876 4740 928 4794 in
954 4741 1272 4811 corporibus
1300 4741 1605 4809 hominum,
1627 4742 1720 4797 sed
1744 4750 1800 4798 et

225 4831 277 4887 in
312 4829 446 4901 ipsis
495 4829 1031 4901 cordibus'operari;
1058 4832 1150 4903 qui
1194 4848 1300 4888 non
1328 4831 1458 4889 facit
1493 4832 1798 4889 voluntates

227 4921 412 4988 malas,
443 4921 538 4978 sed
564 4922 738 4976 utitur
763 4922 843 4978 eis
872 4930 933 4978 ut
954 4922 1204 4989 voluerit,
1234 4938 1355 4979 cum
1382 4923 1581 4994 aliquid
1616 4922 1799 4993 inique

233 5013 359 5070 velle
408 5029 512 5070 non
553 5014 741 5085 possit.
777 5013 840 5088 [ι
878 5014 1008 5084 Quae
1064 5015 1208 5073 Deus
1262 5030 1363 5088 pro
1404 5017 1545 5072 votis
1603 5017 1798 5072 huma-

230 5106 310 5162 tis
338 5107 601 5178 propitius
643 5115 863 5174 annuat,
908 5109 1147 5165 iratusve
1177 5124 1282 5164 non
1309 5116 1531 5163 annuat.
1566 5108 1646 5163 Ac
1680 5124 1802 5163 rur-

228 5212 507 5268 sus:qu:e
544 5198 715 5254 iratus
762 5208 983 5265 annuat,
1032 5200 1366 5272 propitiusve
1413 5215 1519 5254 non
1574 5209 1796 5256 annuat.

228 5289 399 5360 Atque
440 5291 638 5348 iterum
676 5308 691 5346 :
742 5290 873 5360 Quae
919 5301 1107 5348 contra
1169 5300 1294 5348 vota
1344 5293 1579 5348 humana
1618 5293 1800 5365 propi-

230 5382 333 5438 tius
399 5384 593 5451 faciat,
662 5400 783 5455 quae
828 5384 997 5440 iratus
1057 5400 1162 5441 non
1226 5385 1391 5442 faciat
1445 5403 1458 5439 :
1507 5394 1562 5441 et
1612 5385 1664 5441 in
1714 5385 1799 5442 his

227 5475 481 5531 omnibus
518 5476 691 5533 bonus
717 5484 1032 5550 perseverat
1059 5484 1117 5531 et
1142 5474 1320 5548 justus
1351 5474 1392 5550 :]
1432 5475 1650 5532 exaudit
1676 5490 1803 5547 pro-

227 5565 414 5649 pitius,
458 5584 567 5624 non
607 5568 829 5625 exaudit
852 5568 1060 5636 iratus;
1091 5574 1147 5623 et
1182 5583 1409 5625 rursus:
1439 5584 1545 5624 non
1581 5568 1804 5625 exaudit

230 5658 510 5730 prapitius,
531 5660 751 5717 exaudit
771 5660 939 5717 iratus
961 5677 976 5725 ;
1000 5661 1174 5732 parcit
1192 5661 1473 5732 propitius,
1500 5676 1605 5718 non
1624 5662 1802 5733 parcit

1902 4646 2056 4717 cujus
2085 4648 2216 4703 vitia
2243 4657 2507 4703 sanantur
2531 4646 2647 4704 sola
2673 4648 3025 4705 similitudine
3045 4649 3226 4705 carnis
3246 4648 3479 4719 peccati.

1904 4740 1976 4798 Ut
2011 4756 2140 4813 ergo
2167 4748 2223 4796 et
2250 4738 2431 4795 anima
2467 4752 2523 4795 et
2553 4755 2680 4798 caro
2698 4782 2713 4808 ,
2744 4742 2951 4813 pariter
2977 4751 3269 4811 utrumque
3298 4739 3488 4812 punia-

1904 4845 1993 4890 tur
2020 4836 2123 4892 nisi
2154 4836 2298 4906 quod
2329 4836 2573 4891 nascitur
2604 4819 2939 4892 renascendo
2977 4835 3313 4900 emendetur,
3358 4848 3487 4905 pro-

1901 4927 2044 4984 fecto
2073 4936 2471 4999 aututrumque
2498 4928 2745 4984 vitiatum
2775 4944 2841 4985 ex
2869 4926 3089 4983 homine
3111 4926 3361 4990 trahitur,
3389 4932 3486 4981 aut

1902 5017 2133 5075 alterum
2158 5019 2216 5074 in
2256 5018 2426 5075 altero
2452 5028 2710 5092 tanquam
2735 5020 2789 5075 in
2811 5018 3000 5075 vitiato
3028 5032 3154 5074 vase
3183 5016 3488 5088 corrumpi-

1904 5119 2011 5175 tur,
2073 5108 2165 5163 uhi
2216 5108 2425 5163 occulta
2469 5107 2680 5178 justitia
2729 5108 2925 5164 divina:
2971 5106 3106 5180 legis
3167 5106 3485 5163 includitur.

1904 5198 2043 5267 Quid
2074 5206 2254 5254 autem
2283 5199 2476 5255 horum
2513 5200 2585 5255 sit
2615 5212 2825 5263 verum,
2863 5197 3116 5255 libentius
3140 5198 3289 5255 disco
3318 5212 3485 5270 quam

1904 5293 2048 5359 dico,
2092 5306 2161 5347 ne
2199 5293 2426 5349 audeam
2474 5293 2669 5349 docere
2705 5293 2847 5363 quod
2875 5292 3059 5349 nescio
3100 5306 3117 5348 :
3156 5294 3261 5349 hoc
3298 5301 3486 5348 tamen

1903 5383 2018 5440 scio
2052 5384 2105 5438 id
2147 5383 2340 5439 horum
2366 5397 2489 5438 esse
2533 5396 2719 5438 verum
2749 5384 2893 5455 quod
2919 5384 3054 5440 ﬁdes
3086 5398 3215 5441 vera
3260 5384 3484 5459 antiqua

1903 5474 2196 5541 catholica,
2234 5490 2339 5545 qua
2367 5475 2607 5530 creditur
2630 5482 2684 5531 et
2712 5476 2974 5532 asseritur
2995 5475 3255 5549 originale
3289 5486 3486 5547 pecca-

1905 5579 2020 5625 tum
2040 5611 2055 5637 ,
2089 5583 2197 5624 non
2231 5582 2354 5624 esse
2379 5566 2673 5624 convicerit
2708 5566 2921 5625 falsum.
2956 5569 3061 5625 ista
3082 5566 3227 5626 'ﬂdes
3260 5584 3364 5626 non
3393 5580 3487 5624 ne-

1906 5672 2081 5735 getur,
2113 5662 2292 5718 ethoc
2311 5660 2455 5732 quod
2479 5660 2547 5718 de
2565 5661 2743 5718 anima
2773 5662 2932 5729 latet;
2963 5672 3057 5718 aut
3080 5677 3147 5719 ex
3176 5662 3290 5718 otio
3316 5659 3484 5718 discl-

298 5784 324 5818 ι
360 5769 485 5830 Haec
527 5790 557 5829 a
585 5772 992 5832 Lovanensibus
1016 5773 1402 5849 praetermissa,
1423 5773 1580 5847 quasi
1609 5774 1664 5832 in
1692 5782 1896 5833 textum
1924 5773 2064 5831 male
2086 5771 2421 5846 irrepserint.
