4010 6352
197 415 336 476 1273

1046 418 1133 474 DE
1167 415 1832 477 PREDESTINATIONE
1865 421 2146 477 CONTRA
2184 419 2234 474 .l.
2280 417 2580 475 SCOTUM.

3309 422 3445 479 1274

195 536 306 590 tuis
327 531 654 590 cruciatibus
676 541 999 588 coarctetur.
1033 531 1104 589 Ut
1127 527 1327 589 boc's’it
1348 535 1401 590 ei
1433 537 1766 606 iniquitatem
1795 538 1848 600 Α
1874 537 2100 591 fideliter
2130 521 2513 590 intimaverint.
2559 533 2795 601 Quorum
2837 534 3186 606 Augustinus,
3219 539 3270 592 in
3309 540 3447 595 libro

195 627 250 681 in
268 639 484 694 poenam
506 623 926 694 converti,quod
947 633 1030 680 est
1047 625 1240 680 merito
1265 625 1565 696 iniquitatis
1592 628 1770 698 ptenis

194 717 371 772 addici
401 735 415 770 :
441 715 797 786 dicanturque
837 716 1195 772 instrumenta
1239 717 1467 773 Domino
1506 719 1770 788 punienti,

194 809 322 880 quia
369 808 584 864 illorum
617 809 1057 878 compensatione
1079 807 1256 877 justas
1292 824 1482 880 poenas
1521 810 1774 865 retribuit

191 900 524 972 promerenti
559 914 575 954 :
606 899 690 954 vel
735 908 901 964 certe,
943 900 1069 970 quia
1116 916 1290 970 poenae
1337 910 1608 972 perpetuze
1656 902 1772 956 ani-

193 987 387 1047 malius
412 1000 470 1048 et
491 991 807 1062 corporibus
827 993 1032 1062 pariter
1058 991 1391 1063 inﬂiguntur,
1421 994 1530 1048 sint
1550 1003 1770 1065 peccata

191 1085 358 1139 etiam
391 1099 564 1154 paenae
590 1085 917 1150 animarum,
945 1093 1006 1139 ut
1024 1100 1210 1139 eorum
1228 1085 1343 1157 jugi
1391 1087 1768 1142 recordatione

191 1191 460 1246 cassaque
482 1175 816 1246 pmnitudine
840 1184 1194 1246 torqueantur
1234 1195 1245 1230 :
1288 1177 1361 1230 ita
1402 1184 1460 1230 ut
1501 1192 1531 1230 a
1571 1193 1768 1247 corpo-

192 1273 347 1328 ribus
377 1270 518 1342 ignis
545 1270 730 1325 aeterni
783 1271 1084 1327 combustio
1127 1270 1430 1326 nullatenus
1484 1271 1764 1326 avellatur.

192 1362 500 1418 Namillam
543 1360 1008 1432 tranquillitatem,
1038 1370 1092 1417 et
1124 1360 1390 1418 ineffabile
1429 1363 1608 1418 lumen
1648 1363 1767 1431 Dei,

192 1468 534 1524 nequaquam
561 1451 628 1507 de
652 1468 730 1517 se,
759 1453 811 1507 id
839 1461 922 1508 est
963 1453 1027 1507 de
1063 1467 1158 1506 sua
1186 1452 1506 1518 substantia,
1548 1467 1759 1526 access,

190 1557 278 1602 est
297 1545 541 1616 proferre
565 1546 650 1602 vel
677 1546 912 1616 gladium
953 1546 1036 1601 vel
1077 1547 1255 1618 ignem
1301 1547 1383 1602 vel
1437 1563 1630 1618 aquam
1686 1563 1762 1604 vc.

192 1637 397 1708 aliquid
425 1638 730 1709 hujusmodi
760 1639 900 1693 unde
924 1647 1142 1708 peccata
1175 1639 1484 1708 puniantur,
1516 1640 1642 1708 quin
1674 1649 1764 1709 per

193 1729 310 1798 ipsa
336 1739 554 1800 peccata
580 1731 658 1786 sic
680 1745 869 1800 poenas
893 1731 1107 1785 ordinat
1137 1739 1196 1784 ut
1245 1747 1341 1800 per
1373 1746 1435 1786 ea
1486 1732 1771 1802 (quemad-

192 1819 413 1876 modum
465 1821 719 1892 diximus)
771 1823 957 1892 puniat
1003 1830 1386 1886 contumaces;
1434 1821 1591 1885 unde,
1647 1836 1770 1874 cum

1877 631 1942 686 de
1961 645 2098 702 'vera
2125 628 2422 698 Religione,
2454 645 2558 684 non
2585 637 2642 683 ut
2669 645 2699 684 a
2723 637 2775 684 te
2801 631 3058 687 mendace
3086 633 3317 703 positum
3339 646 3442 704 est;

1873 721 1967 776 sed
1995 729 2054 775 ut
2079 721 2145 775 ab
2168 720 2284 791 ipso
2309 719 2671 776 sincerissime
2699 730 2910 777 constat
2937 722 3160 789 editum,
3187 733 3448 784 tractasse

1874 814 2227 886 dignoscitur.
2618 829 2626 836 '

1944 905 2094 976 (Cap.
2157 904 2254 970 16,
2328 919 2476 958 num.
2527 905 2630 970 ‘20,
2688 913 2821 962 sect.
2883 906 2948 972 8,
3016 901 3079 962 de
3137 926 3257 963 vera
3309 907 3451 964 Reli-

1869 1000 2040 1070 gione,
2067 1015 2115 1054 c.
2143 997 2253 1069 52.)
2287 997 2545 1070 [Caveudi
2567 1007 2698 1052 sunt
2721 1014 2851 1071 ergo
2877 999 3161 1056 inferiores
3191 1001 3367 1067 inferi,
3394 1003 3449 1058 id

1869 1100 1952 1146 est
1973 1098 2092 1161 post
2116 1090 2255 1145 hanc
2279 1089 2442 1143 vitam
2469 1102 2644 1158 paena:
2668 1090 2965 1157 graviores,
2991 1091 3077 1146 ubi
3109 1092 3248 1145 nulla
3273 1101 3449 1162 potest

1869 1196 1990 1237 esse
2033 1180 2471 1236 commemoratio
2509 1181 2772 1246 veritatis,
2805 1183 2931 1251 quia
2975 1182 3118 1237 nulla
3163 1185 3450 1240 ratiocina-

1871 1274 1976 1338 tio;
2010 1273 2128 1327 ideo
2156 1272 2296 1327 nulla
2329 1271 2693 1337 ratiocinatio,
2728 1271 2852 1341 quia
2881 1288 2987 1327 non
3018 1288 3137 1328 eam
3179 1273 3454 1344 perfundit

1871 1363 2050 1418 lumen
2098 1378 2284 1417 verum
2323 1362 2481 1433 (quod
2521 1360 2783 1415 illuminat
2828 1379 3030 1417 omnem
3067 1363 3328 1417 hominem
3363 1380 3449 1418 ve-

1872 1457 2094 1510 nientem
2121 1457 2176 1510 in
2197 1457 2334 1509 hunc
2357 1454 2632 1524 mundum)
2656 1455 2837 1526 (Joan.
2870 1472 2911 1522 ι,
2934 1456 3010 1527 9),
3046 1471 3212 1526 quare
3237 1457 3450 1526 festine-

1872 1567 1987 1605 mus
2041 1561 2088 1605 et
2120 1548 2441 1604 ambulemus
2467 1565 2584 1601 cum
2613 1548 2723 1601 dies
2751 1559 2940 1618 praesto
2965 1559 3063 1614 est,
3092 1566 3154 1602 ne
3189 1566 3280 1602 nos
3312 1558 3453 1604 tene-

1873 1643 1979 1698 bra:
2004 1643 2436 1714 comprehendant
2466 1641 2645 1712 (Joan.
2681 1656 2778 1706 xn,
2811 1639 2923 1708 55),
2949 1640 3265 1695 festinemus
3301 1656 3330 1695 a
3367 1656 3453 1696 se-

1875 1733 2045 1787 cunda
2073 1742 2243 1787 morte
2266 1731 2500 1794 liberari,
2530 1731 2618 1784 ubi
2642 1747 2789 1785 nemo
2811 1741 2883 1785 est
2909 1747 2995 1802 qut
3018 1747 3212 1784 memor
3233 1732 3300 1785 sit
3320 1730 3451 1788 Dei:

1874 1832 1928 1877 et
1951 1823 2018 1876 ab
2041 1821 2274 1887 inferno,
2301 1821 2389 1875 ubi
2418 1837 2564 1874 nemo
2587 1821 2917 1889 conﬁtebitur
2940 1820 3048 1874 Deo
3073 1818 3243 1890 (Psal.
3270 1837 3347 1885 v1,
3370 1821 3450 1892 6).

193 1910 440 1980 quaedam
472 1909 738 1982 superﬂue
777 1910 1127 1966 disseruisses
1181 1918 1235 1966 et
1258 1910 1326 1966 ad
1355 1910 1602 1966 ultimum
1641 1925 1771 1966 con-
1800 1893 1846 1953 Β
1947 1912 2052 1968 Sed
2096 1912 2279 1966 miseri
2325 1911 2569 1966 homines
2596 1951 2611 1976 ,
2659 1911 2854 1980 quibus
2902 1912 3114 1980 cognita
3151 1911 3450 1979 vilescunt,

193 1999 449 2056 clusisses
479 2018 491 2054 :
711 2071 726 2082 ε

742 2108 969 2150 JOANNES
1005 2107 1220 2149 SCO'I‘US.

267 2206 414 2280 (Cap.
462 2208 547 2272 16,
579 2223 727 2263 num.
774 2208 860 2274 l9,
893 2217 1027 2263 sect.
1059 2207 1137 2278 7.)
1173 2218 1213 2264 Θ
1258 2207 1467 2273 Merito,
1501 2209 1769 2279 inquiens,

192 2302 484 2373 perniciosa
511 2301 594 2354 hic
620 2299 839 2354 dulcedo
872 2299 1125 2365 libidinis,
1150 2299 1260 2354 illic
1289 2311 1513 2355 vertetur
1550 2301 1603 2354 in
1626 2315 1774 2354 ama:

194 2391 476 2444 ritudinem
500 2391 733 2456 ultionis,
762 2399 834 2453 ut,
859 2390 983 2460 quia
1024 2389 1108 2443 hic
1127 2389 1322 2443 donum
1354 2391 1542 2444 divina:
1564 2390 1775 2461 largita-

192 2483 283 2547 tis,
308 2483 404 2535 hoc
430 2491 504 2535 est
527 2480 742 2534 liberum
770 2481 1052 2535 voluntatis
1075 2482 1370 2547 arbitrium,
1410 2482 1551 2552 quod
1584 2491 1657 2536 est
1682 2500 1774 2536 na-

193 2572 382 2627 turalis
405 2571 758 2642 intelligentia:
788 2589 999 2637 munus,
1031 2572 1085 2625 id
1112 2581 1186 2625 est
1214 2573 1399 2627 mentis
1428 2575 1586 2638 acies,
1617 2590 1774 2644 quam

196 2665 450 2720 Conditor
488 2665 726 2720 omnibus
753 2664 1064 2735 generaliter
1099 2665 1308 2718 donavit
1346 2666 1412 2718 ad
1448 2683 1502 2719 se
1539 2682 1776 2736 qumren—

195 2757 346 2820 dum,
373 2756 714 2827 diligendum,
742 2755 1042 2825 fruendum,
1072 2757 1127 2809 in
1154 2773 1279 2810 usus
1304 2757 1642 2826 turpitudinis
1668 2775 1776 2811 mu-

195 2856 309 2900 tare
340 2846 682 2913 superbiendo
706 2847 1014 2918 nequissime
1044 2845 1300 2913 voluerat,
1339 2847 1446 2901 illic
1475 2865 1536 2902 ne
1565 2850 1774 2903 omnino

195 2938 428 2992 ueritatis
467 2938 734 2992 honestate
769 2938 1000 3008 fruatur,
1037 2938 1328 3008 justissime
1366 2940 1570 3010 perdat,
1607 2950 1676 3007 et,
1716 2958 1776 2997 eo

197 3047 404 3085 carcere
433 3032 722 3101 iniquitatis
754 3033 980 3102 propria:
1006 3032 1060 3086 in
1081 3049 1182 3103 quo
1211 3033 1294 3087 hic
1319 3050 1373 3087 se
1400 3033 1571 3104 ipsum
1600 3033 1773 3088 inclu-

193 3131 356 3188 serat,
383 3123 619 3178 tenebras
643 3133 851 3178 (rtcrna:
886 3124 1196 3194 ignorantiae
1222 3124 1653 3181 inextricabiliter
1670 3142 1777 3197 pae-

197 3213 488 3284 naliterque
513 3230 617 3268 non
644 3215 813 3270 evitet.

829 3339 1148 3383 εοιιιιεοτιο.

269 3443 309 3512 -ι-
339 3438 505 3494 Miror
543 3454 664 3505 cur,
706 3438 781 3494 tui
818 3438 1037 3504 oblitus,
1066 3453 1171 3494 non
1201 3438 1401 3494 videris
1439 3439 1582 3510 quod
1623 3437 1776 3494 initio

197 3537 360 3608 Inrjus
379 3538 656 3609 pericopes
677 3537 881 3593 dixeris
910 3556 922 3591 :
949 3538 1213 3608 felicitatis
1233 3539 1513 3604 notionem,
1538 3549 1585 3594 et
1607 3542 1776 3594 scien-

195 3631 348 3695 tiam,
383 3639 537 3700 atque
563 3630 831 3683 veritatem
861 3628 968 3684 illic
1001 3630 1167 3684 inesse
1201 3631 1428 3693 miseris,
1460 3632 1778 3701 proindeque

194 3725 375 3780 abesse
396 3723 460 3777 ab
481 3724 554 3777 eis
585 3721 872 3789 miseriam,
910 3735 984 3786 ιιι,
1007 3741 1111 3794 qua
1136 3732 1326 3777 natura
1354 3740 1458 3777 non
1481 3725 1774 3794 puniretur,

198 3831 304 3870 non
340 3815 522 3885 punita
571 3831 674 3869 non
713 3827 845 3870 esset
889 3817 1122 3872 miseria.
1175 3817 1453 3885 Quomodo
1505 3819 1648 3872 enim
1699 3819 1780 3872 eis

200 3906 366 3960 inerit
409 3905 660 3971 felicitas,
697 3907 920 3977 ejusque
959 3908 1184 3963 scientia
1210 3917 1267 3963 et
1310 3909 1478 3971 notio,
1510 3908 1554 3963 si
1584 3909 1780 3962 mentis

198 3999 374 4054 aciem
421 3998 775 4068 perdiderint,
823 4007 878 4053 et
917 4000 1167 4054 tenebras
1206 4008 1423 4054 aeterna:
1465 4000 1782 4070 ignorantia:

198 4088 648 4144 inextricabiliter
675 4087 1066 4162 poenaliterun
1105 4104 1213 4143 non
1261 4089 1629 4144 evitaverint?
1675 4089 1784 4144 Aut

199 4181 345 4236 enim
375 4180 482 4235 illic
503 4181 584 4236 eis
608 4179 839 4235 felicitas
861 4179 1084 4249 ejusque
1115 4179 1338 4235 scientia
1362 4180 1555 4246 deerit,
1585 4189 1639 4234 et
1667 4189 1781 4235 sta-

198 4274 280 4331 bit
311 4275 452 4344 quod
480 4274 624 4339 aisti,
658 4282 715 4326 ut
759 4273 944 4327 mentis
984 4273 1149 4326 aciem
1191 4273 1433 4343 perdant,
1463 4282 1512 4327 et
1545 4273 1782 4328 tenebras

202 4375 413 4423 (eterna:
448 4365 763 4436 ignorantia:
805 4362 1238 4418 inextricabiliter
1266 4363 1636 4436 pwnaliterque
1679 4382 1785 4420 non

201 4459 409 4514 evitent.
457 4456 564 4512 Aut
588 4456 633 4512 si
661 4455 891 4510 felicitas
912 4453 1136 4524 ejusque
1163 4455 1389 4510 scientia
1415 4455 1521 4512 illis
1549 4454 1782 4523 affuerit,

202 4564 307 4607 nec
354 4550 550 4606 mentis
593 4549 764 4604 aciem
812 4547 1068 4617 perdent,
1122 4560 1219 4602 nec
1266 4547 1517 4602 tenebras
1571 4557 1786 4603 aeterna:

201 4646 522 4718 ignorantia:
561 4641 1010 4698 inextricabiliter
1041 4640 1435 4712 pmnaliterque
1489 4642 1781 4712 patientur.

201 4737 336 4802 Sed,
384 4737 509 4806 quia
557 4735 735 4790 omnis
779 4733 1012 4790 felicitas
1066 4732 1369 4789 infelicibus
1412 4734 1783 4801 subtrahetur,

201 4845 392 4884 verum
425 4837 508 4884 est
539 4827 665 4900 quia
697 4827 947 4882 tenebras
970 4839 1187 4882 aeterna:
1219 4827 1532 4898 ignorantia
1558 4827 1786 4882 inextri-

202 4921 558 4992 eabiliterque
588 4919 979 4993 pmnaliterque
1007 4920 1380 4987 sustinebunt;
1417 4921 1491 4976 ita
1519 4931 1697 4976 tamen
1729 4930 1789 4977 ut

204 5029 329 5069 cum
358 5014 439 5069 eis
478 5013 617 5086 ignis
643 5014 830 5069 aeterni
867 5014 1295 5069 combustionem
1323 5029 1640 5084 corpoream
1680 5029 1787 5069 non

205 5095 429 5161 evitent.
460 5105 578 5162 Jam
600 5122 730 5162 vero
755 5106 1039 5162 sententia:
1063 5104 1285 5160 Patrum
1314 5105 1599 5178 Augustini
1629 5115 1791 5175 atque

207 5197 477 5266 Gregorii,
505 5213 637 5268 quas
669 5198 1066 5253 confirmationi
1099 5206 1202 5252 tua:
1229 5197 1495 5253 haereseos
1538 5198 1789 5254 adhibui-

209 5294 300 5358 sti,
331 5293 525 5363 quibus
555 5293 850 5349 czecitatem
882 5295 1063 5350 cordis
1102 5293 1558 5364 inclusionemque
1583 5297 1790 5366 peccati

209 5383 479 5438 veraciter
501 5383 816 5447 docuerunt,
849 5393 908 5438 ut
949 5400 1045 5454 per
1069 5400 1160 5439 eas
1195 5386 1574 5456 suppliciorum
1603 5402 1790 5456 poenas

211 5475 546 5542 excluderes,
578 5492 800 5547 prorsus
829 5478 1073 5548 quisquis
1099 5479 1188 5549 pie
1216 5479 1465 5545 advertit,
1495 5482 1789 5536 secundum

212 5569 521 5638 superiores
562 5568 874 5624 eorumdem
931 5570 1228 5625 sententias
1279 5569 1532 5626 facillime
1589 5572 1795 5627 videbit

211 5663 341 5732 quia
375 5679 710 5734 nequaquam
737 5673 1005 5719 tormenta
1047 5680 1166 5733 qua:
1199 5665 1514 5732 corporibus
1541 5683 1796 5736 corpora-

214 5757 341 5812 liter
375 5758 715 5822 exhibentur,
749 5755 1072 5820 ademerint,
1102 5757 1193 5812 sed
1224 5772 1411 5827 poenas
1435 5774 1553 5827 qua:
1579 5761 1794 5815 cruentis

214 5851 489 5910 mentibus
511 5849 658 5922 justo
685 5853 778 5906 Dei
800 5851 1002 5920 judicio
1033 5851 1119 5906 hic
1146 5849 1361 5906 interim
1397 5849 1572 5905 solent
1603 5852 1794 5924 ingeri,

1812 4607 1864 4669 D

1875 2011 1930 2059 et
1992 2003 2322 2058 novitatibus
2386 2001 2638 2056 libentius
2696 2001 2908 2056 discunt
2983 2017 3142 2071 quam
3215 2009 3452 2067 norunt,

1877 2112 1996 2152 cum
2053 2095 2289 2167 cognitio
2343 2096 2413 2151 sit
2468 2095 2588 2150 finis
2638 2095 2916 2163 discendi,
2981 2103 3034 2150 et
3080 2096 3275 2165 quibus
3333 2096 3456 2150 vilis

1874 2197 1960 2243 est
1996 2187 2229 2243 facilitas
2276 2187 2531 2251 actionis,
2582 2186 2835 2241 libentius
2890 2195 3099 2241 certant
3144 2203 3304 2257 quam
3344 2187 3462 2241 vin-

1875 2288 2056 2346 cunt,
2117 2295 2240 2339 cum
2297 2278 2522 2332 victoria
2585 2277 2655 2351 sit
2706 2276 2828 2332 ﬁnis
2879 2277 3164 2342 certandi,
3217 2285 3274 2331 et
3337 2276 3456 2346 qui-

1873 2372 1976 2426 bus
2027 2370 2148 2425 vilis
2195 2377 2275 2425 cst
2330 2369 2572 2439 corporis
2623 2367 2806 2433 salus,
2857 2368 3062 2422 malunt
3100 2369 3244 2424 vesci
3294 2384 3454 2437 quam

1876 2463 2103 2526 satiari,
2181 2469 2235 2516 et
2307 2460 2514 2514 malunt
2574 2459 2681 2513 frui
2754 2460 3076 2529 genitalibus
3157 2461 3456 2526 membris,

1877 2567 2036 2622 quam
2089 2551 2288 2604 nullam
2335 2549 2492 2603 talem
2535 2549 2948 2603 commotionem
2991 2550 3143 2618 pati:
3173 2549 3458 2604 inveniun-

1882 2652 1968 2696 tur
1996 2641 2156 2696 etiam
2190 2641 2278 2710 qui
2308 2639 2513 2693 malunt
2541 2639 2776 2694 dormire
2806 2655 2966 2708 quam
2996 2655 3101 2694 non
3131 2640 3454 2706 dormitare;

1878 2747 1999 2786 cum
2041 2731 2217 2786 omnis
2251 2730 2392 2784 illius
2417 2728 2710 2782 voluntatis
2761 2727 2856 2800 [αι.
2885 2728 3199 2801 voluptatis]
3230 2731 3350 2784 finis
3385 2730 3458 2785 sit

1877 2841 1984 2880 non
2027 2823 2248 2884 esurire,
2286 2836 2350 2875 ac
2395 2821 2566 2886 sitire,
2598 2827 2651 2875 et
2692 2836 2799 2874 non
2843 2820 3154 2875 desiderare
3197 2821 3455 2876 concubi-

1879 2925 2013 2981 tum,
2045 2925 2094 2972 et
2129 2930 2234 2969 non
2263 2929 2385 2969 esse
2428 2927 2655 2982 corpore
2697 2910 2941 2982 fatigato.
2975 2912 3152 2978 Quare
3192 2913 3283 2982 qui
3324 2912 3458 2966 ﬁnes

1879 3010 2024 3079 ipsos
2075 3008 2400 3071 desiderant,
2450 3006 2600 3075 prius
2645 3005 2956 3060 curiositate
3002 3012 3208 3071 carent,
3258 3018 3458 3075 cogno-

1880 3108 2092 3155 scentes
2122 3113 2240 3152 eam
2281 3111 2400 3152 esse
2431 3105 2633 3150 certam
2660 3096 3018 3165 cognitionem
3046 3111 3164 3165 qua:
3190 3097 3334 3150 intus
3357 3103 3460 3161 est,

1881 3200 1937 3247 et
1984 3203 2048 3246 ea
2105 3188 2447 3261 perfruentes
2495 3196 2755 3258 quantum
2803 3187 2853 3242 in
2908 3187 3010 3242 hac
3059 3187 3166 3242 vita
3210 3194 3458 3257 queunt:

1806 3251 1850 3314 C
1881 3283 2072 3339 deinde
2105 3251 2404 3350 uaccipiunt
2466 3251 2696 3334 actionis
2746 3278 3089 3344 facilitatem,
3162 3251 3462 3350 pervicacia

1876 3375 2074 3447 posita,
2107 3374 2344 3428 scientes
2391 3369 2650 3440 majorem
2687 3386 2810 3427 esse
2858 3371 3263 3442 facilioremque
3297 3373 3466 3427 vieto-

1843 3467 2015 3540 .riam
2065 3480 2168 3520 non
2220 3464 2474 3519 resistere
2520 3463 2850 3518 animositati
2899 3463 3236 3534 cujusquam,
3273 3472 3329 3518 et
3362 3463 3466 3517 hoc

1879 3567 2142 3630 quantum
2191 3557 2243 3612 in
2277 3557 2402 3611 hac
2453 3557 2560 3610 vita
2606 3565 2807 3625 queunt
2851 3574 2863 3610 :
2908 3556 3144 3611 sentiunt
3192 3564 3465 3624 postremo

1879 3652 2041 3708 etiam
2089 3651 2328 3722 quietem
2383 3648 2628 3717 corporis
2678 3647 2995 3702 abstinendo
3047 3647 3114 3700 ab
3162 3646 3247 3700 his
3302 3645 3464 3700 rebus

1880 3747 1997 3802 sine
2039 3745 2236 3815 quibus
2279 3744 2363 3812 agi
2405 3741 2520 3795 haec
2558 3740 2667 3793 vita
2698 3750 2894 3810 potest.
2933 3739 3007 3792 lta
3053 3747 3264 3808 gustant
3305 3754 3462 3808 quant

1880 3837 2055 3892 suavis
2102 3843 2176 3888 est
2221 3831 2476 3886 Dominus
2522 3827 2694 3902 (Psal.
2739 3845 2930 3893 χχχιιι,
2979 3829 3056 3898 9),
3099 3845 3197 3884 nec
3240 3829 3346 3882 erit
3385 3829 3466 3882 eis

1870 3907 2101 3982 'dubium
2149 3923 2278 3994 quid
2313 3931 2434 3992 post
2473 3922 2614 3976 hanc
2651 3921 2818 3974 vitam
2867 3919 3103 3974 futurmn
3140 3919 3226 3982 sit,
3261 3929 3318 3974 et
3345 3935 3466 3990 per-

1883 4019 2133 4074 fectionis
2161 4032 2273 4071 sua:
2305 4016 2430 4081 ﬁde,
2456 4029 2570 4084 spe,
2597 4023 2650 4068 et
2679 4013 2941 4068 cbaritate
2969 4013 3310 4076 nutriuntur;
3344 4020 3468 4081 post

1883 4111 2026 4165 banc
2067 4116 2244 4163 autem
2287 4107 2456 4160 vitam
2500 4112 2555 4158 et
2601 4102 2836 4174 cognitio
2879 4101 3208 4173 perficietur,
3239 4101 3362 4170 quia
3403 4116 3468 4154 ea:

1883 4212 2032 4276 parte
2072 4215 2208 4255 nunc
2252 4198 2444 4251 scimus
2478 4211 2496 4248 :
2527 4210 2644 4247 cum
2694 4203 2865 4246 autem
2912 4193 3102 4245 venerit
3129 4190 3266 4261 quod
3300 4189 3470 4261 perfe-

1885 4302 2025 4348 ctum
2063 4299 2174 4356 est,
2223 4304 2326 4343 non
2372 4286 2469 4340 erit
2513 4300 2576 4338 ex
2615 4292 2762 4354 parte
2788 4280 2840 4353 (Ι
2870 4281 2990 4336 Cor.
3025 4297 3146 4347 xui,
3175 4279 3254 4350 9),
3284 4291 3336 4336 et
3364 4297 3468 4351 pax

1887 4384 2063 4442 omnis
2111 4382 2304 4437 aderit.
2362 4378 2518 4434 Nunc
2574 4377 2716 4432 enim
2755 4374 2849 4448 [αι.
2881 4373 3082 4446 autem]
3139 4373 3240 4428 alia
3277 4374 3361 4429 lex
3415 4375 3468 4428 in

1887 4473 2146 4532 membris
2175 4472 2309 4528 meis
2340 4476 2603 4542 repugnat
2641 4467 2744 4540 legi
2788 4467 2984 4522 mentis
3015 4481 3179 4540 mete;
3217 4465 3310 4520 sed
3340 4465 3500 4520 [ibe--

1889 4567 2033 4624 rabit
2079 4580 2179 4620 nos
2211 4565 2278 4619 de
2327 4575 2555 4632 corpore
2601 4558 2792 4614 mortis
2837 4558 2997 4629 hujus
3029 4559 3202 4630 gratia
3236 4557 3330 4611 Dei
3377 4572 3472 4626 per

1889 4658 2073 4715 Jesum
2117 4656 2391 4712 Christum
2429 4653 2714 4708 Dominum
2762 4661 3009 4706 nostrum
3049 4649 3227 4721 (Rom.
3263 4665 3355 4712 vn,
3379 4649 3470 4716 23,

1888 4751 2007 4821 ‘24),
2034 4749 2160 4820 quia
2186 4763 2252 4801 ex
2283 4761 2476 4817 magna
2515 4753 2668 4814 parte
2709 4743 3100 4798 concordamus
3133 4757 3254 4796 cum
3281 4741 3474 4794 adver-

1895 4843 2062 4907 sario,
2088 4840 2214 4895 dum
2263 4853 2384 4892 cum
2416 4835 2508 4890 illo
2554 4849 2741 4890 sumus
2781 4833 2834 4888 in
2869 4833 2992 4886 via:
3019 4841 3075 4886 et
3104 4839 3214 4886 tota
3246 4830 3471 4896 sanitas,

1893 4946 1949 4991 et
1975 4933 2118 4990 nulla
2149 4930 2464 5000 indigentia,
2505 4936 2561 4982 et
2587 4925 2731 4982 nulla
2756 4923 2997 4996 fatigatio
3029 4923 3203 4978 aderit
3225 4923 3470 4992 corpori:

1842 5019 1846 5022 ’
1895 5025 2023 5098 quia
2060 5019 2392 5091 corruptibile
2417 5020 2514 5072 hoc
2544 5026 2785 5086 tempore
2828 5025 2989 5084 atque
3025 5012 3214 5068 ordine
3240 5028 3339 5067 suo
3367 5025 3476 5082 quo

1893 5114 2228 5172 resurrectio
2258 5111 2438 5167 carnis
2467 5109 2645 5165 futura
2675 5117 2774 5172 est,
2810 5107 3054 5162 induetur
3091 5104 3478 5174 incorruptione

1897 5206 1952 5279 (I
1982 5206 2104 5261 Cor.
2133 5219 2220 5270 xv,
2258 5202 2368 5275 15).
2399 5201 2514 5257 Non
2560 5200 2754 5253 mirum
2800 5204 2978 5251 autem
3027 5195 3072 5251 si
3121 5195 3224 5250 hoc
3260 5193 3478 5249 dabitur

1896 5298 1984 5353 bis
2018 5296 2109 5366 qui
2153 5295 2206 5350 in
2249 5294 2553 5366 cognitione
2585 5291 2753 5346 solam
2783 5287 3066 5344 veritatem
3093 5295 3298 5352 amant,
3331 5295 3386 5342 et
3420 5285 3475 5340 in

1897 5391 2108 5446 actione
2147 5387 2314 5443 solam
2355 5399 2564 5456 pacem,
2595 5392 2648 5438 et
2688 5383 2740 5436 in
2795 5396 3021 5450 corpore
3059 5379 3227 5435 solam
3275 5379 3480 5434 sanita-

1898 5497 2006 5539 tem
2040 5501 2051 5536 :
2084 5484 2187 5537 hoc
2231 5482 2282 5534 in
2327 5481 2406 5533 eis
2443 5478 2587 5532 enim
2623 5475 2930 5545 perficietur
2958 5483 3081 5545 post
3117 5474 3258 5530 hanc
3286 5467 3474 5536 vitam,

1897 5572 2040 5643 quod
2078 5573 2129 5626 in
2160 5573 2261 5625 hac
2289 5571 2394 5624 vita
2427 5569 2544 5638 plus
2572 5569 2816 5639 diligunt.

1969 5663 2070 5732 Qui
2099 5679 2228 5734 ergo
2254 5661 2389 5715 male
2412 5670 2635 5716 utuntur
2662 5671 2812 5717 tanto
2839 5663 3033 5718 mentis
3065 5663 3208 5718 bono
3235 5669 3294 5715 ut
3320 5669 3477 5715 extra

1899 5773 2020 5812 eam
2043 5754 2275 5808 visibilia
2301 5755 2468 5825 magis
2494 5763 2767 5823 appetant,
2794 5755 2989 5825 quibus
3012 5756 3079 5811 ad
3098 5755 3478 5826 concupiscenv

1901 5851 1968 5906 da
1991 5858 2048 5906 ct
2070 5848 2335 5920 diligenda
2351 5848 2698 5920 intelligibilia
2712 5850 3122 5906 commemorari
3142 5851 3439 5906 debuerunt
3456 5883 3474 5918 ,

1877 6024 1902 6036 δ
