4010 6352
646 378 794 455 me

1679 370 1736 426 S.
1776 368 2147 425 PilL'DENTll
2192 368 2570 424 TRECENSIS
2604 368 2911 428 EPISCOP!
3688 390 3769 448 mt-
3860 368 3861 437 ξ

655 488 1017 550 dabuntnreis
1034 487 1314 543 exteriores
1329 483 1570 549 tenebra';
1594 484 1786 539 harum
1803 479 2231 553 quippeinitium
2258 483 2311 542 Α
2338 479 2382 549 si
2422 497 2579 535 nemo
2617 484 2857 538 exterius
2900 486 3153 540 accuset?
3188 486 3288 554 Qui
3332 504 3443 545 cum
3474 488 3769 561 iudieanteba

656 592 741 640 est
771 580 949 638 carnis
989 580 1293 651 prudentia,
1326 586 1381 631 et
1409 591 1661 632 sensuum
1703 589 2088 645 corporeorum
2130 572 2237 626 im-

644 662 941 745 becillitas,
978 677 1034 725 et
1072 667 1166 740 qui
1209 664 1594 722 certaminibus
1629 663 1986 729 delectantur,
2032 661 2236 723 aliena-

644 748 858 819 hbuntur
886 777 916 816 a
937 775 1089 831 pace,
1120 767 1176 814 et
1201 757 1426 813 summis
1452 756 1854 813 dilIicultatibus
1881 755 2238 826 implicaban-

659 861 747 909 tur
780 870 793 906 :
842 849 1050 905 initium
1095 848 1239 903 enim
1285 861 1508 903 summae
1542 844 1870 901 dillicultatis
1911 855 1995 901 est
2036 843 2235 900 bellum

655 954 818 1015 atque
864 941 1157 998 contentio.
1193 940 1262 995 Et
1308 940 1409 994 hoc
1453 938 1756 1011 signiﬁcare
1809 937 2047 993 arbitror
2089 935 2235 1007 quod

655 1034 886 1105 ligantur
911 1032 983 1087 eis
1013 1048 1200 1086 manus
1228 1041 1274 1085 et
1303 1030 1456 1101 pedes
1484 1029 1701 1101 (Matth.
1737 1045 1873 1095 xxu,
1908 1028 2019 1099 l3),
2066 1028 2117 1082 id
2149 1036 2237 1084 est

656 1123 888 1179 facilitas
928 1123 1104 1178 omnis
1133 1120 1375 1176 aufertur
1428 1120 1717 1190 operandi;
1765 1128 1820 1176 et
1856 1120 1946 1190 qui
1987 1119 2140 1175 sitire
2182 1126 2238 1175 et

654 1214 867 1269 esurire
895 1212 1104 1279 volunt,
1138 1220 1194 1267 et
1230 1212 1281 1267 in
1319 1210 1594 1266 libidinem
1625 1210 1930 1276 ardescere,
1959 1219 2015 1265 et
2044 1209 2236 1265 defati-

654 1305 796 1379 gari,
827 1313 887 1360 ut
908 1304 1140 1361 libenter
1167 1304 1351 1371 edant,
1376 1311 1433 1359 et
1458 1302 1663 1369 bibant,
1689 1311 1744 1358 et
1774 1303 2156 1367 concumbant,
2183 1310 2239 1383 et

655 1396 947 1462 dormiant,
972 1403 1156 1451 amant
1177 1394 1546 1466 indigentiam,
1569 1394 1713 1466 quod
1743 1402 1828 1450 est
1851 1393 2065 1451 initium
2090 1408 2239 1457 sum-

654 1503 864 1543 morum
894 1486 1163 1543 dolorum.
1190 1485 1509 1542 Perllcietur
1537 1500 1666 1557 ergo
1695 1486 1746 1541 id
1772 1486 1916 1557 quod
1942 1492 2148 1550 amant,
2176 1491 2238 1538 ut

645 1562 725 1633 ibi
772 1578 852 1635 eis
893 1579 961 1634 sit
1000 1577 1236 1649 ploratus
1277 1586 1324 1632 et
1354 1576 1549 1631 stridor
1580 1578 1813 1633 dentium
1849 1575 2066 1649 (Matth.
2114 1590 2233 1641 xm,

651 1672 784 1744 50):
817 1672 1002 1743 plures
1046 1671 1191 1727 enim
1238 1678 1365 1725 sunt
1408 1670 1500 1741 qui
1547 1671 1662 1726 haec
1686 1669 1870 1726 omnia
1902 1668 2034 1723 vitia
2075 1668 2237 1725 simul

651 1763 897 1833 diligunt,
937 1772 993 1819 et
1037 1778 1267 1834 quorum
1298 1762 1408 1817 vita
1448 1770 1532 1818 est
1579 1769 1843 1832 spectare,
1884 1760 2234 1831 contendere,
2278 1780 2281 1783 ·

2338 571 2393 624 in
2445 573 2665 629 malitia:
2717 589 2828 630 suae
2878 576 3137 635 caecitate.
3181 579 3498 650 relinquitur,
3534 590 3653 655 quasi
3684 592 3770 650 intra

2339 664 2689 734 semetipsum
2715 665 3002 733 clauditur,
3033 684 3107 724 ne
3136 672 3388 727 evadendi
3415 673 3566 731 locum
3600 679 3771 749 inveniat,

2337 769 2497 825 quem
2528 756 2769 813 invenire
2796 759 3017 815 minime
3044 771 3298 817 meretur.
3331 763 3453 819 Nam
3477 782 3593 837 me
3616 778 3771 830 nonani

2337 845 2551 917 exire\a
2570 849 2752 918 pravis
2780 849 2990 905 actibus
3014 850 3236 922 cupiunt
3261 870 3276 906 :
3304 855 3414 920 sed,
3434 857 3542 925 quia
3560 865 3773 920 eorum

2339 945 2555 993 actuum
2587 942 2824 1010 pondere
2851 950 3190 1010 premuntur,
3220 943 3273 999 in
3312 943 3455 1001 malm
3489 954 3775 1010 consuetudinis

2338 1041 2557 1084 carcere
2596 1028 2809 1093 inclusi.
2837 1045 2868 1085 a
2908 1031 3215 1102 semetipsis
3240 1033 3386 1088 exire
3410 1050 3504 1091 non
3534 1052 3721 1107 possim;
3741 1053 3775 1097 et

2338 1119 2553 1188 quidem
2595 1121 2780 1190 culpas
2813 1123 3058 1192 proprias
3086 1125 3569 1197 punirecupientcs,
3589 1131 3665 1188 hoc
3689 1140 3775 1203 qui

2339 1218 2487 1264 recte
2540 1226 2599 1266 se
2650 1227 2811 1283 agere
2856 1214 3150 1281 aestimant,
3192 1215 3247 1271 in
3293 1218 3592 1288 gravioribus
3624 1229 3776 1293 peculi

2340 1300 2463 1374 [al.,
2493 1303 2772 1374 graviores
2798 1304 3008 1379 culpas]
3038 1315 3273 1371 vertunt,
3302 1310 3456 1379 ﬁtque
3480 1312 3609 1367 modo
3636 1316 3776 1369 misers-

2338 1394 2453 1460 bili,
2488 1405 2548 1455 ut
2580 1397 2722 1466 quod
2753 1398 2956 1453 exitum
3002 1406 3194 1468 putant
3237 1402 3338 1457 hoc
3381 1401 3668 1460 inclusionem
3690 1407 3779 1463 iure»

2338 1487 2511 1559 niant.
2564 1487 2656 1544 Sic
2704 1476 2954 1545 videlicet
2998 1490 3259 1562 reprobus
3287 1491 3465 1560 ludas,
3494 1510 3595 1551 cum
3634 1510 3778 1554 morte-

2336 1576 2439 1632 sibi
2484 1587 2671 1633 contra
2717 1589 2998 1649 peccatum
3049 1581 3233 1637 intulit
3272 1581 3474 1652 (llattlt.
3506 1587 3779 1656 xxvu,5),al

2338 1677 2555 1725 teternze
2584 1670 2776 1726 mortis
2815 1671 3074 1742 supplicia
3127 1674 3390 1744 pervenit,
3423 1682 3473 1729 et
3502 1674 3778 1745 pejusdepu-

2339 1770 2463 1816 cato
2507 1762 2792 1831 prenituit,
2842 1779 3006 1835 quam
3050 1766 3313 1835 peccavit.
3354 1763 3571 1837 [Dicatur
3605 1768 3779 1837 ergo:Si

653 1851 1003 1919 manducare,
1034 1838 1241 1919 bibere,
1269 1852 1645 1920 concumbere,
1676 1852 1932 1917 dormire,
1965 1858 2020 1907 et
2050 1852 2105 1907 in
2137 1865 2230 1907 co-
2259 1844 2308 1904 Β
2334 1851 2604 1913 incluserit
2627 1853 2915 1921 hominem,
2934 1853 3109 1909 nullus
3134 1864 3208 1910 est
3232 1857 3322 1926 qui
3346 1858 3555 1926 aperiat;
3577 1859 3685 1927 quia,
3698 1859 3780 1913 sim

650 1938 906 2016 gitatione
934 1960 1031 2000 sua
1065 1944 1200 2000 nihil
1240 1944 1384 2000 aliud
1423 1960 1585 2014 quam
1611 1943 1991 2016 phantasmata
2016 1959 2134 2015 quae
2164 1943 2231 1999 de

652 2037 743 2091 tali
776 2037 885 2091 vita
919 2021 1177 2107 colligunt
1218 2034 1536 2106 amplexari,
1572 2044 1626 2093 et
1668 2051 1736 2090 ex
1782 2050 1970 2090 eorum
2022 2032 2232 2088 fallacia

654 2127 1053 2198 superstitionis
1102 2127 1185 2183 vel
1226 2127 1518 2199 impietatis
1564 2127 1775 2199 regulas
1818 2126 2003 2198 ﬁgere,
2033 2125 2231 2201 quibus

652 2220 996 2291 decipiuntur
1014 2229 1070 2277 et
1095 2222 1291 2292 quibus
1317 2221 1602 2288 inliterent,
1633 2221 1845 2276 etiarnsi
1873 2221 1940 2276 ab
1964 2219 2232 2289 illecebris

654 2311 837 2367 carnis
864 2328 922 2368 se
958 2312 1229 2368 abstinere
1274 2320 1570 2377 conentur;
1613 2310 1737 2382 quia
1769 2325 1873 2365 non
1906 2309 2044 2365 bene
2073 2317 2231 2363 utun-

654 2413 740 2456 tur
785 2401 986 2458 talento
1024 2403 1128 2458 sibi
1171 2402 1484 2468 commisso,
1511 2402 1566 2457 id
1591 2410 1675 2458 est
1720 2401 1918 2456 mentis
1959 2401 2095 2465 acie,
2125 2416 2231 2469 qua

652 2493 902 2548 videntur
926 2508 1116 2550 omnes
1143 2493 1234 2565 qui
1277 2492 1419 2548 docti
1454 2501 1548 2547 aut
1585 2491 1776 2547 urbani
1813 2499 1910 2545 aut
1939 2490 2100 2546 faceti
2130 2504 2230 2545 no-

654 2584 948 2650 minantur,
999 2583 1296 2650 excellere;
1339 2583 1434 2640 sed
1484 2581 1684 2638 habt-nt
1733 2596 1854 2637 eam
1902 2581 1957 2635 in
2017 2580 2232 2635 sudario

652 2672 935 2746 obligatam
960 2668 1080 2747 [al.,
1111 2672 1350 2747 ligatam]
1382 2681 1475 2749 aut
1514 2675 1565 2728 in
1597 2680 1741 2728 terra
1770 2672 2042 2737 obrutam,
2073 2671 2123 2725 id
2150 2677 2234 2726 est

651 2765 916 2833 delicatis,
944 2775 998 2821 et
1035 2764 1319 2836 super-ﬂuis
1364 2766 1525 2820 rebus
1570 2774 1663 2819 aut
1701 2764 1934 2820 terrenis
1966 2763 2234 2834 cupidita-

653 2859 796 2916 tibus
832 2858 1124 2915 involutam
1154 2867 1209 2914 et
1240 2873 1556 2930 oppressam
1585 2876 1598 2912 :
1628 2856 1954 2929 Ligabuntur
1988 2871 2116 2928 ergo
2151 2855 2232 2910 Itis

653 2965 840 3004 manus
884 2958 932 3003 et
973 2948 1146 3020 pedes,
1175 2957 1222 3003 et
1266 2949 1533 3004 mittentur
1560 2948 1615 3003 in
1652 2948 1887 3003 tenebras
1913 2947 2232 3002 exteriores:

655 3038 727 3091 ibi
752 3040 846 3093 erit
869 3034 1106 3110 ploratus
1141 3049 1188 3095 et
1222 3040 1417 3095 stridor
1436 3039 1670 3094 dentium
1697 3038 1849 3111 (Luc.
1879 3053 1956 3104 tx,
1985 3038 2101 3109 20),
2124 3050 2231 3091 non

652 3124 781 3200 quia
810 3130 921 3201 ipsa
948 3129 1269 3199 dilexerunt,
1300 3132 1424 3202 quis
1450 3132 1595 3188 enim
1621 3131 1725 3186 hoc
1748 3129 1951 3202 diligat,
1985 3128 2076 3185 sed
2101 3127 2227 3200 quia

658 3225 748 3279 illa
773 3241 892 3296 quae
923 3226 1221 3282 dilexerunt
1260 3227 1412 3283 initia
1454 3226 1681 3283 istorum
1720 3233 1868 3291 sunt,
1898 3232 1953 3279 et
1983 3236 2233 3277 uecessa-
2261 3204 2308 3267 (ἶ

659 3314 741 3371 rio
766 3313 1051 3370 dilectores
1078 3330 1206 3372 suos
1241 3318 1309 3373 ad
1344 3317 1445 3374 ista
1469 3316 1802 3388 perducunt;
1830 3313 1923 3384 qui
1947 3312 2090 3368 enim
2122 3326 2237 3366 ma-

658 3406 744 3477 gis
767 3414 950 3461 amant
977 3405 1056 3462 ire
1085 3421 1244 3477 quam
1274 3408 1468 3472 redire,
1496 3415 1590 3461 aut
1614 3404 1917 3476 pervenire,
1945 3403 2000 3458 in
2028 3394 2240 3477 longin-

659 3496 847 3569 quiora
879 3496 1128 3554 mittendi
1161 3506 1306 3563 sunt,
1337 3497 1596 3564 Quoniam
1623 3511 1745 3550 caro
1770 3503 1915 3558 sunt,
1944 3503 1991 3547 et
2021 3493 2237 3564 spiritus

656 3589 964 3659 ambulans,
1012 3602 1059 3648 et
1101 3608 1204 3647 non
1252 3600 1506 3645 revertens
1534 3587 1706 3661 (Psal.
1744 3601 1948 3652 Lxtht,
1988 3585 2100 3658 59).
2135 3574 2239 3654 Qui

656 3670 805 3738 vero
826 3679 966 3738 bene
1004 3688 1229 3736 utuntur
1257 3678 1341 3734 vel
1385 3678 1517 3748 ipsis
1565 3677 1803 3748 quinque
1837 3675 2086 3730 sensibus
2117 3690 2240 3730 cor-

656 3779 805 3851 poris
830 3779 897 3834 ad
926 3778 1192 3837 credenda
1223 3783 1279 3832 et
1317 3776 1655 3848 praedicanda
1696 3789 1861 3844 opera
1900 3771 2018 3841 Dei,
2042 3780 2097 3827 et
2133 3787 2237 3827 nu-

659 3870 923 3927 triendam
946 3868 1267 3927 charitatem
1297 3867 1462 3938 ipsius
1488 3865 1571 3921 vel
1586 3865 1813 3949 actione
1834 3874 1889 3919 et
1907 3863 2243 3935 cognitione,

657 3961 725 4019 ad
762 3960 1152 4031 pacilicandam
1195 3966 1443 4014 naturam
1498 3971 1650 4011 suam
1699 3966 1755 4012 et
1807 3955 2240 4028 cognoscendum

656 4057 861 4123 Deum,
907 4055 1112 4111 intrant
1152 4053 1208 4109 in
1249 4052 1503 4124 gaudium
1542 4049 1756 4107 Domini
1803 4050 1906 4106 sui.
1945 4049 2239 4119 Pmpterea

658 4144 943 4211 talentum,
972 4142 1115 4214 quod
1145 4141 1283 4197 male
1326 4141 1495 4197 utenti
1539 4138 1802 4207 aufertur,
1830 4138 1904 4195 illi
1943 4137 2103 4194 datur
2145 4136 2238 4210 qui

658 4232 875 4289 talentis
898 4234 1138 4303 quinque
1160 4231 1299 4288 bene
1328 4246 1458 4287 usus
1479 4240 1563 4288 est
1586 4229 1802 4305 (Matth.
1832 4245 1960 4294 xxv,
1986 4228 2099 4301 29),
2129 4244 2239 4309 non

655 4322 785 4394 quia
815 4320 1094 4378 transferri
1142 4330 1321 4395 potest
1351 4336 1578 4378 acumen
1622 4320 2008 4391 intelligentiae,
2033 4320 2127 4376 sed
2162 4320 2239 4375 ita

656 4414 1021 4487 signiﬁcatum
1051 4422 1133 4469 est
1168 4429 1328 4486 posse
1370 4415 1473 4471 hoc
1517 4414 1767 4469 amittere
1804 4413 2153 4484 negligentes,
2184 4420 2242 4469 et

652 4508 854 4580 impios
887 4506 1211 4579 ingeniosos,
1251 4514 1307 4562 et
1346 4506 1413 4562 ad
1452 4522 1573 4561 eam
1609 4506 1891 4577 pervenire
1934 4506 2237 4579 diligentes,

655 4614 711 4658 et
740 4602 876 4673 pios,
909 4600 1157 4672 quanNis
1177 4599 1393 4670 ingenio
1420 4600 1705 4656 tardiores.
1735 4598 1851 4655 Non
1884 4600 2029 4655 enim
2052 4599 2238 4656 datum

656 4703 742 4751 est
790 4692 921 4749 illud
963 4692 1220 4748 talentum
1250 4692 1299 4749 ei
1327 4691 1417 4761 qui
1439 4699 1721 4764 acceperat
1750 4691 1855 4747 duo
1883 4690 2068 4765 (habet
2091 4690 2238 4747 enim

656 4794 711 4865 et
734 4785 858 4850 hoc,
886 4783 980 4854 qui
1001 4780 1115 4853 jam
1142 4783 1197 4839 in
1229 4782 1442 4839 actione
1477 4791 1532 4839 et
1569 4784 1623 4838 in
1652 4783 1962 4854 cognitione
1989 4783 2128 4840 bene
2158 4781 2238 4837 vi-

659 4874 757 4946 vit)
794 4876 888 4932 sed
935 4875 986 4931 ei
1037 4874 1129 4946 qui
1176 4882 1459 4953 acceperat
1502 4874 1759 4946 quinque.
1800 4872 2044 4931 Nondum
2090 4873 2236 4930 enim

658 4967 824 5023 habet
877 4965 947 5022 ad
998 4974 1202 5031 mterna
1259 4964 1666 5037 contemplanda
1730 4965 1974 5021 idoneam
2037 4963 2238 5037 mentis

658 5056 834 5112 aciem
874 5056 968 5128 qui
1013 5056 1314 5112 visibilibus
1350 5036 1578 5118 tantum,
1612 5053 1667 5109 id
1710 5063 1794 5109 est
1832 5036 2237 5125 temporalibus,

659 5149 862 5214 credit;
898 5148 995 5204 sed
1021 5147 1221 5204 habere
1248 5153 1445 5218 potest,
1469 5144 1560 5214 qui
1600 5143 1793 5199 borum
1835 5144 2077 5201 omnium
2115 5158 2240 5199 sen-

656 5238 899 5307 sibilium
938 5240 1107 5297 Deum
1155 5239 1414 5295 artiﬁcem
1458 5237 1663 5303 laudat,
1693 5244 1749 5291 et
1788 5250 1913 5291 eum
1952 5236 2243 5317 persuadet

656 5330 792 5401 ﬁde,
822 5342 879 5391 et
919 5342 1127 5405 spectat
1154 5347 1271 5404 spe,
1311 5340 1365 5387 et
1393 5331 1588 5403 quaerit
1625 5330 1911 5387 charitate.
1949 5326 2241 5401 Gregorius

654 5435 844 5505 autem
874 5426 928 5481 in
954 5425 1095 5482 libro
1122 5443 1177 5482 x1
1208 5425 1513 5490 Moralium,
1543 5440 1662 5496 cap.
1696 5424 1750 5480 5.

739 5516 821 5591 [Si
842 5517 1105 5573 incluserit
1135 5518 1417 5581 hominem,
1449 5516 1625 5572 nullus
1660 5526 1734 5573 est
1762 5519 1853 5589 qui
1889 5518 2089 5589 aperiat
2120 5516 2247 5591 (Job

656 5623 763 5675 .xu,
795 5606 923 5680 id):
955 5608 1291 5680 quiaomnis
1331 5596 1493 5663 hom'o
1537 5622 1635 5677 per
1670 5608 1720 5663 id
1758 5607 1899 5678 quod
1933 5607 2075 5664 male
2111 5610 2243 5681 agit,

665 5700 799 5784 quid
835 5702 939 5759 sibi
973 5701 1115 5759 aliud
1149 5717 1308 5773 quam
1340 5701 1684 5757 conscientia:
1712 5718 1825 5758 sua:
1854 5718 2130 5759 carcerem
2160 5703 2245 5767 fa,-

667 5793 768 5864 cit,
789 5801 849 5851 ut
875 5793 1019 5851 hunc
1044 5795 1237 5851 animm
1262 5793 1358 5869 [αι.
1395 5792 1584 5869 animi]
1610 5802 1790 5852 reatus
1812 5804 2047 5873 premat,
2062 5797 2254 5873 etiam-

1712 5978 1743 5993 υ

2334 1960 2493 2000 nemo
2538 1944 2754 2000 obsistit
2794 1945 3028 2017 largitati
3072 1947 3345 2012 vocantis,
3396 1947 3463 2000 ita
3498 1947 3640 2003 nullm
3670 1949 3781 2002 obviat

2327 2035 2554 2107 iustitiae
2607 2035 2993 2106 relinquentis;
3027 2037 3305 2094 includere
3350 2039 3515 2110 itaque
3557 2041 3701 2095 dicitur
3725 2040 3778 2111 id.

2334 2128 2427 2182 Dei
2459 2125 2565 2200 est]
2599 2127 2801 2182 clausis
2846 2143 2953 2183 non
3001 2130 3235 2198 aperire.
3287 2128 3433 2186 Unde
3478 2140 3527 2186 et
3562 2132 3614 2185 ad
3646 2130 3779 2199 Moysen

2335 2218 2534 2289 dicitur
2570 2218 2635 2274 de
2674 2217 2959 2274 Pharaone
2984 2237 2997 2272 :
3022 2217 3137 2290 Ego
3164 2218 3427 2274 obdurabo
3455 2236 3536 2273 cor
3555 2218 3778 2291 ἠθικαὶιώ

2334 2322 2411 2373 tv,
2441 2307 2495 2378 7)
2526 2325 2540 2362 :
2568 2302 2836 2362 obdurare
2862 2308 3060 2381 quippe
3097 2324 3195 2379 per
3230 2308 3489 2379 justitiam
3523 2311 3674 2366 dicitur
3699 2311 3780 2365 Dus

2334 2396 2550 2467 quando
2590 2412 2684 2452 cor
2725 2399 3014 2469 reprobum
3038 2413 3134 2469 per
3157 2400 3390 2470 gratiam
3423 2415 3519 2455 non
3546 2397 3715 2463 emollit;
3734 2413 3781 2453 re-

2335 2486 2501 2541 cludit
2542 2485 2725 2557 itaque
2759 2486 3034 2543 hominem
3070 2504 3233 2558 quem
3261 2488 3316 2544 in
3343 2501 3782 2561 suorumopemme

2336 2575 2519 2631 nebris
2561 2574 2865 2649 relinquit.]
2905 2573 3343 2635 Manifestissime
3384 2580 3556 2635 beatus
3591 2577 3783 2651 Gregorio

2336 2683 2454 2723 eam
2483 2667 2835 2724 inclusionem
2863 2684 2969 2739 qua
3009 2670 3063 2725 in
3105 2671 3207 2727 hac
3241 2671 3350 2727 vita
3382 2681 3650 2743 peccatores
3669 2671 3784 2726 cerati

2339 2758 2607 2826 adsolent,
2634 2762 2911 2831 praemissa
2953 2763 3224 2819 sententia
3266 2764 3557 2820 declaravit.
3587 2764 3698 2834 Quod
3726 2764 3785 2818 cir-

2339 2851 2666 2905 cumstantia
2717 2851 2898 2922 ejusce
2952 2855 3238 2910 sententiae
3286 2855 3614 2913 indubitanter
3649 2857 3785 2910 demol-

2338 2950 2534 3010 strant,
2586 2959 2816 3014 quorum
2867 2945 3162 3002 clausulam
3217 2948 3557 3019 adjiciendam
3599 2948 3786 3014 dumdu

2337 3036 2562 3092 evidens
2587 3038 2716 3107 quid
2744 3038 2797 3093 in
2815 3039 3150 3108 praecedente
3170 3041 3435 3098 sententia
3456 3041 3659 3105 senserit,
3677 3038 3747 3092 ﬁat.

2386 3126 2698 3198 Gregorius
2713 3126 3044 3199 (Moralium,
3060 3129 3095 3186 ι.
3115 3147 3167 3186 xr
3182 3146 3307 3203 cap.
3325 3131 3401 3206 5).
3416 3130 3580 3206 [Quasi
3598 3130 3699 3187 enim
3713 3142 3784 3197 ape-

2342 3220 2453 3275 rire
2499 3222 2636 3276 hanc
2675 3221 3027 3278 inclusionem
3067 3239 3191 3278 cum
3232 3219 3393 3280 Isaac
3425 3220 3788 3297 primogenitoﬁlio

2340 3312 2531 3377 voluit,
2558 3328 2680 3368 cum
2722 3314 2867 3369 hunc
2906 3313 3061 3370 fra‘tri
3093 3330 3409 3387 praeponere
3439 3314 3787 3373 benedicendum-

2340 3413 2499 3460 natus
2540 3414 2656 3473 est;
2700 3406 2795 3461 sed
2839 3405 3009 3462 lilium
3055 3421 3215 3478 quem
3252 3418 3410 3479 pater
3444 3404 3788 3472 voluit,Doniaa

2342 3500 2668 3571 reprobavit,
2709 3508 2767 3557 et
2807 3516 2967 3572 quem
3025 3502 3289 3559 Dominus
3334 3502 3510 3568 voluit,
3546 3508 3666 3571 pater
3691 3496 3787 3552 still

2340 3594 2571 3651 nolendo
2615 3595 2934 3651 benedixit:
2963 3604 3025 3650 ut
3061 3595 3157 3665 qui
3202 3594 3324 3665 jam
3364 3592 3669 3667 primogenita
3701 3582 3789 3641 iniri

2340 3701 2440 3756 pro
2491 3700 2618 3742 esca
2657 3685 3009 3753 vendiderat,
3056 3685 3526 3758 primogenitorum
3572 3675 3789 3736 besem.-

2340 3790 2465 3832 nem
2495 3789 2605 3830 non
2637 3774 2931 3845 acciperet,
2957 3789 3121 3845 qnam
3145 3789 3217 3830 ex
3241 3773 3488 3846 cupidine
3510 3769 3623 3843 gul:
3638 3762 3790 3834 ΐῶςὺ

2337 3876 2454 3932 set;
2479 3866 2573 3938 qui
2610 3875 2826 3923 terrena
2858 3867 3125 3933 ambiens,
3158 3864 3386 3939 fugitiva
3411 3854 3790 3935 sequentem

2343 3970 2461 4016 tare
2503 3959 2730 4031 cupiens
2779 3958 3228 4024 benedictionem,
3276 3956 3576 4029 reprobatus
3614 3958 3693 4007 est.
3726 3944 3791 4000 Nu

2338 4054 2485 4113 enim
2535 4053 2740 4110 invenit
2798 4050 3132 4132 poenitentia
3176 4049 3387 4117 locum;
3434 4058 3687 4132 quartun
3722 4048 3793 4092 CII

2338 4146 2598 4220 lacrymis
2641 4145 2958 4217 inquisisset
3002 4130 3158 4210 eant;
3212 4142 3343 4212 quia
3394 4137 3617 4195 videlicet

2340 4237 2683 4315 nonhsbent
2728 4236 2963 4293 lamenta
2988 4249 3109 4304 quin
3143 4232 3377 4289 strident
3398 4245 3515 4287 cum
3714 4219 3794 4273 ἀεί’

2338 4330 2533 4385 derare
2580 4327 2841 4397 peritura.
2879 4325 3108 4398 Aper-ire
3144 4324 3336 4394 itaque
3365 4322 3509 4378 Isaac
3543 4331 3625 4374 nec
3649 4313 3793 4378 ﬁlio!"

2339 4420 2463 4484 tuit,
2487 4433 2650 4491 quem
2671 4418 2818 4476 Deus
2836 4413 3339 4487 omnipotensjusto
3358 4410 3553 4484 judicio
3570 4408 3615 4463 in
3637 4415 3717 4459 sua
3730 4410 3796 4451 α’

2344 4512 2477 4568 litite
2489 4525 2711 4568 carcere
2732 4507 2999 4581 inclusit].
3024 4507 3067 4578 τ
3087 4506 3303 4573 Sed,ne
3325 4492 3794 4563 contendam”

2344 4616 2477 4674 pere
2501 4599 2729 4675 deligas,
2766 4599 3045 4655 videamus
3083 4597 3310 4653 alteram
3343 4596 3459 4668 eius
3496 4586 3796 4651 numnam“

2346 4690 2572 4748 bomilia
2622 4687 2915 4761 Evangelii,
2959 4702 3067 4758 qua
3114 4702 3305 4758 paruas
3344 4683 3572 4757 0011³0³⁵⁵⁸

2338 4779 2575 4852 iudicari
2605 4754 2800 4835 nunc;
2806 4754 3064 4851 ambigat.
3089 4754 3181 4835 sn
3200 4776 3345 4832 enim
3372 4754 3632 4845 οτὶειοήιιε
3656 4754 3796 4861 tlte-fi}

2344 4849 2461 4949 38).
2490 4875 2770 4950 [Ligantur
2801 4882 2931 4930 tunc
2948 4849 3103 4944 pedes
3131 4881 3183 4927 et
3212 4886 3400 4929 manus
3423 4863 3614 4941 (lattlt.
3636 4869 3733 4950 ιω,
3748 4849 3796 4911 1⁵)

2344 4948 2446 5041 per
2470 4948 2867 5024 districtionem
2899 4963 3197 5029 sententiae,
3218 4963 3312 5034 qui
3353 4960 3505 5018 modo
3526 4973 3555 5011 ε
3576 4948 3797 5041 paying:

2349 5026 2502 5116 ribus
2534 5057 2693 5130 ligari
2735 5056 3024 5114 noluerunt
3066 5026 3603 5126 perimeliorationem
3626 5026 3799 5133 vita...“l

2342 5160 2500 5211 certe
2530 5124 2656 5206 tunc
2677 5148 2808 5221 ligat
2850 5159 3034 5218 pinna,
3060 5124 3200 5217 quos
3237 5142 3395 5199 modo
3418 5156 3449 5195 a
3476 5135 3611 5195 bonis

2349 5243 2536 5315 ligavit
2560 5209 2749 5312 culpa;
2780 5209 2944 5309 pedes
2973 5209 3119 5292 abit.“
3146 5235 3241 5306 qui.
3280 5232 3495 5288 νίείιπθ
3514 5236 3679 5296 33mm

2350 5312 2517 5405 gunt,
2570 5344 2764 5387 manus
2816 5342 2936 5398 quae
2970 5325 3105 5383 nihil
3164 5321 3510 5394 indigentibus
3550 5312 3801 5405 tribultllti

2349 5400 2495 5486 bono
2519 5439 2684 5497 opere
2718 5421 2832 5494 jam
2868 5436 2937 5476 ex
2973 5418 3247 5475 voluntate
3288 5416 3461 5487 ligata:
3486 5417 3613 5468 sunt.

2350 5535 2499 5577 nunc
2517 5488 2708 5589 sponte
2720 5488 2964 5586 ligantur
2993 5511 3049 5566 in
3071 5509 3219 5575 vitio,
3246 5516 3371 5563 tunc
3396 5506 3451 5561 in
3470 5493 3686 5573 supplicio
3704 5488 3803 5589 liti:

2355 5620 2441 5666 tur
2478 5582 2646 5664 invite
2677 5622 2690 5660 :
2727 5582 2865 5661 bime
2905 5609 3085 5657 autem
3130 5599 3326 5655 dicitur
3359 5592 3498 5666 quod
3533 5590 3581 5644 is
3616 5582 3802 5666 αισυτξί

2352 5657 2971 5769 lenebrasvproiieiatur,‘
3010 5687 3295 5747 interiores
3320 5657 3510 5757 quippe

2300 5854 2319 5874 ,
2353 5796 2528 5854 cimus
2563 5788 2864 5848 caecitatem
2910 5784 3109 5855 cordis,
3153 5782 3445 5841 exteriores
3490 5787 3603 5831 vero
