4010 6352
159 413 308 471 ηπ

162 536 428 585 aeternam
465 526 677 575 noctem
715 514 1095 573 damnationis.
1126 508 1278 567 'l'unc
1303 521 1430 579 ergo
1458 506 1744 560 damnatus
1770 500 1821 560 Α
1846 495 1980 550 mori

164 618 403 689 quisque
431 626 539 668 non
563 611 619 667 in
646 608 950 672 interiores,
976 603 1068 661 sed
1097 605 1150 658 in
1179 602 1473 658 exteriores
1497 595 1745 651 tenebras
1849 584 1994 643 censi

168 706 450 770 mittitur,
502 701 631 771 quia
688 699 797 754 illic
850 696 1050 752 invitus
1097 693 1378 764 projicitur
1428 690 1481 743 in
1535 693 1748 742 noctem
1849 678 1966 734 sine
1998 691 2027 729 c

120 831 128 837 -
172 792 563 858 damnationis,
610 790 701 862 qui
755 790 845 845 hic
886 795 1075 859 sponte
1105 784 1319 841 cecidit
1367 782 1420 836 in
1450 779 1748 835 cmcitatem
1851 780 2127 828 vocamus,

1063 392 1151 451 DE
1185 376 1852 446 PRAEDESTINATIONE
1887 372 2162 432 CONTRA
2198 367 2247 423 J.
2290 357 2586 419 SCll'l‘Ubi.

3276 340 3411 398 1278

1984 511 2015 546 α
2050 487 2274 561 justitia:
2308 483 2445 553 ejus,
2497 492 2624 550 quas
2671 473 2808 543 fecit,
2858 471 2963 524 hoc
2999 458 3233 521 maxime
3258 461 3414 516 nobis

2000 580 2292 637 derandum
2332 552 2423 628 est
2468 568 2614 638 quia,
2661 579 2783 617 cum
2827 559 2970 615 mala
3007 552 3416 615 committimus,

2030 686 2158 727 ansa
2197 667 2262 722 ad
2294 659 2609 718 memoriam
2639 657 2778 710 bona
2806 657 2989 706 nostra
3018 652 3289 700 transacta
3327 653 3416 694 re-

176 822 563 858 uztuluauuma,
610 822 701 862 ιιυι
757 822 845 845 um
886 822 913 843 δ
985 822 1075 842 ιηυ
1123 822 1319 841 νυν-ι...
1368 822 1420 836 ...
1450 822 1748 835 unum".--
1868 822 1901 823 η
2115 822 2125 828 ,
2182 822 2199 831 ,

176 885 381 942 cordis.
417 881 514 937 Ubi
558 882 711 953 ﬂetus
762 822 981 949 quoq:
1028 886 1073 931 et
1122 874 1320 930 stridor
1366 870 1597 926 dentium
1634 880 1754 922 8:56
1816 861 2009 916 debet
2036 870 2154 911 esse
2182 849 2376 907 ﬁducia
2402 847 2664 901 bonorum
2689 834 3103 908 praeteritorum.
3130 826 3236 883 Sed
3254 822 3423 895 quaeri

2286 939 2299 953 .
2373 949 2383 953 -
2482 942 2757 953 ημ...--Α...
2807 924 3053 953 ΑΑΑῘᾹιιιιΖΙ
3125 917 3423 953 ιι-ωιιίιιοη..

176 917 381 942 ωιυιοο
417 917 512 937 υυι
598 917 711 936 nouo
804 917 870 934 uv
912 917 978 933 ιιν
1028 917 1073 931 νυ
1122 917 1305 930 un.-."
1367 917 1596 926 ...γαπ-η.-
1640 917 1749 922 -.--

176 917 635 1046 perhibetur,’ut
687 917 799 1024 illi:
836 917 1026 1025 dentes
1074 965 1355 1027 strideant,
1408 960 1499 1032 qui
1554 958 1644 1013 hic
1689 956 1755 1010 de
1853 957 2033 1024 potest
2079 955 2255 1001 utrum
2280 939 2449 1010 justo,
2479 942 2759 1006 postquam
2804 924 3078 987 ceciderit,
3125 917 3424 990 praedican-

2045 1042 2055 1046 _
2267 1041 2277 1046 -
2374 1031 2387 1044 .
2440 1040 2618 1046 ημμᾼ
2671 1021 2818 1046 ---ιη
2867 1014 3144 1046 ι-..;η;1υηω
3166 1008 3424 1046 “inultm-

174 1068 459 1127 edacitate
478 1064 814 1138 gaudebant;
848 1060 957 1116 illic
982 1058 1124 1116 oculi
1140 1055 1410 1139 deﬂeant,
1436 1051 1527 1123 qui
1554 1050 1641 1105 hic
1661 1062 1759 1117 per

180 1159 405 1217 illicitas
464 1153 929 1226 concupiscentias
976 1138 1333 1206 versabantur
1381 1143 1434 1197 in
1492 1138 1692 1194 mundo
1738 1153 1754 1189 :

178 1260 455 1323 quatenus
486 1247 695 1318 singula
742 1258 969 1317 quaeque
1007 1241 1248 1297 membra
1289 1234 1549 1306 supplicio
1584 1229 1762 1299 subja-
1816 1248 1825 1253 ο

130 1384 137 1393 .
183 1349 502 1410 ceant,quae
525 1339 615 1395 bic
641 1336 866 1407 singulis
890 1334 1190 1403 quibusque
1210 1328 1358 1384 vitiis
1378 1324 1621 1394 subjecta
1648 1336 1763 1378 ser-

183 1431 512 1504 viebant.]-j-
542 1431 684 1486 Idem
715 1430 767 1484 in
796 1426 1102 1489 Moralibus,
1136 1423 1227 1479 lib.
1249 1437 1350 1486 xn,
1377 1435 1497 1490 cap.
1528 1415 1618 1471 20.

261 1523 579 1597 [Superbire
628 1520 770 1577 enim
799 1518 1021 1573 minime
1062 1514 1369 1576 debuisset,
1415 1505 1624 1563 etiamsi
1670 1519 1766 1558 an-

130 1646 139 1653 -
188 1629 385 1671 norum
429 1610 649 1669 suorum
692 1623 975 1664 numerum
1015 1613 1221 1661 certum
1267 1601 1466 1657 habere
1503 1596 1768 1668 potuisset

136 1744 143 1753 ο
190 1716 273 1773 ut,
304 1706 481 1764 sciens
520 1711 782 1774 quantum
824 1701 1052 1771 viveret,
1083 1696 1362 1767 praesciret
1383 1691 1595 1763 quando
1621 1704 1676 1743 se
1700 1687 1768 1741 ab

132 1829 147 1834 -
188 1799 423 1856 elatione
452 1801 771 1852 removeret.
804 1793 892 1857 At,
925 1798 1206 1862 postquam
1226 1801 1467 1859 praesens
1496 1783 1603 1837 vita
1628 1782 1768 1836 sem-

1859 1008 1985 1099 dum
2015 1042 2112 1103 sit;
2140 1053 2207 1093 an
2229 1008 2623 1103 etpriusquam
2667 1021 2842 1083 cadat,
2867 1014 3144 1087 invigilare
3166 1008 3426 1082 praedica-

1860 1144 1945 1191 tor
1976 1100 2189 1193 debeat,
2230 1100 2323 1180 ne-
2347 1122 2413 1177 ad
2458 1131 2643 1175 casum
2688 1112 2903 1175 veniat;
2950 1102 3140 1179 procul
3168 1100 3329 1157 dubio
3376 1105 3433 1151 et

1859 1228 2175 1299 priusquam
2203 1216 2379 1274 cadat.
2418 1212 2553 1268 Nam
2611 1206 2892 1277 sequitur:
2927 1199 2987 1256 Si
3019 1206 3189 1253 autem
3235 1204 3294 1249 tu
3332 1208 3433 1246 an-

1865 1287 2195 1383 nuntiaveris.
2203 1311 2350 1381 justo
2376 1314 2430 1361 ut
2455 1320 2557 1359 non
2584 1305 2751 1371 peccet
2766 1296 2970 1367 justus,
2995 1298 3045 1345 et
3074 1287 3162 1343 ille
3187 1300 3292 1340 non
3318 1297 3437 1353 pec-

1864 1411 2075 1472 caverit,
2113 1406 2283 1461 vivens
2324 1402 2483 1464 rivet,
2525 1394 2649 1467 quia
2690 1384 3015 1445 aununtiasti
3057 1382 3103 1437 ei
3135 1393 3153 1433 :
3183 1387 3239 1433 tu
3263 1384 3438 1429 autem

1866 1470 2096 1556 animam
2129 1507 2271 1550 tuam
2292 1489 2528 1546 liberasti
2554 1482 2769 1557 (Ezech.
2797 1494 2878 1543 tu,
2907 1478 3002 1542 Ἥ,
3024 1472 3178 1544 etc.).
3208 1470 3269 1525 Si
3307 1480 3438 1538 ergo
3462 1515 3471 1523 .

1866 1590 2188 1662 praedicator
2214 1585 2334 1640 ideo
2358 1580 2607 1635 'animam
2639 1587 2792 1629 suam
2832 1565 3101 1628 liberavit,
3135 1561 3258 1632 quia
3292 1559 3441 1629 justo

1871 1698 1937 1739 ne
1980 1685 2231 1752 peccaret
2268 1671 2636 1735 annuntiavit,
2681 1680 2802 1723 cum
2835 1661 3012 1731 justus
3053 1657 3119 1712 ad
3161 1658 3444 1725 peccatum

1872 1780 2225 1851 praedicatore
2264 1779 2475 1828 tacente
2504 1763 2781 1827 ceciderit,
2805 1756 3150 1830 praedicator,
3195 1747 3323 1820 quia
3369 1751 3448 1798 ta-

188 1837 422 1856 υιι...υ..ν
454 1837 771 1852 unum-.-"
804 1837 892 1857 .--,
926 1837 1206 1862 τημιπ---
1874 1837 1889 1851 ,

142 1912 147 1919 ο
188 1903 290 1960 per
316 1889 521 1943 incerta
550 1894 655 1951 est,
687 1891 836 1938 tanto
855 1894 1070 1951 semper
1092 1893 1236 1933 mors
1255 1874 1563 1944 subripiens
1594 1868 1769 1925 timeri
1802 1869 1847 1930 Β
1872 1874 2003 1939 cuit,
2035 1885 2160 1926 reus
2188 1875 2419 1922 tenetur.
2449 1860 2555 1916 Sed
2576 1856 2718 1928 quis,
2754 1865 2904 1922 rogo,
2948 1854 3192 1903 nostrum
3235 1837 3301 1893 ad
3331 1838 3448 1892 haec

2420 1953 2434 1960 -
2729 1953 2739 1960 .
2762 1959 2767 1960 ,
2824 1958 2832 1960 Α
2850 1958 2865 1960 _
2912 1946 2993 1960 -4.-
3005 1937 3146 1960 ,Ιειιιιηι
3171 1928 3424 1960 ΛΛ-ρἶἷαι

138 2016 147 2023 ο
194 1979 372 2042 debet,
403 1982 607 2047 quanto
644 1986 915 2043 nunquam
962 1967 1246 2040 praevideri
1274 1965 1433 2021 valet.
1486 1963 1629 2017 Bene
1676 1974 1772 2014 au-

144 2112 153 2118 .
194 2078 307 2126 tem
364 2067 670 2138 superbiam
719 2064 868 2135 impii
922 2060 1258 2135 tyrannidem
1318 2064 1508 2119 vocat;
1556 2052 1773 2125 proprie

139 2196 147 2207 -
192 2165 339 2221 enim
387 2172 647 2236 tyrannus
690 2158 887 2215 dicitur
935 2156 1028 2228 qui
1063 2154 1117 2211 in
1160 2151 1308 2208 omni
1359 2148 1628 2221 republica
1666 2160 1774 2201 non

145 2298 153 2309 .
190 2251 316 2325 jure
338 2251 675 2324 principatur
701 2268 714 2304 :
744 2248 837 2304 sed
866 2245 1143 2303 sciendum
1183 2234 1438 2312 esu—quia
1465 2239 1640 2294 omnis
1681 2252 1773 2292 su-

146 2376 157 2383 ~
192 2345 395 2416 perbus
416 2342 570 2411 juxta
599 2341 815 2396 modum
851 2338 1127 2409 proprium
1168 2332 1507 2407 tyrannidem
1535 2316 1773 2385 exercet.

196 2437 334 2492 Nam
378 2436 934 2506 quodnonnunquam
973 2430 1107 2485 alius
1134 2428 1188 2481 in
1234 2424 1527 2495 republica,
1559 2422 1662 2475 hoc
1696 2425 1780 2475 est

194 2544 297 2600 per
320 2535 598 2598 acceptam
627 2523 921 2596 dignitatis
942 2513 1263 2591 potentiam,
1295 2516 1432 2571 alius
1476 2512 1528 2567 in
1558 2510 1779 2581 provin-

156 2666 161 2675 .
199 2619 305 2685 cia,
348 2617 487 2674 alius
527 2617 582 2672 in
616 2616 855 2678 civitate,
901 2612 1038 2668 alius
1082 2611 1136 2666 in
1176 2610 1336 2664 domo
1364 2604 1601 2677 propria,
1648 2602 1784 2656 alius

202 2724 300 2781 per
326 2708 584 2763 latentem
628 2705 924 2775 nequitiam
954 2704 1056 2781 boc
1078 2707 1297 2755 exercet
1333 2697 1471 2766 apud
1507 2710 1567 2750 se
1600 2693 1653 2747 in
1700 2705 1787 2747 co-

201 2780 461 2871 gitatione
489 2811 618 2862 sua;
647 2809 749 2851 nec
795 2780 1035 2848 intuetur
1060 2789 1317 2844 Dominus
1346 2796 1604 2856 quantum
1633 2781 1785 2853 quis-

203 2906 310 2963 que
335 2890 461 2948 mali
503 2889 681 2944 valeat
709 2886 909 2950 facere,
944 2884 1038 2940 sed
1063 2889 1324 2953 quantum
1356 2878 1515 2942 velit;
1560 2885 1633 2942 et,
1661 2888 1788 2930 cum

152 2986 175 3014 ὀ
205 2985 356 3041 deest
376 2992 617 3056 potestas
641 2980 798 3045 foris,
824 2977 963 3051 apud
988 2992 1046 3033 se
1074 2983 1335 3046 tyrannus
1367 2980 1451 3029 est
1473 2970 1557 3026 cui
1586 2967 1790 3037 iniqui-

208 3082 292 3130 tas
312 3055 629 3129 dominatur-
654 3072 827 3136 intus;
869 3069 992 3139 quia
1034 3066 1144 3122 etsi
1176 3063 1414 3121 exterius
1456 3075 1563 3115 non
1605 3055 1795 3127 afﬂigit

207 3164 499 3235 proximos,
533 3161 859 3217 intrinsecus
894 3167 1075 3213 tamen
1109 3155 1311 3210 habere
1338 3156 1657 3223 potestatem
1698 3159 1792 3215 ap:

208 3255 340 3326 petit
372 3263 433 3309 ut
481 3249 679 3337 adligat
723 3270 736 3304 :
776 3259 830 3306 et
877 3249 1001 3319 quia
1042 3218 1382 3317 omnipotens
1434 3242 1574 3297 Deus
1621 3238 1787 3295 corda
1817 3218 1862 3280 Ο

210 3355 424 3418 pensat,
453 3346 566 3417 jam
591 3331 644 3400 in
671 3344 790 3415 ejus
815 3342 985 3399 oculis
1029 3339 1223 3410 impius
1256 3336 1383 3392 fe‘cit
1411 3333 1553 3405 quod
1583 3331 1788 3403 cogita-

213 3437 306 3492 vit.
338 3435 418 3491 Ad
456 3437 560 3491 hoc
585 3444 763 3491 autem
794 3432 1037 3489 conditor
1066 3436 1249 3485 noster
1274 3427 1446 3481 latere
1494 3438 1595 3479 nos
1616 3420 1791 3477 voluit

212 3527 373 3582 tinem
401 3534 670 3591 nostrum,
700 3533 777 3590 ut,
817 3522 946 3579 dum
972 3520 1165 3577 incerti
1208 3532 1393 3575 sumus
1433 3516 1646 3587 quando
1676 3527 1790 3570 mo-

211 3619 436 3685 riamur,
468 3630 682 3686 semper
724 3615 789 3671 ad
838 3623 1067 3669 mortem
1110 3610 1285 3683 parati
1324 3607 1552 3664 inveniri
1595 3605 1791 3661 debea-

214 3724 334 3764 mus
384 3707 479 3781 [αι.
550 3704 934 3779 inveniamur].
990 3704 1144 3762 Unde
1189 3711 1339 3761 recte
1381 3709 1663 3772 postquam
1710 3696 1792 3752 di-

211 3808 358 3858 ctum
387 3807 472 3856 est
498 3818 512 3854 :
542 3798 754 3854 Cunctis
772 3798 953 3853 diebus
981 3796 1091 3853 suis
1110 3795 1301 3865 impius
1325 3790 1574 3863 superbit,
1600 3786 1793 3857 adjun-

212 3893 308 3965 git,
334 3900 381 3948 et
420 3907 667 3948 numerus
691 3905 951 3945 annorum
994 3887 1222 3942 incertus
1248 3893 1324 3940 est
1347 3880 1643 3954 tyrannidis
1679 3876 1794 3947 ejus

215 3986 335 4060 (Job
387 4002 477 4052 xv,
512 3986 625 4057 20).
670 3984 747 4041 Ac
774 3983 820 4038 si
849 3990 1033 4053 aperte
1074 3980 1384 4036 diceretur:
1408 3974 1518 4029 Cur
1546 3971 1700 4042 quasi
1726 3970 1796 4025 de

216 4087 365 4135 certo
390 4054 686 4143 extollitur,
731 4073 886 4145 cujus
926 4072 1037 4127 vita
1077 4071 1175 4126 sub
1199 4083 1357 4139 poena
1397 4054 1799 4123 incertitudinis

219 4171 461 4228 tenetur?
487 4171 592 4227 Sed
621 4169 962 4239 omnipotens
1006 4165 1147 4218 Deus
1173 4176 1337 4232 prave
1366 4157 1661 4230 agentibus.
1690 4162 1799 4210 nun

218 4264 388 4321 solum
410 4272 639 4320 ventura
670 4259 931 4331 supplicia
964 4264 1226 4317 reservat,
1268 4253 1359 4308 sed
1389 4264 1574 4307 eorum
1610 4247 1798 4312 corda,

220 4358 306 4413 hic
329 4357 492 4414 etiam
527 4356 618 4411 ubi
638 4354 979 4423 delinquunt,
1010 4348 1188 4421 piceis
1218 4345 1472 4416 implicat,
1502 4352 1561 4398 ut
1589 4357 1655 4398 eo
1682 4342 1800 4412 ipso

218 4464 325 4519 quo
350 4457 581 4521 peccant
616 4445 938 4515 semetipsos
980 4441 1214 4506 feriant;
1250 4446 1329 4504 ut,
1362 4452 1574 4509 semper
1603 4434 1800 4507 trepidi

219 4555 535 4612 semperque
565 4536 820 4608 suspecti,
864 4533 1003 4590 mala
1028 4532 1097 4588 ab
1124 4531 1242 4586 aliis
1265 4530 1377 4601 pati
1410 4535 1653 4583 metuant
1680 4540 1800 4597 qua:

218 4648 276 4689 se
303 4632 424 4689 aliis
465 4631 659 4687 fecisse
683 4624 1073 4697 meminerint.]
1100 4623 1141 4695 -ι-
1171 4623 1271 4691 Qui
1306 4629 1485 4677 tamen
1521 4619 1801 4676 evidenter

229 4726 287 4780 tle
309 4723 546 4795 peccatis
580 4736 699 4792 quae
736 4728 860 4776 sunt
889 4732 1061 4788 ptena:
1091 4723 1435 4785 peccatorum
1481 4711 1533 4766 in
1569 4708 1800 4781 Exposi-

227 4816 365 4871 .ione
411 4812 659 4869 Ezechiel
702 4812 973 4883 propheta:
1012 4806 1243 4863 Homilia
1268 4805 1355 4872 li,
1386 4803 1559 4875 partis
1590 4799 1799 4873 prima,

225 4911 292 4963 ita
316 4906 610 4964 disseruit:
1214 4940 1225 4951 .
1758 4914 1761 4919 '

293 4999 424 5074 [Sed
468 4998 537 5054 Et
573 5000 617 5053 si
652 5012 927 5053 conversus
960 5003 1142 5066 Justus
1170 5010 1201 5046 a
1223 4990 1433 5062 justitia
1480 5005 1578 5044 sua
1622 4987 1802 5058 fecerit

226 5091 567 5163 iniquitatem,
594 5104 785 5159 ponam
813 5083 1184 5157 a/I'endiculum
1209 5097 1386 5137 coram
1417 5096 1498 5134 eo.
1540 5077 1662 5150 Ipse
1686 5071 1804 5131 mo-

226 5185 409 5245 rietur,
429 5183 554 5254 quia
585 5197 690 5235 non
712 5177 1036 5235 annuntiasti
1065 5176 1112 5231 ei
1135 5190 1152 5228 :
1178 5176 1235 5229 in
1261 5182 1472 5245 peccato
1494 5186 1589 5225 suo
1617 5168 1809 5223 morie-

226 5288 330 5344 tur,
364 5286 409 5331 et
439 5290 540 5331 non
579 5284 727 5330 erunt
751 5274 807 5327 in
831 5271 1081 5326 memoria
1115 5267 1339 5339 justitite
1363 5264 1477 5335 ejus
1506 5278 1636 5336 quas
1666 5259 1807 5332 fecit.

230 5368 549 5436 Sanguinem
576 5380 694 5420 vero
733 5362 847 5433 ejus
877 5360 941 5415 de
975 5374 1135 5413 manu
1172 5367 1264 5412 tua
1295 5356 1560 5426 requiram
1587 5350 1805 5423 (Επειδὴ.

229 5473 308 5519 Ill,
336 5457 449 5527 ευ).
484 5455 622 5523 Quia
644 5453 793 5523 justo
817 5451 907 5521 qui
952 5451 1005 5505 in
1040 5458 1264 5519 peccato
1300 5443 1577 5510 ceciderit,
1607 5439 1837 5512 praedi-‘

228 5557 381 5605 cator
414 5548 600 5611 tacuit,
624 5545 741 5617 ejus
770 5542 1047 5614 sanguinis
1072 5539 1194 5613 [al.,
1234 5536 1520 5610 sanguine]
1557 5550 1682 5591 reus
1728 5541 1808 5589 te-

230 5651 409 5707 netur,
441 5650 498 5697 et
528 5640 619 5711 qui
642 5637 904 5695 sollicitus
939 5648 1059 5691 esse
1083 5650 1190 5689 non
1230 5632 1435 5688 studuit
1462 5632 1518 5686 in
1546 5630 1811 5701 praedica-

232 5737 398 5800 tione,
432 5734 612 5790 factus
641 5741 723 5787 est
746 5730 1017 5800 particeps
1044 5729 1096 5783 in
1134 5727 1503 5782 damnatione.
1536 5723 1641 5781 Sed
1686 5738 1810 5779 cum

230 5823 432 5887 dicitur
457 5840 472 5882 :
494 5820 565 5881 In
594 5828 807 5901 peccato
827 5834 925 5877 suo
941 5819 1212 5887 morietur,
1243 5824 1290 5872 et
1315 5832 1418 5872 non
1442 5824 1596 5870 erunt
1623 5817 1676 5871 in
1706 5830 1812 5871 me~

1873 1928 2100 2023 sulliciat
2125 1970 2185 2016 ut
2211 1974 2320 2014 non
2358 1953 2528 2011 solum
2560 1953 2872 2021 peccatores
2908 1937 3147 1995 studiOSe
3169 1928 3447 2000 corripiat,

1874 2058 1969 2116 sed
1999 2050 2162 2110 etiam
2189 2048 2349 2122 justis
2382 2018 2622 2113 invigilat
2650 2052 2717 2093 ne
2757 2029 2993 2091 cadant?
3028 2040 3126 2083 nos
3166 2021 3333 2087 enim,
3362 2018 3448 2072 in-

1830 2149 1837 2156 ’
1875 2145 2146 2205 ﬁrmitatis
2175 2148 2374 2196 nostra:
2398 2131 2623 2197 conscii,
2652 2142 2775 2185 cum
2795 2123 2972 2193 justus
3002 2118 3149 2173 viros
3176 2107 3451 2180 conspici—

1880 2299 2116 2387 teneant,
2149 2333 2307 2391 quam
2338 2316 2467 2387 quia
2504 2314 2688 2367 tenent
2711 2303 2988 2366 videmus;
3021 2303 3077 2352 et
3106 2303 3288 2348 tamen
3316 2299 3455 2357 pne-

1880 2415 2138 2475 dicatoris
2167 2376 2253 2468 est
2281 2376 2516 2464 debitum
2559 2399 2721 2457 etiam
2750 2396 2925 2467 justas
2962 2388 3272 2443 admonere.
3306 2376 3459 2434 Unde

1882 2470 2205 2581 praedicator
2230 2497 2477 2571 egregius
2505 2492 2713 2549 dicebat
2737 2502 2752 2542 :
2781 2480 3111 2554 Sapientibus
3138 2483 3186 2530 et
3210 2470 3465 2541 insipien-

1886 2562 2021 2657 iibus
2051 2597 2252 2652 debitor
2264 2562 2396 2646 sum
2423 2585 2596 2660 (Rom.
2630 2599 2671 2648 ι,
2704 2579 2810 2651 14).
2839 2576 2896 2630 lu
2924 2572 3010 2628 his
3036 2584 3169 2660 vero
3186 2562 3459 2626 omnibus,

1842 2716 1849 2723 ι
1886 2707 2006 2762 qua:
2054 2690 2119 2743 de
2154 2687 2302 2757 justo
2330 2681 2397 2735 ad
2447 2675 2783 2747 iniquitatem
2827 2677 3086 2722 converso
3124 2659 3267 2715 dicta
3314 2661 3460 2719 sunt,

2017 2788 2102 2835 est
2126 2745 2453 2833 laboriosum
2479 2745 2557 2823 adv
2586 2761 2935 2835 loquendum,
2963 2757 3067 2813 hoc
3107 2750 3262 2806 valde
3296 2745 3464 2838 perti-

1894 2858 2239 2928 mescendum
2266 2861 2408 2933 quod
2448 2856 2708 2915 Dominus
2737 2850 2904 2906 dicit:
2929 2844 3134 2901 Ponam
3173 2835 3464 2910 offendicu-

1892 2964 2001 3020 lum
2031 2974 2207 3015 coram
2238 2969 2317 3010 eo.
2354 2951 2445 3005 Ait
2464 2947 2648 3003 enim:
2677 2941 2738 2999 Si
2762 2952 3036 2995 conversus
3060 2932 3238 3004 justus
3263 2924 3469 2997 ajusti-

1894 3054 1968 3109 tia
2013 3068 2111 3106 sua
2144 3047 2323 3119 fecerit
2359 3039 2705 3111 iniquitatem,
2746 3044 2937 3103 ponam
2969 3018 3344 3095 offendiculum
3382 3030 3471 3068 ιο-

1891 3104 2113 3200 eo
2143 3104 2359 3212 '(Ezech.
2401 3104 2484 3198 ni,
2531 3128 2645 3200 20).
2696 3124 2806 3179 Nos
2845 3119 2993 3176 enim
3052 3112 3282 3169 dicimus
3319 3104 3467 3210 quia,

1893 3237 1940 3293 si
1969 3196 2305 3303 iniquitatem
2328 3222 2540 3288 fecerit,
2568 3215 2820 3279 offendit;
2844 3218 2902 3265 et
2928 3220 3115 3263 verum
3145 3211 3229 3258 est
3250 3196 3472 3254 omnino

1895 3327 2036 3401 quod
2068 3322 2299 3379 dicimus
2327 3332 2341 3371 :
2376 3330 2475 3371 cur
2498 3312 2676 3368 adhuc
2701 3306 2749 3362 ei
2777 3304 2920 3359 Deus
2947 3295 3288 3365 omnipotens
3309 3288 3474 3358 oﬁ'en—

1892 3382 2126 3475 dicutum
2149 3418 2333 3485 ponet,
2347 3420 2508 3478 quem
2519 3401 2630 3471 jam
2646 3396 2811 3468 impie
2822 3392 3015 3463 egisse,
3034 3395 3090 3442 et
3102 3382 3364 3440 cecidisse
3377 3391 3476 3448 per

1893 3469 2233 3581 iniquitatem
2254 3469 2415 3573 quam
2443 3469 2794 3568 perpetravit,
2819 3478 3118 3553 conspicit?
3149 3474 3257 3531 Sed
3285 3469 3473 3529 distri-

1893 3571 2132 3662 cta-sunt
2152 3571 2539 3666 omnipotentis
2561 3587 2654 3642 Dei
2673 3581 2889 3655 judicia,
2927 3584 2983 3631 et
3015 3571 3106 3643 qui
3136 3574 3479 3641 peccatorem

1895 3700 1984 3756 diu
2009 3698 2286 3765 exspectat
2305 3695 2363 3743 ut
2388 3683 2590 3744 redeat,
2620 3691 2727 3731 non
2756 3667 3002 3728 redeunti
3042 3672 3203 3733 atque
3240 3666 3482 3716 eontem-

1897 3752 2045 3842 nenti
2084 3752 2237 3853 ponit
2276 3777 2451 3832 adhuc
2488 3769 2577 3826 ubi
2621 3764 2838 3840 gravius
2883 3758 3163 3828 impingat.
3191 3752 3482 3808 Peccatum

1896 3844 2256 3948 quippe-quod
2290 3880 2387 3938 per
2415 3857 2788 3934 paenitentiam
2817 3851 2979 3908 citius
2998 3862 3104 3903 non
3134 3844 3361 3907 deletur,
3389 3845 3484 3894 aut

1896 3941 2178 4039 peccatum
2203 3967 2287 4017 est
2312 3967 2368 4013 et
2387 3967 2552 4011 causa
2574 3945 2808 4021 peccati,
2825 3950 2918 3999 aut
2938 3945 3221 4014 peccatum
3248 3941 3302 3989 et
3322 3942 3484 4004 poena

1899 4023 2128 4130 peccati,
2158 4060 2251 4109 aut
2292 4056 2574 4122 peccatum
2601 4039 2760 4100 simul
2786 4050 2950 4095 causa
2976 4042 3032 4091 et
3064 4042 3225 4104 poena
3248 4023 3481 4099 peccati.

1900 4123 2073 4207 Dmne
2112 4145 2256 4202 enim
2283 4139 2428 4213 quod
2454 4137 2605 4210 prius
2654 4129 3030 4213 committitur,
3058 4128 3340 4195 peccatum
3367 4123 3482 4183 est;

1903 4204 2016 4308 sed,
2048 4240 2094 4297 si
2121 4239 2281 4295 citius
2301 4204 2619 4306 paenitendo
2668 4240 2776 4282 non
2806 4204 3054 4293 tergitur,
3098 4217 3247 4289 justo
3281 4211 3488 4285 judicio

1903 4303 2251 4403 omnipotens
2286 4303 2428 4382 Deus
2455 4321 2746 4394 obligatam
2772 4314 3044 4389 peccantis
3067 4310 3192 4385 [al.,
3226 4303 3488 4380 peccatis]

1904 4399 2140 4482 mentem
2171 4420 2331 4476 etiam
2374 4417 2427 4471 in
2458 4413 2670 4484 culpam
2699 4409 2925 4465 alteram
2976 4401 3241 4476 permittit
3271 4399 3487 4462 cadere,

1873 4524 1967 4572 'ut
2000 4514 2091 4585 qui
2121 4510 2295 4566 ﬂendo
2337 4517 2391 4565 et
2444 4502 2764 4575 corrigendo
2820 4498 2993 4554 noluit
3043 4491 3305 4549 mundare
3344 4487 3492 4559 quod

1825 4578 1879 4639 Β
1905 4578 2055 4672 fecit,
2086 4608 2366 4675 peccatum
2394 4596 2618 4667 incipiat
2641 4599 2863 4666 peccato
2889 4585 3181 4645 cumulare.
3197 4580 3490 4637 Peccatum

1905 4714 2036 4772 ergo
2079 4695 2219 4768 quod
2247 4686 2577 4765 poenitentiae
2618 4688 2855 4741 lamento
2884 4692 2989 4737 non
3021 4676 3265 4739 diluitur,
3290 4683 3489 4742 pecca-

1910 4761 2022 4846 tum
2059 4786 2218 4844 simul
2250 4761 2332 4841 est
2364 4791 2421 4839 et
2449 4794 2613 4837 causa
2640 4775 2878 4850 peccati;
2910 4771 3035 4843 quia
3063 4783 3129 4824 ex
3181 4764 3274 4821 illo
3319 4761 3494 4818 oritur

1909 4884 2052 4939 unde
2093 4880 2268 4936 adhuc
2328 4872 2631 4947 peccatoris
2683 4868 2897 4925 animus
2940 4862 3150 4918 arctius
3191 4857 3491 4928 obligetur;

1884 4982 2191 5049 peccatum
2224 4984 2350 5027 vero
2378 4965 2521 5038 quod
2564 4981 2628 5021 ex
2660 4967 2883 5035 peccato
2909 4954 3176 5026 sequitur,
3216 4954 3498 5022 peccatum

1913 5038 2073 5124 simul
2113 5069 2273 5120 estet
2300 5073 2460 5132 paena
2499 5056 2733 5129 peccati,
2768 5050 2915 5123 quia,
2962 5049 3311 5103 excrescente
3339 5038 3499 5097 caeci-

1914 5168 2045 5225 tate,
2097 5173 2162 5213 cx
2207 5151 2562 5210 retributione
2606 5144 2799 5218 prioris
2852 5140 3021 5210 culpae
3074 5136 3389 5208 generatur,
3434 5136 3498 5185 ut

1916 5222 2071 5324 quasi
2112 5250 2224 5321 jam
2276 5244 2522 5316 quaedam
2564 5241 2672 5295 sint
2727 5236 2782 5291 in
2842 5238 3131 5305 peccatore
3192 5222 3502 5297 supplicia,

1917 5345 2034 5416 ipsa
2078 5342 2409 5397 incrementa
2441 5334 2713 5389 vitiorum.
2742 5325 2830 5382 Fit
2864 5339 2995 5380 vero
3025 5328 3410 5387 nonnunquam
3438 5317 3506 5368 ut

1917 5412 2084 5494 unum
2113 5436 2362 5501 idemque
2381 5433 2681 5499 peccatum,
2712 5430 2769 5478 et
2794 5426 3074 5492 peccatum
3115 5412 3207 5478 sit,
3251 5418 3307 5466 et
3334 5414 3502 5478 pretia

1912 5531 2146 5607 peccati,
2183 5524 2345 5607 simul
2374 5530 2428 5577 et
2476 5534 2637 5575 causa
2684 5514 2913 5589 peccati.
2964 5511 3166 5567 Ponam
3193 5504 3335 5562 enim
3376 5504 3506 5556 ante

1916 5598 2099 5682 oculos
2144 5599 2448 5689 quempiam
2499 5624 2614 5665 rem
2653 5605 2883 5680 proximi
2934 5598 3285 5670 concupisse,
3335 5604 3503 5665 quam

1919 5678 2044 5787 quia
2074 5678 2257 5781 aperte
2296 5678 2403 5759 non
2434 5700 2623 5766 valuit,
2652 5678 2795 5752 furto
2821 5691 3085 5763 diripuit;
3134 5686 3228 5744 sed
3261 5686 3317 5742 in
3371 5678 3503 5737 furti

1921 5775 2268 5871 accusatione
2311 5797 2524 5873 positus
2559 5810 2619 5853 se
2654 5794 2795 5852 hanc
2840 5787 3126 5862 diripuisse
3148 5775 3505 5861 jurejurando
