4010 6352
662 329 800 386 1279

1662 328 1723 384 s.
1763 327 2141 386 PRUDENTII
2183 329 2564 386 rnacnusrs
2601 327 2910 390 EPISCOPl
3679 356 3754 412 ηερ
3815 298 3819 408 ’,

665 433 1133 517 denegavi?.'iluic
1151 456 1279 513 ergo
1307 414 1738 512 concupiscentia
1767 451 2049 510 peccatum
2071 442 2171 497 fuit
2193 451 2248 497 et
2272 443 2323 504 Α
2349 445 2661 511 ptenitendo
2689 444 2861 500 noluit
2887 444 2978 498 ubi
3008 442 3116 514 jam
3140 444 3366 518 impegit,
3383 446 3510 518 justo
3529 465 3621 509 eum
3639 460 3759 529 judicio

664 552 825 592 causa
852 534 1084 607 peccati,
1115 533 1240 603 quia
1289 547 1385 601 per
1414 546 1535 586 eam
1578 531 1824 599 pervenit
1863 531 1931 586 ad
1963 533 2241 602 rapinam;

667 645 838 700 ipsum
870 643 1000 682 vero
1023 625 1222 681 furtum
1251 638 1357 694 quo
1385 639 1500 678 rem
1538 624 1880 693 concupitam
1913 624 2154 694 diripuit,
2193 633 2248 678 et

669 731 953 792 peccatum
1000 720 1050 774 ei
1098 717 1299 773 factum
1335 724 1418 772 est
1447 725 1502 771 et
1541 730 1701 786 paena
1743 717 1970 787 peccati,
2021 717 2144 787 quia
2180 733 2246 771 ex

670 819 1024 874 retributione
1059 815 1171 884 jam
1218 829 1322 868 non
1377 827 1638 883 repressae
1683 813 2131 881 concupiscentiae
2171 812 2247 867 fa-

668 922 813 968 ctum
840 919 923 965 est
967 915 1025 962 ut
1071 906 1280 961 veniret
1306 906 1374 959 ad
1415 903 1640 966 furtum,
1685 911 1741 958 et
1769 905 1924 973 culpa
1952 904 2130 959 cordis
2157 919 2250 958 ex-

669 1005 937 1056 cresceret
965 997 1019 1051 in
1048 1010 1210 1067 Opere
1244 1011 1311 1050 ex
1340 993 1459 1066 [al.,
1489 993 1565 1066 et]
1588 993 1810 1050 ‘ultione
1835 994 2123 1060 caecitatis;
2156 995 2251 1049 sed

675 1089 797 1158 quia
822 1088 1023 1141 furtum
1054 1084 1292 1157 perjurio
1321 1095 1499 1154 tegere
1541 1085 1770 1150 curavit,
1796 1101 1858 1140 ex
1889 1095 2110 1156 peccato
2139 1101 2253 1140 rur-

667 1194 784 1234 sum
816 1188 1095 1248 peccatum
1127 1178 1329 1248 genuit.
1373 1177 1596 1230 Furtum
1625 1191 1754 1247 ergo
1775 1179 1919 1247 quod
1962 1193 2028 1232 ex
2056 1193 2267 1232 concu-.

667 1270 929 1340 piseentia
974 1268 1260 1338 processit,
1292 1276 1349 1322 et
1369 1267 1664 1336 perjurium
1695 1267 1937 1337 protulit,
1971 1276 2250 1338 peccatum

669 1379 699 1418 e
725 1377 881 1432 paena
906 1362 1116 1433 peccati
1144 1360 1344 1416 factum
1382 1369 1486 1425 est,
1510 1360 1676 1430 culpae
1702 1360 2021 1430 praecedenti
2064 1376 2255 1430 pecca-

672 1462 806 1518 tum,
848 1462 904 1508 ει
953 1467 1118 1508 causa
1152 1452 1361 1521 peccati
1409 1451 1578 1522 culpa:
1619 1451 1987 1521 subsequenti,
2031 1452 2155 1521 quia
2188 1452 2255 1507 de

672 1545 761 1600 illa
793 1554 978 1600 natum
1009 1545 1153 1600 hanc
1187 1545 1388 1616 genuit.
1409 1543 1562 1610 Quod
1591 1543 1727 1598 bene
1760 1542 1958 1598 Paulus
1982 1543 2255 1612 apostolus

673 1637 738 1690 de
766 1636 1088 1706 quibusdam
1126 1636 1292 1690 Deum
1336 1633 1776 1704 intelligentibus,
1823 1634 1914 1688 sed
1938 1649 2044 1688 non
2081 1634 2256 1688 hono-

673 1728 938 1791 rantibus,
954 1726 1189 1780 insinuat
1208 1727 1390 1780 dicens
1410 1744 1420 1777 :
1438 1725 1567 1779 Cum
1582 1725 1933 1794 cognovissent
1950 1724 2135 1789 Deum,
2152 1741 2256 1778 non

2348 533 2622 598 deserens,
2647 550 2841 604 ponam
2869 535 2918 590 ei
2947 543 3004 589 ut
3028 543 3082 590 et
3112 535 3232 591 alibi
3263 539 3508 611 impingat.
3523 547 3637 612 Quod
3657 563 3761 614 tamen
3821 593 3823 596 .

2348 625 2556 678 Domini
2595 642 2814 694 ponere,
2858 635 2941 680 est
2962 641 3293 699 nequaquam
3328 633 3388 686 ad
3423 641 3676 702 peccandum
3699 663 3762 715 μω.
3809 641 3814 646 ’

2350 728 2518 779 mere,
2546 715 2640 769 sed
2688 715 2828 770 nolle
2869 732 2898 770 a
2938 729 3164 786 peccato
3209 719 3451 789 liberare;
3494 728 3606 783 sicut
3625 735 3670 788 de
3689 736 3763 793 Pha-

2352 821 2516 860 raone
2544 807 2765 861 dicitur:
2787 807 2900 877 Ego
2930 810 3185 863 indurabo
3222 829 3308 864 cor
3334 814 3436 882 ejus
3458 815 3615 887 (Exod.
3636 839 3685 887 tv,
3705 828 3761 888 2|},

2351 895 2467 950 Non
2509 899 2653 951 enim
2691 914 2785 951 cor
2813 900 3088 967 peccantis
3121 900 3367 957 Dominus
3395 906 3607 974 obdurat;
3634 918 3694 967 sed
3714 925 3768 970 at.

2353 989 2555 1043 durare
2577 990 2795 1055 dicitur,
2812 1006 2933 1045 cum
2954 992 3021 1046 ab
3048 993 3393 1048 obduratione
3406 1013 3496 1051 non
3517 999 3766 1062 liberalJlisz.

2353 1079 2526 1133 ricors
2551 1079 2696 1134 enim
2735 1079 2876 1135 Deus
2903 1091 3112 1151 tempus
3143 1083 3295 1138 nobis
3325 1086 3385 1138 ad
3426 1091 3708 1154 ptenitentiam
3727 1116 3768 1148 re.

2354 1168 2534 1235 laxat;
2582 1171 2675 1226 sed
2707 1211 2722 1236 ,
2783 1187 2904 1227 cum
2950 1171 3065 1240 ejus
3113 1175 3295 1244 gratia:
3339 1179 3604 1244 patientiam
3647 1200 3711 1236 nos
3739 1190 3770 1240 at

2355 1270 2700 1332 augmentum
2741 1263 3000 1317 vertimus
3059 1264 3265 1333 culpae,
3307 1265 3400 1320 hoc
3444 1267 3586 1336 ipsum
3622 1281 3771 1341 tempus,

2356 1355 2500 1423 quod
2533 1355 2599 1408 ad
2621 1356 2947 1424 parcendum
2991 1357 3079 1426 pie
3111 1358 3386 1426 disposuit,
3416 1351 3655 1417 districtius
3681 1366 3720 1417 ad
3737 1367 3775 1420 te-

2357 1447 2604 1502 riendum
2631 1447 2824 1509 vertit;
2866 1455 2926 1500 ut
2972 1463 3093 1501 cum
3151 1449 3348 1502 reverti
3390 1451 3496 1519 quis
3529 1453 3651 1506 etiam
3680 1459 3777 1524 spatio

2359 1537 2615 1608 temporis
2645 1546 2866 1607 accepto
2896 1537 3148 1602 noluerit,
3181 1553 3276 1606 per
3306 1540 3401 1593 hoc
3436 1540 3552 1594 mala
3579 1558 3650 1595 sua
3671 1547 3712 1597 ad
3735 1562 3778 1598 re-

2361 1637 2507 1683 atum
2536 1637 2751 1697 augeat,
2781 1643 2878 1698 per
2898 1627 3038 1698 quod
3064 1644 3126 1682 ea
3158 1629 3361 1684 diluere
3383 1631 3552 1699 potuit,
3579 1633 3613 1686 si
3639 1639 3779 1691 converti

2360 1721 2634 1776 voluisset.
2671 1721 2823 1776 Unde
2867 1721 3126 1790 scriptum
3153 1730 3238 1775 est
3265 1739 3276 1774 :
3312 1720 3514 1791 Ignoras
3539 1727 3714 1793 quoniam
3738 1732 3782 1780 te-

673 1818 806 1870 sicut
846 1816 1011 1870 Deum
1057 1815 1499 1886 gloriﬁcaverunt,
1533 1824 1621 1867 aut
1655 1815 1853 1884 gratias
1892 1824 2126 1884 egerunt,
2165 1814 2254 1868 sed
2288 1798 2330 1856 Β
2362 1813 2584 1882 nignitas
2627 1812 2723 1866 Dei
2768 1813 2836 1866 ad
2873 1811 3227 1882 paenitentiam
3266 1823 3312 1866 te
3342 1813 3567 1868 adducit?
3599 1813 3783 1869 Secundus

675 1916 995 1962 evanuerunt
1024 1908 1078 1960 in
1104 1906 1506 1977 cogitationibus
1519 1907 1626 1959 suis
1643 1903 1815 1976 (Rom.
1836 1921 1874 1970 ι,
1892 1905 2002 1975 21).
2023 1906 2161 1960 Ecce
2175 1913 2258 1960 est

677 2007 954 2069 peccatum
981 2007 1032 2053 et
1051 2014 1213 2054 causa
1236 2001 1461 2067 peccati,
1495 2015 1560 2054 ex
1589 2015 1693 2068 qua
1721 2014 1880 2052 causa
1915 1999 2044 2068 quid
2068 2015 2259 2068 sequa-

675 2099 766 2145 tur
787 2089 1029 2161 adjungit
1057 2109 1070 2145 :
1105 2090 1171 2143 Et
1195 2090 1526 2143 obscuratum
1557 2100 1628 2143 est
1659 2089 1903 2158 insipiens
1927 2107 2017 2142 cor
2037 2106 2215 2144 eorum
2239 2109 2256 2146 :

677 2183 902 2237 dicentes
929 2184 1066 2236 enim
1108 2199 1161 2236 se
1191 2199 1299 2236 esse
1346 2181 1625 2252 sapientes,
1656 2181 1801 2234 stulti
1838 2182 1964 2250 facti
2002 2192 2142 2236 sunt.
2191 2182 2259 2236 Et

678 2282 1004 2327 mutaverunt
1033 2271 1254 2343 gloriam
1297 2272 1705 2341 incorruptibilis
1736 2270 1833 2325 Dei
1864 2272 1917 2325 in
1960 2271 2262 2325 similitudi-

677 2380 793 2418 nem
839 2364 1085 2434 imaginis
1117 2362 1469 2433 corruptibilis
1513 2363 1759 2427 hominis,
1801 2373 1846 2416 et
1894 2363 2182 2427 volucrum,
2211 2372 2261 2417 et

681 2453 1118 2524 quadrupedum,
1181 2463 1226 2506 et
1278 2453 1591 2522 serpentium
1647 2453 1808 2524 (Ibid.
1865 2453 1954 2518 21,
2006 2454 2094 2517 22,
2143 2455 2256 2524 25).

678 2544 818 2600 Ecce
859 2553 941 2599 est
981 2552 1258 2614 peccatum
1296 2552 1349 2597 et
1398 2559 1552 2613 ptena
1586 2545 1824 2613 peccati,
1856 2545 1949 2599 sed
1977 2555 2260 2614 peccatum

676 2635 1014 2689 solummodo
1057 2644 1109 2689 et
1135 2650 1292 2704 prrna
1326 2635 1529 2704 peccati
1561 2643 1726 2700 esset,
1757 2635 1801 2690 si
1851 2651 1958 2689 non
1993 2637 2169 2690 adhuc
2194 2653 2260 2692 ex

683 2727 784 2782 hoc
808 2737 1028 2796 peccato
1055 2736 1108 2780 et
1157 2727 1301 2780 aliud
1328 2736 1662 2796 sequeretur.
1691 2728 1826 2783 Nam
1861 2739 1983 2798 post
2031 2730 2262 2785 inﬁdeli-

693 2828 857 2874 tatem
885 2835 1072 2873 eorum
1111 2819 1357 2874 subditur
1389 2837 1402 2872 :
1439 2817 1656 2888 Propter
1701 2821 1838 2890 quod
1871 2821 2088 2875 tradidit
2141 2821 2260 2876 illos

677 2911 820 2966 Deus
853 2911 906 2966 in
939 2911 1197 2965 desideria
1225 2911 1400 2965 cordis
1425 2927 1604 2965 eorum
1625 2953 1639 2977 ,
1685 2913 1737 2966 in
1772 2913 2180 2978 immunditiam,
2205 2925 2263 2968 ut

680 3005 1008 3058 contumeliis
1035 3005 1289 3074 a/ﬁcerent
1317 3020 1536 3074 corpora
1559 3022 1655 3058 sua
1680 3007 1734 3059 in
1779 3006 2064 3076 semetipsis
2096 3006 2258 3076 (Ibid.

676 3095 785 3164 24).
845 3096 982 3161 Quia
1029 3096 1188 3166 igitur
1253 3106 1611 3166 cognoscentes
1675 3095 1887 3161 Deum,
1961 3115 2064 3152 non
2129 3098 2262 3152 sicut

2358 1905 2609 1958 duritiam
2637 1915 2810 1958 autem
2849 1913 2993 1957 tuam
3023 1915 3069 1958 et
3113 1921 3205 1958 cor
3231 1904 3549 1973 imposuimus,
3581 1907 3784 1960 themriar

2361 1996 2452 2049 tibi
2479 1997 2613 2048 iram
2650 1996 2703 2049 in
2742 1996 2827 2049 die
2848 1995 2942 2048 ira:
2979 2005 3026 2048 et
3067 1995 3394 2049 reuelationis
3425 1996 3542 2064 justi
3571 1997 3784 2065 judiciibri.

2362 2087 2538 2157 (Rom.
2585 2103 2646 2150 tt,
2673 2086 2728 2152 4,
2764 2086 2862 2156 5.)
2912 2087 2986 2142 De
3007 2088 3343 2158 benignitate
3388 2103 3504 2158 ergo
3538 2091 3787 2158 omnipotentis

2361 2181 2456 2236 Dei
2481 2180 2617 2235 iram
2643 2180 2746 2234 sibi
2773 2181 2827 2235 in
2855 2181 2940 2236 die
2981 2181 3075 2235 ira:
3110 2181 3376 2250 reprobus
3414 2182 3788 2250 thesaurizat,quia.

2362 2274 2486 2327 dum
2525 2272 2590 2326 ad
2630 2273 3000 2341 paenitendum
3033 2282 3248 2343 tempus
3287 2273 3546 2341 accipitur,
3581 2282 3624 2325 et
3650 2273 3695 2325 ad

2362 2365 2590 2420 cundum
2618 2365 2906 2419 exhibetur
2922 2406 2936 2429 ,
2966 2365 3140 2434 ipsum
3165 2365 3456 2419 remedium
3481 2364 3632 2432 gratia:
3647 2365 3748 2417 vertit
3765 2363 3792 2414 in

2363 2466 2707 2529 augmentum
2733 2457 2922 2527 culpat.
2953 2457 3104 2513 Unde
3129 2467 3185 2512 et
3226 2459 3548 2526 omnipotens
3582 2457 3792 2522 Deus,qu':a

2363 2549 2552 2604 collata
2580 2549 2817 2603 remedia
2841 2549 3104 2618 conspicit
3125 2549 3189 2603 ad
3213 2550 3385 2620 culpas
3405 2558 3685 2618 augmentum
3703 2547 3793 2606 trahi,

2364 2640 2536 2709 ipsam
2567 2639 2956 2707 benignitatem
2987 2655 3150 2708 quam
3175 2639 3421 2702 contulit,
3464 2639 3510 2692 in
3533 2637 3796 2708 judiciidistri-

2367 2731 2599 2784 ctionem
2625 2729 2807 2783 vertit.
2847 2728 2917 2784 Ut
2966 2729 3089 2783 inde
3144 2728 3264 2800 [al.,
3313 2727 3448 2800 post]
3484 2743 3566 2797 per
3585 2725 3796 2792 ampliusle

2369 2821 2496 2885 riat,
2547 2822 2689 2876 unde
2731 2821 2891 2875 modo
2921 2819 3152 2890 amplius
3182 2826 3458 2888 exspectat
3483 2836 3495 2870 :
3525 2827 3570 2872 et
3594 2817 3684 2884 quia
3711 2816 3798 2868 homo

2367 2911 2615 2967 deserere
2645 2910 2844 2966 malum
2873 2925 2978 2964 non
3005 2909 3155 2972 vult,
3183 2916 3243 2961 ut
3272 2909 3435 2972 vivat,
3455 2916 3591 2975 auget
3621 2905 3797 2958 andem

2368 3006 2556 3060 riatur.
2599 3001 2704 3057 Sed
2751 3003 2863 3057 sive
2893 3000 3074 3071 justus
3115 3001 3169 3055 in
3205 3000 3364 3070 culpa
3388 3039 3402 3063 ,
3441 2999 3540 3053 sive
3573 3005 3748 3066 peccator
3773 2995 3800 3046 in

2369 3103 2543 3149 morte
2573 3101 2812 3158 corruat,
2851 3090 3174 3162 speculatori
3223 3091 3512 3145 timendum
3548 3099 3615 3143 est
3651 3102 3698 3140 nr
3722 3087 3800 3138 hunc

678 3186 846 3241 Deum
907 3157 1336 3256 glorificaverunt
1369 3186 1548 3258 (Ibid.
1601 3188 1662 3241 21
1688 3188 1704 3260 )
1729 3229 1743 3252 ,
1795 3205 1856 3242 ex
1915 3204 1980 3244 eo
2038 3203 2261 3260 peccato
2290 3157 2339 3222 δ
2368 3203 2434 3242 ex
2459 3201 2556 3240 suo
2578 3185 2790 3240 silentio
2815 3193 2996 3238 reatus
3021 3182 3362 3252 peccantium
3389 3181 3572 3251 pariter
3596 3173 3782 3244 int-olnt}

680 3284 733 3328 et
753 3290 913 3329 causa
939 3276 1166 3346 peccati,
1195 3276 1260 3330 ad
1289 3277 1390 3331 hoc
1424 3293 1637 3346 quoque
1680 3280 1920 3350 perducti
1949 3291 2075 3336 sunt
2102 3291 2160 3337 ut
2187 3284 2255 3338 ad

682 3365 883 3420 cultum
911 3367 1241 3435 serpentium
1265 3377 1319 3421 et
1347 3369 1622 3424 volucrum
1646 3369 1974 3426 laberentur.
2003 3373 2106 3428 Sed
2137 3374 2264 3443 quia

681 3474 779 3530 per
817 3460 956 3514 hanc
999 3459 1160 3514 etiam
1205 3461 1502 3515 cmeitatem
1551 3478 1721 3531 usque
1765 3463 1832 3517 ad
1865 3464 2261 3520 immunditiam

681 3559 740 3604 et
779 3549 960 3605 carnis
995 3551 1347 3606 contumelias
1397 3553 1729 3616 ceciderunt,
1766 3554 1879 3624 ipsa
1927 3555 2264 3612 inﬁdelitatis

681 3657 868 3698 eorum
916 3643 1130 3699 czecitas
1177 3644 1499 3714 praecedenti
1541 3645 1833 3700 intellectui
1877 3657 1932 3702 et
1980 3657 2262 3716 peccatum

683 3744 765 3790 est
795 3743 849 3791 et
895 3750 1053 3805 poena
1085 3736 1326 3804 peccati;
1359 3736 1709 3805 subscquenti
1753 3753 1882 3792 vero
1911 3739 2264 3794 immunditiac

683 3833 963 3894 peccatum
993 3823 1135 3878 facta
1154 3832 1242 3878 est
1272 3833 1326 3879 et
1347 3841 1510 3880 causa
1539 3827 1764 3895 peccati.
1799 3827 1904 3882 Sed
1929 3829 2055 3898 quia
2082 3830 2149 3884 de
2181 3831 2266 3886 liis

683 3915 738 3968 in
781 3914 932 3968 libris
973 3913 1266 3969 moralibus
1300 3914 1389 3969 diu
1431 3923 1720 3970 tractatum
1767 3927 1870 3982 est,
1923 3918 2078 3973 nobis
2121 3935 2265 3974 nunc

683 4007 884 4062 diutius
907 4007 959 4061 in
995 4008 1074 4061 eis
1109 4007 1500 4061 immorandqu
1535 4023 1638 4062 non
1672 4018 1774 4063 est.
1810 4009 1920 4065 lloc
1961 4020 2140 4064 autem
2171 4028 2266 4065 no-

684 4097 768 4152 bis
804 4113 929 4152 cum
955 4107 1188 4153 tremore
1214 4098 1663 4152 considerandum
1685 4108 1769 4154 est
1798 4101 2068 4170 quomodo
2086 4100 2266 4170 justus

687 4197 744 4243 et
795 4189 1136 4258 omnipotens
1179 4189 1354 4255 Deus,
1395 4205 1517 4244 cum
1559 4192 1987 4260 praecedentibus
2028 4195 2266 4262 peccatis

685 4279 959 4345 irascitur,
1009 4281 1272 4350 permittit
1307 4291 1358 4335 ut
1400 4291 1602 4336 caecata
1645 4297 1796 4337 meus
1839 4284 2000 4338 etiam
2041 4285 2096 4339 in
2145 4285 2266 4340 aliis

686 4373 925 4428 labatur:
956 4373 1107 4430 Unde
1136 4375 1310 4430 Moses
1345 4376 1457 4431 ait:
1489 4376 1740 4430 Nundum
1772 4377 2024 4446 completa
2051 4388 2264 4448 peccata

684 4476 806 4522 sunt
860 4466 1282 4522 Amorrhteorum
1333 4467 1485 4540 (Cen.
1535 4487 1634 4534 xv,
1671 4468 1778 4540 l6).
1833 4469 2000 4524 David
2050 4486 2268 4541 quoque

683 4560 855 4614 dicit:
887 4560 1098 4631 Appone
1137 4561 1460 4631 iniquitatem
1507 4577 1662 4631 super
1701 4560 2027 4631 iniquitatem
2056 4579 2262 4629 eorum,

686 4663 740 4707 ut
769 4669 870 4707 non
899 4654 1088 4706 intrent
1115 4655 1170 4706 in
1196 4663 1288 4706 tua
1309 4652 1521 4722 justitia
1563 4648 1734 4723 (Psal.
1767 4669 1955 4719 vant,
1977 4653 2091 4725 28).
2128 4653 2263 4709 Pro-

685 4744 846 4814 pheta
890 4744 1052 4798 etiam
1083 4743 1203 4796 aliis
1232 4743 1362 4797 dicit
1392 4759 1404 4794 :
1436 4740 1796 4806 Maledictum,
1833 4751 1881 4797 et
1910 4743 2261 4809 mendacium,

685 4847 732 4892 et
778 4837 1149 4902 homicidium,
1189 4844 1238 4888 et
1284 4833 1502 4902 furtum,
1531 4845 1576 4888 et
1628 4835 1942 4890 adulterium
1984 4839 2268 4893 inundave-

689 4937 829 4992 rant,
871 4936 918 4980 et
944 4926 1157 4996 sanguis
1184 4925 1489 4994 sanguinem
1517 4926 1678 4996 tetigit
1711 4924 1866 4997 (Osee
1905 4942 1978 4990 tv,
2004 4927 2083 4999 2).
2128 4927 2267 4983 San-

686 5018 806 5087 guis
846 5016 990 5070 euim
1013 5016 1323 5087 sanguineru
1355 5016 1548 5085 tangit,
1579 5018 1794 5085 quando
1822 5027 2048 5086 peccato
2077 5035 2270 5089 pecca-

690 5116 800 5162 tum
847 5106 1076 5167 additur,
1114 5114 1173 5158 ut
1210 5113 1334 5159 ante
1363 5103 1456 5159 Dei
1497 5105 1682 5161 oculos
1710 5104 1977 5174 adjunctis
2015 5107 2269 5178 iniquita-

692 5199 833 5254 tibus
883 5199 1062 5253 anima
1108 5207 1438 5253 cruentetur.
1485 5197 1684 5253 Paulus
1731 5199 2008 5268 apostolus
2047 5201 2123 5254 ait
2156 5219 2166 5252 :
2198 5199 2264 5254 Ut

688 5290 952 5361 impleant
964 5301 1174 5360 peccata
1207 5308 1302 5344 sua
1327 5308 1526 5362 semper
1549 5290 1598 5362 (I
1629 5290 1808 5344 Thess.
1835 5308 1872 5346 ll
1893 5332 1907 5356 ,
1938 5292 2046 5361 16).
2071 5292 2265 5348 Joanni

690 5398 903 5452 quoque
919 5396 1016 5453 per
1039 5383 1301 5453 Angelum
1317 5383 1542 5437 dicitur:
1563 5383 1666 5448 Qui
1684 5393 1851 5449 nocet,
1865 5397 2047 5438 noceat
2068 5387 2261 5451 adhuc,

690 5497 736 5542 et
761 5488 850 5559 qui
877 5487 934 5541 in
953 5486 1192 5540 sordibus
1206 5495 1300 5552 est,
1318 5487 1581 5540 sordescat
1610 5485 1978 5556 adhuc(Apoc.
1996 5489 2264 5560 xxtt,ll).

695 5580 845 5635 Unde
868 5580 1028 5634 etiam
1052 5580 1308 5634 Dominus
1334 5578 1464 5633 dicit
1492 5593 1506 5632 :
1542 5578 1600 5633 Si
1623 5595 1896 5633 conversus
1917 5580 2096 5648 justus
2123 5579 2267 5649 aju-

693 5672 834 5724 stitin
873 5687 968 5724 sua
991 5671 1166 5739 fecerit
1201 5670 1543 5739 iniquitatem,
1567 5687 1756 5738 ponam
1784 5668 2159 5739 o/fendiculum
2189 5685 2270 5721 co-

696 5764 1113 5833 rameo(Ezech.
1131 5764 1428 5836 ιιι,20).Α(;
1459 5765 1503 5820 si
1529 5773 1712 5836 aperte
1735 5762 2059 5832 dicat:Quia
2085 5761 2269 5818 videre

2442 3278 2479 3349 ἰ-
2527 3277 2584 3332 Si
2619 3293 2760 3331 vera:
2800 3275 3020 3346 pietatis
3059 3274 3256 3329 aﬂ‘ectu
3289 3273 3586 3329 Christiana:
3624 3267 3802 3325 humilitati

2367 3371 2591 3426 devotus
2615 3367 2860 3432 anhelas,
2889 3366 3033 3421 nulla
3055 3367 3313 3421 obstante
3339 3364 3630 3426 ditlicultate,
3653 3358 3805 3430 patente

2367 3465 2503 3519 sime
2537 3461 2803 3533 perspicis
2834 3459 3190 3515 inclusiouem
3221 3473 3292 3512 ex
3321 3459 3460 3513 beati
3487 3456 3576 3511 Job
3601 3453 3806 3506 verbisan-

2367 3568 2455 3613 cto
2482 3556 2742 3628 Gregorio
2765 3555 3108 3619 edissertam,
3139 3567 3246 3607 non
3277 3566 3486 3622 penam
3512 3547 3741 3619 signiﬁcare
3758 3555 3805 3612 tc-

2369 3653 2578 3712 hennze,
2611 3651 2703 3704 sed
2729 3663 2847 3702 eam
2876 3662 2980 3718 qua
3007 3639 3244 3717 reprobi,
3280 3646 3335 3699 in
3360 3646 3458 3700 bac
3483 3637 3807 3697 mortalitatesnis

2368 3741 2732 3812 Voluptatibus
2762 3739 3032 3794 lctlialiter
3055 3737 3321 3800 faventes,
3338 3735 3483 3804 justo
3512 3732 3592 3787 Dei
3609 3727 3750 3800 judicio
3768 3723 3808 3776 le-

2367 3834 2597 3888 riuntur.
2639 3832 2892 3886 Attamen
2923 3829 3231 3884 Christiana
3281 3837 3336 3882 te
3379 3825 3620 3881 cbaritate
3649 3821 3809 3874 admoneo

2367 3941 2433 3980 ne
2475 3923 2656 3978 verbis
2700 3922 2840 3977 beati
2871 3920 3188 3991 Augustini,
3220 3917 3420 3988 quibus
3446 3916 3508 3971 de
3535 3913 3676 3985 pinnis
3699 3909 3808 3975 impio-

2369 4031 2488 4070 rum
2544 4015 2757 4068 divcrse
2797 4013 2849 4066 in
2882 4010 3156 4082 opusculis
3198 4010 3313 4064 suis
3369 4017 3475 4062 tam
3515 4003 3664 4059 multis
3698 3997 3812 4052 scatit?

2367 4107 2600 4170 videtur,
2649 4119 2714 4159 eo
2762 4119 2931 4172 usque
2979 4102 3245 4156 inlucreas
3302 4108 3363 4153 ut
3407 4095 3600 4153 veritati
3641 4097 3814 4154 taqu

2367 4199 2740 4253 contradicas.
2771 4195 2906 4250 Nam
2944 4195 3032 4250 ille
3055 4194 3139 4248 vir
3183 4203 3406 4249 sanctus
3449 4201 3500 4246 et
3539 4190 3690 4244 doctus
3721 4178 3814 4234 multa

2366 4289 2635 4360 prioribus
2666 4304 2776 4344 sua:
2801 4279 3170 4343 conversionis
3201 4283 3525 4354 temporibus
3553 4275 3816 4346 scripsiltll“

2367 4378 2711 4448 postmodum
2758 4376 3063 4432 necessario
3117 4375 3462 4430 retractanda
3498 4367 3726 4440 judicavit.
3754 4361 3818 4425 Ου’

2369 4485 2594 4524 munere
2617 4468 2834 4540 speciali
2865 4469 3081 4523 caelitus
3124 4468 3356 4523 donatus
3400 4466 3547 4537 plura
3585 4453 3818 4516 retractavit.

2370 4561 2618 4631 quaedam
2669 4562 2721 4614 in
2769 4558 3159 4630 posterioribus
3215 4559 3330 4614 suis
3376 4554 3625 4629 Opusculis
3669 4545 3822 4602 semini

2373 4661 2610 4708 scrutata
2635 4651 2905 4716 disseruit,
2926 4651 3181 4722 pleraque
3201 4649 3535 4705 retractanda
3550 4653 3690 4702 morte
3707 4649 3823 4709 prim

2371 4751 2494 4814 ptus
2545 4742 2849 4812 dereliquit.
2905 4741 2985 4796 Ac
3038 4757 3134 4810 per
3185 4741 3321 4808 hoc,
3366 4752 3668 4811 quaecunque
3697 4730 3824 4784 telm-

2376 4835 2660 4899 tractavit,
2709 4833 2792 4887 vel
2843 4842 2965 4903 post
3005 4831 3276 4886 elimatius
3328 4829 3634 4900 proindeque
3670 4817 3826 4874 rentius

2373 4925 2665 4996 exquisivit
2689 4935 2742 4978 et
2787 4924 3037 4994 scripsit,
3069 4922 3343 4993 sequenda
3379 4930 3436 4976 et
3463 4921 3544 4990 pio
3570 4924 3827 4973 amarciem-

2373 5015 2539 5068 randa
2563 5023 2724 5083 atque
2768 5015 3000 5069 tenenda
3041 5013 3160 5084 pius
3201 5013 3502 5082 quicunque
3530 5005 3825 5063 intellectum-

2372 5107 2595 5162 uissime
2634 5107 2917 5177 iudicabit.
2952 5104 3052 5171 Qui
3092 5115 3278 5163 tamen
3308 5116 3570 5172 nunquam
3615 5099 3674 5153 ita
3711 5099 3829 5162 pains

2371 5200 2553 5255 cordis
2584 5198 2877 5261 adstruxit,
2909 5204 2969 5250 ut
3001 5195 3246 5264 corporis
3303 5194 3593 5264 denegaret.
3631 5184 3713 5241 Sed
3735 5181 3830 5250 pm“:

2370 5293 2712 5348 commodum
2753 5289 2922 5352 duxit,
2957 5289 3022 5344 de
3057 5288 3300 5356 utrisque
3331 5286 3528 5357 pariter
3552 5290 3632 5335 aut
3660 5278 3709 5330 de
3729 5272 3828 5324 alter-

2369 5393 2490 5437 utra
2519 5381 2786 5452 sigillatim
2813 5378 3079 5435 tractavit.
3126 5377 3277 5431 Sicut
3306 5377 3354 5430 in
3387 5375 3520 5428 libro
3563 5385 3614 5424 Ill
3653 5362 3831 5419 delituitI

2377 5476 2668 5532 voluntatis
2709 5475 2950 5529 Arbitrio
2999 5473 3140 5543 (cap.
3187 5471 3291 5541 20)
3335 5468 3559 5525 breviter
3594 5456 3832 5519 αίιυείάαιιιε

2371 5569 2672 5624 ostenditur
2703 5567 2792 5620 ubi
2832 5567 2907 5620 ait
2935 5583 2947 5618 :

2451 5660 2544 5734 [Ut
2577 5669 2756 5713 autem
2782 5659 2847 5712 de
2874 5659 2964 5712 illo
2997 5658 3171 5727 primo
3193 5655 3436 5725 conjugio
3461 5661 3513 5708 et
3538 5663 3644 5704 cum
3667 5645 3819 5713 ignorem

2376 5762 2467 5826 tia,
2492 5768 2545 5813 ct
2566 5772 2685 5811 cum
2704 5754 3042 5820 difﬁcultate,
3065 5762 3261 5809 etcum
3285 5748 3596 5807 mortalitate
3614 5740 3831 5796 nassam“?
