4010 6352
145 357 284 416 1281

1003 348 1090 404 DE
1121 343 1792 404 PRAEDESTINATIONE
1829 341 2108 400 CONTRA
2145 341 2196 400 J.
2235 339 2533 400 SCOTUM.

3265 348 3404 404 1282

143 471 404 546 quoniam
434 469 506 526 illi
533 484 654 524 cum
677 465 1070 538 peccavissem,
1113 479 1162 518 ei
1211 463 1262 518 in
1311 477 1554 518 errorem
1581 467 1638 516 et
1665 461 1718 514 in
1747 463 1794 522 Α
1823 457 2022 512 Parum
2047 465 2130 512 est
2161 456 2316 512 nobis
2341 455 2524 510 dicere
2559 473 2572 508 :
2597 453 2728 510 facit
2754 455 2872 510 haec
2899 456 3057 520 Deus,
3093 459 3256 516 donat
3287 461 3404 520 haec

141 577 442 622 utrumnam
465 571 520 616 et
545 561 598 614 in
629 567 856 614 mortem
883 555 1200 626 praecipitati
1229 561 1376 618 sunt,
1398 569 1576 608 rerum
1609 567 1723 606 mo-

143 655 384 712 deratori
441 667 650 708 summo
707 650 818 704 Dco
861 649 1160 720 justissime
1203 647 1402 718 placuit
1449 653 1508 698 ιιι
1555 653 1610 700 et
1667 645 1722 698 in

149 759 276 806 ortu
309 745 542 800 hominis
565 741 900 814 originaliter
937 747 1226 810 appareret
1255 737 1466 808 justitia
1496 735 1724 807 punien-

145 839 254 904 tis,
293 837 346 892 in
391 845 646 906 provectu
695 831 1064 888 misericordia
1111 827 1720 900 liberantis.]1-(ldem,

143 929 298 992 ibid.,
325 943 444 996 cap.
469 927 584 994 25.)
607 925 766 998 [Quid
779 933 862 980 est
879 925 1020 978 enim
1045 923 1190 978 aliud
1215 923 1366 978 dolor
1383 921 1486 976 nisi
1505 919 1720 992 quidam

143 1035 340 1078 sensus
371 1017 650 1072 divisionis
691 1015 774 1068 vel
811 1013 1174 1084 corruptionis
1213 1011 1540 1082 impatiens?
1577 1011 1722 1066 unde

143 1111 264 1168 iuce
290 1109 492 1164 clarius
515 1115 738 1180 apparet
767 1123 928 1178 quam
959 1107 1031 1160 sit
1079 1105 1169 1160 illa
1197 1105 1378 1160 anima
1403 1105 1456 1158 in
1489 1103 1574 1159 sui
1601 1119 1722 1159 eor-

141 1201 294 1274 poris
319 1200 670 1256 universitate
707 1199 864 1252 avida
903 1197 1130 1252 unitatis
1158 1203 1212 1252 et
1245 1205 1430 1262 tenax,
1469 1209 1588 1264 quae
1621 1209 1722 1250 nec

143 1293 378 1346 libenter
423 1305 524 1346 nec
553 1289 921 1344 indifferenter
943 1329 960 1356 ,
1003 1287 1098 1342 sed
1129 1287 1308 1356 potius
1345 1285 1640 1342 renitenter
1667 1295 1722 1340 et

141 1381 478 1438 reluctanter
511 1379 740 1434 intendit
781 1377 900 1450 [al.,
927 1375 1246 1450 intenditur]
1281 1376 1334 1430 in
1371 1391 1488 1430 eam
1521 1375 1724 1446 passio-

143 1491 268 1532 nem
307 1473 548 1544 corporis
578 1474 660 1528 sui
689 1487 793 1542 qua
821 1470 942 1544 [al.,
972 1485 1068 1542 per
1093 1467 1278 1542 quam]
1311 1467 1428 1538 ejus
1451 1467 1714 1522 unitatem

143 1577 306 1638 atque
319 1567 682 1638 integritatem
699 1563 1014 1620 labefactari
1027 1561 1252 1618 moleste
1263 1560 1434 1630 accipi
1443 1557 1506 1632 t.]
1523 1559 1562 1630 1
1575 1557 1720 1614 Idem

143 1659 230 1728 (in
257 1659 392 1714 libro
412 1659 476 1712 de
495 1673 610 1712 vera
633 1655 912 1726 Religione.
939 1670 1058 1726 cap.
1077 1653 1190 1724 41.)
1221 1651 1384 1725 [Ergo
1409 1651 1608 1706 mirum
1633 1657 1718 1706 est

143 1751 190 1806 si
213 1750 386 1806 omnis
422 1749 600 1804 anima
623 1763 990 1820 quaecunque,
1035 1747 1126 1802 ubi
1179 1747 1250 1802 sit
1293 1745 1418 1818 [al.,
1455 1747 1500 1802 si
1535 1745 1710 1800 homi-

145 1841 234 1896 nis
261 1843 498 1896 animam
525 1817 974 1910 qum'ubicunque
1003 1837 1120 1910 sit],
1155 1845 1212 1892 et
1229 1817 1620 1908 qualiscunque
1645 1837 1718 1892 sit
1745 1817 1794 1880 Β

139 1933 290 1990 omni
313 1947 538 2004 corpore
563 1939 646 1986 est
671 1929 892 1996 melior;
920 1929 1096 1986 dicam
1123 1929 1348 2000 pulchre
1375 1929 1638 1996 ordinari,
1666 1935 1722 1983 et
1769 1911 1786 1924 ’

145 2025 210 2080 de
235 2024 410 2094 pomis
437 2023 554 2094 ejus
579 2021 714 2078 alias
735 2021 1162 2093 pulchritudines
1183 2021 1324 2088 ﬁeri,
1355 2035 1478 2076 cum
1507 2021 1580 2076 ibi
1609 2035 1718 2076 non

141 2117 236 2182 sit,
267 2115 480 2184 quando
505 2115 704 2170 misera
737 2121 844 2180 est,
879 2113 970 2169 ubi
1007 2127 1128 2168 esse
1171 2113 1358 2168 beatos
1406 2113 1580 2177 decet,
1627 2112 1718 2166 sed

141 2205 216 2260 ibi
257 2205 326 2260 sit
351 2205 442 2260 ubi
493 2220 614 2260 esse
660 2203 888 2258 miseros
937 2201 1138 2276 decet.]
1183 2203 1224 2272 1-
1253 2202 1396 2258 Idem
1445 2203 1500 2256 in
1531 2201 1720 2256 eodem

147 2299 290 2368 (cap.
323 2297 436 2368 41).
469 2297 646 2370 [Quod
692 2296 736 2352 si
765 2297 834 2350 ab
872 2311 936 2352 ea
975 2304 1128 2366 parte
1175 2295 1262 2350 cui
1307 2295 1572 2352 dominari
1619 2309 1720 2351 nos

141 2387 286 2442 Deus
309 2387 480 2458 jubet,
511 2397 672 2457 atque
699 2397 760 2442 ut
789 2387 844 2442 in
871 2396 1112 2442 nostram
1131 2387 1528 2458 possessionem
1563 2387 1720 2440 resti-

141 2487 360 2533 tuamur
397 2489 452 2532 et
491 2479 740 2532 hortatur
783 2487 838 2532 et
879 2478 1204 2548 opitulatur,
1247 2479 1294 2532 si
1331 2493 1462 2547 ergo
1507 2479 1574 2532 ab
1619 2478 1720 2532 hac

141 2579 296 2640 parte
343 2585 442 2640 per
481 2568 862 2640 negligentiam
905 2577 964 2622 et
991 2567 1324 2638 impietatem
1349 2567 1436 2621 vir
1475 2567 1728 2622 subditus

141 2659 324 2726 fuerit,
357 2660 410 2714 id
439 2669 521 2714 est
547 2675 700 2716 mens
719 2671 774 2715 et
797 2661 966 2726 ratio,
994 2661 1100 2714 erit
1120 2660 1338 2730 quidem
1363 2661 1526 2716 homo
1547 2659 1718 2730 turpis

143 2765 200 2810 et
227 2755 392 2810 miser
415 2795 430 2820 ,
468 2755 562 2810 sed
593 2753 894 2810 destinatur
939 2755 994 2808 in
1023 2755 1126 2809 hac
1169 2754 1302 2820 vita,
1337 2763 1390 2810 et
1429 2765 1552 2824 post
1579 2755 1720 2810 hanc

149 2847 312 2900 vitam
343 2845 644 2912 ordinatur,
679 2861 786 2916 quo
807 2861 930 2900 eum
957 2845 1252 2910 destinari,
1285 2855 1340 2900 et
1361 2845 1456 2901 ubi;
1479 2845 1718 2904 ordinari

157 2953 396 2993 summus
423 2937 514 2994 ille
543 2947 724 2993 rector
761 2945 814 2994 et
859 2938 1118 2994 Dominus
1137 2937 1390 3010 judicat.]
1423 2938 1588 3010 (Idem
1621 2939 1716 3006 ib.,

145 3043 264 3100 cap.
293 3027 380 3094 ll,
412 3029 466 3082 in
499 3029 592 3084 lin.
617 3043 736 3100 cap.
783 3029 956 3100 12.)1-
1003 3029 1364 3100 [Quapropter
1389 3029 1532 3096 vita,
1575 3045 1716 3100 quin,

145 3117 320 3174 fructu
351 3119 596 3188 corporis
621 3119 914 3185 delectata,
945 3120 1162 3192 negligil
1191 3119 1382 3186 Deum,
1423 3121 1716 3176 inclinatur

145 3209 214 3264 ad
237 3208 484 3274 nihilum,
533 3216 588 3264 et
633 3210 738 3264 ista
779 3219 864 3266 est
891 3211 1150 3282 nequitia.
1201 3211 1314 3268 Hoc
1345 3223 1524 3268 autem
1555 3223 1714 3284 pacto

143 3297 250 3352 vita
271 3297 502 3354 carnalis
531 3308 586 3354 et
631 3307 846 3356 terrena
887 3300 1143 3368 efﬁcitur,
1187 3311 1242 3358 et
1287 3305 1358 3358 ob
1405 3305 1506 3360 hoc
1547 3305 1714 3360 etiam

143 3405 272 3446 caro
295 3399 352 3446 et
379 3399 528 3446 terra
553 3393 884 3460 nominatur,
913 3403 966 3450 et
993 3395 1228 3465 quandiu
1255 3397 1332 3452 ita
1359 3405 1464 3462 est,
1489 3411 1714 3468 regnum

141 3485 240 3542 Dei
263 3500 366 3540 non
387 3486 684 3556 possidebit
707 3485 758 3558 (Ι
783 3485 904 3541 Cor.
921 3503 1010 3554 xv,
1031 3477 1158 3560 '50),
1181 3497 1238 3544 et
1255 3490 1482 3560 eripitur
1501 3490 1550 3544 ei
1571 3489 1714 3560 quod

145 3587 310 3632 amat.
343 3577 401 3632 Id
425 3579 572 3632 enim
610 3587 756 3632 amat
789 3579 934 3648 quod
961 3587 1015 3632 et
1055 3579 1236 3635 minus
1271 3589 1352 3636 est
1381 3595 1542 3650 quam
1573 3589 1710 3644 tua,

144 3669 272 3740 quia
300 3683 496 3738 corpus
517 3677 602 3724 est
623 3709 638 3734 ,
684 3677 738 3724 et
761 3681 980 3740 propter
1003 3669 1178 3740 ipsum
1209 3679 1488 3740 peccatum
1509 3711 1524 3736 ,
1571 3671 1715 3740 quod

95 3805 112 3818 .
143 3771 288 3818 amat
312 3761 434 3836 [-al.,
465 3761 726 3836 amatur],
753 3763 812 3816 fit
837 3763 1214 3834 corruptibile,
1247 3773 1304 3818 ut
1327 3761 1542 3818 ﬂuendo
1561 3763 1718 3818 dese-

141 3863 230 3912 rat
267 3862 562 3910 amatorem
585 3869 776 3922 suum,
808 3857 932 3926 quia
953 3865 1010 3912 ct
1037 3857 1126 3912 ille
1155 3859 1260 3912 hoc
1295 3857 1527 3910 amando
1563 3857 1714 3910 dese-

141 3949 253 4004 ruit
279 3946 450 4004 Dcum
483 3967 496 4002 :
539 3957 808 4018 praecepta
839 3951 984 4004 enim
1017 3951 1134 4020 ejus
1177 3949 1412 4020 neglexit
1445 3947 1712 4012 dicentis;

143 4041 246 4096 hoc
267 4041 556 4106 manduca,
587 4049 642 4096 et
669 4043 772 4096 hoc
801 4041 930 4094 noli.
955 4041 1216 4094 Trahitur
1243 4055 1376 4111 ergo
1401 4041 1468 4094 ad
1491 4051 1682 4108 ptenas
1699 4080 1714 4106 ,

143 4134 268 4202 quia
291 4133 562 4204 diligendo
585 4133 866 4198 inferiora,
897 4133 950 4186 in
971 4141 1212 4204 egestate
1233 4131 1568 4202 voluptatum
1593 4147 1718 4186 sua-

143 4243 284 4292 rum,
325 4237 380 4282 et
407 4229 458 4282 in
507 4227 782 4282 doloribus
825 4227 964 4298 apud
1005 4227 1206 4281 inferos
1237 4227 1534 4281 ordinatur.
1578 4223 1716 4290 Quid

141 4327 226 4372 est
251 4319 394 4370 enim
439 4317 592 4374 dolor
641 4317 732 4386 qui
783 4317 979 4372 dicitur
1013 4317 1276 4385 corporis,
1311 4317 1414 4370 nisi
1443 4317 1716 4386 corruptio

143 4407 424 4476 repentina
447 4407 638 4462 salutis
657 4407 774 4478 ejus
805 4407 882 4462 rei
909 4405 1250 4476 quam,male
1283 4405 1502 4472 utendo,
1535 4407 1714 4460 annua

141 4504 474 4574 corruptioni
515 4503 826 4558 obnoxiavit
875 4501 996 4574 [δίη
1029 4501 1158 4556 fecit
1195 4501 1548 4574 obnoxiam]?
1575 4500 1714 4568 Quid

139 4601 228 4648 est
263 4603 442 4648 autem
469 4591 622 4648 dolor
663 4591 754 4661 qui
791 4591 986 4646 dicitur
1009 4589 1210 4656 animi,
1241 4589 1344 4644 nisi
1382 4603 1568 4644 carere
1601 4607 1714 4644 mu-

143 4683 398 4738 tabilibus
449 4681 613 4736 rebus
649 4679 846 4750 quibus
887 4679 1168 4734 fruebatur
1205 4687 1298 4732 aut
1329 4679 1432 4732 frui
1461 4695 1518 4734 se
1559 4693 1716 4748 posse

141 4771 492 4846 speraverat?
521 4771 698 4826 ethoc
719 4783 802 4824 θει
833 4777 1002 4824 totum
1031 4770 1174 4840 quod
1193 4769 1392 4824 dicitur
1421 4769 1640 4834 malum,
1665 4769 1718 4824 id

139 4879 226 4938 est
253 4874 536 4938 peccatum
578 4874 631 4922 et
673 4881 830 4936 poma
861 4863 1112 4938 peccati.)
1157 4867 1196 4936 1-
1225 4865 1370 4920 ldem
1423 4867 1476 4920 in
1511 4867 1718 4936 psalmo

141 4975 266 5014 vai
293 4957 367 5029 (in
391 4957 704 5028 principio).

217 5051 386 5124 [Quis
411 5059 590 5106 autem
621 5059 864 5106 nostrum
893 5049 1136 5106 dicturus
1163 5059 1248 5106 est
1285 5065 1390 5106 non
1421 5065 1542 5106 esse
1570 5051 1716 5108 illam

139 5145 240 5200 Dei
257 5143 684 5200 benedictionem
701 5145 744 5198 si
765 5143 848 5198 vel
867 5145 1194 5216 agricultura
1223 5145 1274 5198 ei
1291 5141 1528 5200 fructum
1541 5144 1714 5210 ferat,

139 5237 232 5292 vel
257 5237 448 5294 domus
473 5235 732 5306 cujusque
761 5235 998 5290 abundet
1033 5237 1186 5306 copia
1235 5251 1414 5292 rerum
1445 5243 1720 5306 tempora-

143 5325 280 5384 lium
303 5367 320 5394 ,
351 5326 434 5382 vel
457 5327 572 5398 ipsa
599 5325 844 5394 corporis
871 5325 1016 5380 salus
1049 5333 1142 5378 aut
1171 5334 1434 5388 teneatur,
1469 5339 1538 5380 ne
1565 5325 1724 5380 amit-

145 5427 314 5482 tatur,
353 5419 672 5490 autamissa
715 5417 1032 5488 reparetur?
1077 5415 1380 5474 fecunditas
1427 5419 1590 5474 etiam
1641 5419 1726 5474 fe-

145 5511 436 5578 minarum,
463 5521 518 5566 ct
547 5518 694 5566 casta
717 5521 842 5564 vota
867 5509 1004 5564 filios
1029 5511 1446 5567 desiderantium
1471 5513 1538 5568 ad
1561 5529 1722 5584 quem

63 5643 66 5646 ς
141 5602 434 5676 pertinent,
465 5601 568 5658 nisi
595 5601 664 5656 ad
693 5601 976 5656 Dominum
1003 5601 1322 5668 Deum?Qui
1349 5603 1492 5656 enim
1523 5605 1728 5659 creavit

145 5691 366 5763 quando
395 5707 500 5748 non
529 5699 682 5758 erat,
711 5691 824 5760 ipse
853 5689 1022 5762 prolis
1057 5705 1306 5746 successu
1337 5691 1468 5746 facit
1511 5709 1720 5764 perma-

145 5799 282 5842 nere
303 5787 446 5858 quod
467 5787 726 5842 condidit.
741 5785 894 5844 Facit
913 5785 1028 5840 haec
1047 5785 1208 5850 Deus,
1225 5785 1390 5842 donat
1411 5786 1528 5842 haec
1555 5787 1714 5844 Deus.

1821 548 1994 614 Deus;
2025 548 2120 602 sed
2149 547 2296 602 solus
2323 547 2438 601 haec
2475 545 2622 610 facit,
2655 545 2802 600 solus
2825 547 3012 602 donat.
3041 547 3182 616 Quid
3208 552 3356 608 enim
3383 555 3398 610 l

1820 639 1972 694 Facit
1997 641 2112 694 haec
2137 639 2302 704 Deus,
2331 638 2425 694 sed
2457 637 2588 692 facit
2609 637 2726 692 lucc
2759 645 2815 692 et
2839 637 3034 708 aliquis
3067 655 3172 696 non
3223 643 3406 701 Deus?

1819 733 1972 788 Facit
2017 731 2148 794 haec,
2179 739 2234 784 et
2261 729 2408 786 solus
2437 729 2598 794 facit,
2627 738 2682 784 et
2717 729 2834 786 sine
2877 746 3038 786 causa
3087 733 3184 788 ista
3211 743 3402 805 petun-

1821 831 1912 876 tur
1927 821 2012 878 vel
2036 821 2104 876 ab
2131 820 2440 876 hominibus
2465 819 2550 874 vel
2588 835 2618 874 a
2650 818 3012 886 daemonibus;
3053 831 3110 878 et
3139 839 3398 894 quincun-

1819 927 1924 982 que
1951 912 2090 968 bona
2113 911 2384 982 accipiunt
2411 911 2612 967 inimici
2635 911 2752 978 Dei,
2779 911 2960 966 abillo
2981 913 3284 984 accipiunt;
3317 927 3396 986 et,

1821 1016 1942 1055 cum
1975 1001 2042 1056 ab
2072 1000 2192 1056 aliis
2217 1007 2412 1078 petunt
2437 1009 2494 1054 et
2530 1001 2836 1071 accipiunt,
2883 1003 3188 1060 nescientes
3217 1006 3282 1062 ab
3313 1007 3404 1064 illo

1821 1089 2112 1160 accipiunt.
2145 1089 2446 1158 Quomodo,
2499 1105 2620 1146 cum
2661 1090 2976 1160 puniuntur,
3023 1101 3080 1148 et
3117 1101 3310 1164 putant
3345 1111 3404 1152 se

1820 1181 1888 1234 ah
1919 1181 2042 1235 aliis
2067 1181 2246 1252 puniri
2271 1221 2288 1248 ,
2321 1181 2626 1237 nescientes
2655 1183 2722 1236 ab
2763 1182 2853 1236 illo
2881 1183 3198 1254 puniuntur.
3229 1185 3322 1242 Sic
3351 1195 3406 1242 et

1821 1287 1944 1326 cum
1977 1279 2312 1342 vegetamur,
2355 1271 2685 1342 implentur,
2744 1273 3038 1340 salvantur,
3079 1275 3398 1332 liberantur.

1821 1361 1888 1416 Et
1911 1361 1960 1416 'si
2015 1362 2119 1416 hoc
2155 1403 2170 1426 ,
2199 1362 2536 1428 nescientes,
2568 1363 2651 1416 vel
2688 1363 2993 1420 hominibus
3017 1365 3102 1420 vel
3143 1365 3404 1424 daemoni-

1821 1453 1920 1506 bus
1949 1451 2034 1506 vel
2063 1451 2266 1522 angelis
2295 1453 2568 1519 tribuunt;
2601 1467 2706 1506 non
2737 1453 2938 1508 habent
2967 1453 3074 1510 nisi
3099 1455 3168 1510 ab
3197 1455 3290 1512 illo
3311 1473 3402 1528 pc-

1820 1559 1918 1600 ncs
1949 1559 2109 1614 quem
2141 1552 2382 1614 potestas
2407 1553 2494 1600 est
2512 1543 2800 1616 omnium]

2383 1658 2613 1716 CAPUT
2653 1657 2844 1736 xvu.

1821 1749 1930 1804 Cur
1960 1749 2104 1806 Deus
2133 1751 2328 1824 dicitur
2363 1753 2762 1822 prtedestinasse
2795 1771 2974 1824 poenas
2992 1794 3008 1822 ,
3045 1769 3164 1809 cum
3189 1771 3276 1810 eas
3297 1771 3404 1810 non

2284 1823 2448 1892 faciat
2471 1839 2561 1877 nec
2581 1823 2932 1894 prwdestinet.

1895 1931 2136 2002 Septima
2161 1933 2368 1990 decima
2397 1935 2696 1990 naeniarum
2731 1945 2944 1992 tuarum
2967 1939 3131 1996 habet
3161 1937 3398 1994 titulum.

2363 2061 2590 2102 JOANNES
2627 2029 2846 2104 εαότυε.

1893 2155 2076 2228 (Num.
2099 2157 2172 2228 I).
2197 2168 2242 2216 θ
2267 2157 2374 2212 Cur
2395 2157 2536 2214 Deus
2555 2159 2766 2214 dicatur
2784 2159 3182 2230 prtedestinasse
3201 2178 3402 2234 pinnas,

1819 2267 1938 2304 cum
1965 2267 2052 2305 eas
2089 2269 2194 2306 non
2233 2251 2396 2319 faciat
2439 2269 2530 2306 nec
2560 2253 2922 2322 prwdestinet,
2947 2255 3166 2324 proinde
3205 2255 3406 2311 ratione

1819 2353 1972 2415 atque
1991 2347 2304 2400 auctoritate
2325 2363 2430 2416 qua
2459 2345 2740 2415 conﬁcitur
2767 2347 3070 2416 ﬁrmissime
3101 2349 3402 2414 tenendum,

1817 2449 2031 2504 prorsus
2059 2435 2458 2505 suppliciorum,
2487 2435 2672 2506 quibus
2693 2437 2916 2506 superba
2945 2437 3184 2506 impietas
3207 2447 3406 2492 wterno

1820 2527 2144 2592 torquebitur
2161 2527 2418 2592 cruciatu,
2445 2527 2590 2582 nullo
2605 2529 2762 2582 modo
2783 2527 2954 2584 Deum
2980 2545 3090 2584 esse
3113 2539 3400 2596 auctorem,

1819 2619 1964 2674 nullo
1993 2620 2148 2674 modo
2173 2637 2354 2674 eorum
2391 2637 2502 2675 esse
2527 2621 2812 2690 factorem,
2851 2621 2996 2676 nullo
3031 2621 3188 2676 modo
3207 2621 3408 2692 praede-

1818 2713 2146 2766 stinatorem.

2439 2799 2758 2840 (ιοιιιιεοτιο.

1889 2893 1930 2962 -ι-
1957 2893 2124 2948 Deum
2153 2900 2432 2948 auctorem
2473 2893 2860 2964 suppliciorum
2902 2894 2990 2950 vel
3025 2896 3406 2968 temporalium

1819 2987 1904 3044 vel
1929 2997 2258 3044 :eternorum
2283 2995 2340 3044 et
2369 2987 2870 3058 prmdestinatorem
2893 3029 2910 3054 ,
2945 2997 3054 3044 tam
3085 2991 3408 3046 auctoritate

1820 3081 1960 3136 sacri
1983 3080 2206 3150 eloquii,
2229 3095 2392 3150 quam
2413 3075 2694 3135 doctorum
2715 3081 3004 3136 concordia
3029 3081 3164 3138 satis
3185 3081 3406 3138 demou-

1741 3179 1786 3242 ε
1819 3179 2046 3226 stratum
2089 3179 2190 3226 est.
2229 3168 2336 3224 Sed
2361 3169 2488 3240 quia
2515 3179 2570 3224 tu
2603 3163 3248 3240 supplicia'peccatorum
3271 3171 3406 3226 nihil

1819 3261 1964 3316 aliud
1993 3277 2152 3332 quam
2177 3269 2401 3332 peccata
2445 3274 2566 3316 esse
2605 3275 2886 3326 susurras,
2927 3269 3276 3332 peccatorum
3307 3277 3406 3316 au-

1819 3363 2024 3412 ctorem
2047 3353 2216 3410 Deum
2239 3353 2462 3408 minime
2483 3353 2712 3409 dicimus
2737 3370 2750 3420 ;
2777 3361 3040 3420 attamen,
3063 3355 3408 3425 quotiescun-

1817 3463 1922 3518 que
1947 3447 2030 3502 vel
2061 3447 2150 3502 hic
2185 3445 2270 3502 vel
2309 3447 2418 3502 illic
2447 3457 2670 3518 peccata
2715 3445 2828 3504 suis
2870 3449 3182 3504 auctoribus
3209 3448 3265 3502 in
3291 3463 3408 3518 pm-

1819 3553 1946 3592 nam
2002 3545 2414 3602 convertuntur,
2467 3538 2762 3594 secundum
2809 3553 2874 3592 ea
2927 3553 3046 3608 qua:
3097 3537 3406 3608 praecedens

1817 3630 1960 3684 hunc
2009 3645 2190 3684 sermo
2239 3629 2578 3684 abundanter
2603 3629 2942 3700 exsequitur,
2989 3643 3098 3684 non
3143 3627 3252 3685 nisi
3293 3627 3405 3686 Deo

1817 3725 2030 3780 vindice
2057 3723 2174 3778 fieri
2207 3723 2628 3792 proclamamus.

2349 3827 2576 3866 JOANNES
2635 3825 2764 3867 SCOT
2773 3827 2854 3867 US.

1891 3905 2042 3976 (Cap.
2079 3904 2190 3976 l7).
2233 3903 2316 3958 Ea
2360 3913 2558 3968 tamen,
2607 3903 2808 3972 inquis,
2857 3905 3056 3960 ratione
3105 3915 3290 3961 auctor
3315 3923 3402 3963 eo-

1817 4013 1934 4050 rum
1975 4011 2082 4050 esse
2127 3995 2354 4060 dicitur,
2401 4003 2452 4048 et
2497 3995 2688 4064 factor,
2719 4005 2766 4050 et
2811 3995 3232 4066 prtedestinator,
3275 3999 3402 4066 quia

1817 4087 2080 4158 verissime
2113 4085 2346 4140 creditur
2395 4085 2554 4138 totius
2595 4085 2944 4140 universitatis
2969 4127 2984 4152 ,
3037 4087 3090 4142 in
3131 4105 3234 4158 qua
3281 4099 3402 4142 sunt

1817 4179 1988 4250 factor
2025 4187 2072 4230 et
2101 4177 2394 4230 ordinator.
2443 4175 2530 4228 Ita
2561 4175 2696 4229 enim
2731 4177 2904 4248 (num.
2953 4177 3006 4243 ‘2,
3041 4187 3174 4233 sect.
3201 4179 3252 4250 I)
3289 4181 3404 4234 uni-

1817 4287 1976 4326 versa:
2005 4279 2259 4324 creatura:
2285 4285 2416 4332 suat,
2439 4277 2718 4338 antequam
2753 4269 2920 4338 ipsam
2953 4281 3174 4336 crearet,
3209 4281 3402 4338 statum

1815 4359 2220 4432 pulchritudinis
2261 4337 2648 4429 praedestinavit
2687 4337 2796 4414 esse
2843 4358 3102 4428 futurum,
3137 4371 3192 4414 ut
3227 4337 3398 4416 nialo-

1819 4469 1934 4506 rum
1956 4451 2246 4520 turpitudo,
2273 4465 2428 4520 quant
2457 4465 2560 4504 non
2579 4449 2988 4520 praedestinavit,
3013 4452 3138 4523 quia
3159 4469 3262 4508 non
3287 4471 3402 4508 eam

1741 4545 1794 4608 D
1821 4541 2059 4610 facturus
2089 4549 2218 4596 esset
2259 4541 2314 4594 in
2341 4541 2610 4606 universo,
2651 4541 2818 4612 turpis
2853 4559 2958 4596 non
2997 4553 3154 4610 esset,
3197 4543 3404 4598 malitia

1823 4633 2118 4686 nocentium
2151 4647 2254 4684 non
2285 4641 2510 4696 noceret,
2549 4647 2696 4684 error
2729 4631 3016 4686 errantium
3049 4649 3152 4686 non
3179 4641 3400 4698 erraret,

1823 4725 2036 4780 miseria
2069 4723 2474 4794 torquendorum
2499 4723 2800 4790 felicitatem
2833 4741 2936 4780 non
2959 4725 3188 4778 turbaret
3215 4723 3404 4778 electo-

1823 4833 1978 4882 rum;
2005 4815 2202 4870 nullius
2233 4817 2368 4870 enim
2397 4817 2686 4886 turpitudo,
2705 4817 2780 4872 vel
2809 4817 3014 4872 malitia
3043 4816 3118 4870 vel
3143 4833 3290 4872 error
3311 4833 3403 4871 seu

1825 4909 2036 4964 miseria
2077 4907 2502 4980 pra'destinatum
2533 4919 2652 4962 ante
2693 4907 2888 4963 sarcula
2927 4907 3222 4962 naturalem
3259 4909 3403 4964 ordi-

1826 5018 1944 5057 nem
1965 5001 2304 5055 dehonestare
2331 5001 2670 5071 permittitur.

2435 5129 2641 5170 CORBEC
2649 5129 2760 5170 ΤΙΟ.

1893 5231 1934 5302 1-
1969 5229 2028 5286 Si
2057 5245 2122 5286 eo
2151 5231 2310 5286 modo
2345 5231 2542 5286 dicitur
2585 5231 2726 5284 Deus
2763 5227 2939 5286 factor
2961 5237 3018 5286 et
3041 5229 3398 5300 praedestina-

1825 5333 1914 5379 tor
1965 5323 2392 5394 suppliciorum,
2455 5337 2564 5391 quo
2611 5321 2894 5377 verissime
2941 5323 3186 5378 creditur
3233 5325 3398 5380 tutius

1827 5397 2212 5480 universitatis,
2250 5417 2304 5470 in
2353 5429 2460 5484 qua
2493 5421 2618 5468 sunt
2657 5411 2832 5470 factor
2875 5423 2928 5469 et
2975 5415 3276 5482 ordinator,
3306 5433 3398 5472 ve-

1829 5509 2026 5564 raciter
2055 5509 2308 5562 nimirum
2337 5507 2512 5560 factor
2536 5513 2590 5559 et
2627 5505 3041 5574 praedestinator
3087 5521 3272 5562 eorum
3315 5507 3404 5562 di-

1827 5601 2030 5656 cendus
2077 5609 2180 5664 est,
2217 5599 2342 5668 quia
2365 5597 2650 5662 veraciter,
2684 5596 2856 5652 factor
2883 5607 2940 5652 et
2975 5599 3256 5654 ordiuator
3283 5599 3406 5654 uni-

1827 5691 2098 5748 versitatis
2127 5691 2376 5745 habetur.
2421 5687 2558 5756 Quia
2583 5705 2712 5744 vero
2749 5699 2806 5744 tu
2829 5689 3088 5760 supplicia
3115 5705 3222 5746 non
3249 5691 3399 5748 aliud

1825 5799 1990 5856 quam
2035 5793 2256 5856 peccata
2295 5797 2416 5840 esse
2464 5783 2744 5840 contendis
2763 5823 2778 5850 ,
2833 5797 2940 5840 non
2989 5791 3072 5839 est
3115 5783 3205 5840 hic
3245 5783 3400 5842 nobis
