4010 6352
666 312 829 371 1285“

1600 314 1605 319 ’
1661 314 1714 373 S.
1754 310 2129 375 PRUDENTII
2170 318 2551 375 TRECIiNSlS
2590 319 2897 378 EPISCOPI

3695 345 3784 406 "Si

663 427 868 483 diutius
908 424 1305 483 immorandum
1325 469 1339 494 ,
1372 430 1624 499 quoniam
1673 433 1805 486 satis
1853 448 2121 504 superque
2171 434 2237 490 de
2263 443 2312 499 Α
2339 434 2413 489 ita
2447 444 2591 491 recte
2621 438 2687 492 de
2707 439 2823 508 ipso
2848 438 2953 495 dici
2985 447 3195 510 potest:
3225 444 3414 516 ubique
3437 456 3511 505 est
3526 457 3783 532 prmium,

663 518 751 573 bis
791 526 1079 573 tracmtum
1114 519 1166 573 in
1213 523 1640 591 praecedentibus
1689 533 1942 590 constat;
1989 527 2240 596 quodque

664 609 818 666 a‘ddis
848 630 864 665 :

1192 720 1417 760 JOANNBS
1468 721 1684 762 SCOTUS.

738 817 888 892 (Cap.
919 819 1001 884 l7,
1032 835 1179 873 num.
1205 820 1258 885 5,
1298 828 1429 874 sect.
1460 819 1539 891 2.)
1567 828 1609 875 Θ
1635 819 1768 875 Cum
1796 837 1919 893 ergo
1948 821 2195 876 audimus
2220 835 2239 876 :

661 912 1045 982 praedestinavit
1085 910 1225 965 Deus
1267 910 1386 965 illos
1417 911 1492 966 vel
1532 913 1601 966 ad
1628 914 1896 968 interitum
1940 915 2017 971 vel
2046 916 2242 987 suppli-

662 1004 820 1066 cium,
843 1002 923 1057 vel
944 1020 1141 1073 paruas,
1168 1020 1259 1058 seu
1286 1005 1600 1070 cruciatum,
1624 1022 1715 1059 seu
1757 1009 2118 1077 quoquomodo
2150 1025 2237 1063 vo-

592 1130 598 1138 .
661 1093 774 1146 cari
796 1090 922 1148 solet
954 1094 1162 1147 miseria
1210 1112 1314 1165 qua
1358 1104 1626 1166 torquetur
1670 1096 1918 1168 iniquitas
1964 1117 1996 1153 a
2047 1102 2237 1170 seipsa,

662 1183 715 1237 in
743 1184 935 1253 seipsa,
974 1201 1067 1255 per
1099 1185 1320 1256 seipsam
1340 1227 1355 1251 ,
1394 1203 1496 1239 non
1522 1186 1670 1240 aliud
1694 1188 1978 1260 intelligere
1994 1189 2242 1260 jubemur

659 1290 817 1347 quam
846 1275 1014 1345 ipsum
1043 1287 1161 1331 ante
1205 1288 1437 1349 tempora
1471 1279 1741 1348 pra’scisse
1768 1290 1817 1334 et
1844 1281 2240 1351 prwdestinasse

660 1383 761 1437 quo
790 1367 972 1447 ordine
1003 1369 1356 1424 universitatis
1377 1370 1543 1439 futuri
1574 1381 1693 1425 sunt
1715 1370 1816 1438 illi,
1843 1390 1971 1444 quos
2000 1375 2241 1430 occultis-

659 1457 812 1521 simo,
838 1455 1131 1526 justissimo
1161 1470 1355 1525 tamen,
1376 1460 1581 1529 judicio
1624 1462 2030 1517 amaritudinem
2058 1480 2241 1534 pecca-

660 1554 830 1599 torum
855 1563 1069 1609 suorum
1100 1549 1292 1603 sentire
1322 1550 1576 1619 permisit,
1612 1551 1735 1620 quia
1759 1567 1844 1605 eos
1870 1552 1924 1606 in
1949 1552 2239 1607 damnabili

659 1640 855 1711 origine
887 1640 1112 1712 reliquit.

1014 1738 1021 1747 '
1301 1750 1619 1792 eosnscrio.

728 1850 768 1919 -ι-
796 1849 945 1925 Licet
966 1848 1177 1923 diversa
1200 1848 1402 1921 tibique
1425 1851 1651 1907 adversa
1685 1851 1953 1923 proferas,
1982 1853 2071 1924 qui
2097 1868 2236 1925 pra:-

657 1920 953 1993 destinatos
979 1920 1076 2008 pro
1114 1955 1222 1993 non
1263 1940 1660 2009 praedestinantis
1687 1920 2071 2009 adstruxeras,
2100 1920 2237 1998 inul-

657 2038 769 2083 tum
811 2030 1024 2085 veritati
1083 2031 1575 2101 praedestinationis
1628 2036 1987 2105 approprias,
2041 2046 2236 2107 praeter

654 2121 747 2179 illa
775 2137 893 2191 qum
922 2138 953 2177 a
993 2124 1221 2179 veritate
1256 2124 1432 2180 aliena
1462 2126 1767 2182 intorseris.
1797 2127 1932 2184 Nam
1959 2128 2012 2185 et
2036 2131 2235 2185 veritas

654 2212 760 2268 hoc
780 2211 1006 2270 clamat:
1032 2213 1433 2271 Prasordinasse
1462 2217 1652 2285 Deum,
1682 2234 1791 2287 quo
1812 2221 2001 2275 ordine
2027 2221 2237 2275 univer-

653 2304 831 2363 sitatis
862 2304 1028 2363 futuri
1072 2316 1200 2362 sunt
1244 2307 1345 2375 illi,
1372 2324 1509 2378 quos
1543 2310 1851 2381 justissimo
1898 2329 1996 2369 suo
2030 2316 2235 2385 judicio

652 2396 1067 2452 amaritudinem
1102 2407 1449 2467 peccatorum
1477 2415 1701 2456 suorum
1749 2403 1974 2471 sentire,
2016 2421 2123 2461 non
2153 2407 2235 2478 (ut

650 2487 920 2558 mentiris)
954 2490 1221 2558 permisit,
1268 2493 1361 2548 sed
1416 2502 1477 2548 ut
1516 2509 1701 2549 verum
1758 2506 1843 2552 est
1865 2498 2145 2569 judicavit,
2180 2510 2235 2556 et

643 2576 937 2648 iudicando
958 2580 1254 2651 compellit.
1270 2581 1380 2638 Nec
1404 2584 1460 2639 id
1482 2584 1657 2640 solum
1681 2586 1761 2641 eis
1787 2601 1946 2657 poena
1972 2592 2234 2661 est,quod

649 2684 743 2726 eos
772 2671 826 2725 in
855 2672 1148 2730 damnabili
1180 2675 1262 2748 (ut
1292 2676 1447 2750 dicis)
1493 2678 1702 2749 origine
1727 2680 1963 2751 reliquit,
1988 2683 2082 2739 sed
2108 2686 2232 2739 red-

649 2760 761 2816 dita
782 2770 866 2816 est
885 2763 965 2819 eis
990 2765 1153 2819 etiam
1173 2762 1331 2837 poena
1352 2768 1493 2839 ignis
1513 2762 1728 2838 aeterni,
1746 2786 1851 2842 qua
1882 2780 2236 2845 torqueantur

652 2851 829 2909 inviti;
1122 2866 1127 2873 '
1188 2879 1195 2887 ο
1288 2882 1291 2887 ·
1446 2892 1457 2903 κ
1480 2888 1485 2893 -
2210 2882 2214 2886 θ

1190 2966 1419 3009 ιοιιωιε
1475 2968 1692 3011 SCO'I‘US.

719 3055 871 3129 (Cap.
899 3058 991 3126 17,
1021 3074 1172 3116 num.
1204 3061 1261 3128 b,
1293 3073 1426 3120 sect.
1455 3064 1536 3138 2.)
1568 3075 1611 3124 Θ
1646 3064 1882 3138 Servata,
1911 3070 2111 3143 inquis,
2139 3072 2234 3128 illa

2343 529 2435 582 sed
2477 544 2581 582 non
2636 530 2835 599 ubique
2871 542 2954 585 cst
2998 533 3472 603 praedestinatione.
3496 540 3699 609 Quoniam
3726 529 3783 621 qui

2341 619 2520 673 omnia
2545 619 2832 688 prtcscivit,
2846 629 2904 677 et
2930 621 3068 676 bona
3092 632 3149 677 et
3168 624 3324 692 mala,
3352 626 3400 681 id
3419 637 3495 683 est
3512 645 3708 702 peccata;
3728 619 3781 695 se.

2340 722 2611 778 quaquam
2642 709 3050 778 praedestinavit
3084 711 3188 769 nisi
3217 714 3373 782 bona,
3407 717 3457 774 id
3480 730 3553 775 est
3574 724 3785 784 miseriam.

2342 799 2483 855 diam
2512 807 2566 855 et
2604 801 2889 872 judicium,
2934 803 2987 858 in
3036 818 3145 873 quo
3174 814 3297 861 sunt
3331 809 3478 863 etiam
3510 826 3649 882 pana:
3673 832 3785 887 qm

2341 903 2504 944 sensu
2530 891 2848 961 patientium
2874 893 3032 949 mals:
3055 904 3335 963 vocantur,
3364 913 3473 969 quae
3493 905 3671 962 omnino
3696 910 3786 965 nullo

2340 989 2539 1052 praeter
2577 982 2752 1052 ipsum
2784 992 3010 1039 auctore
3035 983 3192 1043 ﬁunt.

2412 1073 2715 1142 Postremo,
2760 1076 2905 1147 quod
2941 1075 3080 1132 dicis
3126 1079 3387 1134 veritatem
3419 1081 3613 1139 clamore
3635 1086 3683 1140 de
3706 1086 3784 1155 Dn,

2341 1163 2631 1236 ubicunque
2653 1165 2815 1236 fuerit
2840 1168 3121 1238 prwsentia
3144 1169 3218 1223 ibi
3248 1186 3356 1225 esse
3377 1172 3662 1241 habitatione,
3678 1180 3788 1245 proin-

2341 1254 2513 1326 deque
2557 1255 2847 1328 ubicunque
2898 1258 3056 1329 fuerit
3096 1262 3433 1330 prtescientia,
3468 1267 3787 1323 necessariam

2340 1336 2813 1417 prcedestinatione,
2864 1350 3001 1406 adeo
3052 1351 3295 1423 regulam
3342 1354 3563 1415 veritatis
3585 1366 3629 1411 et
3651 1358 3787 1427 pietatis

2343 1437 2755 1507 transgreditur,
2785 1446 2848 1495 ut
2873 1439 3229 1510 apertissimis
3246 1442 3562 1499 oraculorum
3581 1443 3786 1502 divinorum

2340 1527 2665 1581 testimoniis
2694 1526 2958 1583 resultare
2980 1530 3205 1587 minime
3238 1532 3518 1599 dubitetur,
3539 1535 3787 1606 dicenteipsa

2341 1614 2579 1673 Veritate
2611 1636 2625 1673 :
2654 1616 2714 1674 Si
2753 1621 2871 1691 quis
2903 1619 3075 1692 diligit
3116 1637 3230 1689 me,
3264 1639 3535 1679 sermonem
3565 1641 3694 1680 meum
3720 1643 3788 1680 str-

2341 1710 2501 1773 vabit,
2532 1718 2579 1764 et
2612 1707 2777 1765 Pater
2813 1727 2959 1766 meus
2995 1712 3175 1783 diliget
3222 1730 3360 1781 um,
3393 1723 3438 1768 et
3469 1716 3531 1768 ad
3565 1731 3655 1769 aut
3688 1719 3789 1772 utit-

2263 1799 2310 1859 B
2336 1814 2476 1866 mus,
2501 1812 2549 1856 et
2588 1803 2911 1857 mansionem
2941 1805 3081 1875 apud
3125 1821 3245 1860 eum
3291 1805 3529 1885 faciemus
3564 1805 3787 1876 (locum,

2337 1890 2427 1960 25)
2455 1907 2467 1943 :
2498 1891 2567 1946 Et
2606 1891 2735 1946 item
2766 1910 2781 1946 :
2816 1891 2882 1946 Et
2932 1910 3025 1963 ego
3048 1895 3242 1965 rogabo
3279 1893 3501 1963 Patrem,
3524 1907 3566 1951 et
3593 1897 3773 1967 slisups

2336 1981 2592 2036 racletum
2614 1982 2757 2037 dabit
2782 1983 2942 2049 vobis,
2966 1994 3023 2037 ut
3044 1996 3254 2039 maneat
3277 1986 3522 2040 vobiscum
3542 1986 3587 2039 is
3604 1996 3790 2041 stans:

2336 2070 2590 2144 Spiritum
2620 2075 2873 2139 veritatis,
2897 2091 3050 2145 quem
3079 2075 3309 2134 mundus
3331 2092 3431 2132 non
3448 2087 3591 2148 potest
3619 2079 3790 2149 occipere;

2334 2165 2457 2236 quia
2479 2181 2583 2219 non
2609 2164 2746 2219 videt
2768 2182 2908 2231 eum,
2949 2183 3041 2221 nec
3072 2169 3170 2222 scit
3191 2185 3315 2222 eum
3340 2186 3356 2223 :
3390 2167 3486 2223 Vos
3526 2179 3792 2238 ostentam

2334 2255 2484 2311 scetis
2510 2271 2649 2319 eum,
2684 2256 2810 2327 quia
2839 2256 2982 2326 apud
3024 2274 3111 2312 vos
3145 2257 3399 2324 manebit,
3444 2268 3489 2314 et
3524 2259 3571 2314 in
3608 2259 3709 2313 rubis
3736 2260 3791 2312 ait

2337 2345 2538 2418 (loan.
2574 2363 2686 2412 xvi,
2729 2347 2858 2418 17).
2914 2346 3068 2403 Unde
3118 2357 3175 2403 et
3216 2349 3359 2404 liber
3399 2348 3646 2420 Sapientia
3676 2349 3789 2403 dicit:

2338 2436 2598 2502 Quoniam
2620 2438 2677 2492 in
2695 2437 3006 2495 malevolam
3027 2439 3265 2493 animum
3305 2456 3409 2494 non
3444 2441 3641 2495 introibit
3659 2441 3789 2509 sapiet

2335 2528 2429 2593 tia,
2465 2545 2559 2583 nec
2598 2528 2855 2583 habitabit
2884 2529 2941 2583 in
2986 2545 3200 2601 corpore
3251 2531 3456 2587 subdito
3494 2533 3673 2602 peccatis
3700 2530 3789 2602 (Sep.

2335 2618 2459 2689 1,.4)
2486 2634 2501 2673 :
2525 2618 2593 2673 Et
2629 2618 2919 2690 Apostolus
2950 2637 2964 2673 :
3007 2618 3106 2674 Vos
3145 2631 3324 2677 autem
3360 2624 3412 2677 in
3439 2638 3578 2677 carne
3605 2638 3683 2676 nos
3704 2620 3791 2683 estis,

2334 2709 2424 2763 sed
2445 2710 2501 2764 in
2535 2709 2765 2779 spiritu;
2795 2710 2840 2763 si
2863 2720 3038 2769 tamen
3058 2709 3297 2781 Spiritus
3320 2712 3415 2769 Dei
3451 2712 3620 2768 habitat
3642 2709 3790 2773 iurabit.

2262 2868 2270 2877 .
2332 2802 2475 2872 quod
2502 2802 2548 2855 si
2574 2800 2807 2873 Spiritus
2840 2802 2974 2873 ejus,
3003 2803 3095 2873 qui
3120 2807 3394 2863 suscitauit
3414 2804 3619 2862 lesuma
3638 2801 3791 2865 uomit.

2302 2967 2317 2977 .
2333 2893 2533 2959 habitat
2562 2895 2619 2949 in
2640 2895 2801 2962 vobis,
2824 2896 2913 2968 qui
2933 2897 3203 2955 suscitauit
3227 2899 3411 2957 Iesum
3432 2898 3656 2955 Christus
3674 2913 3792 2951 onu-

2334 2987 2460 3052 tuis,
2490 2987 2769 3058 viviﬁcabit
2790 2998 2837 3043 et
2865 2990 3113 3045 mortalia
3143 3007 3370 3062 corpora
3397 3004 3553 3049 vestra
3576 3001 3728 3063 propter
3747 2990 3793 3045 is-

2335 3080 2661 3136 habitantem
2685 3079 2943 3152 Spiritum
2970 3082 3087 3154 ejus
3113 3084 3168 3139 in
3197 3084 3343 3140 vobis
3374 3084 3534 3157 (Rom.
3557 3100 3653 3151 nn,
3674 3084 3711 3150 9,
3728 3083 3791 3151 ll).

649 3151 921 3205 notissima
959 3151 1259 3221 diﬂ'erentia
1301 3155 1435 3210 inter
1475 3159 1859 3227 prwscientiam
1886 3171 1935 3216 et
1961 3162 2233 3233 prwdesti-
2257 3162 2303 3226 C
2335 3168 2405 3227 Et
2431 3184 2692 3227 rursum:
2727 3151 2907 3230 Nolite
2938 3151 3130 3244 jugum
3172 3151 3515 3229 ducere‘cum
3565 3171 3792 3244 inﬁdelibus:

648 3237 932 3305 nationem,
964 3250 1042 3307 ut,
1082 3258 1201 3296 cum
1230 3252 1435 3299 tantum
1469 3244 1573 3301 late
1615 3258 1790 3319 pateat
1837 3253 2227 3321 prwdestinatio

644 3335 901 3398 quantum
927 3331 1258 3399 prtescientia
1304 3333 1485 3405 (unum
1512 3339 1700 3409 quippe
1727 3351 1881 3412 atque
1908 3342 2045 3398 idem
2092 3345 2230 3399 divi-

647 3432 772 3471 nam
798 3419 1031 3488 profeeto
1063 3421 1411 3479 substantiam
1441 3428 1818 3505 signiﬁcantes)
1836 3474 1850 3499 ,
1881 3434 2231 3505 praedestina-

647 3506 720 3561 tio
767 3509 837 3562 ad
858 3526 925 3564 ea
957 3520 1161 3569 tantum
1195 3530 1314 3585 qua:
1351 3517 1406 3571 in
1443 3517 1577 3573 bono
1628 3532 1750 3575 sunt
1775 3526 2052 3593 pertineat,
2100 3544 2235 3597 pra:-

645 3601 866 3655 scientia
887 3618 1007 3658 vero
1028 3605 1099 3658 ad
1123 3605 1257 3661 bona
1278 3607 1555 3681 malaque;
1579 3628 1697 3684 qua:
1727 3623 1901 3669 tamen
1931 3616 2231 3687 di/ferentia
2278 3638 2285 3645 ο

646 3708 751 3748 non
777 3704 853 3750 est
887 3712 952 3752 ea:
980 3708 1195 3766 natura,
1215 3701 1306 3754 sed
1344 3717 1408 3755 ea:
1454 3719 1553 3756 usu
1586 3702 1929 3762 locutionum.
1964 3706 2233 3774 Quemad-

644 3786 856 3841 modum
909 3790 1046 3844 enim
1091 3792 1288 3847 dicitur
1323 3794 1388 3848 de
1436 3796 1542 3849 Deo
1585 3810 1603 3847 :
1651 3796 1838 3869 ubique
1883 3808 1957 3854 est
1998 3817 2229 3871 prcrsen-

643 3877 718 3930 tia
762 3880 1069 3947 potestatis,
1129 3877 1219 3936 sed
1271 3901 1374 3939 non
1424 3885 1615 3957 ubique
1671 3897 1745 3942 est
1802 3890 1974 3960 gratia
2025 3891 2232 3946 habita-

643 3965 828 4032 tionis,
877 3969 956 4023 ita
1002 3970 1068 4024 de
1107 3987 1166 4025 eo
1215 3973 1321 4028 dici
1367 3977 1528 4045 possit
1572 3990 1591 4028 :
1632 3977 1819 4050 ubique
1860 3982 2187 4051 pra-scientia
2214 4024 2229 4050 ,

643 4055 733 4109 sed
784 4072 889 4111 non
946 4058 1135 4130 ubique
1180 4063 1676 4133 prwdestinatione;
1735 4085 1852 4123 cum
1908 4072 2233 4142 apertissime

645 4145 832 4200 veritas
862 4145 1051 4203 clamet
1083 4149 1148 4205 de
1199 4150 1352 4209 Deo:
1386 4154 1674 4228 ubicunque
1714 4157 1854 4213 Deus
1902 4160 2060 4230 fuerit
2092 4179 2232 4233 prae-

644 4236 847 4302 sentia,
876 4238 948 4291 ibi
995 4240 1227 4311 profecto
1265 4245 1363 4300 erit
1409 4246 1731 4305 habitatione
1777 4264 1795 4302 :
1836 4253 2076 4308 similiter
2117 4254 2234 4309 ubi—
2277 4282 2283 4290 ~

647 4341 849 4398 cunque
876 4328 1035 4399 fuerit
1059 4337 1411 4404 prescientia,
1441 4342 1733 4396 necessario
1757 4334 1854 4397 erit
1895 4344 2236 4415 praedestina-

646 4417 807 4473 tione.

1270 4543 1476 4586 CORREC
1484 4546 1593 4588 τιο.

714 4636 756 4707 -1-
792 4636 988 4694 Procul
1038 4638 1200 4696 dubio
1233 4640 1368 4697 falsa
1417 4654 1542 4699 sunt
1572 4662 1690 4719 quas
1719 4653 2054 4723 exsequeris,
2087 4653 2226 4710 sicut

645 4732 894 4799 superius
938 4733 1151 4790 abunde
1198 4739 1640 4795 monstravimus.
1685 4740 1866 4800 Primo
1914 4744 2057 4817 quod
2087 4761 2225 4819 pras-

645 4823 936 4881 destinatio
983 4834 1038 4882 et
1080 4830 1421 4899 praes‘cientia
1456 4833 1546 4888 Dei
1579 4836 1877 4893 substantia
1928 4853 2035 4893 non
2076 4848 2224 4909 sunt,

644 4913 772 4985 quia
817 4915 1037 4973 relativa
1067 4928 1210 4986 sunt,
1254 4937 1375 4991 qua:
1410 4940 1515 4980 non
1568 4928 1862 4983 ostendunt
1909 4931 2221 4986 essentiam.
2266 4994 2271 4999 ,

644 5005 849 5063 Deinde
877 5011 1020 5080 quod
1050 5014 1391 5082 praescientia
1437 5025 1492 5071 et
1523 5018 1927 5086 prmdestinatio
1972 5021 2109 5077 adeo
2140 5022 2224 5076 in-

645 5105 731 5153 ter
771 5113 831 5155 se
864 5099 1137 5165 differunt,
1168 5112 1229 5158 ut
1276 5106 1619 5175 prwscientia
1671 5107 1767 5163 Dei
1811 5110 2023 5165 dicatur
2060 5112 2225 5167 etiam

645 5189 701 5246 in
736 5190 821 5251 his
872 5206 993 5262 quas
1032 5193 1148 5267 ipse
1186 5211 1296 5251 non
1336 5196 1461 5254 fecit
1488 5238 1502 5261 ,
1552 5207 1612 5253 ut
1649 5207 1776 5255 sunt
1805 5210 2060 5270 peccata;
2089 5217 2227 5273 pra:-

646 5283 938 5341 destinatio
972 5301 1103 5343 vero
1147 5289 1199 5343 in
1247 5289 1333 5344 his
1360 5290 1700 5347 solummodo
1750 5307 1870 5362 quae
1896 5293 2011 5365 ipse
2052 5293 2228 5353 factu-

645 5388 742 5429 rus
768 5382 890 5430 erat
931 5374 1019 5431 vel
1053 5376 1109 5432 in
1153 5378 1461 5436 conditione
1510 5388 1566 5436 et
1610 5381 1952 5439 ordinatione
1998 5399 2181 5440 rerum

645 5465 728 5519 vel
752 5465 806 5520 in
827 5466 1093 5527 electione
1120 5471 1329 5540 gratiae,
1359 5470 1440 5527 vel
1468 5472 1523 5529 ln
1553 5474 2002 5532 condemnatiune
2023 5476 2229 5536 inﬂexi-

647 5557 772 5615 bilis
788 5557 999 5627 judicii,
1028 5564 1123 5619 sed
1150 5579 1425 5635 nunquam
1452 5566 1659 5637 injusti.
1688 5568 1771 5624 Ac
1794 5584 1892 5639 per
1919 5571 2021 5627 hoc
2042 5586 2230 5641 quem-

648 5649 937 5707 admodum
966 5664 1114 5713 recte
1140 5657 1340 5715 dicitur
1365 5661 1432 5716 de
1460 5660 1571 5717 Deo
1600 5682 1612 5718 :
1642 5664 1842 5735 ubique
1872 5673 1955 5720 est
1988 5680 2227 5735 praisen-

652 5737 725 5793 tia
744 5745 1047 5811 potestatis,
1069 5748 1166 5805 sed
1189 5763 1296 5805 non
1324 5750 1525 5821 ubique
1553 5762 1636 5808 est
1658 5754 1831 5825 gratia
1856 5755 2226 5822 habitationis,

2335 3263 2467 3330 Qua:
2506 3266 2644 3321 enim
2689 3266 3022 3338 participatio
3056 3268 3287 3339 iustitia:
3330 3287 3447 3325 eum
3488 3272 3717 3344 iniquitate,
3741 3276 3794 3322 ut

2333 3373 2450 3427 qua:
2495 3358 2723 3423 societas
2752 3357 2860 3414 luci
2895 3360 2965 3414 ad
2991 3360 3277 3427 tenebras?
3300 3380 3418 3434 quae
3452 3373 3603 3418 autem
3622 3362 3794 3416 eam

2334 3446 2531 3505 Christi
2568 3449 2639 3503 ad
2682 3448 2875 3518 Belial,
2904 3462 2997 3506 aut
3027 3468 3145 3525 qua:
3191 3471 3323 3523 pars
3356 3455 3497 3525 ﬁdeli
3527 3471 3623 3510 es:
3643 3451 3795 3523 isﬁddil

2333 3543 2422 3613 qui
2467 3552 2643 3598 autem
2687 3560 2970 3600 consensus
3016 3546 3206 3618 templo
3270 3549 3372 3605 Dei
3417 3566 3525 3605 cum
3552 3547 3702 3603 idolis!
3735 3544 3793 3598 iu

2334 3637 2472 3691 enim
2509 3637 2633 3692 estis
2674 3637 2920 3709 templum
2958 3639 3059 3695 Dei
3096 3641 3236 3708 vivi;
3263 3644 3402 3698 sicut
3424 3644 3547 3699 diuit
3577 3642 3793 3709 Βουφο-

2336 3728 2481 3781 niam
2532 3728 2839 3785 inhabitabo
2867 3732 2922 3785 in
2962 3730 3093 3800 illis,
3132 3742 3183 3788 et
3209 3734 3560 3802 inambulobo,
3592 3742 3630 3788 et
3650 3728 3792 3786 milio-

2338 3834 2457 3873 rum
2495 3817 2658 3886 Deus,
2683 3830 2732 3875 et
2784 3810 2885 3891 ipsi
2926 3833 3080 3878 erunt
3128 3824 3259 3879 milii
3303 3827 3519 3898 populus
3562 3824 3631 3898 (ll
3651 3821 3791 3881 Comi.

2336 3909 2426 3976 14,
2458 3911 2543 3977 15,
2563 3911 2655 3982 16)
2691 3931 2703 3966 :
2744 3912 2814 3968 Et
2840 3913 3036 3969 iterum
3063 3933 3076 3969 :
3116 3916 3201 3971 Au
3228 3919 3441 3983 nescitis
3464 3918 3670 3990 quoniam
3699 3925 3793 3965 MI-

2335 4002 2429 4059 bra
2463 4014 2631 4059 vestra
2656 4005 2907 4076 templum
2946 4017 3021 4062 est
3068 4006 3301 4080 Spiritus
3343 4012 3506 4066 sancti
3546 4010 3619 4080 qui
3643 4008 3683 4059 is
3710 4002 3792 4057 ubi!

2334 4103 2431 4161 est,
2456 4111 2610 4166 quem
2631 4096 2833 4152 habetis
2859 4116 2894 4155 a
2920 4098 3069 4154 Deo?
3088 4098 3144 4169 (Ι
3172 4098 3301 4157 Cor.
3334 4119 3407 4166 vr,
3434 4102 3534 4173 l9.)
3558 4099 3791 4168 Quiblsol'

2332 4188 2495 4244 nibus
2536 4189 2702 4260 liquet
2730 4190 2902 4248 Deum
2944 4192 3252 4252 nullatenus
3283 4197 3570 4253 inhabitare
3716 4198 3779 4243 te!

2332 4280 2479 4351 plum
2510 4282 2690 4351 suum,
2717 4286 2971 4356 templum
3014 4302 3145 4344 vero
3172 4287 3292 4358 ejus
3313 4305 3420 4345 non
3444 4304 3553 4346 esse
3574 4288 3657 4343 nisi
3687 4294 3790 4338 Isel-

2333 4373 2431 4428 bra
2462 4372 2701 4442 Christi,
2733 4377 2946 4433 dicente
2977 4379 3166 4435 eodem
3196 4382 3454 4451 Apostolo
3479 4399 3493 4436 :
3524 4377 3793 4443 Νικὶιὶεῃι-

2335 4464 2478 4519 niam
2503 4481 2724 4536 corpora
2756 4478 2923 4523 vestra
2944 4471 3173 4525 membra
3196 4469 3394 4528 Christi
3423 4485 3535 4528 sunt
3554 4470 3701 4542 (Ibit,
3728 4462 3790 4531 15).

2250 4528 2305 4591 Ῐ)
2330 4554 2447 4614 Hoc
2472 4528 2674 4615 clamat
2699 4561 2919 4629 veritas,
2955 4563 3060 4619 hoc
3084 4566 3343 4634 pmdicat
3380 4528 3711 4638 pietssibeuu

2331 4652 2580 4709 habitare
2607 4654 2712 4710 nisi
2737 4642 2798 4710 in.
2823 4657 3023 4728 templo
3046 4674 3145 4715 suo
3172 4677 3188 4725 ;
3214 4661 3470 4731 templum
3494 4659 3597 4730 ejus
3628 4668 3707 4709 non
3723 4660 3791 4704 ωε

2329 4743 2434 4798 nisi
2455 4755 2673 4801 sanctos
2713 4761 2860 4802 suos.
2902 4740 3041 4805 Hinc
3064 4752 3398 4823 Augustinus
3421 4752 3472 4808 in
3497 4750 3616 4806 libro
3644 4744 3694 4800 sd
3709 4742 3792 4797 Du-

2328 4834 2529 4892 dannm
2588 4839 2656 4894 de
2692 4839 2983 4897 Prm’sentia
3030 4843 3123 4898 Dei
3170 4842 3363 4916 (Epist.
3394 4845 3459 4901 57
3480 4844 3544 4898 ad
3579 4837 3791 4896 0W

2329 4935 2456 4983 ante
2483 4928 2763 5004 medium).

2402 5017 2631 5091 [Verum
2678 5020 2811 5078 illud
2859 5032 2943 5077 est
2990 5024 3161 5080 multo
3208 5026 3540 5092 mirabilius,
3573 5019 3685 5093 quod
3717 5026 3791 5071 ευ

2331 5109 2474 5167 Deus
2500 5110 2700 5181 ubique
2725 5114 2797 5168 sit
2838 5122 3009 5182 totus,
3045 5130 3153 5171 non
3194 5126 3377 5175 tamen
3420 5119 3473 5173 in
3519 5106 3794 5173 omnibusin-

2328 5204 2501 5259 bitat:
2526 5220 2637 5261 non
2668 5206 2811 5261 enim
2850 5208 3105 5264 omnibus
3129 5209 3235 5265 dici
3260 5218 3459 5282 potest,
3485 5209 3611 5281 quod
3631 5204 3687 5259 sit
3707 5201 3793 5266 AP

2329 5300 2522 5367 stolns,
2547 5301 2633 5357 vel
2666 5306 2809 5373 quod
2830 5302 2944 5372 jam
2973 5303 3131 5372 dixit,
3161 5305 3246 5361 vel
3274 5306 3435 5362 etiam
3474 5300 3588 5358 illud
3609 5315 3622 5353 :
3642 5287 3793 5350 Nudi!

2204 5427 2222 5453 ν
2266 5420 2273 5429 ι
2331 5394 2459 5466 quia
2503 5396 2751 5465 templum
2783 5395 2879 5451 Dei
2924 5396 3068 5465 estis,
3118 5407 3169 5453 et
3216 5397 3442 5470 Spiritus
3475 5395 3560 5450 Dei
3589 5389 3737 5446 bsbitst
3762 5382 3792 5432 il

2332 5485 2515 5539 vobis?
2557 5484 2710 5540 Unde
2736 5493 2793 5541 et
2826 5500 2859 5541 e
2900 5489 3177 5545 contrario
3204 5490 3271 5545 de
3300 5487 3597 5560 quibusdam

2333 5576 2407 5630 cit
2431 5594 2443 5629 :
2473 5575 2722 5647 Quisquis
2761 5586 2940 5634 autem
2969 5577 3227 5651 Spiritum
3258 5581 3448 5636 Christi
3477 5594 3569 5633 non
3592 5570 3722 5631 liabet,

2335 5682 2437 5720 non
2487 5676 2562 5721 est
2608 5668 2722 5738 ejus
2767 5668 2947 5742 (Rom.
2976 5670 3118 5745 vni).
3166 5672 3297 5740 Quis
3335 5686 3493 5742 porro
3541 5665 3792 5752 audeat?

2333 5757 2473 5824 nari,
2505 5756 2607 5813 nisi
2667 5760 2914 5832 quisquis
2956 5758 3464 5835 inseparabilitatem
3506 5757 3685 5833 petum
3718 5745 3791 5803 πί·
3874 5745 3875 5817 ξ
