4010 6352
192 291 353 350 1285³

1053 290 1138 345 ne
1173 258 1843 345 pnmossrtumoue
1877 278 2156 339 CONTRA
2190 280 2240 338 ι.
2278 279 2576 338 scoruu.

3306 283 3443 342 i386

189 410 383 469 uitatis
409 407 639 480 ignorat,
670 404 814 476 quod
843 403 897 460 in
921 402 1102 474 aliquo
1126 402 1375 458 habitare
1413 399 1581 471 possit
1610 398 1769 451 Pater
1795 401 1845 459 Α
1869 394 2305 466 quemadmodum
2330 393 2606 465 prasentia
2635 401 2682 446 et
2709 392 2959 447 habitatio
2982 392 3081 449 Dei
3112 410 3215 449 non
3245 407 3321 451 est
3342 398 3447 454 nisi

192 513 253 562 et
276 503 445 560 Filius
476 501 530 556 in
574 514 681 570 quo
723 513 830 553 non
879 496 1083 553 habitet
1111 495 1349 566 Spiritus
1394 501 1633 557 sanctus,
1676 499 1769 545 aut

194 597 252 651 in
283 594 466 662 aliquo
513 589 749 661 Spiritus
771 597 991 644 sanctus
1020 588 1073 642 in
1109 601 1218 658 quo
1257 602 1363 642 non
1412 593 1467 640 et
1506 583 1674 639 Pater
1715 591 1771 638 et

192 683 420 742 Filius?
448 681 601 738 Unde
649 678 927 734 fatendum
962 685 1045 732 est
1068 677 1268 746 ubique
1307 689 1429 729 esse
1474 674 1644 728 Deum
1673 687 1772 743 per

194 773 497 831 divinitatis
533 770 899 842 przesentiam,
948 769 1043 824 sed
1089 784 1194 823 non
1241 767 1438 837 ubique
1484 779 1581 836 per
1616 763 1769 819 babi-

180 865 418 922 ‘tationis
458 863 708 935 gratiam.
733 860 962 931 Propter
987 861 1129 916 hanc
1161 859 1307 915 enim
1340 857 1728 913 habitationem
1753 871 1769 921 ;
1798 908 1803 921 ,

195 957 291 1014 ubi
328 953 703 1026 proculdubio
743 951 918 1023 gratia
943 948 1245 1006 dilectionis
1281 948 1399 1018 ejus
1443 947 1771 1015 agnoscitur,

196 1065 307 1106 non
335 1048 571 1105 diximus
600 1062 614 1099 :
644 1044 807 1099 Pater
840 1051 1024 1098 noster
1055 1042 1147 1113 qui
1199 1056 1260 1096 es
1303 1040 1503 1110 ubique
1547 1042 1692 1109 (cum
1722 1045 1777 1092 et

196 1141 307 1197 hoc
346 1152 532 1195 verum
571 1132 703 1205 sit);
754 1133 847 1188 sed
890 1129 1053 1186 Pater
1094 1140 1288 1196 noster,
1315 1130 1404 1201 qui
1439 1145 1493 1183 es
1534 1128 1590 1183 in
1634 1126 1777 1183 caelis

201 1231 419 1304 (Matth.
445 1245 521 1294 γι,
547 1228 724 1299 9):ut
765 1223 1020 1294 templum
1061 1223 1178 1294 ejus
1222 1222 1402 1292 potius
1446 1221 1499 1276 in
1529 1219 1778 1275 oratione

200 1336 708 1385 commemoremus,
737 1318 880 1389 quod
919 1325 976 1372 et
1000 1329 1104 1371 nos
1145 1316 1245 1385 ipsi
1271 1327 1391 1370 esse
1415 1313 1696 1375 debemus,
1725 1323 1778 1366 et

202 1418 257 1473 in
306 1422 566 1487 quantum
593 1426 799 1476 sumus,
848 1410 901 1464 in
944 1416 1153 1462 tantum
1198 1408 1264 1462 ad
1300 1406 1418 1474 eius
1461 1403 1774 1461 societatem

201 1517 259 1565 et
284 1505 589 1578 adoptionis
622 1502 880 1559 familiam
911 1501 1263 1571 pertinemus.
1294 1498 1351 1551 Si
1377 1498 1522 1552 enim
1554 1494 1779 1566 populus

202 1598 300 1655 Dei
342 1597 579 1657 nondum
624 1583 802 1651 factus
844 1591 1065 1662 aequalis
1089 1590 1294 1662 angelis
1336 1589 1473 1659 ejus,
1502 1586 1677 1642 adhuc
1723 1586 1777 1640 in

204 1689 307 1745 ista
330 1685 765 1759 peregrinatione
791 1683 989 1740 dicitur
1015 1681 1271 1752 templum
1317 1679 1433 1751 ejus
1457 1678 1508 1750 (I
1533 1675 1654 1732 Cor.
1688 1692 1772 1742 ιιι,

1872 487 1929 541 in
1957 487 2037 540 his
2084 502 2200 557 qua:
2245 484 2309 538 ab
2341 501 2402 539 eo
2440 484 2583 553 facta
2614 493 2752 547 sunt,
2798 483 2872 537 ita
2901 483 3016 554 ejus
3043 486 3365 555 pra'scientia
3396 497 3444 543 et

1870 576 2257 651 prwdestinatio
2286 591 2389 629 non
2415 575 2515 629 nisi
2544 591 2723 629 eorum
2751 590 2869 644 qua:
2896 574 3003 645 ipse
3031 574 3269 643 facturus
3294 588 3444 645 esset,

1872 668 2129 726 credenda
2151 676 2292 723 sunt.
2323 667 2396 720 Ac
2436 682 2527 735 per
2553 665 2669 731 hoc,
2696 664 3135 736 quemadmodum
3173 668 3450 736 prwsentia

1874 760 1987 831 ejus
2012 768 2060 813 et
2094 757 2345 811 habitatio
2392 755 2445 809 in
2481 754 2582 822 his,
2611 771 2728 825 qua!
2760 770 2852 810 nec
2884 753 2949 808 ab
2977 770 3036 809 eo
3063 764 3209 821 sunt,
3249 770 3340 809 nec
3388 773 3449 810 ca

1875 851 2025 922 facit,
2045 864 2076 905 e
2099 849 2372 905 contrario
2396 864 2505 905 esse
2534 849 2802 913 dicuntur,
2830 863 2948 903 cum
2969 846 3023 901 in
3052 847 3127 902 eis
3173 863 3277 902 non
3310 849 3451 914 sint;

1874 940 1951 995 ita
1976 926 2303 1011 prwscientia
2324 938 2437 1011 ejus
2471 948 2519 992 et
2557 937 2943 1008 prtedestinatio
2970 952 3001 993 e
3032 938 3302 993 contrario
3326 955 3453 1009 pro-

1877 1031 2151 1086 nuntiatur
2190 1029 2247 1085 in
2287 1027 2413 1095 illis,
2442 1043 2559 1099 qua:
2598 1044 2702 1084 non
2740 1015 2884 1097 fecit,
2926 1043 3017 1083 nec
3055 1027 3288 1095 donauit,
3330 1028 3453 1101 quia

1880 1120 2011 1176 nihil
2044 1130 2188 1176 sunt.

2508 1224 2827 1268 εοιιιιεοτιο.

1948 1326 1989 1396 τι·
2027 1325 2123 1380 Dei
2148 1324 2431 1395 praesentia
2467 1323 2669 1394 ubique
2698 1323 2755 1378 in
2784 1323 2956 1379 sacris
2985 1320 3217 1393 eloquiis
3260 1322 3459 1393 praedi-

1880 1425 2057 1483 catur,
2085 1416 2203 1486 ejus
2232 1415 2494 1483 habitatio
2518 1429 2627 1470 non
2666 1413 2770 1470 nisi
2798 1413 2851 1468 in
2881 1412 3079 1483 templo
3104 1412 3274 1483 ipsius
3309 1412 3460 1468 inve-

1880 1505 2050 1561 nitur.
2096 1503 2371 1575 Nusquam
2405 1504 2549 1560 enim
2592 1504 2791 1575 ubique
2826 1503 2995 1561 Deum
3025 1504 3291 1575 habitare,
3321 1504 3462 1559 sicut

1880 1597 2080 1667 ubique
2116 1609 2238 1651 esse
2267 1596 2520 1666 reperies,
2570 1595 2674 1655 nisi
2718 1596 2772 1651 in
2815 1596 2923 1655 tuis
2969 1595 3153 1667 tuique
3205 1595 3477 1655 similium.

1880 1686 2186 1743 [lotionibus
2223 1704 2236 1740 :
2283 1686 2420 1742 Dicit
2466 1687 2610 1741 enim
2658 1686 2773 1758 ipse
2813 1686 3121 1743 Dominus:
3170 1682 3369 1743 Caelum
3410 1694 3459 1743 et

202 1776 317 1848 16).
352 1783 556 1848 quanto
596 1774 771 1845 magis
806 1782 889 1828 εει
927 1770 1186 1841 templum
1227 1769 1345 1839 eius
1388 1769 1439 1822 ίη
1486 1766 1657 1832 “Elis,
1685 1765 1776 1821 “bi
1805 1759 1852 1819 Β
1879 1786 2072 1833 terram
2120 1791 2212 1847 ego
2247 1775 2435 1846 impleo
2473 1774 2700 1847 (Jerem.
2734 1791 2889 1841 χχιιι,
2920 1775 3025 1848 24)
3055 1791 3071 1830 :
3100 1776 3166 1833 Et
3191 1775 3461 1851 Propheta

204 1876 290 1925 est
329 1867 560 1938 populus
597 1864 932 1936 angelorum,
976 1861 1172 1933 quibus
1226 1856 1554 1931 aggregandi
1592 1865 1647 1912 et
1686 1872 1779 1913 co-

204 1961 451 2032 aequandi
472 1974 677 2026 sumus,
694 1973 837 2022 cum,
857 1956 1006 2011 finita
1028 1953 1484 2025 peregrinatione,
1498 1952 1641 2021 quod
1655 1964 1779 2022 pro-

204 2054 430 2110 missum
473 2060 558 2107 est
603 2051 1012 2120 sumpserimus.
1065 2045 1196 2102 Cum
1232 2045 1394 2117 igitur
1437 2043 1528 2114 qui
1582 2041 1781 2112 ubique

205 2152 310 2209 est,
342 2157 449 2199 non
492 2142 547 2199 in
570 2139 822 2197 omnibus
849 2137 1077 2203 habitet,
1105 2136 1268 2191 etiam
1315 2135 1370 2189 in
1397 2133 1596 2205 quibus
1622 2131 1779 2188 habi-

208 2241 317 2299 tat,
373 2250 479 2290 non
524 2231 805 2302 aequaliter
844 2229 1069 2285 habitat.
1095 2226 1117 2300 ]
1142 2225 1182 2296 -)·
1212 2224 1393 2297 (jldem
1435 2224 1587 2289 ibid.,
1618 2221 1782 2294 paulo

206 2322 375 2395 post.)
404 2321 582 2396 (Sicut
607 2329 787 2377 autem
815 2334 914 2375 nec
938 2317 1006 2372 ab
1034 2316 1126 2374 illo
1153 2315 1306 2371 abest
1332 2315 1384 2369 in
1414 2328 1522 2384 quo
1550 2327 1656 2369 non
1686 2312 1782 2368 ha-

206 2411 367 2479 bitat,
392 2421 449 2467 et
477 2419 623 2466 totus
654 2409 829 2479 adest,
856 2407 1103 2478 quamvis
1139 2420 1263 2461 eum
1289 2403 1380 2459 ille
1418 2418 1525 2458 non
1564 2401 1781 2465 habeat,

206 2507 287 2562 ita
307 2513 365 2561 et
389 2504 478 2561 ille
514 2504 567 2558 in
599 2517 707 2573 quo
732 2501 941 2561 habitat
970 2509 1115 2555 totus
1136 2507 1217 2553 est
1254 2511 1516 2569 praesens,
1539 2493 1786 2564 quamvis

207 2608 315 2651 non
344 2608 412 2650 ex
440 2600 554 2649 toto
576 2606 699 2647 eum
722 2587 947 2661 capiat.]
980 2587 1169 2661 (Idem,
1200 2587 1353 2652 ibid.,
1381 2586 1434 2639 in
1464 2584 1643 2639 medio
1667 2582 1716 2653 :)

280 2684 450 2759 [Cum
507 2685 687 2753 itaque
736 2680 1103 2753 proficientes,
1147 2679 1200 2733 in
1248 2677 1444 2748 quibus
1488 2675 1787 2731 mortalitas

208 2777 437 2845 habitat,
462 2775 591 2832 dum
630 2776 696 2831 de
725 2773 812 2830 die
838 2774 891 2828 in
921 2773 1062 2831 diem
1092 2779 1443 2837 renovantur,
1477 2769 1650 2841 magis
1677 2784 1788 2822 ma-

211 2870 400 2940 gisque
443 2864 723 2937 justillcet,
768 2864 1023 2920 exaudiat
1060 2872 1301 2929 orantes,
1353 2861 1576 2917 mundet
1623 2861 1761 2915 conti

213 2969 404 3027 tentes,
431 2968 493 3015 ut
531 2957 785 3015 exhibeat
833 2955 935 3013 sibi
980 2955 1235 3026 templum
1287 2952 1691 3009 immaculatum
1735 2950 1807 3007 in.

210 3060 491 3119 aeternum,
528 3048 724 3103 merito
758 3047 954 3103 dicitur
996 3060 1106 3101 non
1143 3045 1390 3101 habitare
1445 3043 1499 3098 in
1548 3041 1630 3097 eis
1673 3041 1789 3111 qui,

1881 1867 1951 1922 ad
1976 1882 2101 1921 eum
2131 1884 2144 1920 :
2179 1865 2296 1933 Quo
2327 1866 2410 1920 ibo
2439 1883 2471 1921 a
2501 1866 2693 1937 spiritu
2735 1877 2857 1933 tuo,
2898 1877 2947 1923 et
2989 1883 3093 1939 qua
3130 1884 3164 1921 a
3204 1866 3341 1938 facie
3370 1876 3473 1923 tua.

1881 1959 2079 2030 fugiam
2104 1959 2129 2013 .9
2156 1956 2214 2013 Si
2238 1959 2517 2014 ascendero
2540 1959 2597 2013 in
2619 1958 2825 2027 caelum,
2850 1969 2909 2015 tu
2930 1959 3040 2017 illic
3067 1977 3154 2026 es;
3181 1960 3228 2021 si
3252 1961 3467 2019 descen-
3532 1942 3541 1957 δ

1880 2052 2006 2107 dero
2025 2051 2079 2106 in
2108 2050 2390 2121 infernum,
2412 2050 2574 2117 ades;
2610 2051 2656 2105 si
2681 2066 3175 2122 sumpserolpennas
3209 2067 3354 2106 meas
3382 2051 3466 2107 di-

1882 2138 2081 2207 luculo,
2115 2150 2163 2194 et
2185 2140 2490 2195 habitauero
2532 2140 2587 2195 in
2616 2141 2858 2195 extremis
2885 2141 3081 2209 maris,
3117 2141 3307 2199 etenim
3339 2140 3465 2199 illuc

1882 2248 2069 2293 manus
2095 2240 2187 2285 tua
2216 2229 2431 2285 deducet
2459 2247 2561 2298 me,
2607 2240 2656 2286 et
2687 2232 2877 2287 tenebit
2906 2248 2986 2287 me
3006 2230 3223 2301 dextera
3245 2241 3359 2289 tua.
3393 2232 3475 2295 Et.

1883 2322 1995 2378 dixi
2020 2360 2034 2377 .
2059 2321 2311 2378 Forsitan
2338 2323 2561 2378 tenebra:
2590 2322 2968 2381 conculcabunt
3003 2339 3109 2393 me,
3136 2333 3185 2379 et
3213 2340 3318 2383 nos:
3343 2323 3477 2393 illu-_

1884 2413 2104 2471 minutio
2136 2413 2191 2466 in
2222 2411 2423 2467 deliciis
2455 2414 2602 2481 meis.
2650 2413 2790 2479 Quia
2820 2413 3043 2469 tenebris
3078 2429 3183 2473 non
3222 2414 3470 2473 obscura-

1887 2504 2080 2571 buntur
2121 2521 2155 2557 ιι
2199 2513 2270 2569 te,
2304 2513 2351 2558 et
2394 2519 2500 2557 nox
2545 2505 2677 2559 sicut
2712 2504 2823 2559 dies
2870 2502 3252 2569 illuminabitur
3280 2518 3300 2557 :
3329 2506 3466 2561 sicut

1887 2602 2108 2650 tenebra:
2149 2595 2285 2666 ejus,
2325 2596 2400 2649 ita
2433 2604 2481 2649 et
2521 2594 2695 2649 lumen
2745 2596 2860 2667 ejus
2925 2593 3055 2667 (Ps.
3101 2612 3379 2664 CXXXVIII,
3434 2597 3466 2653 7

1891 2687 2014 2760 12).
2057 2687 2173 2743 Νοιι
2211 2701 2341 2759 ergo
2380 2705 2411 2743 a
2450 2688 2711 2742 contrario
2759 2688 2850 2759 (ut
2880 2687 3027 2747 fatue
3057 2690 3295 2761 desipis)
3326 2691 3469 2748 Deus

1891 2782 2069 2838 inesse
2097 2781 2296 2839 dicitur
2345 2781 2564 2851 ubique,
2614 2782 2742 2852 quia
2779 2796 2887 2838 non
2924 2800 2959 2836 a
3000 2784 3265 2845 contrario,
3324 2785 3475 2841 dicta

1892 2883 2018 2931 sunt
2052 2888 2172 2945 quae
2199 2873 2581 2945 prtemisimus,
2611 2873 2699 2929 vel
2738 2874 2807 2930 ab
2849 2875 2965 2945 ipso
2999 2873 3083 2929 vel
3128 2889 3159 2931 a
3193 2875 3470 2947 prophetis

1892 2982 2029 3038 ejus.
2082 2965 2362 3024 Veraciter
2412 2982 2646 3040 namque
2705 2967 2922 3025 dicebat
2969 2967 3113 3025 idem
3167 2970 3466 3041 propheta:

1897 3061 2022 3116 Dixi
2059 3061 2252 3133 iniquis
2307 3074 2326 3114 :
2376 3060 2556 3116 Nolite
2590 3062 2765 3134 inique
2806 3078 2982 3132 agere,
3026 3071 3075 3119 et
3127 3061 3477 3135 delinquenti-.

212 3150 571 3214 cognoscentes
600 3139 790 3207 Deum,
831 3155 933 3194 non
971 3139 1108 3193 sicut
1146 3136 1311 3191 Deum
1344 3133 1787 3207 gloriﬁcaverunt,

1897 3152 1991 3211 bus
2024 3170 2042 3207 :
2067 3122 2245 3206 Nolite
2267 3150 2500 3207 exaltare
2530 3122 2727 3218 cornus
2758 3122 2918 3211 nolite
2944 3151 3192 3209 extollere
3226 3122 3471 3209 in'altum

110 3256 131 3265 -
214 3235 287 3292 νει
311 3236 511 3308 gratias
530 3242 743 3307 egerunt
771 3232 945 3305 (Rom.
967 3247 1009 3298 ι,
1031 3230 1122 3303 21)
1141 3226 1392 3287 :colenilo
1416 3227 1581 3293 enim,
1604 3235 1659 3282 et
1680 3240 1796 3281 ser-

210 3330 405 3388 viendo
423 3336 688 3384 creaturas
714 3325 891 3397 potius
906 3338 1067 3397 quam
1082 3322 1350 3387 Creatorl,
1367 3335 1474 3376 non
1497 3319 1657 3373 unius
1679 3317 1794 3374 veri

215 3421 308 3476 Dei
341 3419 595 3492 templum
622 3432 681 3474 se
708 3432 827 3472 esse
853 3415 1158 3471 voluerunt.
1184 3412 1374 3486 (Idem,
1404 3410 1558 3477 ibid.,
1589 3409 1656 3464 ad
1681 3423 1795 3463 me-

214 3509 424 3584 dium):
459 3508 819 3578 Quamobrem
849 3505 1011 3572 Deus,
1043 3505 1135 3576 qui
1183 3502 1382 3573 ubique
1428 3515 1667 3573 praesens
1710 3506 1795 3553 est

213 3613 270 3660 et
300 3604 501 3675 ubique
550 3610 716 3667 totus,
742 3615 850 3655 non
879 3599 935 3654 in
964 3597 1215 3655 omnibus
1240 3595 1467 3660 habitat,
1497 3594 1589 3651 sed
1616 3592 1672 3647 in
1713 3591 1793 3649 eis

216 3704 421 3751 tantum
452 3708 588 3765 quos
625 3691 793 3748 eﬁicit
820 3690 1189 3747 beatissimum
1220 3686 1474 3758 templum
1505 3700 1681 3751 suum,
1708 3680 1786 3736 vel

213 3784 520 3843 beatissima
558 3781 752 3854 templa
797 3797 913 3847 sua,
945 3798 1131 3837 eruens
1163 3796 1251 3835 eos
1289 3796 1322 3834 a
1360 3786 1612 3850 potestate
1649 3785 1791 3832 tene-

217 3878 449 3943 brarum,
474 3884 522 3932 et
543 3874 866 3944 transferens
882 3874 936 3927 in
968 3887 1181 3944 regnum
1218 3867 1346 3923 Filii
1366 3867 1638 3922 charitatis
1658 3883 1792 3935 suae,

217 3972 360 4042 quod
400 3968 585 4039 incipit
622 3984 652 4022 a
692 3966 1093 4038 regeneratione
1123 3961 1272 4035 (Col.
1314 3977 1364 4027 ι,
1396 3961 1464 4015 l5
1487 3958 1529 4033 ).
1561 3960 1602 4031 -ι-
1628 3958 1795 4027 (Idem

216 4061 343 4119 ibid.
367 4101 383 4126 ,
419 4072 587 4130 prope
622 4055 827 4133 linem).
865 4056 1006 4111 Deus
1027 4054 1190 4129 igitur
1208 4052 1407 4123 ubique
1428 4063 1667 4123 praesens
1687 4056 1793 4117 est,

216 4160 272 4207 et
300 4150 496 4220 ubique
534 4157 678 4203 totus
714 4161 972 4217 praesens,
1012 4160 1112 4200 nec
1147 4142 1345 4211 ubique
1384 4140 1654 4205 habitans,
1701 4139 1796 4198 sed

216 4241 271 4299 in
299 4238 496 4311 templo
518 4253 637 4305 suo,
668 4234 752 4291 cui
781 4252 880 4306 per
912 4235 1142 4307 gratiam
1168 4233 1433 4304 benignus
1460 4240 1545 4311 est
1577 4240 1634 4287 et
1674 4246 1797 4301 pro-

215 4308 432 4404 pitius.)
458 4330 498 4402 οι-
534 4327 649 4384 Non
676 4335 760 4384 est
801 4327 967 4398 igitur
1002 4323 1298 4380 differentia
1331 4323 1473 4379 inter
1498 4308 1799 4394 'praascien-

218 4423 343 4478 tiam
397 4429 451 4478 et
501 4419 1026 4492 prmdestinationem
1076 4423 1288 4486 sumpta
1342 4430 1441 4472 usu
1488 4414 1790 4481 locutionis,

215 4513 311 4570 sed
353 4530 381 4568 a
417 4478 605 4569 natura
637 4528 652 4578 ;
685 4511 809 4583 quia
852 4508 1171 4565 naturaliter
1215 4508 1357 4563 aliud
1400 4516 1485 4564 est
1516 4508 1794 4579 pmscire,
1825 4478 1873 4540 Ι)

215 4608 358 4667 aliud
393 4605 776 4677 prtedestinare
808 4622 822 4658 :
858 4604 1000 4658 sicut
1024 4601 1166 4656 aliud
1195 4610 1280 4658 est
1302 4608 1622 4673 praesentem
1652 4615 1794 4669 esse,

214 4696 357 4751 aliud
398 4694 661 4750 habitare.
693 4693 855 4748 Multa
902 4693 1098 4763 quippe
1132 4691 1512 4764 praesciuntur,
1542 4706 1664 4763 qum
1689 4707 1795 4747 non

212 4788 697 4863 praedestinantur;
745 4787 887 4843 sicut
928 4785 1095 4841 multa
1139 4794 1265 4841 sunt
1314 4785 1627 4856 praesentia,
1677 4798 1798 4849 quae

212 4897 318 4941 non
354 4888 482 4936 sunt
506 4879 824 4937 habitantia.
857 4878 991 4934 Nam
1034 4894 1175 4950 saepe
1217 4879 1272 4934 in
1313 4878 1401 4933 his
1431 4877 1561 4934 locis
1585 4887 1641 4932 et
1671 4893 1794 4934 cum

215 4975 298 5031 his
325 4974 571 5047 personis
599 4974 853 5030 adsumus
878 4989 974 5045 per
1014 4974 1381 5046 praesentiam,
1430 4972 1485 5028 in
1520 4972 1714 5044 quibus
1743 4979 1800 5029 et

213 5081 335 5120 cum
361 5065 556 5139 quibus
600 5065 906 5123 nullatenus
931 5065 1279 5132 habitamus;
1310 5065 1558 5120 habitare
1599 5065 1798 5136 quippe

214 5173 321 5215 non
350 5158 549 5214 dicitur
569 5158 712 5228 quis,
739 5159 843 5214 nisi
872 5159 927 5214 in
958 5158 1155 5214 domo:
1187 5171 1308 5214 esse
1332 5172 1463 5212 vero
1490 5156 1653 5211 etiam
1688 5171 1794 5211 non

216 5248 269 5303 in
304 5249 501 5304 domo:
536 5248 611 5303 ita
633 5255 688 5304 et
717 5247 860 5305 Deus
882 5248 1079 5319 ubique
1104 5263 1225 5305 esse
1254 5247 1471 5312 dicitur,
1508 5260 1603 5317 per
1620 5245 1793 5308 omni-

218 5340 509 5410 potentiam
536 5332 857 5411 majestatis,
895 5340 984 5410 qui
1016 5347 1193 5395 tamen
1226 5357 1331 5395 non
1376 5338 1477 5395 nisi
1507 5340 1560 5395 in
1600 5337 1799 5411 templo

216 5439 273 5487 et
308 5432 362 5487 in
402 5432 561 5488 domo
601 5448 697 5488 sua
743 5432 942 5497 dicitur
991 5447 1113 5489 esse
1154 5448 1252 5503 per
1303 5433 1530 5503 gratiam
1586 5431 1800 5487 habita-

218 5525 400 5583 tionis.

776 5634 1001 5675 JOANNES
1023 5633 1235 5674 SCOTUS.

293 5705 454 5779 (Cap.
486 5720 620 5777 XVII,
650 5725 798 5765 num.
839 5708 895 5777 5,
919 5718 1051 5765 sect.
1095 5710 1171 5781 '5.)
1202 5718 1243 5766 Θ
1273 5704 1533 5774 Proinde,
1584 5705 1762 5778 inquis
1782 5745 1797 5772 ,

1895 3261 2057 3299 cornu
2086 3254 2350 3309 vestrum;
2396 3243 2556 3299 nolite
2597 3245 2739 3316 loqui
2767 3244 3013 3301 adversus
3058 3244 3228 3301 Deum
3276 3245 3472 3316 iniqui-

1895 3345 2091 3390 tatem:
2124 3336 2249 3407 quia
2299 3348 2461 3407 neque
2496 3334 2562 3389 ab
2611 3336 2827 3402 oriente,
2875 3352 3039 3407 neque
3083 3335 3148 3391 ab
3185 3336 3468 3402 occidetve,

1895 3443 2057 3497 neque
2084 3444 2117 3481 a
2162 3426 2379 3482 desertis
2410 3426 2669 3482 montibus
2701 3424 2832 3498 (Ps.
2878 3441 3064 3495 unv,
3107 3427 3174 3495 5,
3211 3428 3265 3495 6,
3296 3428 3349 3495 7,
3378 3430 3475 3501 8),

1893 3519 2211 3574 subauditur
2259 3527 2399 3590 patet
2458 3520 2540 3574 via
2601 3518 2836 3591 fugiendi
2880 3528 2935 3577 et
2989 3521 3207 3575 additur
3256 3536 3425 3592 quare
3452 3540 3471 3577 ;

1891 3613 2141 3683 quoniam
2194 3611 2333 3666 Deus
2384 3612 2555 3682 judex
2587 3624 2684 3667 est.
2722 3613 2930 3682 Itaque,
2987 3628 3109 3668 cum
3154 3613 3347 3669 crebro
3386 3614 3470 3670 in-

1894 3704 2143 3763 veniatur
2186 3704 2355 3759 Deum
2397 3704 2639 3774 potentia
2675 3705 2972 3775 majestatis
3010 3705 3207 3776 ubique
3233 3721 3476 3775 praesen-

1896 3808 2026 3862 tem,
2068 3811 2341 3866 nunquam
2373 3805 2569 3865 praeter
2592 3797 2810 3861 domum
2838 3811 2991 3853 suam
3020 3797 3071 3853 ei
3111 3797 3474 3857 habitaculum

1896 3889 2183 3958 reperitur.
2211 3889 2590 3956 Quamobrem,
2631 3889 2773 3946 sicut
2814 3889 3010 3947 falsum
3048 3900 3132 3946 est
3153 3893 3293 3962 quod
3323 3896 3475 3950 nisus

1896 3995 1955 4037 es
2004 3979 2278 4035 affirmare
2318 3979 2384 4034 de
2427 3981 2715 4050 praesentia
2753 3990 2808 4037 et
2859 3983 3192 4041 habitatione
3234 3984 3349 4051 Dei,
3399 3987 3474 4043 ita

1896 4070 2014 4127 sine
2058 4070 2220 4125 dubio
2253 4069 2445 4127 falsum
2483 4081 2567 4127 est
2600 4073 2744 4142 quod
2785 4075 3017 4147 probare
3048 4074 3267 4131 molitus
3307 4092 3367 4130 es
3409 4077 3477 4132 de

1897 4162 2234 4233 praescientia
2265 4172 2318 4218 et
2358 4163 2831 4234 praedestinatioue
2863 4183 2875 4219 :
2910 4164 3053 4223 unde
3094 4167 3288 4223 mirum
3324 4168 3478 4229 valde

1898 4262 1982 4311 est
2005 4254 2147 4324 quod
2174 4254 2329 4311 dicis.

2452 4360 2679 4402 JOANNES
2704 4360 2922 4405 860798.

1971 4460 2124 4534 (Cap.
2158 4461 2247 4529 l7,
2271 4476 2419 4517 num.
2447 4460 2501 4528 6,
2531 4471 2664 4519 sect.
2692 4462 2774 4537 5.)
2801 4472 2843 4520 Θ
2872 4463 2993 4519 Non
3010 4465 3295 4537 incongrue
3307 4476 3478 4521 tamen

1899 4553 2225 4607 a'stimautur
2244 4568 2354 4606 esse
2391 4552 2446 4606 in
2481 4552 2562 4606 his
2591 4569 2708 4624 qua:
2748 4554 2870 4609 vitio
2897 4567 3153 4611 creaturis
3189 4566 3304 4611 orta
3333 4566 3477 4621 sunt,

1900 4659 2018 4697 cum
2059 4657 2162 4696 non
2206 4642 2375 4697 solum
2408 4644 2575 4714 ipsam
2618 4655 2918 4701 creaturam
2944 4648 3209 4719 sapienter
3253 4647 3476 4715 ordinet,

1898 4735 1990 4790 sed
2012 4735 2171 4789 etiam
2196 4734 2376 4789 vitium
2402 4735 2518 4804 eius
2544 4750 2670 4791 suas
2691 4735 2828 4808 leges
2854 4738 3102 4793 excedere
3122 4754 3225 4793 non
3257 4738 3418 4794 sinat.
3464 4766 3469 4775 -

2529 4862 2848 4907 οοιιιιιιετιο.

1970 4960 2010 5032 'j-
2027 4959 2308 5030 Quomodo
2332 4977 2437 5018 non
2460 4961 2753 5035 incongrue
2777 4963 3119 5020 aestimantur
3143 4978 3263 5021 esse
3293 4964 3345 5020 in
3373 4966 3480 5045 his,

1901 5052 1954 5109 id
1989 5062 2073 5109 est
2099 5054 2337 5126 peccatis
2380 5070 2501 5127 qua:
2545 5057 2676 5112 vitio
2725 5065 2990 5112 creatura:
3019 5064 3137 5112 orta
3166 5066 3310 5125 sunt,
3358 5073 3480 5114 cum

1900 5156 2121 5218 peccata
2152 5148 2283 5204 nihil
2311 5147 2464 5205 sint?
2497 5158 2590 5205 aut
2622 5149 2891 5221 quomodo
2920 5149 3053 5206 vitio
3082 5159 3343 5208 creaturae
3362 5159 3484 5207 orta

1901 5239 2058 5308 dicis,
2082 5252 2204 5297 cum
2230 5243 2476 5314 superius
2512 5230 2818 5299 creaturam
2843 5258 2950 5300 non
2980 5259 3255 5316 peccasse,
3296 5260 3397 5302 nec
3418 5260 3486 5302 ex

1901 5343 2151 5389 creatura
2196 5345 2477 5406 peccatum
2514 5335 2800 5406 prodiisse,
2833 5335 2929 5392 sed
2976 5351 3044 5392 ex
3075 5336 3364 5404 voluntate,
3406 5336 3486 5393 lo-

1902 5428 2057 5498 quaci
2086 5426 2322 5484 falsitate
2344 5435 2661 5498 prosecutus
2703 5427 2822 5484 sis?
2848 5427 3003 5487 Patet
3042 5427 3206 5499 igitur
3236 5419 3339 5483 non
3365 5442 3486 5485 esse

1902 5535 1968 5574 ex
2020 5520 2247 5574 veritate
2286 5520 2429 5589 quod
2469 5520 2587 5587 ais;
2641 5520 2767 5590 quia
2823 5521 3025 5578 veritas
3072 5537 3346 5592 nunquam
3401 5528 3487 5580 est

1900 5612 2006 5666 sibi
2041 5611 2139 5681 ipsi
2174 5610 2469 5679 contraria,
2516 5627 2791 5684 nunquam
2841 5628 2960 5670 sese
3002 5613 3116 5685 ipsa
3168 5614 3480 5687 impugnat:

1905 5702 2047 5775 quod
2069 5710 2120 5757 te
2135 5700 2326 5759 fecisse
2338 5701 2584 5760 etfacere
2604 5703 2764 5760 toties
2780 5704 3250 5776 deprehendimus,
3270 5703 3485 5762 Christo
