  <div class='ocr_page' id='page_1' title='image "/cluster/home/n/w/nwhite01/storage/ocr_20150623/115/hvd.32044015466873/647.png"; bbox 0 0 4010 6352; ppageno 0'>
   <div class='ocr_carea' id='block_1_1' title="bbox 658 288 793 346">
    <p class='ocr_par' dir='ltr' id='par_1_1' title="bbox 658 288 793 346">
     <span class='ocr_line' id='line_1_1' title="bbox 658 288 793 346; baseline 0.007 -3"><span class='ocrx_word' id='word_1_1' title='bbox 658 289 683 343; x_wconf 79' lang='grc' dir='ltr'><strong>Ι</strong></span> <span class='ocrx_word' id='word_1_2' title='bbox 692 288 793 346; x_wconf 67' lang='grc'>187</span> 
     </span>
    </p>
   </div>
   <div class='ocr_carea' id='block_1_2' title="bbox 1653 286 2885 348">
    <p class='ocr_par' dir='ltr' id='par_1_2' title="bbox 1653 286 2885 348">
     <span class='ocr_line' id='line_1_2' title="bbox 1653 286 2885 348; baseline 0.002 -5"><span class='ocrx_word' id='word_1_3' title='bbox 1653 288 1710 343; x_wconf 91' lang='lat' dir='ltr'><strong>S.</strong></span> <span class='ocrx_word' id='word_1_4' title='bbox 1751 286 2120 343; x_wconf 82' lang='lat' dir='ltr'><strong>PRUDENTH</strong></span> <span class='ocrx_word' id='word_1_5' title='bbox 2159 289 2539 347; x_wconf 79' lang='lat' dir='ltr'><strong>TRECENSIS</strong></span> <span class='ocrx_word' id='word_1_6' title='bbox 2581 289 2885 348; x_wconf 81' lang='lat' dir='ltr'><strong>EPISCOPI</strong></span> 
     </span>
    </p>
   </div>
   <div class='ocr_carea' id='block_1_3' title="bbox 3685 301 3769 359">
    <p class='ocr_par' dir='ltr' id='par_1_3' title="bbox 3685 301 3769 359">
     <span class='ocr_line' id='line_1_3' title="bbox 3685 301 3769 359; baseline 0.06 -5"><span class='ocrx_word' id='word_1_7' title='bbox 3685 301 3769 359; x_wconf 75' lang='lat' dir='ltr'><strong>uss</strong></span> 
     </span>
    </p>
   </div>
   <div class='ocr_carea' id='block_1_4' title="bbox 647 395 3772 480">
    <p class='ocr_par' dir='ltr' id='par_1_4' title="bbox 647 395 3772 480">
     <span class='ocr_line' id='line_1_4' title="bbox 647 395 3772 480; baseline 0.006 -30"><span class='ocrx_word' id='word_1_8' title='bbox 647 397 904 472; x_wconf 89' lang='lat' dir='ltr'><strong>propitio,</strong></span> <span class='ocrx_word' id='word_1_9' title='bbox 933 403 988 451; x_wconf 91' lang='lat' dir='ltr'><strong>et</strong></span> <span class='ocrx_word' id='word_1_10' title='bbox 1011 395 1294 452; x_wconf 79' lang='lat' dir='ltr'><strong>ostendere</strong></span> <span class='ocrx_word' id='word_1_11' title='bbox 1321 395 1495 467; x_wconf 90' lang='lat' dir='ltr'><strong>parati</strong></span> <span class='ocrx_word' id='word_1_12' title='bbox 1536 411 1740 451; x_wconf 89' lang='lat' dir='ltr'><strong>sumus.</strong></span> <span class='ocrx_word' id='word_1_13' title='bbox 1773 395 1892 450; x_wconf 83' lang='lat' dir='ltr'><strong>Jam</strong></span> <span class='ocrx_word' id='word_1_14' title='bbox 1921 414 2048 453; x_wconf 89' lang='lat' dir='ltr'><strong>vero</strong></span> <span class='ocrx_word' id='word_1_15' title='bbox 2081 398 2227 453; x_wconf 90' lang='lat' dir='ltr'><strong>simi-</strong></span> <span class='ocrx_word' id='word_1_16' title='bbox 2255 411 2304 470; x_wconf 76' lang='grc' dir='ltr'>Α</span> <span class='ocrx_word' id='word_1_17' title='bbox 2331 401 2468 467; x_wconf 84' lang='lat' dir='ltr'><strong>Quid</strong></span> <span class='ocrx_word' id='word_1_18' title='bbox 2489 418 2615 474; x_wconf 84' lang='lat' dir='ltr'><strong>ergo</strong></span> <span class='ocrx_word' id='word_1_19' title='bbox 2643 404 2838 458; x_wconf 91' lang='lat' dir='ltr'><strong>mirum</strong></span> <span class='ocrx_word' id='word_1_20' title='bbox 2862 411 2944 458; x_wconf 86' lang='lat' dir='ltr'><strong>est</strong></span> <span class='ocrx_word' id='word_1_21' title='bbox 2972 405 3017 460; x_wconf 90' lang='lat' dir='ltr'><strong>si</strong></span> <span class='ocrx_word' id='word_1_22' title='bbox 3057 405 3286 460; x_wconf 87' lang='lat' dir='ltr'><strong>hominis</strong></span> <span class='ocrx_word' id='word_1_23' title='bbox 3320 407 3546 474; x_wconf 84' lang='lat' dir='ltr'><strong>animam,</strong></span> <span class='ocrx_word' id='word_1_24' title='bbox 3577 419 3772 480; x_wconf 71' lang='lat' dir='ltr'><strong>qua,ubi-</strong></span> 
     </span>
    </p>
   </div>
   <div class='ocr_carea' id='block_1_5' title="bbox 648 488 2228 560">
    <p class='ocr_par' dir='ltr' id='par_1_5' title="bbox 648 488 2228 560">
     <span class='ocr_line' id='line_1_5' title="bbox 648 488 2228 560; baseline -0.001 -15"><span class='ocrx_word' id='word_1_25' title='bbox 648 489 818 545; x_wconf 91' lang='lat' dir='ltr'><strong>litudo</strong></span> <span class='ocrx_word' id='word_1_26' title='bbox 847 489 1038 543; x_wconf 89' lang='lat' dir='ltr'><strong>domus</strong></span> <span class='ocrx_word' id='word_1_27' title='bbox 1077 489 1405 558; x_wconf 83' lang='lat' dir='ltr'><strong>amplissime</strong></span> <span class='ocrx_word' id='word_1_28' title='bbox 1451 488 2085 560; x_wconf 79' lang='lat' dir='ltr'><strong>magnificentissimeque</strong></span> <span class='ocrx_word' id='word_1_29' title='bbox 2121 491 2228 544; x_wconf 86' lang='lat' dir='ltr'><strong>dis-</strong></span> 
     </span>
    </p>
   </div>
   <div class='ocr_carea' id='block_1_6' title="bbox 647 577 2230 651">
    <p class='ocr_par' dir='ltr' id='par_1_6' title="bbox 647 577 2230 651">
     <span class='ocr_line' id='line_1_6' title="bbox 647 577 2230 651; baseline -0.001 -16"><span class='ocrx_word' id='word_1_30' title='bbox 647 581 838 651; x_wconf 75' lang='lat' dir='ltr'><strong>positae</strong></span> <span class='ocrx_word' id='word_1_31' title='bbox 877 577 1164 650; x_wconf 90' lang='lat' dir='ltr'><strong>cujuslibet</strong></span> <span class='ocrx_word' id='word_1_32' title='bbox 1200 578 1368 648; x_wconf 77' lang='lat' dir='ltr'><strong>patris</strong></span> <span class='ocrx_word' id='word_1_33' title='bbox 1397 577 1684 632; x_wconf 89' lang='lat' dir='ltr'><strong>multarum</strong></span> <span class='ocrx_word' id='word_1_34' title='bbox 1727 577 2055 633; x_wconf 83' lang='lat' dir='ltr'><strong>familiarum</strong></span> <span class='ocrx_word' id='word_1_35' title='bbox 2085 580 2230 634; x_wconf 87' lang='lat' dir='ltr'><strong>ordi-</strong></span> 
     </span>
    </p>
   </div>
   <div class='ocr_carea' id='block_1_7' title="bbox 648 665 2230 736">
    <p class='ocr_par' dir='ltr' id='par_1_7' title="bbox 648 665 2230 736">
     <span class='ocr_line' id='line_1_7' title="bbox 648 665 2230 736; baseline 0 -9"><span class='ocrx_word' id='word_1_36' title='bbox 648 665 921 728; x_wconf 70' lang='lat' dir='ltr'><strong>nantis&#39;in</strong></span> <span class='ocrx_word' id='word_1_37' title='bbox 963 685 1024 725; x_wconf 90' lang='lat' dir='ltr'><strong>ea</strong></span> <span class='ocrx_word' id='word_1_38' title='bbox 1065 671 1222 725; x_wconf 85' lang='lat' dir='ltr'><strong>aliter</strong></span> <span class='ocrx_word' id='word_1_39' title='bbox 1264 669 1403 724; x_wconf 80' lang='lat' dir='ltr'><strong>filios</strong></span> <span class='ocrx_word' id='word_1_40' title='bbox 1433 685 1576 733; x_wconf 93' lang='lat' dir='ltr'><strong>suos,</strong></span> <span class='ocrx_word' id='word_1_41' title='bbox 1635 669 1792 724; x_wconf 90' lang='lat' dir='ltr'><strong>aliter</strong></span> <span class='ocrx_word' id='word_1_42' title='bbox 1839 686 2046 736; x_wconf 89' lang='lat' dir='ltr'><strong>servos,</strong></span> <span class='ocrx_word' id='word_1_43' title='bbox 2073 672 2230 727; x_wconf 84' lang='lat' dir='ltr'><strong>aliter</strong></span> 
     </span>
    </p>
   </div>
   <div class='ocr_carea' id='block_1_8' title="bbox 648 761 2225 834">
    <p class='ocr_par' dir='ltr' id='par_1_8' title="bbox 648 761 2225 834">
     <span class='ocr_line' id='line_1_8' title="bbox 648 761 2225 834; baseline -0.001 -15"><span class='ocrx_word' id='word_1_44' title='bbox 648 780 831 830; x_wconf 89' lang='lat' dir='ltr'><strong>sanos,</strong></span> <span class='ocrx_word' id='word_1_45' title='bbox 859 765 1016 818; x_wconf 84' lang='lat' dir='ltr'><strong>aliter</strong></span> <span class='ocrx_word' id='word_1_46' title='bbox 1057 763 1235 832; x_wconf 87' lang='lat' dir='ltr'><strong>inopia</strong></span> <span class='ocrx_word' id='word_1_47' title='bbox 1269 761 1358 833; x_wconf 93' lang='lat' dir='ltr'><strong>(ut</strong></span> <span class='ocrx_word' id='word_1_48' title='bbox 1387 762 1498 834; x_wconf 86' lang='lat' dir='ltr'><strong>ais)</strong></span> <span class='ocrx_word' id='word_1_49' title='bbox 1547 762 1810 816; x_wconf 89' lang='lat' dir='ltr'><strong>malarum</strong></span> <span class='ocrx_word' id='word_1_50' title='bbox 1855 763 2225 833; x_wconf 82' lang='lat' dir='ltr'><strong>cupiditatum,</strong></span> 
     </span>
    </p>
   </div>
   <div class='ocr_carea' id='block_1_9' title="bbox 647 853 2224 926">
    <p class='ocr_par' dir='ltr' id='par_1_9' title="bbox 647 853 2224 926">
     <span class='ocr_line' id='line_1_9' title="bbox 647 853 2224 926; baseline 0.002 -17"><span class='ocrx_word' id='word_1_51' title='bbox 647 871 784 926; x_wconf 92' lang='lat' dir='ltr'><strong>quas</strong></span> <span class='ocrx_word' id='word_1_52' title='bbox 807 854 1215 924; x_wconf 85' lang='lat' dir='ltr'><strong>intemperantia</strong></span> <span class='ocrx_word' id='word_1_53' title='bbox 1243 869 1354 908; x_wconf 64' lang='lat' dir='ltr'><strong>sua;</strong></span> <span class='ocrx_word' id='word_1_54' title='bbox 1373 853 1613 910; x_wconf 87' lang='lat' dir='ltr'><strong>libidinis</strong></span> <span class='ocrx_word' id='word_1_55' title='bbox 1634 862 1915 908; x_wconf 83' lang='lat' dir='ltr'><strong>traxerunt</strong></span> <span class='ocrx_word' id='word_1_56' title='bbox 1935 855 2224 920; x_wconf 86' lang='lat' dir='ltr'><strong>cruciatos,</strong></span> 
     </span>
    </p>
   </div>
   <div class='ocr_carea' id='block_1_10' title="bbox 648 945 2228 1011">
    <p class='ocr_par' dir='ltr' id='par_1_10' title="bbox 648 945 2228 1011">
     <span class='ocr_line' id='line_1_10' title="bbox 648 945 2228 1011; baseline 0 -9"><span class='ocrx_word' id='word_1_57' title='bbox 648 947 897 1002; x_wconf 87' lang='lat' dir='ltr'><strong>dentibus</strong></span> <span class='ocrx_word' id='word_1_58' title='bbox 945 945 1266 1010; x_wconf 90' lang='lat' dir='ltr'><strong>stridentes,</strong></span> <span class='ocrx_word' id='word_1_59' title='bbox 1319 945 1594 1000; x_wconf 78' lang='lat' dir='ltr'><strong>vermibus</strong></span> <span class='ocrx_word' id='word_1_60' title='bbox 1655 952 1956 1011; x_wconf 87' lang='lat' dir='ltr'><strong>scatentes,</strong></span> <span class='ocrx_word' id='word_1_61' title='bbox 1998 945 2228 1002; x_wconf 84' lang='lat' dir='ltr'><strong>diversis</strong></span> 
     </span>
    </p>
   </div>
   <div class='ocr_carea' id='block_1_11' title="bbox 645 1036 2228 1109">
    <p class='ocr_par' dir='ltr' id='par_1_11' title="bbox 645 1036 2228 1109">
     <span class='ocr_line' id='line_1_11' title="bbox 645 1036 2228 1109; baseline 0 -17"><span class='ocrx_word' id='word_1_62' title='bbox 645 1037 898 1109; x_wconf 89' lang='lat' dir='ltr'><strong>perennis</strong></span> <span class='ocrx_word' id='word_1_63' title='bbox 924 1036 1156 1091; x_wconf 83' lang='lat' dir='ltr'><strong>tristitiae</strong></span> <span class='ocrx_word' id='word_1_64' title='bbox 1181 1037 1469 1108; x_wconf 79' lang='lat' dir='ltr'><strong>generibus</strong></span> <span class='ocrx_word' id='word_1_65' title='bbox 1505 1036 1833 1102; x_wconf 85' lang='lat' dir='ltr'><strong>laborantes,</strong></span> <span class='ocrx_word' id='word_1_66' title='bbox 1867 1052 1974 1108; x_wconf 91' lang='lat' dir='ltr'><strong>qua</strong></span> <span class='ocrx_word' id='word_1_67' title='bbox 2011 1038 2228 1093; x_wconf 90' lang='lat' dir='ltr'><strong>conaris</strong></span> 
     </span>
    </p>
   </div>
   <div class='ocr_carea' id='block_1_12' title="bbox 647 1128 2243 1221">
    <p class='ocr_par' dir='ltr' id='par_1_12' title="bbox 647 1128 2243 1221">
     <span class='ocr_line' id='line_1_12' title="bbox 647 1128 2243 1221; baseline -0.001 -36"><span class='ocrx_word' id='word_1_68' title='bbox 647 1140 891 1185; x_wconf 84' lang='lat' dir='ltr'><strong>astruere</strong></span> <span class='ocrx_word' id='word_1_69' title='bbox 933 1145 1038 1184; x_wconf 92' lang='lat' dir='ltr'><strong>non</strong></span> <span class='ocrx_word' id='word_1_70' title='bbox 1075 1142 1198 1182; x_wconf 91' lang='lat' dir='ltr'><strong>eum</strong></span> <span class='ocrx_word' id='word_1_71' title='bbox 1233 1137 1379 1183; x_wconf 88' lang='lat' dir='ltr'><strong>recte</strong></span> <span class='ocrx_word' id='word_1_72' title='bbox 1405 1129 1663 1184; x_wconf 73' lang='lat' dir='ltr'><strong>aestimari</strong></span> <span class='ocrx_word' id='word_1_73' title='bbox 1695 1128 2043 1184; x_wconf 88' lang='lat' dir='ltr'><strong>durissimum</strong></span> <span class='ocrx_word' id='word_1_74' title='bbox 2070 1129 2243 1221; x_wconf 45' lang='lat' dir='ltr'><strong>puni-O</strong></span> 
     </span>
    </p>
   </div>
   <div class='ocr_carea' id='block_1_13' title="bbox 648 1218 2225 1291">
    <p class='ocr_par' dir='ltr' id='par_1_13' title="bbox 648 1218 2225 1291">
     <span class='ocr_line' id='line_1_13' title="bbox 648 1218 2225 1291; baseline -0.001 -13"><span class='ocrx_word' id='word_1_75' title='bbox 648 1232 816 1278; x_wconf 88' lang='lat' dir='ltr'><strong>torem</strong></span> <span class='ocrx_word' id='word_1_76' title='bbox 856 1221 948 1291; x_wconf 88' lang='lat' dir='ltr'><strong>qui</strong></span> <span class='ocrx_word' id='word_1_77' title='bbox 1004 1221 1252 1276; x_wconf 89' lang='lat' dir='ltr'><strong>laudatur</strong></span> <span class='ocrx_word' id='word_1_78' title='bbox 1292 1218 1624 1289; x_wconf 71' lang='lat' dir='ltr'><strong>iustissimus</strong></span> <span class='ocrx_word' id='word_1_79' title='bbox 1677 1220 1980 1286; x_wconf 90' lang='lat' dir='ltr'><strong>ordinator,</strong></span> <span class='ocrx_word' id='word_1_80' title='bbox 2026 1218 2225 1276; x_wconf 53' lang='lat' dir='ltr'><strong>nihilo?</strong></span> 
     </span>
    </p>
   </div>
   <div class='ocr_carea' id='block_1_14' title="bbox 647 1310 2224 1382">
    <p class='ocr_par' dir='ltr' id='par_1_14' title="bbox 647 1310 2224 1382">
     <span class='ocr_line' id='line_1_14' title="bbox 647 1310 2224 1382; baseline -0.001 -16"><span class='ocrx_word' id='word_1_81' title='bbox 647 1315 825 1368; x_wconf 89' lang='lat' dir='ltr'><strong>minus</strong></span> <span class='ocrx_word' id='word_1_82' title='bbox 838 1312 1054 1366; x_wconf 80' lang='lat' dir='ltr'><strong>veritati</strong></span> <span class='ocrx_word' id='word_1_83' title='bbox 1074 1310 1366 1380; x_wconf 89' lang='lat' dir='ltr'><strong>judicantis</strong></span> <span class='ocrx_word' id='word_1_84' title='bbox 1389 1326 1495 1366; x_wconf 93' lang='lat' dir='ltr'><strong>non</strong></span> <span class='ocrx_word' id='word_1_85' title='bbox 1525 1325 1909 1381; x_wconf 85' lang='lat' dir='ltr'><strong>usquequaque</strong></span> <span class='ocrx_word' id='word_1_86' title='bbox 1937 1318 2224 1382; x_wconf 90' lang='lat' dir='ltr'><strong>repugnat,</strong></span> 
     </span>
    </p>
   </div>
   <div class='ocr_carea' id='block_1_15' title="bbox 645 1391 2224 1477">
    <p class='ocr_par' dir='ltr' id='par_1_15' title="bbox 645 1391 2224 1477">
     <span class='ocr_line' id='line_1_15' title="bbox 645 1391 2224 1477; baseline -0.003 -17"><span class='ocrx_word' id='word_1_87' title='bbox 645 1391 822 1477; x_wconf 87' lang='lat' dir='ltr'><strong>neque</strong></span> <span class='ocrx_word' id='word_1_88' title='bbox 845 1405 1069 1476; x_wconf 74' lang='lat' dir='ltr'><strong>justitiae</strong></span> <span class='ocrx_word' id='word_1_89' title='bbox 1110 1403 1251 1458; x_wconf 90' lang='lat' dir='ltr'><strong>illius</strong></span> <span class='ocrx_word' id='word_1_90' title='bbox 1293 1404 1525 1474; x_wconf 79' lang='lat' dir='ltr'><strong>rigorem</strong></span> <span class='ocrx_word' id='word_1_91' title='bbox 1564 1403 1869 1458; x_wconf 89' lang='lat' dir='ltr'><strong>nullatenus</strong></span> <span class='ocrx_word' id='word_1_92' title='bbox 1896 1412 2136 1466; x_wconf 83' lang='lat' dir='ltr'><strong>enervat,</strong></span> <span class='ocrx_word' id='word_1_93' title='bbox 2179 1403 2224 1456; x_wconf 87' lang='lat' dir='ltr'><strong>si</strong></span> 
     </span>
    </p>
   </div>
   <div class='ocr_carea' id='block_1_16' title="bbox 645 1495 2224 1566">
    <p class='ocr_par' dir='ltr' id='par_1_16' title="bbox 645 1495 2224 1566">
     <span class='ocr_line' id='line_1_16' title="bbox 645 1495 2224 1566; baseline -0.001 -13"><span class='ocrx_word' id='word_1_94' title='bbox 645 1499 714 1554; x_wconf 92' lang='lat' dir='ltr'><strong>ad</strong></span> <span class='ocrx_word' id='word_1_95' title='bbox 771 1498 1020 1552; x_wconf 90' lang='lat' dir='ltr'><strong>intimum</strong></span> <span class='ocrx_word' id='word_1_96' title='bbox 1070 1499 1352 1553; x_wconf 88' lang='lat' dir='ltr'><strong>cerebrum</strong></span> <span class='ocrx_word' id='word_1_97' title='bbox 1401 1496 1600 1552; x_wconf 88' lang='lat' dir='ltr'><strong>veritas</strong></span> <span class='ocrx_word' id='word_1_98' title='bbox 1660 1497 2020 1566; x_wconf 82' lang='lat' dir='ltr'><strong>exsculpatur.</strong></span> <span class='ocrx_word' id='word_1_99' title='bbox 2085 1495 2224 1564; x_wconf 84' lang='lat' dir='ltr'><strong>Quid</strong></span> 
     </span>
    </p>
   </div>
   <div class='ocr_carea' id='block_1_17' title="bbox 645 1589 2221 1672">
    <p class='ocr_par' dir='ltr' id='par_1_17' title="bbox 645 1589 2221 1672">
     <span class='ocr_line' id='line_1_17' title="bbox 645 1589 2221 1672; baseline -0.002 -27"><span class='ocrx_word' id='word_1_100' title='bbox 645 1591 790 1646; x_wconf 91' lang='lat' dir='ltr'><strong>enim</strong></span> <span class='ocrx_word' id='word_1_101' title='bbox 826 1589 914 1644; x_wconf 91' lang='lat' dir='ltr'><strong>ille</strong></span> <span class='ocrx_word' id='word_1_102' title='bbox 945 1589 1315 1645; x_wconf 88' lang='lat' dir='ltr'><strong>universitatis</strong></span> <span class='ocrx_word' id='word_1_103' title='bbox 1335 1589 1607 1672; x_wconf 71' lang='lat' dir='ltr'><strong>conditor,</strong></span> <span class='ocrx_word' id='word_1_104' title='bbox 1639 1589 1918 1644; x_wconf 85' lang='lat' dir='ltr'><strong>ordinatur</strong></span> <span class='ocrx_word' id='word_1_105' title='bbox 1946 1596 1998 1643; x_wconf 92' lang='lat' dir='ltr'><strong>et</strong></span> <span class='ocrx_word' id='word_1_106' title='bbox 2032 1589 2221 1660; x_wconf 79' lang='lat' dir='ltr'><strong>judex,</strong></span> 
     </span>
    </p>
   </div>
   <div class='ocr_carea' id='block_1_18' title="bbox 646 1679 2223 1751">
    <p class='ocr_par' dir='ltr' id='par_1_18' title="bbox 646 1679 2223 1751">
     <span class='ocr_line' id='line_1_18' title="bbox 646 1679 2223 1751; baseline -0.002 -14"><span class='ocrx_word' id='word_1_107' title='bbox 646 1682 702 1737; x_wconf 92' lang='lat' dir='ltr'><strong>in</strong></span> <span class='ocrx_word' id='word_1_108' title='bbox 731 1682 832 1737; x_wconf 89' lang='lat' dir='ltr'><strong>hac</strong></span> <span class='ocrx_word' id='word_1_109' title='bbox 853 1681 1225 1736; x_wconf 86' lang='lat' dir='ltr'><strong>universitatis</strong></span> <span class='ocrx_word' id='word_1_110' title='bbox 1263 1679 1662 1750; x_wconf 88' lang='lat' dir='ltr'><strong>pulchritudine</strong></span> <span class='ocrx_word' id='word_1_111' title='bbox 1686 1679 1830 1736; x_wconf 89' lang='lat' dir='ltr'><strong>aliud</strong></span> <span class='ocrx_word' id='word_1_112' title='bbox 1877 1693 2036 1751; x_wconf 86' lang='lat' dir='ltr'><strong>agere</strong></span> <span class='ocrx_word' id='word_1_113' title='bbox 2078 1688 2223 1734; x_wconf 90' lang='lat' dir='ltr'><strong>recte</strong></span> 
     </span>
    </p>
   </div>
   <div class='ocr_carea' id='block_1_19' title="bbox 2327 495 3771 573">
    <p class='ocr_par' dir='ltr' id='par_1_19' title="bbox 2327 495 3771 573">
     <span class='ocr_line' id='line_1_19' title="bbox 2327 495 3771 573; baseline 0.008 -28"><span class='ocrx_word' id='word_1_114' title='bbox 2327 509 2536 562; x_wconf 85' lang='lat' dir='ltr'><strong>cunque</strong></span> <span class='ocrx_word' id='word_1_115' title='bbox 2567 495 2656 558; x_wconf 86' lang='lat' dir='ltr'><strong>sit,</strong></span> <span class='ocrx_word' id='word_1_116' title='bbox 2711 503 2767 548; x_wconf 89' lang='lat' dir='ltr'><strong>et</strong></span> <span class='ocrx_word' id='word_1_117' title='bbox 2811 495 3202 566; x_wconf 83' lang='lat' dir='ltr'><strong>qualiscunque</strong></span> <span class='ocrx_word' id='word_1_118' title='bbox 3229 497 3318 561; x_wconf 89' lang='lat' dir='ltr'><strong>sit,</strong></span> <span class='ocrx_word' id='word_1_119' title='bbox 3361 500 3490 553; x_wconf 91' lang='lat' dir='ltr'><strong>omni</strong></span> <span class='ocrx_word' id='word_1_120' title='bbox 3520 515 3692 573; x_wconf 84' lang='lat' dir='ltr'><strong>corpore</strong></span> <span class='ocrx_word' id='word_1_121' title='bbox 3721 523 3771 563; x_wconf 75' lang='lat' dir='ltr'><strong>est</strong></span> 
     </span>
    </p>
   </div>
   <div class='ocr_carea' id='block_1_20' title="bbox 2328 579 3773 665">
    <p class='ocr_par' dir='ltr' id='par_1_20' title="bbox 2328 579 3773 665">
     <span class='ocr_line' id='line_1_20' title="bbox 2328 579 3773 665; baseline 0.011 -29"><span class='ocrx_word' id='word_1_122' title='bbox 2328 581 2536 647; x_wconf 90' lang='lat' dir='ltr'><strong>melior,</strong></span> <span class='ocrx_word' id='word_1_123' title='bbox 2577 583 2750 637; x_wconf 89' lang='lat' dir='ltr'><strong>dicam</strong></span> <span class='ocrx_word' id='word_1_124' title='bbox 2788 585 3010 654; x_wconf 88' lang='lat' dir='ltr'><strong>pulchre</strong></span> <span class='ocrx_word' id='word_1_125' title='bbox 3043 587 3301 650; x_wconf 89' lang='lat' dir='ltr'><strong>ordinari,</strong></span> <span class='ocrx_word' id='word_1_126' title='bbox 3343 597 3395 640; x_wconf 85' lang='lat' dir='ltr'><strong>et</strong></span> <span class='ocrx_word' id='word_1_127' title='bbox 3442 590 3500 642; x_wconf 86' lang='lat' dir='ltr'><strong>de</strong></span> <span class='ocrx_word' id='word_1_128' title='bbox 3541 579 3773 665; x_wconf 41' lang='lat' dir='ltr'><strong>pcenis&#39;cjns</strong></span> 
     </span>
    </p>
   </div>
   <div class='ocr_carea' id='block_1_21' title="bbox 2325 671 3772 754">
    <p class='ocr_par' dir='ltr' id='par_1_21' title="bbox 2325 671 3772 754">
     <span class='ocr_line' id='line_1_21' title="bbox 2325 671 3772 754; baseline 0.011 -28"><span class='ocrx_word' id='word_1_129' title='bbox 2325 671 2460 726; x_wconf 88' lang='lat' dir='ltr'><strong>alias</strong></span> <span class='ocrx_word' id='word_1_130' title='bbox 2503 672 2928 743; x_wconf 89' lang='lat' dir='ltr'><strong>pulchritudines</strong></span> <span class='ocrx_word' id='word_1_131' title='bbox 2963 675 3101 740; x_wconf 79' lang='lat' dir='ltr'><strong>fieri,</strong></span> <span class='ocrx_word' id='word_1_132' title='bbox 3139 691 3258 730; x_wconf 92' lang='lat' dir='ltr'><strong>cum</strong></span> <span class='ocrx_word' id='word_1_133' title='bbox 3290 677 3358 731; x_wconf 92' lang='lat' dir='ltr'><strong>ibi</strong></span> <span class='ocrx_word' id='word_1_134' title='bbox 3399 695 3493 732; x_wconf 91' lang='lat' dir='ltr'><strong>non</strong></span> <span class='ocrx_word' id='word_1_135' title='bbox 3535 685 3608 746; x_wconf 89' lang='lat' dir='ltr'><strong>sit,</strong></span> <span class='ocrx_word' id='word_1_136' title='bbox 3631 692 3772 754; x_wconf 68' lang='lat' dir='ltr'><strong>quando</strong></span> 
     </span>
    </p>
   </div>
   <div class='ocr_carea' id='block_1_22' title="bbox 2326 763 3772 833">
    <p class='ocr_par' dir='ltr' id='par_1_22' title="bbox 2326 763 3772 833">
     <span class='ocr_line' id='line_1_22' title="bbox 2326 763 3772 833; baseline 0.01 -17"><span class='ocrx_word' id='word_1_137' title='bbox 2326 763 2520 818; x_wconf 90' lang='lat' dir='ltr'><strong>misera</strong></span> <span class='ocrx_word' id='word_1_138' title='bbox 2568 773 2671 829; x_wconf 90' lang='lat' dir='ltr'><strong>est,</strong></span> <span class='ocrx_word' id='word_1_139' title='bbox 2719 764 2810 818; x_wconf 92' lang='lat' dir='ltr'><strong>ubi</strong></span> <span class='ocrx_word' id='word_1_140' title='bbox 2849 779 2967 820; x_wconf 90' lang='lat' dir='ltr'><strong>esse</strong></span> <span class='ocrx_word' id='word_1_141' title='bbox 3007 767 3196 822; x_wconf 88' lang='lat' dir='ltr'><strong>beatos</strong></span> <span class='ocrx_word' id='word_1_142' title='bbox 3228 767 3393 833; x_wconf 86' lang='lat' dir='ltr'><strong>decet,</strong></span> <span class='ocrx_word' id='word_1_143' title='bbox 3430 771 3512 825; x_wconf 89' lang='lat' dir='ltr'><strong>sed</strong></span> <span class='ocrx_word' id='word_1_144' title='bbox 3544 773 3604 827; x_wconf 90' lang='lat' dir='ltr'><strong>ibi</strong></span> <span class='ocrx_word' id='word_1_145' title='bbox 3639 777 3687 830; x_wconf 89' lang='lat' dir='ltr'><strong>sit</strong></span> <span class='ocrx_word' id='word_1_146' title='bbox 3719 781 3772 833; x_wconf 87' lang='lat' dir='ltr'><strong>ubi</strong></span> 
     </span>
    </p>
   </div>
   <div class='ocr_carea' id='block_1_23' title="bbox 2324 855 2936 930">
    <p class='ocr_par' dir='ltr' id='par_1_23' title="bbox 2324 855 2936 930">
     <span class='ocr_line' id='line_1_23' title="bbox 2324 855 2936 930; baseline 0.003 -20"><span class='ocrx_word' id='word_1_147' title='bbox 2324 869 2445 912; x_wconf 86' lang='lat' dir='ltr'><strong>esse</strong></span> <span class='ocrx_word' id='word_1_148' title='bbox 2476 856 2702 912; x_wconf 90' lang='lat' dir='ltr'><strong>miseros</strong></span> <span class='ocrx_word' id='word_1_149' title='bbox 2723 855 2936 930; x_wconf 90' lang='lat' dir='ltr'><strong>decet.]</strong></span> 
     </span>
    </p>
   </div>
   <div class='ocr_carea' id='block_1_24' title="bbox 2393 945 3772 1021">
    <p class='ocr_par' dir='ltr' id='par_1_24' title="bbox 2393 945 3772 1021">
     <span class='ocr_line' id='line_1_24' title="bbox 2393 945 3772 1021; baseline 0.007 -21"><span class='ocrx_word' id='word_1_150' title='bbox 2393 945 2436 1018; x_wconf 70' lang='grc'><strong>1-</strong></span> <span class='ocrx_word' id='word_1_151' title='bbox 2459 946 2689 1002; x_wconf 88' lang='lat' dir='ltr'><strong>Attende</strong></span> <span class='ocrx_word' id='word_1_152' title='bbox 2727 947 2871 1016; x_wconf 90' lang='lat' dir='ltr'><strong>quod</strong></span> <span class='ocrx_word' id='word_1_153' title='bbox 2895 947 3129 1002; x_wconf 90' lang='lat' dir='ltr'><strong>animam</strong></span> <span class='ocrx_word' id='word_1_154' title='bbox 3152 947 3488 1016; x_wconf 82' lang='lat' dir='ltr'><strong>peccatricem</strong></span> <span class='ocrx_word' id='word_1_155' title='bbox 3509 950 3553 1005; x_wconf 92' lang='lat' dir='ltr'><strong>in</strong></span> <span class='ocrx_word' id='word_1_156' title='bbox 3579 967 3772 1021; x_wconf 65' lang='lat' dir='ltr'><strong>poenarum</strong></span> 
     </span>
    </p>
   </div>
   <div class='ocr_carea' id='block_1_25' title="bbox 2323 1038 3771 1110">
    <p class='ocr_par' dir='ltr' id='par_1_25' title="bbox 2323 1038 3771 1110">
     <span class='ocr_line' id='line_1_25' title="bbox 2323 1038 3771 1110; baseline 0.004 -17"><span class='ocrx_word' id='word_1_157' title='bbox 2323 1038 2566 1094; x_wconf 89' lang='lat' dir='ltr'><strong>ordinem</strong></span> <span class='ocrx_word' id='word_1_158' title='bbox 2612 1039 2936 1110; x_wconf 69' lang='lat' dir='ltr'><strong>prmcipitari</strong></span> <span class='ocrx_word' id='word_1_159' title='bbox 2973 1039 3192 1104; x_wconf 82' lang='lat' dir='ltr'><strong>dixerit,</strong></span> <span class='ocrx_word' id='word_1_160' title='bbox 3244 1048 3298 1094; x_wconf 92' lang='lat' dir='ltr'><strong>et</strong></span> <span class='ocrx_word' id='word_1_161' title='bbox 3322 1040 3391 1095; x_wconf 88' lang='lat' dir='ltr'><strong>ibi</strong></span> <span class='ocrx_word' id='word_1_162' title='bbox 3435 1057 3538 1096; x_wconf 89' lang='lat' dir='ltr'><strong>esse</strong></span> <span class='ocrx_word' id='word_1_163' title='bbox 3562 1043 3632 1098; x_wconf 91' lang='lat' dir='ltr'><strong>ubi</strong></span> <span class='ocrx_word' id='word_1_164' title='bbox 3669 1048 3771 1099; x_wconf 80' lang='lat' dir='ltr'><strong>talem</strong></span> 
     </span>
    </p>
   </div>
   <div class='ocr_carea' id='block_1_26' title="bbox 2324 1130 3777 1202">
    <p class='ocr_par' dir='ltr' id='par_1_26' title="bbox 2324 1130 3777 1202">
     <span class='ocr_line' id='line_1_26' title="bbox 2324 1130 3777 1202; baseline 0.003 -16"><span class='ocrx_word' id='word_1_165' title='bbox 2324 1147 2445 1187; x_wconf 90' lang='lat' dir='ltr'><strong>esse</strong></span> <span class='ocrx_word' id='word_1_166' title='bbox 2471 1131 2678 1196; x_wconf 88' lang='lat' dir='ltr'><strong>deceat,</strong></span> <span class='ocrx_word' id='word_1_167' title='bbox 2710 1131 2897 1200; x_wconf 92' lang='lat' dir='ltr'><strong>procul</strong></span> <span class='ocrx_word' id='word_1_168' title='bbox 2936 1131 3101 1185; x_wconf 85' lang='lat' dir='ltr'><strong>dubio</strong></span> <span class='ocrx_word' id='word_1_169' title='bbox 3137 1131 3189 1184; x_wconf 92' lang='lat' dir='ltr'><strong>in</strong></span> <span class='ocrx_word' id='word_1_170' title='bbox 3239 1130 3352 1186; x_wconf 89' lang='lat' dir='ltr'><strong>loco</strong></span> <span class='ocrx_word' id='word_1_171' title='bbox 3378 1145 3637 1202; x_wconf 69' lang='lat' dir='ltr'><strong>pinnarum,</strong></span> <span class='ocrx_word' id='word_1_172' title='bbox 3661 1135 3697 1189; x_wconf 89' lang='lat' dir='ltr'><strong>id</strong></span> <span class='ocrx_word' id='word_1_173' title='bbox 3727 1151 3777 1191; x_wconf 81' lang='lat' dir='ltr'><strong>est</strong></span> 
     </span>
    </p>
   </div>
   <div class='ocr_carea' id='block_1_27' title="bbox 2325 1223 3773 1296">
    <p class='ocr_par' dir='ltr' id='par_1_27' title="bbox 2325 1223 3773 1296">
     <span class='ocr_line' id='line_1_27' title="bbox 2325 1223 3773 1296; baseline 0.002 -18"><span class='ocrx_word' id='word_1_174' title='bbox 2325 1232 2552 1280; x_wconf 84' lang='lat' dir='ltr'><strong>tartaro.</strong></span> <span class='ocrx_word' id='word_1_175' title='bbox 2587 1223 2703 1280; x_wconf 88' lang='lat' dir='ltr'><strong>Noli</strong></span> <span class='ocrx_word' id='word_1_176' title='bbox 2731 1241 2860 1296; x_wconf 80' lang='lat' dir='ltr'><strong>ergo</strong></span> <span class='ocrx_word' id='word_1_177' title='bbox 2906 1224 3128 1280; x_wconf 84' lang='lat' dir='ltr'><strong>dicere:</strong></span> <span class='ocrx_word' id='word_1_178' title='bbox 3178 1223 3341 1277; x_wconf 86' lang='lat' dir='ltr'><strong>Nulla</strong></span> <span class='ocrx_word' id='word_1_179' title='bbox 3378 1225 3671 1279; x_wconf 72' lang='lat' dir='ltr'><strong>universitatis</strong></span> <span class='ocrx_word' id='word_1_180' title='bbox 3685 1239 3773 1296; x_wconf 77' lang='lat' dir='ltr'><strong>parte</strong></span> 
     </span>
    </p>
   </div>
   <div class='ocr_carea' id='block_1_28' title="bbox 2323 1317 3772 1388">
    <p class='ocr_par' dir='ltr' id='par_1_28' title="bbox 2323 1317 3772 1388">
     <span class='ocr_line' id='line_1_28' title="bbox 2323 1317 3772 1388; baseline 0.001 -18"><span class='ocrx_word' id='word_1_181' title='bbox 2323 1319 2540 1388; x_wconf 80' lang='lat' dir='ltr'><strong>punitur</strong></span> <span class='ocrx_word' id='word_1_182' title='bbox 2562 1318 2776 1383; x_wconf 81' lang='lat' dir='ltr'><strong>impius,</strong></span> <span class='ocrx_word' id='word_1_183' title='bbox 2807 1322 2897 1372; x_wconf 84' lang='lat' dir='ltr'><strong>sed</strong></span> <span class='ocrx_word' id='word_1_184' title='bbox 2931 1335 3028 1372; x_wconf 90' lang='lat' dir='ltr'><strong>sua</strong></span> <span class='ocrx_word' id='word_1_185' title='bbox 3065 1317 3280 1388; x_wconf 84' lang='lat' dir='ltr'><strong>propria</strong></span> <span class='ocrx_word' id='word_1_186' title='bbox 3325 1317 3560 1386; x_wconf 79' lang='lat' dir='ltr'><strong>impietate</strong></span> <span class='ocrx_word' id='word_1_187' title='bbox 3590 1318 3632 1370; x_wconf 87' lang='lat' dir='ltr'><strong>in</strong></span> <span class='ocrx_word' id='word_1_188' title='bbox 3653 1320 3772 1386; x_wconf 74' lang='lat' dir='ltr'><strong>scipio.</strong></span> 
     </span>
    </p>
   </div>
   <div class='ocr_carea' id='block_1_29' title="bbox 2325 1407 3773 1480">
    <p class='ocr_par' dir='ltr' id='par_1_29' title="bbox 2325 1407 3773 1480">
     <span class='ocr_line' id='line_1_29' title="bbox 2325 1407 3773 1480; baseline -0.003 -17"><span class='ocrx_word' id='word_1_189' title='bbox 2325 1418 2381 1463; x_wconf 87' lang='lat' dir='ltr'><strong>ut</strong></span> <span class='ocrx_word' id='word_1_190' title='bbox 2410 1409 2676 1480; x_wconf 64' lang='lat' dir='ltr'><strong>praedicta:</strong></span> <span class='ocrx_word' id='word_1_191' title='bbox 2709 1418 3011 1463; x_wconf 83' lang='lat' dir='ltr'><strong>sanctorum</strong></span> <span class='ocrx_word' id='word_1_192' title='bbox 3048 1407 3266 1461; x_wconf 81' lang='lat' dir='ltr'><strong>Patrum</strong></span> <span class='ocrx_word' id='word_1_193' title='bbox 3294 1408 3773 1478; x_wconf 72' lang='lat' dir='ltr'><strong>sententitetestantur,]</strong></span> 
     </span>
    </p>
   </div>
   <div class='ocr_carea' id='block_1_30' title="bbox 2325 1499 3774 1574">
    <p class='ocr_par' dir='ltr' id='par_1_30' title="bbox 2325 1499 3774 1574">
     <span class='ocr_line' id='line_1_30' title="bbox 2325 1499 3774 1574; baseline -0.002 -17"><span class='ocrx_word' id='word_1_194' title='bbox 2325 1502 2452 1574; x_wconf 90' lang='lat' dir='ltr'><strong>quia</strong></span> <span class='ocrx_word' id='word_1_195' title='bbox 2508 1501 2778 1557; x_wconf 77' lang='lat' dir='ltr'><strong>veraciter</strong></span> <span class='ocrx_word' id='word_1_196' title='bbox 2830 1500 3221 1556; x_wconf 64' lang='lat' dir='ltr'><strong>animadversa:</strong></span> <span class='ocrx_word' id='word_1_197' title='bbox 3274 1508 3432 1570; x_wconf 87' lang='lat' dir='ltr'><strong>atque</strong></span> <span class='ocrx_word' id='word_1_198' title='bbox 3477 1499 3681 1554; x_wconf 72' lang='lat' dir='ltr'><strong>discussa</strong></span> <span class='ocrx_word' id='word_1_199' title='bbox 3715 1501 3774 1555; x_wconf 82' lang='lat' dir='ltr'><strong>hoc</strong></span> 
     </span>
    </p>
   </div>
   <div class='ocr_carea' id='block_1_31' title="bbox 2325 1589 3775 1663">
    <p class='ocr_par' dir='ltr' id='par_1_31' title="bbox 2325 1589 3775 1663">
     <span class='ocr_line' id='line_1_31' title="bbox 2325 1589 3775 1663; baseline -0.003 -14"><span class='ocrx_word' id='word_1_200' title='bbox 2325 1594 2505 1650; x_wconf 85' lang='lat' dir='ltr'><strong>dicere</strong></span> <span class='ocrx_word' id='word_1_201' title='bbox 2529 1592 2952 1663; x_wconf 87' lang='lat' dir='ltr'><strong>comprobantur</strong></span> <span class='ocrx_word' id='word_1_202' title='bbox 2999 1591 3140 1662; x_wconf 91' lang='lat' dir='ltr'><strong>quod</strong></span> <span class='ocrx_word' id='word_1_203' title='bbox 3165 1591 3367 1645; x_wconf 86' lang='lat' dir='ltr'><strong>veritas</strong></span> <span class='ocrx_word' id='word_1_204' title='bbox 3395 1589 3552 1652; x_wconf 84' lang='lat' dir='ltr'><strong>habet,</strong></span> <span class='ocrx_word' id='word_1_205' title='bbox 3588 1606 3670 1644; x_wconf 89' lang='lat' dir='ltr'><strong>non</strong></span> <span class='ocrx_word' id='word_1_206' title='bbox 3689 1594 3775 1660; x_wconf 78' lang='lat' dir='ltr'><strong>quod</strong></span> 
     </span>
    </p>
   </div>
   <div class='ocr_carea' id='block_1_32' title="bbox 2327 1679 3774 1752">
    <p class='ocr_par' dir='ltr' id='par_1_32' title="bbox 2327 1679 3774 1752">
     <span class='ocr_line' id='line_1_32' title="bbox 2327 1679 3774 1752; baseline -0.002 -15"><span class='ocrx_word' id='word_1_207' title='bbox 2327 1682 2534 1738; x_wconf 83' lang='lat' dir='ltr'><strong>falsitas</strong></span> <span class='ocrx_word' id='word_1_208' title='bbox 2563 1682 2802 1737; x_wconf 88' lang='lat' dir='ltr'><strong>adhibet.</strong></span> <span class='ocrx_word' id='word_1_209' title='bbox 2832 1682 3102 1752; x_wconf 88' lang='lat' dir='ltr'><strong>Legerant</strong></span> <span class='ocrx_word' id='word_1_210' title='bbox 3136 1681 3283 1734; x_wconf 89' lang='lat' dir='ltr'><strong>enim</strong></span> <span class='ocrx_word' id='word_1_211' title='bbox 3312 1681 3376 1734; x_wconf 90' lang='lat' dir='ltr'><strong>de</strong></span> <span class='ocrx_word' id='word_1_212' title='bbox 3403 1679 3600 1734; x_wconf 90' lang='lat' dir='ltr'><strong>Domino</strong></span> <span class='ocrx_word' id='word_1_213' title='bbox 3621 1679 3774 1734; x_wconf 83' lang='lat' dir='ltr'><strong>dictum:</strong></span> 
     </span>
    </p>
   </div>
   <div class='ocr_carea' id='block_1_33' title="bbox 645 1764 3775 1846">
    <p class='ocr_par' dir='ltr' id='par_1_33' title="bbox 645 1764 3775 1846">
     <span class='ocr_line' id='line_1_33' title="bbox 645 1764 3775 1846; baseline -0.001 -19"><span class='ocrx_word' id='word_1_214' title='bbox 645 1772 862 1837; x_wconf 89' lang='lat' dir='ltr'><strong>dicitur,</strong></span> <span class='ocrx_word' id='word_1_215' title='bbox 895 1787 1054 1841; x_wconf 89' lang='lat' dir='ltr'><strong>quam</strong></span> <span class='ocrx_word' id='word_1_216' title='bbox 1085 1771 1225 1827; x_wconf 79' lang='lat' dir='ltr'><strong>filios</strong></span> <span class='ocrx_word' id='word_1_217' title='bbox 1261 1770 1514 1841; x_wconf 83' lang='lat' dir='ltr'><strong>colligere</strong></span> <span class='ocrx_word' id='word_1_218' title='bbox 1535 1785 1632 1842; x_wconf 91' lang='lat' dir='ltr'><strong>per</strong></span> <span class='ocrx_word' id='word_1_219' title='bbox 1670 1771 1920 1840; x_wconf 77' lang='lat' dir='ltr'><strong>gratiam,</strong></span> <span class='ocrx_word' id='word_1_220' title='bbox 1949 1779 2005 1825; x_wconf 92' lang='lat' dir='ltr'><strong>et</strong></span> <span class='ocrx_word' id='word_1_221' title='bbox 2034 1769 2226 1840; x_wconf 90' lang='lat' dir='ltr'><strong>impios</strong></span> <span class='ocrx_word' id='word_1_222' title='bbox 2255 1764 2303 1824; x_wconf 90' lang='lat' dir='ltr'><strong>B</strong></span> <span class='ocrx_word' id='word_1_223' title='bbox 2329 1775 2478 1846; x_wconf 85' lang='lat' dir='ltr'><strong>Ignis</strong></span> <span class='ocrx_word' id='word_1_224' title='bbox 2526 1776 2582 1829; x_wconf 92' lang='lat' dir='ltr'><strong>in</strong></span> <span class='ocrx_word' id='word_1_225' title='bbox 2625 1785 2899 1844; x_wconf 85' lang='lat' dir='ltr'><strong>conspectu</strong></span> <span class='ocrx_word' id='word_1_226' title='bbox 2941 1773 3054 1843; x_wconf 86' lang='lat' dir='ltr'><strong>ejus</strong></span> <span class='ocrx_word' id='word_1_227' title='bbox 3090 1772 3409 1836; x_wconf 73' lang='lat' dir='ltr'><strong>exardescet,</strong></span> <span class='ocrx_word' id='word_1_228' title='bbox 3455 1783 3496 1826; x_wconf 87' lang='lat' dir='ltr'><strong>et</strong></span> <span class='ocrx_word' id='word_1_229' title='bbox 3535 1773 3775 1840; x_wconf 75' lang='lat' dir='ltr'><strong>inﬂantth</strong></span> 
     </span>
    </p>
   </div>
   <div class='ocr_carea' id='block_1_34' title="bbox 643 1860 2225 1933">
    <p class='ocr_par' dir='ltr' id='par_1_34' title="bbox 643 1860 2225 1933">
     <span class='ocr_line' id='line_1_34' title="bbox 643 1860 2225 1933; baseline -0.002 -14"><span class='ocrx_word' id='word_1_230' title='bbox 643 1865 729 1919; x_wconf 87' lang='lat' dir='ltr'><strong>vel</strong></span> <span class='ocrx_word' id='word_1_231' title='bbox 764 1864 1060 1920; x_wconf 90' lang='lat' dir='ltr'><strong>deserendo</strong></span> <span class='ocrx_word' id='word_1_232' title='bbox 1086 1863 1169 1918; x_wconf 86' lang='lat' dir='ltr'><strong>vel</strong></span> <span class='ocrx_word' id='word_1_233' title='bbox 1190 1861 1486 1932; x_wconf 89' lang='lat' dir='ltr'><strong>judicando</strong></span> <span class='ocrx_word' id='word_1_234' title='bbox 1515 1863 1775 1918; x_wconf 89' lang='lat' dir='ltr'><strong>damnare</strong></span> <span class='ocrx_word' id='word_1_235' title='bbox 1801 1876 1900 1932; x_wconf 91' lang='lat' dir='ltr'><strong>per</strong></span> <span class='ocrx_word' id='word_1_236' title='bbox 1922 1860 2225 1933; x_wconf 86' lang='lat' dir='ltr'><strong>justitiam?</strong></span> 
     </span>
    </p>
   </div>
   <div class='ocr_carea' id='block_1_35' title="bbox 644 1951 2223 2026">
    <p class='ocr_par' dir='ltr' id='par_1_35' title="bbox 644 1951 2223 2026">
     <span class='ocr_line' id='line_1_35' title="bbox 644 1951 2223 2026; baseline -0.004 -15"><span class='ocrx_word' id='word_1_237' title='bbox 644 1954 896 2026; x_wconf 82' lang='lat' dir='ltr'><strong>Nunquid</strong></span> <span class='ocrx_word' id='word_1_238' title='bbox 923 1962 977 2009; x_wconf 91' lang='lat' dir='ltr'><strong>et</strong></span> <span class='ocrx_word' id='word_1_239' title='bbox 1031 1953 1120 2009; x_wconf 88' lang='lat' dir='ltr'><strong>ille</strong></span> <span class='ocrx_word' id='word_1_240' title='bbox 1145 1969 1305 2024; x_wconf 85' lang='lat' dir='ltr'><strong>quem</strong></span> <span class='ocrx_word' id='word_1_241' title='bbox 1332 1961 1542 2024; x_wconf 89' lang='lat' dir='ltr'><strong>patrem</strong></span> <span class='ocrx_word' id='word_1_242' title='bbox 1573 1951 1862 2006; x_wconf 90' lang='lat' dir='ltr'><strong>multarum</strong></span> <span class='ocrx_word' id='word_1_243' title='bbox 1900 1951 2223 2006; x_wconf 80' lang='lat' dir='ltr'><strong>familiarum</strong></span> 
     </span>
    </p>
   </div>
   <div class='ocr_carea' id='block_1_36' title="bbox 640 2043 2226 2118">
    <p class='ocr_par' dir='ltr' id='par_1_36' title="bbox 640 2043 2226 2118">
     <span class='ocr_line' id='line_1_36' title="bbox 640 2043 2226 2118; baseline -0.003 -16"><span class='ocrx_word' id='word_1_244' title='bbox 640 2061 742 2118; x_wconf 88' lang='lat' dir='ltr'><strong>per</strong></span> <span class='ocrx_word' id='word_1_245' title='bbox 768 2044 1171 2101; x_wconf 89' lang='lat' dir='ltr'><strong>similitudinem</strong></span> <span class='ocrx_word' id='word_1_246' title='bbox 1216 2044 1569 2109; x_wconf 89' lang='lat' dir='ltr'><strong>adhibueras,</strong></span> <span class='ocrx_word' id='word_1_247' title='bbox 1615 2059 1720 2098; x_wconf 91' lang='lat' dir='ltr'><strong>non</strong></span> <span class='ocrx_word' id='word_1_248' title='bbox 1757 2051 1970 2114; x_wconf 90' lang='lat' dir='ltr'><strong>poterat</strong></span> <span class='ocrx_word' id='word_1_249' title='bbox 2011 2043 2226 2098; x_wconf 88' lang='lat' dir='ltr'><strong>miseris</strong></span> 
     </span>
    </p>
   </div>
   <div class='ocr_carea' id='block_1_37' title="bbox 643 2135 2225 2204">
    <p class='ocr_par' dir='ltr' id='par_1_37' title="bbox 643 2135 2225 2204">
     <span class='ocr_line' id='line_1_37' title="bbox 643 2135 2225 2204; baseline -0.002 -12"><span class='ocrx_word' id='word_1_250' title='bbox 643 2137 701 2192; x_wconf 91' lang='lat' dir='ltr'><strong>in</strong></span> <span class='ocrx_word' id='word_1_251' title='bbox 729 2137 889 2192; x_wconf 90' lang='lat' dir='ltr'><strong>domo</strong></span> <span class='ocrx_word' id='word_1_252' title='bbox 915 2151 1012 2192; x_wconf 92' lang='lat' dir='ltr'><strong>sua</strong></span> <span class='ocrx_word' id='word_1_253' title='bbox 1039 2135 1346 2191; x_wconf 90' lang='lat' dir='ltr'><strong>constitutis</strong></span> <span class='ocrx_word' id='word_1_254' title='bbox 1371 2149 1691 2190; x_wconf 88' lang='lat' dir='ltr'><strong>succurrere</strong></span> <span class='ocrx_word' id='word_1_255' title='bbox 1729 2135 1774 2190; x_wconf 92' lang='lat' dir='ltr'><strong>si</strong></span> <span class='ocrx_word' id='word_1_256' title='bbox 1804 2135 1982 2200; x_wconf 88' lang='lat' dir='ltr'><strong>vellet,</strong></span> <span class='ocrx_word' id='word_1_257' title='bbox 2024 2149 2225 2204; x_wconf 91' lang='lat' dir='ltr'><strong>eosque</strong></span> 
     </span>
    </p>
   </div>
   <div class='ocr_carea' id='block_1_38' title="bbox 643 2222 2224 2294">
    <p class='ocr_par' dir='ltr' id='par_1_38' title="bbox 643 2222 2224 2294">
     <span class='ocr_line' id='line_1_38' title="bbox 643 2222 2224 2294; baseline -0.003 -12"><span class='ocrx_word' id='word_1_258' title='bbox 643 2241 677 2282; x_wconf 90' lang='lat' dir='ltr'><strong>a</strong></span> <span class='ocrx_word' id='word_1_259' title='bbox 721 2224 939 2280; x_wconf 90' lang='lat' dir='ltr'><strong>miseria</strong></span> <span class='ocrx_word' id='word_1_260' title='bbox 987 2223 1262 2279; x_wconf 84' lang='lat' dir='ltr'><strong>liberare?</strong></span> <span class='ocrx_word' id='word_1_261' title='bbox 1308 2223 1459 2291; x_wconf 84' lang='lat' dir='ltr'><strong>Quod</strong></span> <span class='ocrx_word' id='word_1_262' title='bbox 1501 2224 1625 2294; x_wconf 84' lang='lat' dir='ltr'><strong>quia</strong></span> <span class='ocrx_word' id='word_1_263' title='bbox 1655 2223 1876 2278; x_wconf 90' lang='lat' dir='ltr'><strong>minime</strong></span> <span class='ocrx_word' id='word_1_264' title='bbox 1911 2222 2061 2288; x_wconf 86' lang='lat' dir='ltr'><strong>fecit,</strong></span> <span class='ocrx_word' id='word_1_265' title='bbox 2096 2224 2224 2293; x_wconf 86' lang='lat' dir='ltr'><strong>quid</strong></span> 
     </span>
    </p>
   </div>
   <div class='ocr_carea' id='block_1_39' title="bbox 642 2317 2226 2389">
    <p class='ocr_par' dir='ltr' id='par_1_39' title="bbox 642 2317 2226 2389">
     <span class='ocr_line' id='line_1_39' title="bbox 642 2317 2226 2389; baseline -0.002 -15"><span class='ocrx_word' id='word_1_266' title='bbox 642 2319 789 2375; x_wconf 89' lang='lat' dir='ltr'><strong>aliud</strong></span> <span class='ocrx_word' id='word_1_267' title='bbox 824 2317 1060 2374; x_wconf 88' lang='lat' dir='ltr'><strong>sensisse</strong></span> <span class='ocrx_word' id='word_1_268' title='bbox 1085 2317 1462 2388; x_wconf 89' lang='lat' dir='ltr'><strong>intelligendus</strong></span> <span class='ocrx_word' id='word_1_269' title='bbox 1492 2326 1593 2382; x_wconf 91' lang='lat' dir='ltr'><strong>est,</strong></span> <span class='ocrx_word' id='word_1_270' title='bbox 1620 2332 1781 2388; x_wconf 89' lang='lat' dir='ltr'><strong>quam</strong></span> <span class='ocrx_word' id='word_1_271' title='bbox 1812 2331 1905 2372; x_wconf 93' lang='lat' dir='ltr'><strong>eos</strong></span> <span class='ocrx_word' id='word_1_272' title='bbox 1927 2317 2101 2389; x_wconf 84' lang='lat' dir='ltr'><strong>dignae</strong></span> <span class='ocrx_word' id='word_1_273' title='bbox 2129 2317 2226 2371; x_wconf 89' lang='lat' dir='ltr'><strong>mi-</strong></span> 
     </span>
    </p>
   </div>
   <div class='ocr_carea' id='block_1_40' title="bbox 641 2409 2224 2482">
    <p class='ocr_par' dir='ltr' id='par_1_40' title="bbox 641 2409 2224 2482">
     <span class='ocr_line' id='line_1_40' title="bbox 641 2409 2224 2482; baseline -0.003 -14"><span class='ocrx_word' id='word_1_274' title='bbox 641 2412 797 2468; x_wconf 76' lang='lat' dir='ltr'><strong>seria:</strong></span> <span class='ocrx_word' id='word_1_275' title='bbox 833 2411 1116 2476; x_wconf 88' lang='lat' dir='ltr'><strong>addictos,</strong></span> <span class='ocrx_word' id='word_1_276' title='bbox 1165 2425 1439 2480; x_wconf 90' lang='lat' dir='ltr'><strong>nunquam</strong></span> <span class='ocrx_word' id='word_1_277' title='bbox 1483 2411 1680 2466; x_wconf 88' lang='lat' dir='ltr'><strong>debere</strong></span> <span class='ocrx_word' id='word_1_278' title='bbox 1725 2409 1867 2465; x_wconf 81' lang='lat' dir='ltr'><strong>allici</strong></span> <span class='ocrx_word' id='word_1_279' title='bbox 1925 2410 2224 2482; x_wconf 76' lang='lat' dir='ltr'><strong>dignitate?</strong></span> 
     </span>
    </p>
   </div>
   <div class='ocr_carea' id='block_1_41' title="bbox 641 2501 2220 2574">
    <p class='ocr_par' dir='ltr' id='par_1_41' title="bbox 641 2501 2220 2574">
     <span class='ocr_line' id='line_1_41' title="bbox 641 2501 2220 2574; baseline 0 -18"><span class='ocrx_word' id='word_1_280' title='bbox 641 2505 733 2574; x_wconf 88' lang='lat' dir='ltr'><strong>qui</strong></span> <span class='ocrx_word' id='word_1_281' title='bbox 760 2517 889 2573; x_wconf 90' lang='lat' dir='ltr'><strong>ergo</strong></span> <span class='ocrx_word' id='word_1_282' title='bbox 919 2517 1012 2558; x_wconf 91' lang='lat' dir='ltr'><strong>eos</strong></span> <span class='ocrx_word' id='word_1_283' title='bbox 1030 2517 1062 2556; x_wconf 90' lang='lat' dir='ltr'><strong>a</strong></span> <span class='ocrx_word' id='word_1_284' title='bbox 1085 2501 1304 2558; x_wconf 90' lang='lat' dir='ltr'><strong>miseria</strong></span> <span class='ocrx_word' id='word_1_285' title='bbox 1327 2501 1520 2567; x_wconf 89' lang='lat' dir='ltr'><strong>noluit,</strong></span> <span class='ocrx_word' id='word_1_286' title='bbox 1539 2516 1661 2556; x_wconf 91' lang='lat' dir='ltr'><strong>cum</strong></span> <span class='ocrx_word' id='word_1_287' title='bbox 1684 2502 1941 2571; x_wconf 91' lang='lat' dir='ltr'><strong>potuerit,</strong></span> <span class='ocrx_word' id='word_1_288' title='bbox 1969 2501 2220 2567; x_wconf 90' lang='lat' dir='ltr'><strong>liberare,</strong></span> 
     </span>
    </p>
   </div>
   <div class='ocr_carea' id='block_1_42' title="bbox 639 2592 2222 2665">
    <p class='ocr_par' dir='ltr' id='par_1_42' title="bbox 639 2592 2222 2665">
     <span class='ocr_line' id='line_1_42' title="bbox 639 2592 2222 2665; baseline -0.002 -15"><span class='ocrx_word' id='word_1_289' title='bbox 639 2593 894 2650; x_wconf 89' lang='lat' dir='ltr'><strong>nimirum</strong></span> <span class='ocrx_word' id='word_1_290' title='bbox 923 2593 1038 2665; x_wconf 87' lang='lat' dir='ltr'><strong>ipse</strong></span> <span class='ocrx_word' id='word_1_291' title='bbox 1065 2608 1160 2650; x_wconf 88' lang='lat' dir='ltr'><strong>eos</strong></span> <span class='ocrx_word' id='word_1_292' title='bbox 1180 2593 1475 2657; x_wconf 85' lang='lat' dir='ltr'><strong>damnavit,</strong></span> <span class='ocrx_word' id='word_1_293' title='bbox 1499 2593 1591 2662; x_wconf 89' lang='lat' dir='ltr'><strong>qui</strong></span> <span class='ocrx_word' id='word_1_294' title='bbox 1621 2607 1651 2646; x_wconf 90' lang='lat' dir='ltr'><strong>a</strong></span> <span class='ocrx_word' id='word_1_295' title='bbox 1683 2592 1901 2647; x_wconf 88' lang='lat' dir='ltr'><strong>miseria</strong></span> <span class='ocrx_word' id='word_1_296' title='bbox 1947 2608 2222 2662; x_wconf 89' lang='lat' dir='ltr'><strong>nunquam</strong></span> 
     </span>
    </p>
   </div>
   <div class='ocr_carea' id='block_1_43' title="bbox 638 2681 2225 2760">
    <p class='ocr_par' dir='ltr' id='par_1_43' title="bbox 638 2681 2225 2760">
     <span class='ocr_line' id='line_1_43' title="bbox 638 2681 2225 2760; baseline -0.001 -22"><span class='ocrx_word' id='word_1_297' title='bbox 638 2683 946 2740; x_wconf 90' lang='lat' dir='ltr'><strong>liberandos</strong></span> <span class='ocrx_word' id='word_1_298' title='bbox 967 2681 1250 2752; x_wconf 86' lang='lat' dir='ltr'><strong>judicavit.</strong></span> <span class='ocrx_word' id='word_1_299' title='bbox 1284 2682 1390 2739; x_wconf 91' lang='lat' dir='ltr'><strong>Sed</strong></span> <span class='ocrx_word' id='word_1_300' title='bbox 1417 2683 1545 2752; x_wconf 89' lang='lat' dir='ltr'><strong>quid</strong></span> <span class='ocrx_word' id='word_1_301' title='bbox 1577 2697 1800 2738; x_wconf 87' lang='lat' dir='ltr'><strong>necesse</strong></span> <span class='ocrx_word' id='word_1_302' title='bbox 1825 2691 1907 2738; x_wconf 92' lang='lat' dir='ltr'><strong>est</strong></span> <span class='ocrx_word' id='word_1_303' title='bbox 1931 2698 2029 2738; x_wconf 90' lang='lat' dir='ltr'><strong>nos</strong></span> <span class='ocrx_word' id='word_1_304' title='bbox 2056 2683 2110 2737; x_wconf 94' lang='lat' dir='ltr'><strong>in</strong></span> <span class='ocrx_word' id='word_1_305' title='bbox 2140 2683 2225 2760; x_wconf 88' lang='lat' dir='ltr'><strong>his</strong></span> 
     </span>
    </p>
   </div>
   <div class='ocr_carea' id='block_1_44' title="bbox 639 2774 2224 2846">
    <p class='ocr_par' dir='ltr' id='par_1_44' title="bbox 639 2774 2224 2846">
     <span class='ocr_line' id='line_1_44' title="bbox 639 2774 2224 2846; baseline 0.001 -16"><span class='ocrx_word' id='word_1_306' title='bbox 639 2776 868 2832; x_wconf 92' lang='lat' dir='ltr'><strong>ulterius</strong></span> <span class='ocrx_word' id='word_1_307' title='bbox 915 2775 1140 2842; x_wconf 73' lang='lat' dir='ltr'><strong>haerere,</strong></span> <span class='ocrx_word' id='word_1_308' title='bbox 1189 2791 1312 2830; x_wconf 89' lang='lat' dir='ltr'><strong>cum</strong></span> <span class='ocrx_word' id='word_1_309' title='bbox 1353 2775 1522 2830; x_wconf 91' lang='lat' dir='ltr'><strong>Deum</strong></span> <span class='ocrx_word' id='word_1_310' title='bbox 1573 2775 1841 2830; x_wconf 90' lang='lat' dir='ltr'><strong>vindicem</strong></span> <span class='ocrx_word' id='word_1_311' title='bbox 1886 2774 2224 2846; x_wconf 88' lang='lat' dir='ltr'><strong>ultoremque</strong></span> 
     </span>
    </p>
   </div>
   <div class='ocr_carea' id='block_1_45' title="bbox 636 2870 2224 2938">
    <p class='ocr_par' dir='ltr' id='par_1_45' title="bbox 636 2870 2224 2938">
     <span class='ocr_line' id='line_1_45' title="bbox 636 2870 2224 2938; baseline 0.001 -12"><span class='ocrx_word' id='word_1_312' title='bbox 636 2870 903 2926; x_wconf 86' lang='lat' dir='ltr'><strong>malorum</strong></span> <span class='ocrx_word' id='word_1_313' title='bbox 940 2870 1181 2926; x_wconf 89' lang='lat' dir='ltr'><strong>omnium</strong></span> <span class='ocrx_word' id='word_1_314' title='bbox 1207 2910 1223 2936; x_wconf 95' lang='lat'><strong>,</strong></span> <span class='ocrx_word' id='word_1_315' title='bbox 1262 2879 1318 2926; x_wconf 91' lang='lat' dir='ltr'><strong>et</strong></span> <span class='ocrx_word' id='word_1_316' title='bbox 1351 2872 1490 2927; x_wconf 88' lang='lat' dir='ltr'><strong>ratio</strong></span> <span class='ocrx_word' id='word_1_317' title='bbox 1538 2880 1592 2927; x_wconf 91' lang='lat' dir='ltr'><strong>et</strong></span> <span class='ocrx_word' id='word_1_318' title='bbox 1629 2872 1927 2928; x_wconf 89' lang='lat' dir='ltr'><strong>auctoritas</strong></span> <span class='ocrx_word' id='word_1_319' title='bbox 1951 2913 1965 2938; x_wconf 97' lang='lat'><strong>,</strong></span> <span class='ocrx_word' id='word_1_320' title='bbox 2022 2888 2088 2928; x_wconf 79' lang='lat' dir='ltr'><strong>ex</strong></span> <span class='ocrx_word' id='word_1_321' title='bbox 2138 2874 2224 2928; x_wconf 91' lang='lat' dir='ltr'><strong>his</strong></span> 
     </span>
    </p>
   </div>
   <div class='ocr_carea' id='block_1_46' title="bbox 637 2963 2224 3035">
    <p class='ocr_par' dir='ltr' id='par_1_46' title="bbox 637 2963 2224 3035">
     <span class='ocr_line' id='line_1_46' title="bbox 637 2963 2224 3035; baseline 0.002 -18"><span class='ocrx_word' id='word_1_322' title='bbox 637 2979 757 3035; x_wconf 84' lang='lat' dir='ltr'><strong>quae</strong></span> <span class='ocrx_word' id='word_1_323' title='bbox 771 2963 1198 3034; x_wconf 68' lang='lat' dir='ltr'><strong>praecedentibus</strong></span> <span class='ocrx_word' id='word_1_324' title='bbox 1217 2964 1518 3019; x_wconf 89' lang='lat' dir='ltr'><strong>actionibus</strong></span> <span class='ocrx_word' id='word_1_325' title='bbox 1547 2963 1778 3020; x_wconf 87' lang='lat' dir='ltr'><strong>disserta</strong></span> <span class='ocrx_word' id='word_1_326' title='bbox 1803 2975 1857 3019; x_wconf 92' lang='lat' dir='ltr'><strong>et</strong></span> <span class='ocrx_word' id='word_1_327' title='bbox 1893 2973 2224 3034; x_wconf 88' lang='lat' dir='ltr'><strong>pertractata</strong></span> 
     </span>
    </p>
   </div>
   <div class='ocr_carea' id='block_1_47' title="bbox 636 3053 2223 3129">
    <p class='ocr_par' dir='ltr' id='par_1_47' title="bbox 636 3053 2223 3129">
     <span class='ocr_line' id='line_1_47' title="bbox 636 3053 2223 3129; baseline 0 -19"><span class='ocrx_word' id='word_1_328' title='bbox 636 3064 785 3120; x_wconf 87' lang='lat' dir='ltr'><strong>sunt,</strong></span> <span class='ocrx_word' id='word_1_329' title='bbox 811 3053 1012 3110; x_wconf 74' lang='lat' dir='ltr'><strong>affatim</strong></span> <span class='ocrx_word' id='word_1_330' title='bbox 1044 3055 1409 3126; x_wconf 86' lang='lat' dir='ltr'><strong>persuaserit?</strong></span> <span class='ocrx_word' id='word_1_331' title='bbox 1438 3056 1586 3125; x_wconf 91' lang='lat' dir='ltr'><strong>quia,</strong></span> <span class='ocrx_word' id='word_1_332' title='bbox 1629 3057 1768 3112; x_wconf 88' lang='lat' dir='ltr'><strong>sicut</strong></span> <span class='ocrx_word' id='word_1_333' title='bbox 1805 3056 1995 3112; x_wconf 88' lang='lat' dir='ltr'><strong>beatus</strong></span> <span class='ocrx_word' id='word_1_334' title='bbox 2035 3057 2223 3129; x_wconf 84' lang='lat' dir='ltr'><strong>Angu-</strong></span> 
     </span>
    </p>
   </div>
   <div class='ocr_carea' id='block_1_48' title="bbox 638 3127 2296 3218">
    <p class='ocr_par' dir='ltr' id='par_1_48' title="bbox 638 3127 2296 3218">
     <span class='ocr_line' id='line_1_48' title="bbox 638 3127 2296 3218; baseline 0 -16"><span class='ocrx_word' id='word_1_335' title='bbox 638 3146 812 3202; x_wconf 89' lang='lat' dir='ltr'><strong>stinus</strong></span> <span class='ocrx_word' id='word_1_336' title='bbox 857 3147 951 3212; x_wconf 91' lang='lat' dir='ltr'><strong>ait,</strong></span> <span class='ocrx_word' id='word_1_337' title='bbox 983 3147 1127 3217; x_wconf 93' lang='lat' dir='ltr'><strong>quod</strong></span> <span class='ocrx_word' id='word_1_338' title='bbox 1172 3153 1226 3202; x_wconf 89' lang='lat' dir='ltr'><strong>et</strong></span> <span class='ocrx_word' id='word_1_339' title='bbox 1269 3154 1324 3200; x_wconf 91' lang='lat' dir='ltr'><strong>tu</strong></span> <span class='ocrx_word' id='word_1_340' title='bbox 1354 3146 1478 3201; x_wconf 91' lang='lat' dir='ltr'><strong>licet</strong></span> <span class='ocrx_word' id='word_1_341' title='bbox 1520 3148 1576 3202; x_wconf 90' lang='lat' dir='ltr'><strong>in</strong></span> <span class='ocrx_word' id='word_1_342' title='bbox 1626 3147 1956 3202; x_wconf 88' lang='lat' dir='ltr'><strong>contrarium</strong></span> <span class='ocrx_word' id='word_1_343' title='bbox 1996 3127 2224 3218; x_wconf 87' lang='lat' dir='ltr'><strong>posuisti</strong></span> <span class='ocrx_word' id='word_1_344' title='bbox 2251 3127 2296 3191; x_wconf 70' lang='grc' dir='ltr'><strong>Ο</strong></span> 
     </span>
    </p>
   </div>
   <div class='ocr_carea' id='block_1_49' title="bbox 640 3238 1426 3309">
    <p class='ocr_par' dir='ltr' id='par_1_49' title="bbox 640 3238 1426 3309">
     <span class='ocr_line' id='line_1_49' title="bbox 640 3238 1426 3309; baseline -0.001 -16"><span class='ocrx_word' id='word_1_345' title='bbox 640 3244 792 3309; x_wconf 82' lang='lat' dir='ltr'><strong>(cap.</strong></span> <span class='ocrx_word' id='word_1_346' title='bbox 826 3239 911 3305; x_wconf 79' lang='lat' dir='ltr'><strong>l7,</strong></span> <span class='ocrx_word' id='word_1_347' title='bbox 945 3254 1094 3292; x_wconf 92' lang='lat' dir='ltr'><strong>num.</strong></span> <span class='ocrx_word' id='word_1_348' title='bbox 1115 3239 1168 3302; x_wconf 91' lang='lat'><strong>7,</strong></span> <span class='ocrx_word' id='word_1_349' title='bbox 1199 3249 1334 3293; x_wconf 88' lang='lat' dir='ltr'><strong>sect.</strong></span> <span class='ocrx_word' id='word_1_350' title='bbox 1361 3238 1426 3309; x_wconf 90' lang='lat'><strong>6)</strong></span> 
     </span>
    </p>
   </div>
   <div class='ocr_carea' id='block_1_50' title="bbox 709 3328 2223 3404">
    <p class='ocr_par' dir='ltr' id='par_1_50' title="bbox 709 3328 2223 3404">
     <span class='ocr_line' id='line_1_50' title="bbox 709 3328 2223 3404; baseline 0.003 -21"><span class='ocrx_word' id='word_1_351' title='bbox 709 3329 1039 3400; x_wconf 84' lang='lat' dir='ltr'><strong>Augustinus</strong></span> <span class='ocrx_word' id='word_1_352' title='bbox 1081 3328 1190 3400; x_wconf 84' lang='lat' dir='ltr'><strong>(De</strong></span> <span class='ocrx_word' id='word_1_353' title='bbox 1219 3346 1336 3384; x_wconf 83' lang='lat' dir='ltr'><strong>vera</strong></span> <span class='ocrx_word' id='word_1_354' title='bbox 1361 3329 1648 3400; x_wconf 82' lang='lat' dir='ltr'><strong>Religione,</strong></span> <span class='ocrx_word' id='word_1_355' title='bbox 1678 3345 1724 3386; x_wconf 91' lang='lat' dir='ltr'><strong>c.</strong></span> <span class='ocrx_word' id='word_1_356' title='bbox 1773 3330 1898 3403; x_wconf 73' lang='lat'><strong>25.)</strong></span> <span class='ocrx_word' id='word_1_357' title='bbox 1927 3350 1940 3385; x_wconf 91' lang='lat'>:</span> <span class='ocrx_word' id='word_1_358' title='bbox 1976 3330 2223 3404; x_wconf 66' lang='lat' dir='ltr'><strong>[Animae</strong></span> 
     </span>
    </p>
   </div>
   <div class='ocr_carea' id='block_1_51' title="bbox 639 3422 2220 3493">
    <p class='ocr_par' dir='ltr' id='par_1_51' title="bbox 639 3422 2220 3493">
     <span class='ocr_line' id='line_1_51' title="bbox 639 3422 2220 3493; baseline 0.001 -16"><span class='ocrx_word' id='word_1_359' title='bbox 639 3424 831 3478; x_wconf 89' lang='lat' dir='ltr'><strong>vitium</strong></span> <span class='ocrx_word' id='word_1_360' title='bbox 855 3437 960 3476; x_wconf 90' lang='lat' dir='ltr'><strong>non</strong></span> <span class='ocrx_word' id='word_1_361' title='bbox 984 3430 1171 3476; x_wconf 92' lang='lat' dir='ltr'><strong>natura</strong></span> <span class='ocrx_word' id='word_1_362' title='bbox 1197 3422 1334 3493; x_wconf 90' lang='lat' dir='ltr'><strong>ejus,</strong></span> <span class='ocrx_word' id='word_1_363' title='bbox 1360 3422 1452 3476; x_wconf 92' lang='lat' dir='ltr'><strong>sed</strong></span> <span class='ocrx_word' id='word_1_364' title='bbox 1475 3432 1664 3477; x_wconf 89' lang='lat' dir='ltr'><strong>contra</strong></span> <span class='ocrx_word' id='word_1_365' title='bbox 1697 3433 1946 3477; x_wconf 90' lang='lat' dir='ltr'><strong>naturam</strong></span> <span class='ocrx_word' id='word_1_366' title='bbox 1975 3423 2092 3491; x_wconf 84' lang='lat' dir='ltr'><strong>ejus</strong></span> <span class='ocrx_word' id='word_1_367' title='bbox 2116 3432 2220 3489; x_wconf 89' lang='lat' dir='ltr'><strong>est,</strong></span> 
     </span>
    </p>
   </div>
   <div class='ocr_carea' id='block_1_52' title="bbox 579 3512 2217 3584">
    <p class='ocr_par' dir='ltr' id='par_1_52' title="bbox 579 3512 2217 3584">
     <span class='ocr_line' id='line_1_52' title="bbox 579 3512 2217 3584; baseline -0.001 -14"><span class='ocrx_word' id='word_1_368' title='bbox 579 3540 582 3543; x_wconf 83' lang='lat'><strong><em>-</em></strong></span> <span class='ocrx_word' id='word_1_369' title='bbox 638 3514 881 3584; x_wconf 82' lang='lat' dir='ltr'><strong>nihilque</strong></span> <span class='ocrx_word' id='word_1_370' title='bbox 923 3512 1066 3567; x_wconf 89' lang='lat' dir='ltr'><strong>aliud</strong></span> <span class='ocrx_word' id='word_1_371' title='bbox 1101 3521 1182 3568; x_wconf 89' lang='lat' dir='ltr'><strong>est</strong></span> <span class='ocrx_word' id='word_1_372' title='bbox 1208 3529 1371 3584; x_wconf 90' lang='lat' dir='ltr'><strong>quam</strong></span> <span class='ocrx_word' id='word_1_373' title='bbox 1396 3521 1674 3584; x_wconf 88' lang='lat' dir='ltr'><strong>peccatum</strong></span> <span class='ocrx_word' id='word_1_374' title='bbox 1705 3522 1760 3568; x_wconf 93' lang='lat' dir='ltr'><strong>et</strong></span> <span class='ocrx_word' id='word_1_375' title='bbox 1787 3528 1945 3582; x_wconf 65' lang='lat' dir='ltr'><strong>paena</strong></span> <span class='ocrx_word' id='word_1_376' title='bbox 1972 3514 2177 3584; x_wconf 86' lang='lat' dir='ltr'><strong>peccati</strong></span> <span class='ocrx_word' id='word_1_377' title='bbox 2204 3531 2217 3581; x_wconf 92' lang='lat'><strong>;</strong></span> 
     </span>
    </p>
   </div>
   <div class='ocr_carea' id='block_1_53' title="bbox 639 3603 2222 3674">
    <p class='ocr_par' dir='ltr' id='par_1_53' title="bbox 639 3603 2222 3674">
     <span class='ocr_line' id='line_1_53' title="bbox 639 3603 2222 3674; baseline 0.002 -14"><span class='ocrx_word' id='word_1_378' title='bbox 639 3605 782 3660; x_wconf 90' lang='lat' dir='ltr'><strong>unde</strong></span> <span class='ocrx_word' id='word_1_379' title='bbox 827 3603 1138 3674; x_wconf 87' lang='lat' dir='ltr'><strong>intelligitur</strong></span> <span class='ocrx_word' id='word_1_380' title='bbox 1166 3603 1366 3658; x_wconf 90' lang='lat' dir='ltr'><strong>nullam</strong></span> <span class='ocrx_word' id='word_1_381' title='bbox 1396 3613 1666 3670; x_wconf 88' lang='lat' dir='ltr'><strong>naturam,</strong></span> <span class='ocrx_word' id='word_1_382' title='bbox 1711 3605 1812 3670; x_wconf 86' lang='lat' dir='ltr'><strong>vel,</strong></span> <span class='ocrx_word' id='word_1_383' title='bbox 1859 3606 1902 3660; x_wconf 88' lang='lat' dir='ltr'><strong>si</strong></span> <span class='ocrx_word' id='word_1_384' title='bbox 1931 3606 2122 3662; x_wconf 89' lang='lat' dir='ltr'><strong>melius</strong></span> <span class='ocrx_word' id='word_1_385' title='bbox 2146 3607 2222 3663; x_wconf 83' lang='lat' dir='ltr'><strong>ita</strong></span> 
     </span>
    </p>
   </div>
   <div class='ocr_carea' id='block_1_54' title="bbox 639 3695 2221 3761">
    <p class='ocr_par' dir='ltr' id='par_1_54' title="bbox 639 3695 2221 3761">
     <span class='ocr_line' id='line_1_54' title="bbox 639 3695 2221 3761; baseline 0 -8"><span class='ocrx_word' id='word_1_386' title='bbox 639 3697 856 3761; x_wconf 90' lang='lat' dir='ltr'><strong>dicitur,</strong></span> <span class='ocrx_word' id='word_1_387' title='bbox 899 3695 1097 3750; x_wconf 89' lang='lat' dir='ltr'><strong>nullam</strong></span> <span class='ocrx_word' id='word_1_388' title='bbox 1125 3697 1484 3752; x_wconf 89' lang='lat' dir='ltr'><strong>substantiam</strong></span> <span class='ocrx_word' id='word_1_389' title='bbox 1529 3696 1642 3752; x_wconf 91' lang='lat' dir='ltr'><strong>sive</strong></span> <span class='ocrx_word' id='word_1_390' title='bbox 1681 3697 1975 3753; x_wconf 85' lang='lat' dir='ltr'><strong>essentiam</strong></span> <span class='ocrx_word' id='word_1_391' title='bbox 2019 3698 2221 3753; x_wconf 86' lang='lat' dir='ltr'><strong>malum</strong></span> 
     </span>
    </p>
   </div>
   <div class='ocr_carea' id='block_1_55' title="bbox 639 3788 2222 3861">
    <p class='ocr_par' dir='ltr' id='par_1_55' title="bbox 639 3788 2222 3861">
     <span class='ocr_line' id='line_1_55' title="bbox 639 3788 2222 3861; baseline -0.001 -15"><span class='ocrx_word' id='word_1_392' title='bbox 639 3805 800 3856; x_wconf 86' lang='lat' dir='ltr'><strong>esse;</strong></span> <span class='ocrx_word' id='word_1_393' title='bbox 841 3805 1014 3860; x_wconf 87' lang='lat' dir='ltr'><strong>neque</strong></span> <span class='ocrx_word' id='word_1_394' title='bbox 1039 3790 1105 3844; x_wconf 90' lang='lat' dir='ltr'><strong>de</strong></span> <span class='ocrx_word' id='word_1_395' title='bbox 1135 3790 1370 3860; x_wconf 89' lang='lat' dir='ltr'><strong>peccatis</strong></span> <span class='ocrx_word' id='word_1_396' title='bbox 1399 3788 1684 3860; x_wconf 67' lang='lat' dir='ltr'><strong>pinnisque</strong></span> <span class='ocrx_word' id='word_1_397' title='bbox 1729 3790 1846 3861; x_wconf 91' lang='lat' dir='ltr'><strong>ejus</strong></span> <span class='ocrx_word' id='word_1_398' title='bbox 1888 3790 2081 3845; x_wconf 72' lang='lat' dir='ltr'><strong>anima:</strong></span> <span class='ocrx_word' id='word_1_399' title='bbox 2105 3789 2222 3846; x_wconf 79' lang='lat' dir='ltr'><strong>elli-</strong></span> 
     </span>
    </p>
   </div>
   <div class='ocr_carea' id='block_1_56' title="bbox 640 3879 2221 3953">
    <p class='ocr_par' dir='ltr' id='par_1_56' title="bbox 640 3879 2221 3953">
     <span class='ocr_line' id='line_1_56' title="bbox 640 3879 2221 3953; baseline 0.001 -17"><span class='ocrx_word' id='word_1_400' title='bbox 640 3882 804 3946; x_wconf 91' lang='lat' dir='ltr'><strong>citur,</strong></span> <span class='ocrx_word' id='word_1_401' title='bbox 836 3889 891 3935; x_wconf 93' lang='lat' dir='ltr'><strong>ut</strong></span> <span class='ocrx_word' id='word_1_402' title='bbox 922 3880 1245 3936; x_wconf 81' lang='lat' dir='ltr'><strong>universitas</strong></span> <span class='ocrx_word' id='word_1_403' title='bbox 1281 3879 1386 3934; x_wconf 89' lang='lat' dir='ltr'><strong>ulla</strong></span> <span class='ocrx_word' id='word_1_404' title='bbox 1416 3881 1760 3937; x_wconf 84' lang='lat' dir='ltr'><strong>deformitate</strong></span> <span class='ocrx_word' id='word_1_405' title='bbox 1789 3889 2054 3952; x_wconf 87' lang='lat' dir='ltr'><strong>turpetur,</strong></span> <span class='ocrx_word' id='word_1_406' title='bbox 2094 3883 2221 3953; x_wconf 90' lang='lat' dir='ltr'><strong>quia</strong></span> 
     </span>
    </p>
   </div>
   <div class='ocr_carea' id='block_1_57' title="bbox 640 3971 2221 4043">
    <p class='ocr_par' dir='ltr' id='par_1_57' title="bbox 640 3971 2221 4043">
     <span class='ocr_line' id='line_1_57' title="bbox 640 3971 2221 4043; baseline 0.001 -16"><span class='ocrx_word' id='word_1_407' title='bbox 640 3971 920 4027; x_wconf 83' lang='lat' dir='ltr'><strong>rationalis</strong></span> <span class='ocrx_word' id='word_1_408' title='bbox 957 3972 1274 4036; x_wconf 88' lang='lat' dir='ltr'><strong>substantia,</strong></span> <span class='ocrx_word' id='word_1_409' title='bbox 1319 3987 1440 4041; x_wconf 73' lang='lat' dir='ltr'><strong>quae</strong></span> <span class='ocrx_word' id='word_1_410' title='bbox 1471 3972 1541 4027; x_wconf 91' lang='lat' dir='ltr'><strong>ab</strong></span> <span class='ocrx_word' id='word_1_411' title='bbox 1569 3974 1716 4026; x_wconf 92' lang='lat' dir='ltr'><strong>omni</strong></span> <span class='ocrx_word' id='word_1_412' title='bbox 1755 3982 1980 4043; x_wconf 91' lang='lat' dir='ltr'><strong>peccato</strong></span> <span class='ocrx_word' id='word_1_413' title='bbox 2019 3975 2221 4030; x_wconf 86' lang='lat' dir='ltr'><strong>munda</strong></span> 
     </span>
    </p>
   </div>
   <div class='ocr_carea' id='block_1_58' title="bbox 613 4063 2218 4134">
    <p class='ocr_par' dir='ltr' id='par_1_58' title="bbox 613 4063 2218 4134">
     <span class='ocr_line' id='line_1_58' title="bbox 613 4063 2218 4134; baseline 0.002 -17"><span class='ocrx_word' id='word_1_414' title='bbox 613 4071 740 4127; x_wconf 35' lang='lat' dir='ltr'><strong>\est,</strong></span> <span class='ocrx_word' id='word_1_415' title='bbox 771 4063 881 4119; x_wconf 92' lang='lat' dir='ltr'><strong>Deo</strong></span> <span class='ocrx_word' id='word_1_416' title='bbox 922 4063 1184 4134; x_wconf 88' lang='lat' dir='ltr'><strong>subjecta,</strong></span> <span class='ocrx_word' id='word_1_417' title='bbox 1207 4063 1464 4134; x_wconf 84' lang='lat' dir='ltr'><strong>subjectis</strong></span> <span class='ocrx_word' id='word_1_418' title='bbox 1511 4063 1612 4118; x_wconf 88' lang='lat' dir='ltr'><strong>sibi</strong></span> <span class='ocrx_word' id='word_1_419' title='bbox 1656 4064 1865 4118; x_wconf 59' lang='lat' dir='ltr'><strong>caeteris</strong></span> <span class='ocrx_word' id='word_1_420' title='bbox 1894 4064 2218 4120; x_wconf 90' lang='lat' dir='ltr'><strong>dominatur.</strong></span> 
     </span>
    </p>
   </div>
   <div class='ocr_carea' id='block_1_59' title="bbox 635 4153 2223 4226">
    <p class='ocr_par' dir='ltr' id='par_1_59' title="bbox 635 4153 2223 4226">
     <span class='ocr_line' id='line_1_59' title="bbox 635 4153 2223 4226; baseline 0.003 -16"><span class='ocrx_word' id='word_1_421' title='bbox 635 4153 713 4210; x_wconf 68' lang='lat' dir='ltr'><strong>lia</strong></span> <span class='ocrx_word' id='word_1_422' title='bbox 745 4170 872 4209; x_wconf 91' lang='lat' dir='ltr'><strong>vero</strong></span> <span class='ocrx_word' id='word_1_423' title='bbox 897 4169 1016 4226; x_wconf 67' lang='lat' dir='ltr'><strong>qua:</strong></span> <span class='ocrx_word' id='word_1_424' title='bbox 1037 4154 1300 4224; x_wconf 89' lang='lat' dir='ltr'><strong>peccavit,</strong></span> <span class='ocrx_word' id='word_1_425' title='bbox 1330 4156 1404 4210; x_wconf 89' lang='lat' dir='ltr'><strong>ibi</strong></span> <span class='ocrx_word' id='word_1_426' title='bbox 1425 4155 1674 4210; x_wconf 83' lang='lat' dir='ltr'><strong>ordinata</strong></span> <span class='ocrx_word' id='word_1_427' title='bbox 1703 4165 1784 4211; x_wconf 84' lang='lat' dir='ltr'><strong>est</strong></span> <span class='ocrx_word' id='word_1_428' title='bbox 1819 4157 1907 4211; x_wconf 92' lang='lat' dir='ltr'><strong>ubi</strong></span> <span class='ocrx_word' id='word_1_429' title='bbox 1939 4169 2060 4212; x_wconf 88' lang='lat' dir='ltr'><strong>esse</strong></span> <span class='ocrx_word' id='word_1_430' title='bbox 2086 4157 2223 4214; x_wconf 83' lang='lat' dir='ltr'><strong>tales</strong></span> 
     </span>
    </p>
   </div>
   <div class='ocr_carea' id='block_1_60' title="bbox 641 4243 2217 4315">
    <p class='ocr_par' dir='ltr' id='par_1_60' title="bbox 641 4243 2217 4315">
     <span class='ocr_line' id='line_1_60' title="bbox 641 4243 2217 4315; baseline 0.004 -18"><span class='ocrx_word' id='word_1_431' title='bbox 641 4243 797 4297; x_wconf 88' lang='lat' dir='ltr'><strong>decet</strong></span> <span class='ocrx_word' id='word_1_432' title='bbox 818 4252 898 4306; x_wconf 91' lang='lat' dir='ltr'><strong>ut,</strong></span> <span class='ocrx_word' id='word_1_433' title='bbox 930 4244 1038 4298; x_wconf 90' lang='lat' dir='ltr'><strong>Deo</strong></span> <span class='ocrx_word' id='word_1_434' title='bbox 1073 4244 1354 4300; x_wconf 91' lang='lat' dir='ltr'><strong>conditore</strong></span> <span class='ocrx_word' id='word_1_435' title='bbox 1381 4253 1545 4315; x_wconf 92' lang='lat' dir='ltr'><strong>atque</strong></span> <span class='ocrx_word' id='word_1_436' title='bbox 1579 4255 1790 4302; x_wconf 85' lang='lat' dir='ltr'><strong>rectore</strong></span> <span class='ocrx_word' id='word_1_437' title='bbox 1834 4245 2217 4314; x_wconf 84' lang='lat' dir='ltr'><strong>universitatis,</strong></span> 
     </span>
    </p>
   </div>
   <div class='ocr_carea' id='block_1_61' title="bbox 639 4333 2223 4408">
    <p class='ocr_par' dir='ltr' id='par_1_61' title="bbox 639 4333 2223 4408">
     <span class='ocr_line' id='line_1_61' title="bbox 639 4333 2223 4408; baseline 0.005 -20"><span class='ocrx_word' id='word_1_438' title='bbox 639 4333 833 4388; x_wconf 87' lang='lat' dir='ltr'><strong>decora</strong></span> <span class='ocrx_word' id='word_1_439' title='bbox 859 4334 967 4388; x_wconf 90' lang='lat' dir='ltr'><strong>sint</strong></span> <span class='ocrx_word' id='word_1_440' title='bbox 992 4335 1205 4401; x_wconf 89' lang='lat' dir='ltr'><strong>omnia;</strong></span> <span class='ocrx_word' id='word_1_441' title='bbox 1233 4344 1290 4390; x_wconf 93' lang='lat' dir='ltr'><strong>et</strong></span> <span class='ocrx_word' id='word_1_442' title='bbox 1308 4343 1392 4391; x_wconf 91' lang='lat' dir='ltr'><strong>est</strong></span> <span class='ocrx_word' id='word_1_443' title='bbox 1411 4336 1757 4408; x_wconf 89' lang='lat' dir='ltr'><strong>pulchritudo</strong></span> <span class='ocrx_word' id='word_1_444' title='bbox 1781 4337 2047 4394; x_wconf 82' lang='lat' dir='ltr'><strong>universae</strong></span> <span class='ocrx_word' id='word_1_445' title='bbox 2067 4355 2223 4396; x_wconf 86' lang='lat' dir='ltr'><strong>crea-</strong></span> 
     </span>
    </p>
   </div>
   <div class='ocr_carea' id='block_1_62' title="bbox 639 4425 2218 4502">
    <p class='ocr_par' dir='ltr' id='par_1_62' title="bbox 639 4425 2218 4502">
     <span class='ocr_line' id='line_1_62' title="bbox 639 4425 2218 4502; baseline 0.004 -21"><span class='ocrx_word' id='word_1_446' title='bbox 639 4435 794 4491; x_wconf 71' lang='lat' dir='ltr'><strong>turm,</strong></span> <span class='ocrx_word' id='word_1_447' title='bbox 809 4440 904 4495; x_wconf 85' lang='lat' dir='ltr'><strong>per</strong></span> <span class='ocrx_word' id='word_1_448' title='bbox 932 4425 1046 4480; x_wconf 64' lang='lat' dir='ltr'><strong>haec</strong></span> <span class='ocrx_word' id='word_1_449' title='bbox 1071 4425 1174 4481; x_wconf 86' lang='lat' dir='ltr'><strong>tria</strong></span> <span class='ocrx_word' id='word_1_450' title='bbox 1205 4426 1541 4495; x_wconf 87' lang='lat' dir='ltr'><strong>inculpabilis</strong></span> <span class='ocrx_word' id='word_1_451' title='bbox 1567 4446 1581 4482; x_wconf 91' lang='lat'><strong>:</strong></span> <span class='ocrx_word' id='word_1_452' title='bbox 1605 4428 1948 4484; x_wconf 89' lang='lat' dir='ltr'><strong>damnatione</strong></span> <span class='ocrx_word' id='word_1_453' title='bbox 1969 4442 2218 4502; x_wconf 87' lang='lat' dir='ltr'><strong>peccato-</strong></span> 
     </span>
    </p>
   </div>
   <div class='ocr_carea' id='block_1_63' title="bbox 2327 1863 3777 1936">
    <p class='ocr_par' dir='ltr' id='par_1_63' title="bbox 2327 1863 3777 1936">
     <span class='ocr_line' id='line_1_63' title="bbox 2327 1863 3777 1936; baseline -0.003 -15"><span class='ocrx_word' id='word_1_454' title='bbox 2327 1867 2382 1921; x_wconf 88' lang='lat' dir='ltr'><strong>in</strong></span> <span class='ocrx_word' id='word_1_455' title='bbox 2405 1867 2632 1921; x_wconf 83' lang='lat' dir='ltr'><strong>circuitu</strong></span> <span class='ocrx_word' id='word_1_456' title='bbox 2651 1867 2890 1921; x_wconf 89' lang='lat' dir='ltr'><strong>inimicos</strong></span> <span class='ocrx_word' id='word_1_457' title='bbox 2912 1866 3025 1936; x_wconf 83' lang='lat' dir='ltr'><strong>ejus</strong></span> <span class='ocrx_word' id='word_1_458' title='bbox 3049 1863 3169 1936; x_wconf 88' lang='lat' dir='ltr'><strong>(Ps.</strong></span> <span class='ocrx_word' id='word_1_459' title='bbox 3204 1879 3356 1930; x_wconf 68' lang='grc' dir='ltr'>χιιι,</span> <span class='ocrx_word' id='word_1_460' title='bbox 3381 1864 3451 1928; x_wconf 77' lang='lat'><strong>&#39;5&#39;).</strong></span> <span class='ocrx_word' id='word_1_461' title='bbox 3481 1864 3538 1918; x_wconf 83' lang='lat' dir='ltr'><strong>Et</strong></span> <span class='ocrx_word' id='word_1_462' title='bbox 3563 1880 3717 1918; x_wconf 87' lang='lat' dir='ltr'><strong>rursum</strong></span> <span class='ocrx_word' id='word_1_463' title='bbox 3732 1864 3777 1916; x_wconf 51' lang='lat' dir='ltr'><strong>die</strong></span> 
     </span>
    </p>
   </div>
   <div class='ocr_carea' id='block_1_64' title="bbox 2326 1955 3776 2028">
    <p class='ocr_par' dir='ltr' id='par_1_64' title="bbox 2326 1955 3776 2028">
     <span class='ocr_line' id='line_1_64' title="bbox 2326 1955 3776 2028; baseline -0.007 -15"><span class='ocrx_word' id='word_1_464' title='bbox 2326 1965 2481 2013; x_wconf 88' lang='lat' dir='ltr'><strong>cente</strong></span> <span class='ocrx_word' id='word_1_465' title='bbox 2523 1958 2686 2028; x_wconf 87' lang='lat' dir='ltr'><strong>ipso:</strong></span> <span class='ocrx_word' id='word_1_466' title='bbox 2719 1955 2862 2026; x_wconf 83' lang='lat' dir='ltr'><strong>Ignis</strong></span> <span class='ocrx_word' id='word_1_467' title='bbox 2906 1971 3184 2009; x_wconf 85' lang='lat' dir='ltr'><strong>succensus</strong></span> <span class='ocrx_word' id='word_1_468' title='bbox 3229 1965 3303 2010; x_wconf 84' lang='lat' dir='ltr'><strong>est</strong></span> <span class='ocrx_word' id='word_1_469' title='bbox 3349 1956 3401 2008; x_wconf 90' lang='lat' dir='ltr'><strong>in</strong></span> <span class='ocrx_word' id='word_1_470' title='bbox 3449 1955 3600 2022; x_wconf 80' lang='lat' dir='ltr'><strong>furore</strong></span> <span class='ocrx_word' id='word_1_471' title='bbox 3628 1965 3776 2006; x_wconf 62' lang='lat' dir='ltr'><strong>memet</strong></span> 
     </span>
    </p>
   </div>
   <div class='ocr_carea' id='block_1_65' title="bbox 2326 2045 3777 2119">
    <p class='ocr_par' dir='ltr' id='par_1_65' title="bbox 2326 2045 3777 2119">
     <span class='ocr_line' id='line_1_65' title="bbox 2326 2045 3777 2119; baseline -0.004 -17"><span class='ocrx_word' id='word_1_472' title='bbox 2326 2048 2525 2103; x_wconf 86' lang='lat' dir='ltr'><strong>ardebit</strong></span> <span class='ocrx_word' id='word_1_473' title='bbox 2555 2064 2717 2119; x_wconf 88' lang='lat' dir='ltr'><strong>usque</strong></span> <span class='ocrx_word' id='word_1_474' title='bbox 2738 2047 2808 2100; x_wconf 88' lang='lat' dir='ltr'><strong>ad</strong></span> <span class='ocrx_word' id='word_1_475' title='bbox 2833 2045 3028 2114; x_wconf 80' lang='lat' dir='ltr'><strong>inferni</strong></span> <span class='ocrx_word' id='word_1_476' title='bbox 3061 2047 3365 2111; x_wconf 85' lang='lat' dir='ltr'><strong>novissima,</strong></span> <span class='ocrx_word' id='word_1_477' title='bbox 3389 2045 3691 2115; x_wconf 74' lang='lat' dir='ltr'><strong>devorabitque</strong></span> <span class='ocrx_word' id='word_1_478' title='bbox 3717 2055 3777 2096; x_wconf 75' lang='lat' dir='ltr'><strong>ter-</strong></span> 
     </span>
    </p>
   </div>
   <div class='ocr_carea' id='block_1_66' title="bbox 2327 2137 3776 2210">
    <p class='ocr_par' dir='ltr' id='par_1_66' title="bbox 2327 2137 3776 2210">
     <span class='ocr_line' id='line_1_66' title="bbox 2327 2137 3776 2210; baseline -0.006 -15"><span class='ocrx_word' id='word_1_479' title='bbox 2327 2156 2442 2195; x_wconf 83' lang='lat' dir='ltr'><strong>ram</strong></span> <span class='ocrx_word' id='word_1_480' title='bbox 2463 2156 2580 2193; x_wconf 89' lang='lat' dir='ltr'><strong>cum</strong></span> <span class='ocrx_word' id='word_1_481' title='bbox 2614 2138 2843 2210; x_wconf 80' lang='lat' dir='ltr'><strong>genuine</strong></span> <span class='ocrx_word' id='word_1_482' title='bbox 2865 2155 2984 2206; x_wconf 85' lang='lat' dir='ltr'><strong>suo,</strong></span> <span class='ocrx_word' id='word_1_483' title='bbox 3011 2147 3058 2194; x_wconf 87' lang='lat' dir='ltr'><strong>et</strong></span> <span class='ocrx_word' id='word_1_484' title='bbox 3090 2139 3346 2191; x_wconf 80' lang='lat' dir='ltr'><strong>montium</strong></span> <span class='ocrx_word' id='word_1_485' title='bbox 3372 2137 3661 2207; x_wconf 78' lang='lat' dir='ltr'><strong>fundamenta</strong></span> <span class='ocrx_word' id='word_1_486' title='bbox 3694 2151 3776 2187; x_wconf 74' lang='lat' dir='ltr'><strong>con-</strong></span> 
     </span>
    </p>
   </div>
   <div class='ocr_carea' id='block_1_67' title="bbox 2326 2221 3776 2306">
    <p class='ocr_par' dir='ltr' id='par_1_67' title="bbox 2326 2221 3776 2306">
     <span class='ocr_line' id='line_1_67' title="bbox 2326 2221 3776 2306; baseline -0.008 -17"><span class='ocrx_word' id='word_1_487' title='bbox 2326 2229 2498 2292; x_wconf 59' lang='lat' dir='ltr'><strong>buret.’</strong></span> <span class='ocrx_word' id='word_1_488' title='bbox 2519 2233 2856 2306; x_wconf 83' lang='lat' dir='ltr'><strong>Congregabo</strong></span> <span class='ocrx_word' id='word_1_489' title='bbox 2885 2249 3042 2305; x_wconf 83' lang='lat' dir='ltr'><strong>super</strong></span> <span class='ocrx_word' id='word_1_490' title='bbox 3080 2249 3166 2288; x_wconf 84' lang='lat' dir='ltr'><strong>eos</strong></span> <span class='ocrx_word' id='word_1_491' title='bbox 3195 2231 3360 2297; x_wconf 88' lang='lat' dir='ltr'><strong>mala,</strong></span> <span class='ocrx_word' id='word_1_492' title='bbox 3407 2239 3453 2284; x_wconf 85' lang='lat' dir='ltr'><strong>et</strong></span> <span class='ocrx_word' id='word_1_493' title='bbox 3487 2221 3664 2300; x_wconf 65' lang='lat' dir='ltr'><strong>sagittas</strong></span> <span class='ocrx_word' id='word_1_494' title='bbox 3694 2243 3776 2279; x_wconf 69' lang='lat' dir='ltr'><strong>uti:</strong></span> 
     </span>
    </p>
   </div>
   <div class='ocr_carea' id='block_1_68' title="bbox 2325 2317 3775 2398">
    <p class='ocr_par' dir='ltr' id='par_1_68' title="bbox 2325 2317 3775 2398">
     <span class='ocr_line' id='line_1_68' title="bbox 2325 2317 3775 2398; baseline -0.006 -20"><span class='ocrx_word' id='word_1_495' title='bbox 2325 2324 2586 2395; x_wconf 83' lang='lat' dir='ltr'><strong>complebo</strong></span> <span class='ocrx_word' id='word_1_496' title='bbox 2607 2325 2664 2380; x_wconf 89' lang='lat' dir='ltr'><strong>in</strong></span> <span class='ocrx_word' id='word_1_497' title='bbox 2699 2327 2772 2380; x_wconf 84' lang='lat' dir='ltr'><strong>eis</strong></span> <span class='ocrx_word' id='word_1_498' title='bbox 2796 2325 2973 2398; x_wconf 86' lang='lat' dir='ltr'><strong>(Deut.</strong></span> <span class='ocrx_word' id='word_1_499' title='bbox 3006 2339 3184 2390; x_wconf 76' lang='lat' dir='ltr'><strong>xxx&quot;,</strong></span> <span class='ocrx_word' id='word_1_500' title='bbox 3209 2323 3308 2388; x_wconf 73' lang='lat'><strong>22,</strong></span> <span class='ocrx_word' id='word_1_501' title='bbox 3335 2321 3424 2393; x_wconf 71' lang='grc'><strong>25)</strong></span> <span class='ocrx_word' id='word_1_502' title='bbox 3456 2339 3468 2374; x_wconf 87' lang='lat'><strong>:</strong></span> <span class='ocrx_word' id='word_1_503' title='bbox 3494 2317 3775 2374; x_wconf 66' lang='lat' dir='ltr'><strong>[lembulo</strong></span> 
     </span>
    </p>
   </div>
   <div class='ocr_carea' id='block_1_69' title="bbox 2325 2411 3775 2483">
    <p class='ocr_par' dir='ltr' id='par_1_69' title="bbox 2325 2411 3775 2483">
     <span class='ocr_line' id='line_1_69' title="bbox 2325 2411 3775 2483; baseline -0.008 -12"><span class='ocrx_word' id='word_1_504' title='bbox 2325 2417 2394 2471; x_wconf 90' lang='lat' dir='ltr'><strong>ad</strong></span> <span class='ocrx_word' id='word_1_505' title='bbox 2423 2417 2607 2472; x_wconf 76' lang='lat' dir='ltr'><strong>ctelum</strong></span> <span class='ocrx_word' id='word_1_506' title='bbox 2632 2434 2846 2473; x_wconf 86' lang='lat' dir='ltr'><strong>manum</strong></span> <span class='ocrx_word' id='word_1_507' title='bbox 2869 2435 3059 2483; x_wconf 88' lang='lat' dir='ltr'><strong>meam,</strong></span> <span class='ocrx_word' id='word_1_508' title='bbox 3087 2427 3134 2470; x_wconf 89' lang='lat' dir='ltr'><strong>et</strong></span> <span class='ocrx_word' id='word_1_509' title='bbox 3158 2416 3369 2470; x_wconf 89' lang='lat' dir='ltr'><strong>dicam:</strong></span> <span class='ocrx_word' id='word_1_510' title='bbox 3396 2412 3511 2468; x_wconf 78' lang='lat' dir='ltr'><strong>Vico</strong></span> <span class='ocrx_word' id='word_1_511' title='bbox 3534 2427 3609 2482; x_wconf 85' lang='lat' dir='ltr'><strong>ego</strong></span> <span class='ocrx_word' id='word_1_512' title='bbox 3630 2411 3668 2463; x_wconf 82' lang='lat' dir='ltr'><strong>in</strong></span> <span class='ocrx_word' id='word_1_513' title='bbox 3688 2419 3775 2463; x_wconf 75' lang='lat' dir='ltr'><strong>eter-</strong></span> 
     </span>
    </p>
   </div>
   <div class='ocr_carea' id='block_1_70' title="bbox 2327 2498 3778 2580">
    <p class='ocr_par' dir='ltr' id='par_1_70' title="bbox 2327 2498 3778 2580">
     <span class='ocr_line' id='line_1_70' title="bbox 2327 2498 3778 2580; baseline -0.009 -18"><span class='ocrx_word' id='word_1_514' title='bbox 2327 2526 2484 2574; x_wconf 87' lang='lat' dir='ltr'><strong>num;</strong></span> <span class='ocrx_word' id='word_1_515' title='bbox 2511 2511 2792 2576; x_wconf 79' lang='lat' dir='ltr'><strong>siacuero,</strong></span> <span class='ocrx_word' id='word_1_516' title='bbox 2821 2519 2874 2564; x_wconf 90' lang='lat' dir='ltr'><strong>ut</strong></span> <span class='ocrx_word' id='word_1_517' title='bbox 2915 2508 3116 2580; x_wconf 81' lang='lat' dir='ltr'><strong>fulgur,</strong></span> <span class='ocrx_word' id='word_1_518' title='bbox 3166 2506 3400 2578; x_wconf 82' lang='lat' dir='ltr'><strong>gladium</strong></span> <span class='ocrx_word' id='word_1_519' title='bbox 3438 2519 3600 2568; x_wconf 82' lang='lat' dir='ltr'><strong>meum,</strong></span> <span class='ocrx_word' id='word_1_520' title='bbox 3633 2510 3666 2554; x_wconf 78' lang='lat' dir='ltr'><strong>et</strong></span> <span class='ocrx_word' id='word_1_521' title='bbox 3698 2498 3778 2551; x_wconf 84' lang='lat' dir='ltr'><strong>arri-</strong></span> 
     </span>
    </p>
   </div>
   <div class='ocr_carea' id='block_1_71' title="bbox 2324 2593 3777 2672">
    <p class='ocr_par' dir='ltr' id='par_1_71' title="bbox 2324 2593 3777 2672">
     <span class='ocr_line' id='line_1_71' title="bbox 2324 2593 3777 2672; baseline -0.008 -17"><span class='ocrx_word' id='word_1_522' title='bbox 2324 2603 2492 2671; x_wconf 86' lang='lat' dir='ltr'><strong>puerit</strong></span> <span class='ocrx_word' id='word_1_523' title='bbox 2504 2602 2770 2672; x_wconf 84' lang='lat' dir='ltr'><strong>judicium</strong></span> <span class='ocrx_word' id='word_1_524' title='bbox 2794 2619 2984 2656; x_wconf 87' lang='lat' dir='ltr'><strong>manus</strong></span> <span class='ocrx_word' id='word_1_525' title='bbox 3010 2617 3144 2667; x_wconf 87' lang='lat' dir='ltr'><strong>mea,</strong></span> <span class='ocrx_word' id='word_1_526' title='bbox 3163 2600 3378 2655; x_wconf 83' lang='lat' dir='ltr'><strong>reddam</strong></span> <span class='ocrx_word' id='word_1_527' title='bbox 3399 2597 3614 2652; x_wconf 81' lang='lat' dir='ltr'><strong>ultionem</strong></span> <span class='ocrx_word' id='word_1_528' title='bbox 3631 2593 3777 2646; x_wconf 75' lang='lat' dir='ltr'><strong>hostibu</strong></span> 
     </span>
    </p>
   </div>
   <div class='ocr_carea' id='block_1_72' title="bbox 2325 2685 3778 2764">
    <p class='ocr_par' dir='ltr' id='par_1_72' title="bbox 2325 2685 3778 2764">
     <span class='ocr_line' id='line_1_72' title="bbox 2325 2685 3778 2764; baseline -0.01 -16"><span class='ocrx_word' id='word_1_529' title='bbox 2325 2694 2474 2758; x_wconf 87' lang='lat' dir='ltr'><strong>meis,</strong></span> <span class='ocrx_word' id='word_1_530' title='bbox 2503 2703 2551 2747; x_wconf 89' lang='lat' dir='ltr'><strong>et</strong></span> <span class='ocrx_word' id='word_1_531' title='bbox 2576 2693 2656 2748; x_wconf 81' lang='lat' dir='ltr'><strong>his</strong></span> <span class='ocrx_word' id='word_1_532' title='bbox 2687 2693 2777 2764; x_wconf 85' lang='lat' dir='ltr'><strong>qui</strong></span> <span class='ocrx_word' id='word_1_533' title='bbox 2807 2693 3027 2748; x_wconf 85' lang='lat' dir='ltr'><strong>oderunt</strong></span> <span class='ocrx_word' id='word_1_534' title='bbox 3077 2708 3158 2746; x_wconf 80' lang='lat' dir='ltr'><strong>me</strong></span> <span class='ocrx_word' id='word_1_535' title='bbox 3190 2690 3486 2746; x_wconf 85' lang='lat' dir='ltr'><strong>retribuam.</strong></span> <span class='ocrx_word' id='word_1_536' title='bbox 3515 2685 3778 2742; x_wconf 79' lang='lat' dir='ltr'><strong>lnebriabou-</strong></span> 
     </span>
    </p>
   </div>
   <div class='ocr_carea' id='block_1_73' title="bbox 2325 2779 3778 2857">
    <p class='ocr_par' dir='ltr' id='par_1_73' title="bbox 2325 2779 3778 2857">
     <span class='ocr_line' id='line_1_73' title="bbox 2325 2779 3778 2857; baseline -0.009 -17"><span class='ocrx_word' id='word_1_537' title='bbox 2325 2787 2482 2856; x_wconf 82' lang='lat' dir='ltr'><strong>gittas</strong></span> <span class='ocrx_word' id='word_1_538' title='bbox 2507 2803 2649 2841; x_wconf 87' lang='lat' dir='ltr'><strong>meas</strong></span> <span class='ocrx_word' id='word_1_539' title='bbox 2680 2788 2953 2857; x_wconf 82' lang='lat' dir='ltr'><strong>sanguine,</strong></span> <span class='ocrx_word' id='word_1_540' title='bbox 2981 2796 3029 2840; x_wconf 89' lang='lat' dir='ltr'><strong>et</strong></span> <span class='ocrx_word' id='word_1_541' title='bbox 3068 2784 3279 2857; x_wconf 77' lang='lat' dir='ltr'><strong>gladius</strong></span> <span class='ocrx_word' id='word_1_542' title='bbox 3307 2800 3447 2839; x_wconf 83' lang='lat' dir='ltr'><strong>meus</strong></span> <span class='ocrx_word' id='word_1_543' title='bbox 3481 2779 3778 2836; x_wconf 65' lang='lat' dir='ltr'><strong>devorabam-</strong></span> 
     </span>
    </p>
   </div>
   <div class='ocr_carea' id='block_1_74' title="bbox 2327 2877 3004 2950">
    <p class='ocr_par' dir='ltr' id='par_1_74' title="bbox 2327 2877 3004 2950">
     <span class='ocr_line' id='line_1_74' title="bbox 2327 2877 3004 2950; baseline -0.001 -18"><span class='ocrx_word' id='word_1_544' title='bbox 2327 2894 2415 2932; x_wconf 87' lang='lat' dir='ltr'><strong>nes</strong></span> <span class='ocrx_word' id='word_1_545' title='bbox 2453 2877 2618 2949; x_wconf 82' lang='lat' dir='ltr'><strong>(Ibid.</strong></span> <span class='ocrx_word' id='word_1_546' title='bbox 2660 2877 2860 2943; x_wconf 67' lang='lat'><strong>40,41,</strong></span> <span class='ocrx_word' id='word_1_547' title='bbox 2891 2877 3004 2950; x_wconf 71' lang='lat'><strong>42).</strong></span> 
     </span>
    </p>
   </div>
   <div class='ocr_carea' id='block_1_75' title="bbox 2319 2960 3779 3040">
    <p class='ocr_par' dir='ltr' id='par_1_75' title="bbox 2319 2960 3779 3040">
     <span class='ocr_line' id='line_1_75' title="bbox 2319 2960 3779 3040; baseline -0.01 -17"><span class='ocrx_word' id='word_1_548' title='bbox 2319 2975 2332 2986; x_wconf 87' lang='lat'><em>‘</em></span> <span class='ocrx_word' id='word_1_549' title='bbox 2395 2968 2603 3023; x_wconf 88' lang='lat' dir='ltr'><strong>Interea</strong></span> <span class='ocrx_word' id='word_1_550' title='bbox 2652 2967 2772 3040; x_wconf 86' lang='lat' dir='ltr'><strong>[al.,</strong></span> <span class='ocrx_word' id='word_1_551' title='bbox 2800 2966 3118 3040; x_wconf 90' lang='lat' dir='ltr'><strong>intermitte]</strong></span> <span class='ocrx_word' id='word_1_552' title='bbox 3145 2981 3352 3037; x_wconf 73' lang='lat' dir='ltr'><strong>quaeso,</strong></span> <span class='ocrx_word' id='word_1_553' title='bbox 3399 2960 3688 3020; x_wconf 86' lang='lat' dir='ltr'><strong>acrimoniam</strong></span> <span class='ocrx_word' id='word_1_554' title='bbox 3718 2966 3779 3010; x_wconf 72' lang='lat' dir='ltr'><strong>to:</strong></span> 
     </span>
    </p>
   </div>
   <div class='ocr_carea' id='block_1_76' title="bbox 2327 3054 3780 3130">
    <p class='ocr_par' dir='ltr' id='par_1_76' title="bbox 2327 3054 3780 3130">
     <span class='ocr_line' id='line_1_76' title="bbox 2327 3054 3780 3130; baseline -0.006 -18"><span class='ocrx_word' id='word_1_555' title='bbox 2327 3058 2683 3116; x_wconf 73' lang='lat' dir='ltr'><strong>vivacissimae</strong></span> <span class='ocrx_word' id='word_1_556' title='bbox 2741 3059 3122 3130; x_wconf 90' lang='lat' dir='ltr'><strong>disputationis</strong></span> <span class='ocrx_word' id='word_1_557' title='bbox 3149 3101 3164 3126; x_wconf 93' lang='lat'><strong>,</strong></span> <span class='ocrx_word' id='word_1_558' title='bbox 3220 3068 3284 3114; x_wconf 92' lang='lat' dir='ltr'><strong>ut</strong></span> <span class='ocrx_word' id='word_1_559' title='bbox 3337 3057 3555 3128; x_wconf 84' lang='lat' dir='ltr'><strong>digneris</strong></span> <span class='ocrx_word' id='word_1_560' title='bbox 3597 3054 3780 3109; x_wconf 61' lang='lat' dir='ltr'><strong>admirare</strong></span> 
     </span>
    </p>
   </div>
   <div class='ocr_carea' id='block_1_77' title="bbox 2327 3141 3778 3222">
    <p class='ocr_par' dir='ltr' id='par_1_77' title="bbox 2327 3141 3778 3222">
     <span class='ocr_line' id='line_1_77' title="bbox 2327 3141 3778 3222; baseline -0.006 -20"><span class='ocrx_word' id='word_1_561' title='bbox 2327 3150 2455 3220; x_wconf 90' lang='lat' dir='ltr'><strong>quid</strong></span> <span class='ocrx_word' id='word_1_562' title='bbox 2479 3165 2547 3205; x_wconf 79' lang='lat' dir='ltr'><strong>ex</strong></span> <span class='ocrx_word' id='word_1_563' title='bbox 2581 3150 2762 3206; x_wconf 88' lang='lat' dir='ltr'><strong>verbis</strong></span> <span class='ocrx_word' id='word_1_564' title='bbox 2801 3152 2938 3205; x_wconf 88' lang='lat' dir='ltr'><strong>tanti</strong></span> <span class='ocrx_word' id='word_1_565' title='bbox 2983 3151 3160 3205; x_wconf 88' lang='lat' dir='ltr'><strong>Patris</strong></span> <span class='ocrx_word' id='word_1_566' title='bbox 3198 3151 3463 3222; x_wconf 89' lang='lat' dir='ltr'><strong>posueris.</strong></span> <span class='ocrx_word' id='word_1_567' title='bbox 3509 3147 3574 3202; x_wconf 85' lang='lat' dir='ltr'><strong>Ea</strong></span> <span class='ocrx_word' id='word_1_568' title='bbox 3605 3141 3778 3207; x_wconf 79' lang='lat' dir='ltr'><strong>vem,in-</strong></span> 
     </span>
    </p>
   </div>
   <div class='ocr_carea' id='block_1_78' title="bbox 2325 3235 3781 3314">
    <p class='ocr_par' dir='ltr' id='par_1_78' title="bbox 2325 3235 3781 3314">
     <span class='ocr_line' id='line_1_78' title="bbox 2325 3235 3781 3314; baseline -0.005 -19"><span class='ocrx_word' id='word_1_569' title='bbox 2325 3241 2578 3310; x_wconf 90' lang='lat' dir='ltr'><strong>quientis,</strong></span> <span class='ocrx_word' id='word_1_570' title='bbox 2612 3258 2732 3313; x_wconf 78' lang='lat' dir='ltr'><strong>quae</strong></span> <span class='ocrx_word' id='word_1_571' title='bbox 2785 3244 3049 3314; x_wconf 87' lang='lat' dir='ltr'><strong>peccavit,</strong></span> <span class='ocrx_word' id='word_1_572' title='bbox 3103 3243 3178 3298; x_wconf 90' lang='lat' dir='ltr'><strong>ibi</strong></span> <span class='ocrx_word' id='word_1_573' title='bbox 3225 3243 3470 3298; x_wconf 87' lang='lat' dir='ltr'><strong>ordinata</strong></span> <span class='ocrx_word' id='word_1_574' title='bbox 3505 3247 3578 3295; x_wconf 89' lang='lat' dir='ltr'><strong>est</strong></span> <span class='ocrx_word' id='word_1_575' title='bbox 3613 3235 3682 3292; x_wconf 86' lang='lat' dir='ltr'><strong>ubi</strong></span> <span class='ocrx_word' id='word_1_576' title='bbox 3710 3247 3781 3288; x_wconf 80' lang='lat' dir='ltr'><strong>esse</strong></span> 
     </span>
    </p>
   </div>
   <div class='ocr_carea' id='block_1_79' title="bbox 2325 3332 3780 3408">
    <p class='ocr_par' dir='ltr' id='par_1_79' title="bbox 2325 3332 3780 3408">
     <span class='ocr_line' id='line_1_79' title="bbox 2325 3332 3780 3408; baseline -0.001 -23"><span class='ocrx_word' id='word_1_577' title='bbox 2325 3334 2464 3390; x_wconf 90' lang='lat' dir='ltr'><strong>tales</strong></span> <span class='ocrx_word' id='word_1_578' title='bbox 2509 3336 2682 3392; x_wconf 91' lang='lat' dir='ltr'><strong>decet.</strong></span> <span class='ocrx_word' id='word_1_579' title='bbox 2711 3336 2826 3392; x_wconf 91' lang='lat' dir='ltr'><strong>Duo</strong></span> <span class='ocrx_word' id='word_1_580' title='bbox 2857 3337 2944 3392; x_wconf 90' lang='lat' dir='ltr'><strong>hic</strong></span> <span class='ocrx_word' id='word_1_581' title='bbox 2967 3336 3067 3408; x_wconf 88' lang='lat' dir='ltr'><strong>(De</strong></span> <span class='ocrx_word' id='word_1_582' title='bbox 3089 3353 3208 3391; x_wconf 78' lang='lat' dir='ltr'><strong>vera</strong></span> <span class='ocrx_word' id='word_1_583' title='bbox 3232 3335 3428 3408; x_wconf 83' lang='lat' dir='ltr'><strong>Relig.,</strong></span> <span class='ocrx_word' id='word_1_584' title='bbox 3448 3352 3493 3392; x_wconf 90' lang='lat' dir='ltr'><strong>c.</strong></span> <span class='ocrx_word' id='word_1_585' title='bbox 3512 3333 3588 3404; x_wconf 72' lang='grc'><strong>25)</strong></span> <span class='ocrx_word' id='word_1_586' title='bbox 3610 3332 3682 3388; x_wconf 86' lang='lat' dir='ltr'><strong>tibi</strong></span> <span class='ocrx_word' id='word_1_587' title='bbox 3705 3343 3780 3383; x_wconf 80' lang='lat' dir='ltr'><strong>con-</strong></span> 
     </span>
    </p>
   </div>
   <div class='ocr_carea' id='block_1_80' title="bbox 2325 3426 3777 3500">
    <p class='ocr_par' dir='ltr' id='par_1_80' title="bbox 2325 3426 3777 3500">
     <span class='ocr_line' id='line_1_80' title="bbox 2325 3426 3777 3500; baseline 0.001 -20"><span class='ocrx_word' id='word_1_588' title='bbox 2325 3427 2490 3480; x_wconf 87' lang='lat' dir='ltr'><strong>traria</strong></span> <span class='ocrx_word' id='word_1_589' title='bbox 2516 3428 2712 3497; x_wconf 88' lang='lat' dir='ltr'><strong>posuit.</strong></span> <span class='ocrx_word' id='word_1_590' title='bbox 2734 3427 3104 3484; x_wconf 87' lang='lat' dir='ltr'><strong>Substantiam</strong></span> <span class='ocrx_word' id='word_1_591' title='bbox 3111 3430 3450 3500; x_wconf 86' lang='lat' dir='ltr'><strong>peccavisse,</strong></span> <span class='ocrx_word' id='word_1_592' title='bbox 3463 3426 3586 3498; x_wconf 89' lang='lat' dir='ltr'><strong>quod</strong></span> <span class='ocrx_word' id='word_1_593' title='bbox 3601 3432 3644 3479; x_wconf 92' lang='lat' dir='ltr'><strong>tu</strong></span> <span class='ocrx_word' id='word_1_594' title='bbox 3659 3434 3777 3492; x_wconf 69' lang='lat' dir='ltr'><strong>negas;</strong></span> 
     </span>
    </p>
   </div>
   <div class='ocr_carea' id='block_1_81' title="bbox 2324 3515 3780 3588">
    <p class='ocr_par' dir='ltr' id='par_1_81' title="bbox 2324 3515 3780 3588">
     <span class='ocr_line' id='line_1_81' title="bbox 2324 3515 3780 3588; baseline -0.004 -17"><span class='ocrx_word' id='word_1_595' title='bbox 2324 3526 2378 3571; x_wconf 91' lang='lat' dir='ltr'><strong>et</strong></span> <span class='ocrx_word' id='word_1_596' title='bbox 2409 3516 2479 3572; x_wconf 93' lang='lat' dir='ltr'><strong>ibi</strong></span> <span class='ocrx_word' id='word_1_597' title='bbox 2496 3527 2810 3588; x_wconf 89' lang='lat' dir='ltr'><strong>peccantem</strong></span> <span class='ocrx_word' id='word_1_598' title='bbox 2833 3520 3191 3576; x_wconf 89' lang='lat' dir='ltr'><strong>substantiam</strong></span> <span class='ocrx_word' id='word_1_599' title='bbox 3211 3521 3507 3576; x_wconf 85' lang='lat' dir='ltr'><strong>ordinatam</strong></span> <span class='ocrx_word' id='word_1_600' title='bbox 3527 3515 3780 3573; x_wconf 61' lang='lat' dir='ltr'><strong>esseubiesc</strong></span> 
     </span>
    </p>
   </div>
   <div class='ocr_carea' id='block_1_82' title="bbox 2326 3604 3780 3683">
    <p class='ocr_par' dir='ltr' id='par_1_82' title="bbox 2326 3604 3780 3683">
     <span class='ocr_line' id='line_1_82' title="bbox 2326 3604 3780 3683; baseline -0.006 -19"><span class='ocrx_word' id='word_1_601' title='bbox 2326 3608 2462 3664; x_wconf 84' lang='lat' dir='ltr'><strong>tales</strong></span> <span class='ocrx_word' id='word_1_602' title='bbox 2494 3609 2667 3665; x_wconf 87' lang='lat' dir='ltr'><strong>decet.</strong></span> <span class='ocrx_word' id='word_1_603' title='bbox 2697 3609 2982 3680; x_wconf 88' lang='lat' dir='ltr'><strong>Nunquam</strong></span> <span class='ocrx_word' id='word_1_604' title='bbox 3003 3612 3148 3666; x_wconf 91' lang='lat' dir='ltr'><strong>enim</strong></span> <span class='ocrx_word' id='word_1_605' title='bbox 3177 3611 3313 3682; x_wconf 91' lang='lat' dir='ltr'><strong>quid</strong></span> <span class='ocrx_word' id='word_1_606' title='bbox 3338 3611 3528 3683; x_wconf 87' lang='lat' dir='ltr'><strong>absque</strong></span> <span class='ocrx_word' id='word_1_607' title='bbox 3548 3604 3780 3680; x_wconf 70' lang='lat' dir='ltr'><strong>pretiosum-</strong></span> 
     </span>
    </p>
   </div>
   <div class='ocr_carea' id='block_1_83' title="bbox 2325 3695 3780 3775">
    <p class='ocr_par' dir='ltr' id='par_1_83' title="bbox 2325 3695 3780 3775">
     <span class='ocr_line' id='line_1_83' title="bbox 2325 3695 3780 3775; baseline -0.003 -21"><span class='ocrx_word' id='word_1_608' title='bbox 2325 3699 2471 3755; x_wconf 91' lang='lat' dir='ltr'><strong>tione</strong></span> <span class='ocrx_word' id='word_1_609' title='bbox 2503 3701 2805 3767; x_wconf 91' lang='lat' dir='ltr'><strong>ordinatur,</strong></span> <span class='ocrx_word' id='word_1_610' title='bbox 2833 3717 3010 3773; x_wconf 85' lang='lat' dir='ltr'><strong>neque</strong></span> <span class='ocrx_word' id='word_1_611' title='bbox 3033 3703 3236 3775; x_wconf 88' lang='lat' dir='ltr'><strong>absque</strong></span> <span class='ocrx_word' id='word_1_612' title='bbox 3259 3703 3446 3760; x_wconf 92' lang='lat' dir='ltr'><strong>ordine</strong></span> <span class='ocrx_word' id='word_1_613' title='bbox 3469 3699 3636 3770; x_wconf 89' lang='lat' dir='ltr'><strong>aliquid</strong></span> <span class='ocrx_word' id='word_1_614' title='bbox 3656 3695 3780 3767; x_wconf 42' lang='lat' dir='ltr'><strong>prelo.</strong></span> 
     </span>
    </p>
   </div>
   <div class='ocr_carea' id='block_1_84' title="bbox 2324 3781 3779 3865">
    <p class='ocr_par' dir='ltr' id='par_1_84' title="bbox 2324 3781 3779 3865">
     <span class='ocr_line' id='line_1_84' title="bbox 2324 3781 3779 3865; baseline -0.005 -18"><span class='ocrx_word' id='word_1_615' title='bbox 2324 3792 2607 3847; x_wconf 89' lang='lat' dir='ltr'><strong>stinatur:</strong></span> <span class='ocrx_word' id='word_1_616' title='bbox 2653 3791 2914 3862; x_wconf 92' lang='lat' dir='ltr'><strong>quidquid</strong></span> <span class='ocrx_word' id='word_1_617' title='bbox 2952 3793 3135 3862; x_wconf 87' lang='lat' dir='ltr'><strong>itaque</strong></span> <span class='ocrx_word' id='word_1_618' title='bbox 3181 3794 3250 3850; x_wconf 90' lang='lat' dir='ltr'><strong>de</strong></span> <span class='ocrx_word' id='word_1_619' title='bbox 3314 3789 3710 3865; x_wconf 75' lang='lat' dir='ltr'><strong>praedestinatione</strong></span> <span class='ocrx_word' id='word_1_620' title='bbox 3737 3781 3779 3835; x_wconf 83' lang='lat' dir='ltr'><strong>di-</strong></span> 
     </span>
    </p>
   </div>
   <div class='ocr_carea' id='block_1_85' title="bbox 2323 3881 3780 3954">
    <p class='ocr_par' dir='ltr' id='par_1_85' title="bbox 2323 3881 3780 3954">
     <span class='ocr_line' id='line_1_85' title="bbox 2323 3881 3780 3954; baseline -0.004 -18"><span class='ocrx_word' id='word_1_621' title='bbox 2323 3882 2488 3949; x_wconf 91' lang='lat' dir='ltr'><strong>citur,</strong></span> <span class='ocrx_word' id='word_1_622' title='bbox 2529 3890 2699 3938; x_wconf 89' lang='lat' dir='ltr'><strong>totum</strong></span> <span class='ocrx_word' id='word_1_623' title='bbox 2737 3883 2880 3940; x_wconf 90' lang='lat' dir='ltr'><strong>haud</strong></span> <span class='ocrx_word' id='word_1_624' title='bbox 2921 3883 3080 3939; x_wconf 90' lang='lat' dir='ltr'><strong>aliter</strong></span> <span class='ocrx_word' id='word_1_625' title='bbox 3119 3899 3284 3954; x_wconf 90' lang='lat' dir='ltr'><strong>quam</strong></span> <span class='ocrx_word' id='word_1_626' title='bbox 3337 3885 3402 3941; x_wconf 89' lang='lat' dir='ltr'><strong>de</strong></span> <span class='ocrx_word' id='word_1_627' title='bbox 3429 3881 3700 3941; x_wconf 83' lang='lat' dir='ltr'><strong>ordinatione</strong></span> <span class='ocrx_word' id='word_1_628' title='bbox 3731 3887 3780 3926; x_wconf 72' lang='lat' dir='ltr'><strong>vc-</strong></span> 
     </span>
    </p>
   </div>
   <div class='ocr_carea' id='block_1_86' title="bbox 2324 3972 3780 4047">
    <p class='ocr_par' dir='ltr' id='par_1_86' title="bbox 2324 3972 3780 4047">
     <span class='ocr_line' id='line_1_86' title="bbox 2324 3972 3780 4047; baseline -0.001 -20"><span class='ocrx_word' id='word_1_629' title='bbox 2324 3973 2539 4028; x_wconf 89' lang='lat' dir='ltr'><strong>rissime</strong></span> <span class='ocrx_word' id='word_1_630' title='bbox 2576 3973 2925 4043; x_wconf 59' lang='lat' dir='ltr'><strong>praedicatur,</strong></span> <span class='ocrx_word' id='word_1_631' title='bbox 2961 3974 3176 4032; x_wconf 87' lang='lat' dir='ltr'><strong>dicente</strong></span> <span class='ocrx_word' id='word_1_632' title='bbox 3203 3975 3460 4047; x_wconf 85' lang='lat' dir='ltr'><strong>Apostolo</strong></span> <span class='ocrx_word' id='word_1_633' title='bbox 3491 3992 3503 4030; x_wconf 93' lang='lat'>:</span> <span class='ocrx_word' id='word_1_634' title='bbox 3541 3972 3645 4038; x_wconf 69' lang='lat' dir='ltr'><strong>Qui:</strong></span> <span class='ocrx_word' id='word_1_635' title='bbox 3677 3974 3780 4020; x_wconf 74' lang='grc' dir='ltr'><strong>αιιει</strong></span> 
     </span>
    </p>
   </div>
   <div class='ocr_carea' id='block_1_87' title="bbox 2322 4053 3781 4140">
    <p class='ocr_par' dir='ltr' id='par_1_87' title="bbox 2322 4053 3781 4140">
     <span class='ocr_line' id='line_1_87' title="bbox 2322 4053 3781 4140; baseline 0 -25"><span class='ocrx_word' id='word_1_636' title='bbox 2322 4073 2443 4116; x_wconf 86' lang='lat' dir='ltr'><strong>sunt</strong></span> <span class='ocrx_word' id='word_1_637' title='bbox 2467 4079 2500 4116; x_wconf 89' lang='lat' dir='ltr'><strong>a</strong></span> <span class='ocrx_word' id='word_1_638' title='bbox 2529 4062 2636 4117; x_wconf 90' lang='lat' dir='ltr'><strong>Deo</strong></span> <span class='ocrx_word' id='word_1_639' title='bbox 2681 4065 2927 4119; x_wconf 87' lang='lat' dir='ltr'><strong>ordinata</strong></span> <span class='ocrx_word' id='word_1_640' title='bbox 2970 4075 3090 4120; x_wconf 87' lang='lat' dir='ltr'><strong>sunt</strong></span> <span class='ocrx_word' id='word_1_641' title='bbox 3132 4064 3312 4140; x_wconf 82' lang='lat' dir='ltr'><strong>(Rom.</strong></span> <span class='ocrx_word' id='word_1_642' title='bbox 3339 4083 3454 4133; x_wconf 78' lang='lat' dir='ltr'><strong>xui,</strong></span> <span class='ocrx_word' id='word_1_643' title='bbox 3482 4064 3547 4135; x_wconf 85' lang='grc'><strong>1),</strong></span> <span class='ocrx_word' id='word_1_644' title='bbox 3571 4077 3624 4116; x_wconf 86' lang='lat' dir='ltr'><strong>ac</strong></span> <span class='ocrx_word' id='word_1_645' title='bbox 3647 4058 3678 4112; x_wconf 86' lang='lat' dir='ltr'><strong>si</strong></span> <span class='ocrx_word' id='word_1_646' title='bbox 3713 4053 3781 4108; x_wconf 66' lang='lat' dir='ltr'><strong>aliis</strong></span> 
     </span>
    </p>
   </div>
   <div class='ocr_carea' id='block_1_88' title="bbox 2324 4151 3780 4228">
    <p class='ocr_par' dir='ltr' id='par_1_88' title="bbox 2324 4151 3780 4228">
     <span class='ocr_line' id='line_1_88' title="bbox 2324 4151 3780 4228; baseline -0.001 -23"><span class='ocrx_word' id='word_1_647' title='bbox 2324 4153 2505 4208; x_wconf 82' lang='lat' dir='ltr'><strong>verbis</strong></span> <span class='ocrx_word' id='word_1_648' title='bbox 2532 4153 2767 4210; x_wconf 89' lang='lat' dir='ltr'><strong>diceret:</strong></span> <span class='ocrx_word' id='word_1_649' title='bbox 2793 4169 2822 4208; x_wconf 93' lang='lat' dir='ltr'><strong>a</strong></span> <span class='ocrx_word' id='word_1_650' title='bbox 2853 4155 2964 4211; x_wconf 90' lang='lat' dir='ltr'><strong>Deo</strong></span> <span class='ocrx_word' id='word_1_651' title='bbox 2990 4156 3262 4212; x_wconf 91' lang='lat' dir='ltr'><strong>destinata</strong></span> <span class='ocrx_word' id='word_1_652' title='bbox 3294 4167 3449 4228; x_wconf 87' lang='lat' dir='ltr'><strong>atque</strong></span> <span class='ocrx_word' id='word_1_653' title='bbox 3468 4151 3675 4225; x_wconf 82' lang='lat' dir='ltr'><strong>disposita</strong></span> <span class='ocrx_word' id='word_1_654' title='bbox 3694 4151 3780 4204; x_wconf 74' lang='lat' dir='ltr'><strong>soul.</strong></span> 
     </span>
    </p>
   </div>
   <div class='ocr_carea' id='block_1_89' title="bbox 2324 4245 3783 4321">
    <p class='ocr_par' dir='ltr' id='par_1_89' title="bbox 2324 4245 3783 4321">
     <span class='ocr_line' id='line_1_89' title="bbox 2324 4245 3783 4321; baseline -0.008 -20"><span class='ocrx_word' id='word_1_655' title='bbox 2324 4260 2389 4301; x_wconf 90' lang='lat' dir='ltr'><strong>ea</strong></span> <span class='ocrx_word' id='word_1_656' title='bbox 2416 4245 2681 4301; x_wconf 79' lang='lat' dir='ltr'><strong>duntaxat</strong></span> <span class='ocrx_word' id='word_1_657' title='bbox 2721 4247 3048 4306; x_wconf 88' lang='lat' dir='ltr'><strong>discretione</strong></span> <span class='ocrx_word' id='word_1_658' title='bbox 3081 4259 3322 4317; x_wconf 88' lang='lat' dir='ltr'><strong>servata,</strong></span> <span class='ocrx_word' id='word_1_659' title='bbox 3353 4265 3505 4321; x_wconf 88' lang='lat' dir='ltr'><strong>quam</strong></span> <span class='ocrx_word' id='word_1_660' title='bbox 3530 4257 3695 4317; x_wconf 85' lang='lat' dir='ltr'><strong>supraa</strong></span> <span class='ocrx_word' id='word_1_661' title='bbox 3713 4253 3783 4291; x_wconf 76' lang='lat' dir='ltr'><strong>vcr-</strong></span> 
     </span>
    </p>
   </div>
   <div class='ocr_carea' id='block_1_90' title="bbox 2323 4327 3783 4413">
    <p class='ocr_par' dir='ltr' id='par_1_90' title="bbox 2323 4327 3783 4413">
     <span class='ocr_line' id='line_1_90' title="bbox 2323 4327 3783 4413; baseline -0.001 -21"><span class='ocrx_word' id='word_1_662' title='bbox 2323 4336 2408 4392; x_wconf 89' lang='lat' dir='ltr'><strong>bis</strong></span> <span class='ocrx_word' id='word_1_663' title='bbox 2437 4337 2726 4410; x_wconf 86' lang='lat' dir='ltr'><strong>Augustini</strong></span> <span class='ocrx_word' id='word_1_664' title='bbox 2776 4341 3077 4413; x_wconf 88' lang='lat' dir='ltr'><strong>posuimus,</strong></span> <span class='ocrx_word' id='word_1_665' title='bbox 3110 4352 3170 4398; x_wconf 91' lang='lat' dir='ltr'><strong>ut</strong></span> <span class='ocrx_word' id='word_1_666' title='bbox 3199 4343 3464 4400; x_wconf 89' lang='lat' dir='ltr'><strong>ordinatio</strong></span> <span class='ocrx_word' id='word_1_667' title='bbox 3506 4340 3643 4412; x_wconf 88' lang='lat' dir='ltr'><strong>ipsius</strong></span> <span class='ocrx_word' id='word_1_668' title='bbox 3663 4327 3783 4390; x_wconf 66' lang='lat' dir='ltr'><strong>reici-</strong></span> 
     </span>
    </p>
   </div>
   <div class='ocr_carea' id='block_1_91' title="bbox 2326 4429 3784 4508">
    <p class='ocr_par' dir='ltr' id='par_1_91' title="bbox 2326 4429 3784 4508">
     <span class='ocr_line' id='line_1_91' title="bbox 2326 4429 3784 4508; baseline 0 -26"><span class='ocrx_word' id='word_1_669' title='bbox 2326 4429 2521 4496; x_wconf 86' lang='lat' dir='ltr'><strong>fectus,</strong></span> <span class='ocrx_word' id='word_1_670' title='bbox 2551 4431 2839 4489; x_wconf 91' lang='lat' dir='ltr'><strong>destinatio</strong></span> <span class='ocrx_word' id='word_1_671' title='bbox 2867 4450 2996 4491; x_wconf 91' lang='lat' dir='ltr'><strong>vero</strong></span> <span class='ocrx_word' id='word_1_672' title='bbox 3024 4437 3175 4508; x_wconf 93' lang='lat' dir='ltr'><strong>prior</strong></span> <span class='ocrx_word' id='word_1_673' title='bbox 3206 4437 3350 4495; x_wconf 90' lang='lat' dir='ltr'><strong>illius</strong></span> <span class='ocrx_word' id='word_1_674' title='bbox 3376 4439 3427 4492; x_wconf 90' lang='lat' dir='ltr'><strong>in</strong></span> <span class='ocrx_word' id='word_1_675' title='bbox 3460 4435 3659 4491; x_wconf 84' lang='lat' dir='ltr'><strong>consiliis</strong></span> <span class='ocrx_word' id='word_1_676' title='bbox 3673 4430 3784 4496; x_wconf 83' lang='lat' dir='ltr'><strong>dispo-</strong></span> 
     </span>
    </p>
   </div>
   <div class='ocr_carea' id='block_1_92' title="bbox 637 4493 3782 4601">
    <p class='ocr_par' dir='ltr' id='par_1_92' title="bbox 637 4493 3782 4601">
     <span class='ocr_line' id='line_1_92' title="bbox 637 4493 3782 4601; baseline -0.002 -26"><span class='ocrx_word' id='word_1_677' title='bbox 637 4516 1496 4587; x_wconf 76' lang='lat' dir='ltr'><strong>rum,exercitationeiustorum,</strong></span> <span class='ocrx_word' id='word_1_678' title='bbox 1521 4519 1852 4591; x_wconf 84' lang='lat' dir='ltr'><strong>perfectione</strong></span> <span class='ocrx_word' id='word_1_679' title='bbox 1886 4493 2216 4601; x_wconf 68' lang='lat' dir='ltr'><strong>beatorum]</strong></span> <span class='ocrx_word' id='word_1_680' title='bbox 2245 4493 2299 4556; x_wconf 80' lang='lat' dir='ltr'><strong>D</strong></span> <span class='ocrx_word' id='word_1_681' title='bbox 2324 4522 2448 4578; x_wconf 92' lang='lat' dir='ltr'><strong>sitio</strong></span> <span class='ocrx_word' id='word_1_682' title='bbox 2500 4523 2768 4581; x_wconf 86' lang='lat' dir='ltr'><strong>habeatur</strong></span> <span class='ocrx_word' id='word_1_683' title='bbox 2793 4566 2808 4592; x_wconf 97' lang='lat'><strong>,</strong></span> <span class='ocrx_word' id='word_1_684' title='bbox 2864 4493 3250 4598; x_wconf 66' lang='lat' dir='ltr'><strong>praeordinatio</strong></span> <span class='ocrx_word' id='word_1_685' title='bbox 3301 4539 3476 4585; x_wconf 86' lang='lat' dir='ltr'><strong>autem</strong></span> <span class='ocrx_word' id='word_1_686' title='bbox 3536 4524 3644 4581; x_wconf 89' lang='lat' dir='ltr'><strong>nihil</strong></span> <span class='ocrx_word' id='word_1_687' title='bbox 3697 4512 3782 4574; x_wconf 73' lang='lat' dir='ltr'><strong>aliud</strong></span> 
     </span>
    </p>
   </div>
   <div class='ocr_carea' id='block_1_93' title="bbox 705 4610 2220 4687">
    <p class='ocr_par' dir='ltr' id='par_1_93' title="bbox 705 4610 2220 4687">
     <span class='ocr_line' id='line_1_93' title="bbox 705 4610 2220 4687; baseline 0.007 -21"><span class='ocrx_word' id='word_1_688' title='bbox 705 4612 746 4683; x_wconf 78' lang='grc' dir='ltr'><strong>-ι-</strong></span> <span class='ocrx_word' id='word_1_689' title='bbox 785 4610 918 4667; x_wconf 84' lang='lat' dir='ltr'><strong>Vide</strong></span> <span class='ocrx_word' id='word_1_690' title='bbox 943 4611 1072 4682; x_wconf 92' lang='lat' dir='ltr'><strong>quid</strong></span> <span class='ocrx_word' id='word_1_691' title='bbox 1100 4611 1264 4678; x_wconf 90' lang='lat' dir='ltr'><strong>dicat,</strong></span> <span class='ocrx_word' id='word_1_692' title='bbox 1298 4613 1444 4682; x_wconf 88' lang='lat' dir='ltr'><strong>quod</strong></span> <span class='ocrx_word' id='word_1_693' title='bbox 1466 4614 1717 4682; x_wconf 87' lang='lat' dir='ltr'><strong>quamvis</strong></span> <span class='ocrx_word' id='word_1_694' title='bbox 1739 4618 2070 4687; x_wconf 91' lang='lat' dir='ltr'><strong>peccatrices</strong></span> <span class='ocrx_word' id='word_1_695' title='bbox 2100 4621 2220 4675; x_wconf 88' lang='lat' dir='ltr'><strong>ani-</strong></span> 
     </span>
    </p>
   </div>
   <div class='ocr_carea' id='block_1_94' title="bbox 636 4704 2220 4777">
    <p class='ocr_par' dir='ltr' id='par_1_94' title="bbox 636 4704 2220 4777">
     <span class='ocr_line' id='line_1_94' title="bbox 636 4704 2220 4777; baseline 0.005 -17"><span class='ocrx_word' id='word_1_696' title='bbox 636 4719 738 4760; x_wconf 86' lang='lat' dir='ltr'><strong>mae</strong></span> <span class='ocrx_word' id='word_1_697' title='bbox 785 4704 1098 4775; x_wconf 90' lang='lat' dir='ltr'><strong>puniantur,</strong></span> <span class='ocrx_word' id='word_1_698' title='bbox 1139 4719 1325 4759; x_wconf 87' lang='lat' dir='ltr'><strong>earum</strong></span> <span class='ocrx_word' id='word_1_699' title='bbox 1382 4713 1561 4761; x_wconf 89' lang='lat' dir='ltr'><strong>tamen</strong></span> <span class='ocrx_word' id='word_1_700' title='bbox 1607 4707 1884 4777; x_wconf 90' lang='lat' dir='ltr'><strong>punitione</strong></span> <span class='ocrx_word' id='word_1_701' title='bbox 1915 4711 2220 4769; x_wconf 89' lang='lat' dir='ltr'><strong>nullatenus</strong></span> 
     </span>
    </p>
   </div>
   <div class='ocr_carea' id='block_1_95' title="bbox 634 4793 2221 4876">
    <p class='ocr_par' dir='ltr' id='par_1_95' title="bbox 634 4793 2221 4876">
     <span class='ocr_line' id='line_1_95' title="bbox 634 4793 2221 4876; baseline 0.007 -26"><span class='ocrx_word' id='word_1_702' title='bbox 634 4796 959 4851; x_wconf 87' lang='lat' dir='ltr'><strong>universitas</strong></span> <span class='ocrx_word' id='word_1_703' title='bbox 982 4794 1088 4850; x_wconf 90' lang='lat' dir='ltr'><strong>ulla</strong></span> <span class='ocrx_word' id='word_1_704' title='bbox 1109 4793 1452 4852; x_wconf 87' lang='lat' dir='ltr'><strong>deformitate</strong></span> <span class='ocrx_word' id='word_1_705' title='bbox 1479 4805 1762 4868; x_wconf 91' lang='lat' dir='ltr'><strong>turpetur:</strong></span> <span class='ocrx_word' id='word_1_706' title='bbox 1792 4802 1990 4858; x_wconf 88' lang='lat' dir='ltr'><strong>nullam</strong></span> <span class='ocrx_word' id='word_1_707' title='bbox 2023 4805 2221 4876; x_wconf 88' lang='lat' dir='ltr'><strong>quippe</strong></span> 
     </span>
    </p>
   </div>
   <div class='ocr_carea' id='block_1_96' title="bbox 638 4883 2219 4962">
    <p class='ocr_par' dir='ltr' id='par_1_96' title="bbox 638 4883 2219 4962">
     <span class='ocr_line' id='line_1_96' title="bbox 638 4883 2219 4962; baseline 0.008 -22"><span class='ocrx_word' id='word_1_708' title='bbox 638 4885 1020 4956; x_wconf 89' lang='lat' dir='ltr'><strong>turpitudinem</strong></span> <span class='ocrx_word' id='word_1_709' title='bbox 1051 4883 1266 4954; x_wconf 85' lang='lat' dir='ltr'><strong>justitia</strong></span> <span class='ocrx_word' id='word_1_710' title='bbox 1309 4887 1525 4959; x_wconf 87' lang='lat' dir='ltr'><strong>ingerit,</strong></span> <span class='ocrx_word' id='word_1_711' title='bbox 1559 4905 1679 4960; x_wconf 73' lang='lat' dir='ltr'><strong>qua:</strong></span> <span class='ocrx_word' id='word_1_712' title='bbox 1707 4891 2071 4962; x_wconf 89' lang='lat' dir='ltr'><strong>pulcherrima</strong></span> <span class='ocrx_word' id='word_1_713' title='bbox 2097 4910 2219 4952; x_wconf 90' lang='lat' dir='ltr'><strong>esse</strong></span> 
     </span>
    </p>
   </div>
   <div class='ocr_carea' id='block_1_97' title="bbox 635 4976 2218 5055">
    <p class='ocr_par' dir='ltr' id='par_1_97' title="bbox 635 4976 2218 5055">
     <span class='ocr_line' id='line_1_97' title="bbox 635 4976 2218 5055; baseline 0.005 -22"><span class='ocrx_word' id='word_1_714' title='bbox 635 4978 992 5033; x_wconf 87' lang='lat' dir='ltr'><strong>convincitur.</strong></span> <span class='ocrx_word' id='word_1_715' title='bbox 1022 4976 1209 5034; x_wconf 91' lang='lat' dir='ltr'><strong>Omnis</strong></span> <span class='ocrx_word' id='word_1_716' title='bbox 1256 4978 1438 5048; x_wconf 87' lang='lat' dir='ltr'><strong>itaque</strong></span> <span class='ocrx_word' id='word_1_717' title='bbox 1485 4987 1540 5035; x_wconf 91' lang='lat' dir='ltr'><strong>et</strong></span> <span class='ocrx_word' id='word_1_718' title='bbox 1591 4982 1726 5037; x_wconf 86' lang='lat' dir='ltr'><strong>ordo</strong></span> <span class='ocrx_word' id='word_1_719' title='bbox 1769 4992 1825 5038; x_wconf 94' lang='lat' dir='ltr'><strong>et</strong></span> <span class='ocrx_word' id='word_1_720' title='bbox 1866 4984 2078 5055; x_wconf 76' lang='lat' dir='ltr'><strong>iustitia</strong></span> <span class='ocrx_word' id='word_1_721' title='bbox 2121 4985 2218 5041; x_wconf 90' lang='lat' dir='ltr'><strong>Dei</strong></span> 
     </span>
    </p>
   </div>
   <div class='ocr_carea' id='block_1_98' title="bbox 635 5069 2221 5147">
    <p class='ocr_par' dir='ltr' id='par_1_98' title="bbox 635 5069 2221 5147">
     <span class='ocr_line' id='line_1_98' title="bbox 635 5069 2221 5147; baseline 0.007 -24"><span class='ocrx_word' id='word_1_722' title='bbox 635 5069 859 5141; x_wconf 89' lang='lat' dir='ltr'><strong>pulchra</strong></span> <span class='ocrx_word' id='word_1_723' title='bbox 885 5079 1030 5125; x_wconf 90' lang='lat' dir='ltr'><strong>sunt.</strong></span> <span class='ocrx_word' id='word_1_724' title='bbox 1064 5069 1143 5126; x_wconf 88' lang='lat' dir='ltr'><strong>Ac</strong></span> <span class='ocrx_word' id='word_1_725' title='bbox 1171 5087 1268 5142; x_wconf 91' lang='lat' dir='ltr'><strong>per</strong></span> <span class='ocrx_word' id='word_1_726' title='bbox 1293 5071 1416 5138; x_wconf 90' lang='lat' dir='ltr'><strong>hoc,</strong></span> <span class='ocrx_word' id='word_1_727' title='bbox 1463 5074 1792 5145; x_wconf 93' lang='lat' dir='ltr'><strong>ubicunque,</strong></span> <span class='ocrx_word' id='word_1_728' title='bbox 1831 5084 1886 5131; x_wconf 90' lang='lat' dir='ltr'><strong>et</strong></span> <span class='ocrx_word' id='word_1_729' title='bbox 1919 5077 1971 5132; x_wconf 91' lang='lat' dir='ltr'><strong>in</strong></span> <span class='ocrx_word' id='word_1_730' title='bbox 1997 5077 2221 5147; x_wconf 89' lang='lat' dir='ltr'><strong>quibus-</strong></span> 
     </span>
    </p>
   </div>
   <div class='ocr_carea' id='block_1_99' title="bbox 634 5165 2221 5239">
    <p class='ocr_par' dir='ltr' id='par_1_99' title="bbox 634 5165 2221 5239">
     <span class='ocr_line' id='line_1_99' title="bbox 634 5165 2221 5239; baseline 0.006 -23"><span class='ocrx_word' id='word_1_731' title='bbox 634 5179 847 5233; x_wconf 86' lang='lat' dir='ltr'><strong>cunque</strong></span> <span class='ocrx_word' id='word_1_732' title='bbox 900 5172 1070 5228; x_wconf 90' lang='lat' dir='ltr'><strong>sunt,</strong></span> <span class='ocrx_word' id='word_1_733' title='bbox 1126 5180 1232 5219; x_wconf 92' lang='lat' dir='ltr'><strong>non</strong></span> <span class='ocrx_word' id='word_1_734' title='bbox 1296 5165 1684 5236; x_wconf 89' lang='lat' dir='ltr'><strong>turpitudinem</strong></span> <span class='ocrx_word' id='word_1_735' title='bbox 1715 5208 1729 5232; x_wconf 94' lang='lat'><strong>,</strong></span> <span class='ocrx_word' id='word_1_736' title='bbox 1779 5169 1874 5222; x_wconf 90' lang='lat' dir='ltr'><strong>sed</strong></span> <span class='ocrx_word' id='word_1_737' title='bbox 1923 5169 2221 5239; x_wconf 26' lang='lat' dir='ltr'><strong>pulchrituvc</strong></span> 
     </span>
    </p>
   </div>
   <div class='ocr_carea' id='block_1_100' title="bbox 635 5253 2220 5326">
    <p class='ocr_par' dir='ltr' id='par_1_100' title="bbox 635 5253 2220 5326">
     <span class='ocr_line' id='line_1_100' title="bbox 635 5253 2220 5326; baseline 0.004 -16"><span class='ocrx_word' id='word_1_738' title='bbox 635 5256 814 5310; x_wconf 90' lang='lat' dir='ltr'><strong>dinem</strong></span> <span class='ocrx_word' id='word_1_739' title='bbox 838 5255 1105 5326; x_wconf 92' lang='lat' dir='ltr'><strong>ingerunt.</strong></span> <span class='ocrx_word' id='word_1_740' title='bbox 1132 5253 1287 5312; x_wconf 89' lang='lat' dir='ltr'><strong>Unde</strong></span> <span class='ocrx_word' id='word_1_741' title='bbox 1314 5263 1370 5312; x_wconf 90' lang='lat' dir='ltr'><strong>et</strong></span> <span class='ocrx_word' id='word_1_742' title='bbox 1394 5256 1551 5312; x_wconf 89' lang='lat' dir='ltr'><strong>idem&#39;</strong></span> <span class='ocrx_word' id='word_1_743' title='bbox 1568 5257 1759 5312; x_wconf 88' lang='lat' dir='ltr'><strong>doctor</strong></span> <span class='ocrx_word' id='word_1_744' title='bbox 1785 5257 1839 5312; x_wconf 92' lang='lat' dir='ltr'><strong>in</strong></span> <span class='ocrx_word' id='word_1_745' title='bbox 1867 5261 2053 5315; x_wconf 90' lang='lat' dir='ltr'><strong>eodem</strong></span> <span class='ocrx_word' id='word_1_746' title='bbox 2082 5261 2220 5318; x_wconf 91' lang='lat' dir='ltr'><strong>libro</strong></span> 
     </span>
    </p>
   </div>
   <div class='ocr_carea' id='block_1_101' title="bbox 635 5346 2050 5421">
    <p class='ocr_par' dir='ltr' id='par_1_101' title="bbox 635 5346 2050 5421">
     <span class='ocr_line' id='line_1_101' title="bbox 635 5346 2050 5421; baseline 0.001 -21"><span class='ocrx_word' id='word_1_747' title='bbox 635 5346 715 5418; x_wconf 77' lang='grc' dir='ltr'><strong>(ο.</strong></span> <span class='ocrx_word' id='word_1_748' title='bbox 739 5347 854 5419; x_wconf 67' lang='grc' dir='ltr'><strong>ιι).</strong></span> <span class='ocrx_word' id='word_1_749' title='bbox 2047 5417 2050 5421; x_wconf 92' lang='lat'><strong>_</strong></span> 
     </span>
    </p>
   </div>
   <div class='ocr_carea' id='block_1_102' title="bbox 707 5437 2214 5519">
    <p class='ocr_par' dir='ltr' id='par_1_102' title="bbox 707 5437 2214 5519">
     <span class='ocr_line' id='line_1_102' title="bbox 707 5437 2214 5519; baseline 0.007 -27"><span class='ocrx_word' id='word_1_750' title='bbox 707 5437 986 5511; x_wconf 86' lang='lat' dir='ltr'><strong>[Defectu,</strong></span> <span class='ocrx_word' id='word_1_751' title='bbox 1039 5441 1233 5511; x_wconf 81' lang='lat' dir='ltr'><strong>inquit,</strong></span> <span class='ocrx_word' id='word_1_752' title='bbox 1258 5458 1355 5499; x_wconf 92' lang='lat' dir='ltr'><strong>suo</strong></span> <span class='ocrx_word' id='word_1_753' title='bbox 1392 5445 1445 5500; x_wconf 91' lang='lat' dir='ltr'><strong>in</strong></span> <span class='ocrx_word' id='word_1_754' title='bbox 1489 5446 1898 5516; x_wconf 91' lang='lat' dir='ltr'><strong>puchritudines</strong></span> <span class='ocrx_word' id='word_1_755' title='bbox 1943 5448 2214 5519; x_wconf 90' lang='lat' dir='ltr'><strong>corrupti-</strong></span> 
     </span>
    </p>
   </div>
   <div class='ocr_carea' id='block_1_103' title="bbox 633 5529 2217 5609">
    <p class='ocr_par' dir='ltr' id='par_1_103' title="bbox 633 5529 2217 5609">
     <span class='ocr_line' id='line_1_103' title="bbox 633 5529 2217 5609; baseline 0.007 -25"><span class='ocrx_word' id='word_1_756' title='bbox 633 5529 789 5594; x_wconf 87' lang='lat' dir='ltr'><strong>biles,</strong></span> <span class='ocrx_word' id='word_1_757' title='bbox 827 5531 879 5584; x_wconf 92' lang='lat' dir='ltr'><strong>id</strong></span> <span class='ocrx_word' id='word_1_758' title='bbox 908 5540 992 5586; x_wconf 92' lang='lat' dir='ltr'><strong>est</strong></span> <span class='ocrx_word' id='word_1_759' title='bbox 1025 5547 1310 5602; x_wconf 63' lang='lat' dir='ltr'><strong>pinnarum</strong></span> <span class='ocrx_word' id='word_1_760' title='bbox 1361 5536 1605 5592; x_wconf 90' lang='lat' dir='ltr'><strong>ordinem</strong></span> <span class='ocrx_word' id='word_1_761' title='bbox 1656 5537 2062 5609; x_wconf 71' lang='lat' dir='ltr'><strong>prmcipitatur;</strong></span> <span class='ocrx_word' id='word_1_762' title='bbox 2118 5553 2217 5596; x_wconf 91' lang='lat' dir='ltr'><strong>nec</strong></span> 
     </span>
    </p>
   </div>
   <div class='ocr_carea' id='block_1_104' title="bbox 634 5621 2216 5700">
    <p class='ocr_par' dir='ltr' id='par_1_104' title="bbox 634 5621 2216 5700">
     <span class='ocr_line' id='line_1_104' title="bbox 634 5621 2216 5700; baseline 0.007 -23"><span class='ocrx_word' id='word_1_763' title='bbox 634 5621 898 5679; x_wconf 80' lang='lat' dir='ltr'><strong>miremur</strong></span> <span class='ocrx_word' id='word_1_764' title='bbox 939 5627 1081 5696; x_wconf 92' lang='lat' dir='ltr'><strong>quod</strong></span> <span class='ocrx_word' id='word_1_765' title='bbox 1121 5627 1298 5684; x_wconf 92' lang='lat' dir='ltr'><strong>adhuc</strong></span> <span class='ocrx_word' id='word_1_766' title='bbox 1331 5629 1760 5698; x_wconf 87' lang='lat' dir='ltr'><strong>pulchritudines</strong></span> <span class='ocrx_word' id='word_1_767' title='bbox 1801 5633 2040 5700; x_wconf 92' lang='lat' dir='ltr'><strong>nomino,</strong></span> <span class='ocrx_word' id='word_1_768' title='bbox 2082 5633 2216 5688; x_wconf 91' lang='lat' dir='ltr'><strong>nihil</strong></span> 
     </span>
    </p>
   </div>
   <div class='ocr_carea' id='block_1_105' title="bbox 633 5713 2211 5794">
    <p class='ocr_par' dir='ltr' id='par_1_105' title="bbox 633 5713 2211 5794">
     <span class='ocr_line' id='line_1_105' title="bbox 633 5713 2211 5794; baseline 0.009 -27"><span class='ocrx_word' id='word_1_769' title='bbox 633 5713 782 5772; x_wconf 85' lang='lat' dir='ltr'><strong>enim</strong></span> <span class='ocrx_word' id='word_1_770' title='bbox 813 5726 895 5772; x_wconf 82' lang='lat' dir='ltr'><strong>est</strong></span> <span class='ocrx_word' id='word_1_771' title='bbox 932 5717 1241 5774; x_wconf 90' lang='lat' dir='ltr'><strong>ordinatum</strong></span> <span class='ocrx_word' id='word_1_772' title='bbox 1286 5720 1430 5791; x_wconf 84' lang='lat' dir='ltr'><strong>quod</strong></span> <span class='ocrx_word' id='word_1_773' title='bbox 1477 5713 1582 5776; x_wconf 77' lang='lat' dir='ltr'><strong>nun</strong></span> <span class='ocrx_word' id='word_1_774' title='bbox 1627 5723 1698 5778; x_wconf 92' lang='lat' dir='ltr'><strong>sit</strong></span> <span class='ocrx_word' id='word_1_775' title='bbox 1747 5725 2050 5794; x_wconf 83' lang='lat' dir='ltr'><strong>pulchrum,</strong></span> <span class='ocrx_word' id='word_1_776' title='bbox 2105 5734 2211 5782; x_wconf 91' lang='lat' dir='ltr'><strong>etc.</strong></span> 
     </span>
    </p>
   </div>
   <div class='ocr_carea' id='block_1_106' title="bbox 2321 4615 3778 4690">
    <p class='ocr_par' dir='ltr' id='par_1_106' title="bbox 2321 4615 3778 4690">
     <span class='ocr_line' id='line_1_106' title="bbox 2321 4615 3778 4690; baseline 0.01 -24"><span class='ocrx_word' id='word_1_777' title='bbox 2321 4628 2484 4684; x_wconf 89' lang='lat' dir='ltr'><strong>quam</strong></span> <span class='ocrx_word' id='word_1_778' title='bbox 2511 4615 2911 4684; x_wconf 75' lang='lat' dir='ltr'><strong>praedestinatio</strong></span> <span class='ocrx_word' id='word_1_779' title='bbox 2927 4626 3192 4674; x_wconf 87' lang='lat' dir='ltr'><strong>teneatur.</strong></span> <span class='ocrx_word' id='word_1_780' title='bbox 3216 4618 3548 4690; x_wconf 86' lang='lat' dir='ltr'><strong>Nequaquam</strong></span> <span class='ocrx_word' id='word_1_781' title='bbox 3566 4616 3778 4688; x_wconf 53' lang='lat' dir='ltr'><strong>igitur?”</strong></span> 
     </span>
    </p>
   </div>
   <div class='ocr_carea' id='block_1_107' title="bbox 2323 4697 3781 4782">
    <p class='ocr_par' dir='ltr' id='par_1_107' title="bbox 2323 4697 3781 4782">
     <span class='ocr_line' id='line_1_107' title="bbox 2323 4697 3781 4782; baseline 0.001 -24"><span class='ocrx_word' id='word_1_782' title='bbox 2323 4705 2739 4762; x_wconf 90' lang='lat' dir='ltr'><strong>destinationem</strong></span> <span class='ocrx_word' id='word_1_783' title='bbox 2787 4708 3074 4778; x_wconf 89' lang='lat' dir='ltr'><strong>impiorum</strong></span> <span class='ocrx_word' id='word_1_784' title='bbox 3119 4712 3388 4782; x_wconf 80' lang='lat' dir='ltr'><strong>denegas,</strong></span> <span class='ocrx_word' id='word_1_785' title='bbox 3440 4725 3561 4782; x_wconf 90' lang='lat' dir='ltr'><strong>quos</strong></span> <span class='ocrx_word' id='word_1_786' title='bbox 3599 4706 3656 4762; x_wconf 89' lang='lat' dir='ltr'><strong>ibi</strong></span> <span class='ocrx_word' id='word_1_787' title='bbox 3691 4697 3781 4755; x_wconf 75' lang='lat' dir='ltr'><strong>ordi-</strong></span> 
     </span>
    </p>
   </div>
   <div class='ocr_carea' id='block_1_108' title="bbox 2324 4788 3783 4872">
    <p class='ocr_par' dir='ltr' id='par_1_108' title="bbox 2324 4788 3783 4872">
     <span class='ocr_line' id='line_1_108' title="bbox 2324 4788 3783 4872; baseline -0.004 -21"><span class='ocrx_word' id='word_1_788' title='bbox 2324 4805 2501 4863; x_wconf 86' lang='lat' dir='ltr'><strong>natos,</strong></span> <span class='ocrx_word' id='word_1_789' title='bbox 2529 4799 2583 4854; x_wconf 92' lang='lat' dir='ltr'><strong>id</strong></span> <span class='ocrx_word' id='word_1_790' title='bbox 2628 4807 2712 4855; x_wconf 93' lang='lat' dir='ltr'><strong>est</strong></span> <span class='ocrx_word' id='word_1_791' title='bbox 2762 4800 2965 4870; x_wconf 91' lang='lat' dir='ltr'><strong>positos</strong></span> <span class='ocrx_word' id='word_1_792' title='bbox 3001 4815 3066 4858; x_wconf 90' lang='lat' dir='ltr'><strong>ac</strong></span> <span class='ocrx_word' id='word_1_793' title='bbox 3099 4801 3306 4859; x_wconf 91' lang='lat' dir='ltr'><strong>locatos</strong></span> <span class='ocrx_word' id='word_1_794' title='bbox 3351 4803 3478 4872; x_wconf 83' lang='lat' dir='ltr'><strong>legis</strong></span> <span class='ocrx_word' id='word_1_795' title='bbox 3516 4799 3675 4872; x_wconf 80' lang='lat' dir='ltr'><strong>(neque</strong></span> <span class='ocrx_word' id='word_1_796' title='bbox 3705 4788 3783 4844; x_wconf 79' lang='lat' dir='ltr'><strong>alb-</strong></span> 
     </span>
    </p>
   </div>
   <div class='ocr_carea' id='block_1_109' title="bbox 2324 4886 3781 4962">
    <p class='ocr_par' dir='ltr' id='par_1_109' title="bbox 2324 4886 3781 4962">
     <span class='ocr_line' id='line_1_109' title="bbox 2324 4886 3781 4962; baseline -0.007 -18"><span class='ocrx_word' id='word_1_797' title='bbox 2324 4895 2484 4944; x_wconf 91' lang='lat' dir='ltr'><strong>tenus</strong></span> <span class='ocrx_word' id='word_1_798' title='bbox 2507 4890 2720 4962; x_wconf 91' lang='lat' dir='ltr'><strong>abnuis)</strong></span> <span class='ocrx_word' id='word_1_799' title='bbox 2751 4891 2842 4946; x_wconf 91' lang='lat' dir='ltr'><strong>ubi</strong></span> <span class='ocrx_word' id='word_1_800' title='bbox 2870 4907 2989 4948; x_wconf 87' lang='lat' dir='ltr'><strong>esse</strong></span> <span class='ocrx_word' id='word_1_801' title='bbox 3015 4894 3245 4951; x_wconf 88' lang='lat' dir='ltr'><strong>miseros</strong></span> <span class='ocrx_word' id='word_1_802' title='bbox 3274 4894 3446 4958; x_wconf 89' lang='lat' dir='ltr'><strong>decet,</strong></span> <span class='ocrx_word' id='word_1_803' title='bbox 3468 4890 3549 4946; x_wconf 89' lang='lat' dir='ltr'><strong>ubi</strong></span> <span class='ocrx_word' id='word_1_804' title='bbox 3574 4886 3781 4943; x_wconf 75' lang='lat' dir='ltr'><strong>nullatenus</strong></span> 
     </span>
    </p>
   </div>
   <div class='ocr_carea' id='block_1_110' title="bbox 2320 4975 3781 5054">
    <p class='ocr_par' dir='ltr' id='par_1_110' title="bbox 2320 4975 3781 5054">
     <span class='ocr_line' id='line_1_110' title="bbox 2320 4975 3781 5054; baseline -0.005 -19"><span class='ocrx_word' id='word_1_805' title='bbox 2320 4981 2728 5047; x_wconf 88' lang='lat' dir='ltr'><strong>ordinarentur,</strong></span> <span class='ocrx_word' id='word_1_806' title='bbox 2775 4982 2881 5038; x_wconf 89' lang='lat' dir='ltr'><strong>nisi</strong></span> <span class='ocrx_word' id='word_1_807' title='bbox 2911 4983 3196 5040; x_wconf 89' lang='lat' dir='ltr'><strong>ordinandi</strong></span> <span class='ocrx_word' id='word_1_808' title='bbox 3244 4980 3583 5054; x_wconf 69' lang='lat' dir='ltr'><strong>prmdestinati</strong></span> <span class='ocrx_word' id='word_1_809' title='bbox 3619 4975 3781 5030; x_wconf 70' lang='lat' dir='ltr'><strong>fuissent-</strong></span> 
     </span>
    </p>
   </div>
   <div class='ocr_carea' id='block_1_111' title="bbox 2321 5067 3782 5150">
    <p class='ocr_par' dir='ltr' id='par_1_111' title="bbox 2321 5067 3782 5150">
     <span class='ocr_line' id='line_1_111' title="bbox 2321 5067 3782 5150; baseline 0.003 -24"><span class='ocrx_word' id='word_1_810' title='bbox 2321 5071 2417 5127; x_wconf 77' lang='lat' dir='ltr'><strong>Ilis</strong></span> <span class='ocrx_word' id='word_1_811' title='bbox 2462 5071 2716 5128; x_wconf 91' lang='lat' dir='ltr'><strong>omnibus</strong></span> <span class='ocrx_word' id='word_1_812' title='bbox 2759 5073 3032 5145; x_wconf 88' lang='lat' dir='ltr'><strong>colligitur</strong></span> <span class='ocrx_word' id='word_1_813' title='bbox 3077 5077 3425 5150; x_wconf 75' lang='lat' dir='ltr'><strong>vanissimam</strong></span> <span class='ocrx_word' id='word_1_814' title='bbox 3481 5085 3587 5130; x_wconf 83' lang='lat' dir='ltr'><strong>esse</strong></span> <span class='ocrx_word' id='word_1_815' title='bbox 3626 5067 3782 5132; x_wconf 63' lang='grc' dir='ltr'><strong>(ἥψαθ’</strong></span> 
     </span>
    </p>
   </div>
   <div class='ocr_carea' id='block_1_112' title="bbox 2322 5162 3782 5230">
    <p class='ocr_par' dir='ltr' id='par_1_112' title="bbox 2322 5162 3782 5230">
     <span class='ocr_line' id='line_1_112' title="bbox 2322 5162 3782 5230; baseline -0.001 -14"><span class='ocrx_word' id='word_1_816' title='bbox 2322 5163 2521 5218; x_wconf 92' lang='lat' dir='ltr'><strong>tionem</strong></span> <span class='ocrx_word' id='word_1_817' title='bbox 2559 5172 2728 5230; x_wconf 87' lang='lat' dir='ltr'><strong>tuam,</strong></span> <span class='ocrx_word' id='word_1_818' title='bbox 2759 5179 2864 5230; x_wconf 84' lang='lat' dir='ltr'><strong>qua</strong></span> <span class='ocrx_word' id='word_1_819' title='bbox 2903 5166 3096 5222; x_wconf 90' lang='lat' dir='ltr'><strong>niteris</strong></span> <span class='ocrx_word' id='word_1_820' title='bbox 3127 5167 3413 5222; x_wconf 90' lang='lat' dir='ltr'><strong>ostendere</strong></span> <span class='ocrx_word' id='word_1_821' title='bbox 3439 5162 3614 5221; x_wconf 86' lang='lat' dir='ltr'><strong>nullam</strong></span> <span class='ocrx_word' id='word_1_822' title='bbox 3643 5162 3782 5228; x_wconf 65' lang='lat' dir='ltr'><strong>[unum</strong></span> 
     </span>
    </p>
   </div>
   <div class='ocr_carea' id='block_1_113' title="bbox 2321 5244 3780 5330">
    <p class='ocr_par' dir='ltr' id='par_1_113' title="bbox 2321 5244 3780 5330">
     <span class='ocr_line' id='line_1_113' title="bbox 2321 5244 3780 5330; baseline -0.007 -24"><span class='ocrx_word' id='word_1_823' title='bbox 2321 5251 2504 5322; x_wconf 90' lang='lat' dir='ltr'><strong>impiis</strong></span> <span class='ocrx_word' id='word_1_824' title='bbox 2528 5254 2780 5326; x_wconf 86' lang='lat' dir='ltr'><strong>irrogari,</strong></span> <span class='ocrx_word' id='word_1_825' title='bbox 2804 5257 2908 5313; x_wconf 83' lang='lat' dir='ltr'><strong>nisi</strong></span> <span class='ocrx_word' id='word_1_826' title='bbox 2921 5258 3154 5329; x_wconf 74' lang='lat' dir='ltr'><strong>propria:</strong></span> <span class='ocrx_word' id='word_1_827' title='bbox 3169 5257 3460 5330; x_wconf 84' lang='lat' dir='ltr'><strong>impietatis</strong></span> <span class='ocrx_word' id='word_1_828' title='bbox 3479 5244 3780 5311; x_wconf 73' lang='lat' dir='ltr'><strong>conscientia!!-</strong></span> 
     </span>
    </p>
   </div>
   <div class='ocr_carea' id='block_1_114' title="bbox 2323 5344 2715 5417">
    <p class='ocr_par' dir='ltr' id='par_1_114' title="bbox 2323 5344 2715 5417">
     <span class='ocr_line' id='line_1_114' title="bbox 2323 5344 2715 5417; baseline 0 -15"><span class='ocrx_word' id='word_1_829' title='bbox 2323 5344 2682 5417; x_wconf 89' lang='lat' dir='ltr'><strong>Consequeris</strong></span> <span class='ocrx_word' id='word_1_830' title='bbox 2699 5362 2715 5402; x_wconf 89' lang='lat'><strong>:</strong></span> 
     </span>
    </p>
   </div>
   <div class='ocr_carea' id='block_1_115' title="bbox 2869 5446 3344 5493">
    <p class='ocr_par' dir='ltr' id='par_1_115' title="bbox 2869 5446 3344 5493">
     <span class='ocr_line' id='line_1_115' title="bbox 2869 5446 3344 5493; baseline 0.006 -7"><span class='ocrx_word' id='word_1_831' title='bbox 2869 5446 3098 5490; x_wconf 73' lang='lat' dir='ltr'><strong>JOANNES</strong></span> <span class='ocrx_word' id='word_1_832' title='bbox 3125 5449 3344 5493; x_wconf 77' lang='lat' dir='ltr'><strong>SCO&#39;I&#39;US.</strong></span> 
     </span>
    </p>
   </div>
   <div class='ocr_carea' id='block_1_116' title="bbox 2395 5529 3782 5626">
    <p class='ocr_par' dir='ltr' id='par_1_116' title="bbox 2395 5529 3782 5626">
     <span class='ocr_line' id='line_1_116' title="bbox 2395 5529 3782 5626; baseline -0.019 -10"><span class='ocrx_word' id='word_1_833' title='bbox 2395 5539 2654 5614; x_wconf 62' lang='lat' dir='ltr'><strong>(Cap-i7,</strong></span> <span class='ocrx_word' id='word_1_834' title='bbox 2673 5559 2822 5598; x_wconf 80' lang='lat' dir='ltr'><strong>llum-</strong></span> <span class='ocrx_word' id='word_1_835' title='bbox 2850 5545 2906 5612; x_wconf 88' lang='lat'><strong>8,</strong></span> <span class='ocrx_word' id='word_1_836' title='bbox 2924 5546 3153 5619; x_wconf 88' lang='lat' dir='ltr'><strong>sect,7).</strong></span> <span class='ocrx_word' id='word_1_837' title='bbox 3185 5557 3225 5605; x_wconf 87' lang='grc' dir='ltr'>Θ</span> <span class='ocrx_word' id='word_1_838' title='bbox 3251 5545 3317 5602; x_wconf 90' lang='lat' dir='ltr'><strong>Ut</strong></span> <span class='ocrx_word' id='word_1_839' title='bbox 3330 5547 3461 5601; x_wconf 85' lang='lat' dir='ltr'><strong>enim</strong></span> <span class='ocrx_word' id='word_1_840' title='bbox 3478 5543 3599 5599; x_wconf 78' lang='lat' dir='ltr'><strong>Deus</strong></span> <span class='ocrx_word' id='word_1_841' title='bbox 3616 5551 3693 5592; x_wconf 71' lang='lat' dir='ltr'><strong>non</strong></span> <span class='ocrx_word' id='word_1_842' title='bbox 3711 5529 3782 5626; x_wconf 53' lang='grc' dir='ltr'><strong>ἕέιῖο</strong></span> 
     </span>
    </p>
   </div>
   <div class='ocr_carea' id='block_1_117' title="bbox 2323 5627 3780 5710">
    <p class='ocr_par' dir='ltr' id='par_1_117' title="bbox 2323 5627 3780 5710">
     <span class='ocr_line' id='line_1_117' title="bbox 2323 5627 3780 5710; baseline -0.001 -19"><span class='ocrx_word' id='word_1_843' title='bbox 2323 5635 2444 5706; x_wconf 75' lang='lat' dir='ltr'><strong>fecit</strong></span> <span class='ocrx_word' id='word_1_844' title='bbox 2492 5637 2654 5694; x_wconf 81' lang='lat' dir='ltr'><strong>solem</strong></span> <span class='ocrx_word' id='word_1_845' title='bbox 2687 5648 2742 5693; x_wconf 88' lang='lat' dir='ltr'><strong>ut</strong></span> <span class='ocrx_word' id='word_1_846' title='bbox 2785 5640 2901 5710; x_wconf 84' lang='lat' dir='ltr'><strong>ejus</strong></span> <span class='ocrx_word' id='word_1_847' title='bbox 2938 5642 3102 5696; x_wconf 86' lang='lat' dir='ltr'><strong>radiis</strong></span> <span class='ocrx_word' id='word_1_848' title='bbox 3153 5643 3386 5697; x_wconf 86' lang='lat' dir='ltr'><strong>ordinate</strong></span> <span class='ocrx_word' id='word_1_849' title='bbox 3430 5653 3535 5694; x_wconf 80' lang='lat' dir='ltr'><strong>eum</strong></span> <span class='ocrx_word' id='word_1_850' title='bbox 3573 5627 3780 5701; x_wconf 56' lang='lat' dir='ltr'><strong>aspidm&quot;</strong></span> 
     </span>
    </p>
   </div>
   <div class='ocr_carea' id='block_1_118' title="bbox 2321 5720 3778 5804">
    <p class='ocr_par' dir='ltr' id='par_1_118' title="bbox 2321 5720 3778 5804">
     <span class='ocr_line' id='line_1_118' title="bbox 2321 5720 3778 5804; baseline -0.001 -22"><span class='ocrx_word' id='word_1_851' title='bbox 2321 5727 2592 5785; x_wconf 88' lang='lat' dir='ltr'><strong>oculorum</strong></span> <span class='ocrx_word' id='word_1_852' title='bbox 2631 5731 2768 5785; x_wconf 82' lang='lat' dir='ltr'><strong>visus</strong></span> <span class='ocrx_word' id='word_1_853' title='bbox 2799 5731 3140 5804; x_wconf 81' lang='lat' dir='ltr'><strong>refringatur,</strong></span> <span class='ocrx_word' id='word_1_854' title='bbox 3169 5749 3350 5804; x_wconf 82' lang='lat' dir='ltr'><strong>eosque</strong></span> <span class='ocrx_word' id='word_1_855' title='bbox 3381 5732 3433 5788; x_wconf 85' lang='lat' dir='ltr'><strong>in</strong></span> <span class='ocrx_word' id='word_1_856' title='bbox 3461 5721 3646 5784; x_wconf 67' lang='lat' dir='ltr'><strong>tenebris</strong></span> <span class='ocrx_word' id='word_1_857' title='bbox 3677 5720 3778 5780; x_wconf 57' lang='grc' dir='ltr'><strong>τερα*</strong></span> 
     </span>
    </p>
   </div>
  </div>
