4010 6352
196 378 218 430 1
229 378 335 434 289

1047 377 1133 432 DE
1171 375 1838 433 ΡιιΑ-ῖῡεδτιΝΑΤιοΝΕ
1873 377 2146 435 CONTRA
2187 378 2237 433 δ.
2281 376 2577 434 SCO'I‘UM.

3295 382 3431 436 1290

191 491 361 562 cutiat
401 481 563 560 (quod
603 487 829 560 profecto
860 503 964 545 non
1007 489 1137 557 ipse,
1185 489 1276 543 sed
1311 488 1425 562 ipsa
1463 488 1764 543 inordinata
1791 492 1843 552 Α
1869 489 2297 560 combureretur,
2344 489 2437 544 sed
2481 489 2767 558 iniquitate
2819 500 3312 562 suatorqueretur.
3373 495 3434 554 Si

191 583 324 638 uisio
341 581 536 656 eﬂicit),
565 595 726 651 neque
739 590 795 634 ut
813 581 1092 650 patientem
1112 579 1379 635 oculorum
1402 581 1766 651 grauissimam

189 674 488 744 passionem
527 681 796 742 torqueat;
840 688 956 726 eum
985 671 1064 725 illi
1111 672 1165 725 in
1203 689 1300 725 sua
1342 672 1582 741 passione
1637 671 1768 726 nihil

191 775 402 820 tantum
447 772 627 818 noceat
673 772 926 833 quantum
953 762 1200 832 splendor
1223 761 1436 827 solaris,
1491 763 1617 816 dum
1649 763 1765 832 ipsa

191 858 436 926 passione
464 873 567 910 non
609 856 924 910 extrinsecus
973 866 1215 910 naturam
1260 871 1433 910 rerum
1480 857 1763 926 contingat,

192 945 288 999 sed
337 945 652 999 intrinsecus
714 944 895 1014 aliqua
944 939 1229 1016 corporalis
1285 944 1527 998 sanitatis
1581 961 1766 998 corru-

190 1036 368 1106 ptione
395 1036 651 1090 dolentem
671 1046 904 1107 torqueat
930 1049 949 1087 :
975 1037 1050 1091 sic
1075 1037 1322 1090 nimirum
1349 1036 1484 1106 ignis
1510 1035 1598 1089 ille
1617 1045 1770 1090 teter-

193 1144 316 1193 nus,
372 1128 464 1197 qui
510 1136 844 1198 prmparatus
891 1137 976 1183 est
1030 1126 1242 1182 diabolo
1287 1135 1342 1182 et
1397 1127 1603 1198 angelis
1652 1126 1770 1196 ejus

193 1217 413 1288 (Matth.
447 1233 572 1283 xxv,
595 1217 707 1288 4|),
751 1217 894 1272 nullo
935 1218 1090 1272 modo
1119 1217 1310 1271 adhoc
1355 1227 1581 1270 creatus.
1617 1213 1770 1269 Prte-

192 1308 373 1362 sertim
411 1309 457 1362 si
482 1318 726 1378 quartum
752 1308 935 1361 mundi
981 1306 1289 1362 elementum
1316 1308 1407 1372 sit,
1451 1306 1771 1377 probabilius

192 1399 429 1454 creditur
457 1399 525 1452 ad
555 1399 906 1453 universitatis
934 1399 1304 1470 integritatem,
1327 1415 1484 1468 quam
1515 1397 1656 1452 Deus
1683 1398 1771 1467 fa-

193 1491 433 1545 ciendam
458 1491 695 1561 prteuidit
722 1491 994 1556 conditus,
1039 1507 1197 1562 quam
1243 1489 1310 1542 ad
1355 1488 1611 1542 urendum
1652 1505 1775 1559 apo-

191 1589 405 1644 statam,
433 1579 518 1632 cui
539 1595 635 1632 sua
665 1579 904 1648 superbia
931 1579 1207 1648 sulrecerat
1231 1577 1300 1641 ad
1326 1585 1662 1630 tormentum.

823 1707 1141 1748 CORREC’I’IO.

264 1785 306 1855 -ι-
362 1782 855 1854 Quomodocunque
918 1799 978 1838 se
1042 1783 1235 1838 habeat
1283 1782 1582 1837 combustio
1631 1781 1771 1852 ignis

194 1871 384 1926 aeterni
414 1887 544 1942 erga
573 1871 843 1927 diabolum
876 1880 931 1927 et
955 1871 1176 1942 angelos
1196 1871 1314 1942 ejus
1339 1872 1432 1940 qui
1456 1872 1639 1941 utique
1668 1887 1768 1926 na-

194 1967 317 2014 tura
345 1959 566 2028 spiritus
605 1974 636 2013 a
677 1958 788 2014 Deo
824 1967 952 2014 sunt
995 1960 1220 2023 conditi,
1269 1960 1525 2030 quoniam
1567 1961 1790 2030 apertis

190 2047 411 2117 judiciis
449 2048 741 2120 Scriptura:
797 2065 968 2106 sacrae
1013 2050 1067 2105 id
1113 2050 1337 2106 minime
1385 2049 1636 2115 innuunt,
1692 2050 1773 2106 eis

196 2149 377 2195 tamen
407 2148 786 2210 praeparatum,
825 2149 880 2195 et
915 2141 968 2195 in
996 2155 1062 2196 eo
1093 2139 1425 2211 torquendos
1455 2149 1616 2215 atque
1643 2153 1769 2194 cru-

196 2230 420 2285 ciandus
457 2230 744 2286 manifeste
796 2231 1095 2297 declarant,
1144 2232 1200 2286 in
1237 2246 1397 2302 quem
1447 2247 1543 2288 eos
1584 2232 1774 2302 praeci-

197 2319 448 2388 pitandus
476 2320 576 2376 sub
602 2320 820 2376 nomine
869 2322 1065 2392 capitis
1089 2335 1275 2392 eorum
1299 2321 1558 2378 Dominus
1579 2322 1646 2377 ad
1673 2320 1774 2377 Job

198 2418 454 2474 testatur,
476 2409 693 2464 dicens:
727 2407 795 2463 Et
819 2411 1108 2466 videntibus
1132 2411 1334 2466 cunctis
1359 2410 1776 2481 precipitabitur

203 2496 348 2566 (Job
398 2514 488 2564 ιι,
518 2500 672 2569 28):
717 2515 823 2554 non
873 2508 1052 2555 tamen
1107 2501 1420 2572 ignoramus
1483 2501 1773 2555 identidem

198 2589 468 2658 quondam
519 2588 721 2644 dixisse
749 2589 1070 2662 Origenem,
1124 2599 1179 2644 et
1227 2605 1350 2644 eum
1396 2605 1496 2660 pro
1523 2589 1607 2644 his
1652 2605 1775 2645 cum

199 2679 408 2733 caneris
435 2693 656 2732 suarum
684 2679 959 2734 baareseon
988 2679 1386 2734 damnabilibus
1415 2680 1588 2735 sensis
1609 2679 1776 2736 fuisse

201 2767 489 2836 dejectum.
523 2766 906 2826 Verumtamen
947 2769 1090 2839 quod
1119 2769 1366 2840 adjungis
1394 2788 1406 2822 :

759 2915 988 2956 JOANNES
1027 2915 1246 2958 SCO'IUS.

271 3014 422 3088 (Cap.
457 3014 546 3082 l7,
569 3030 718 3070 nutu.
759 3014 814 3080 9,
846 3022 979 3070 sect.
1010 3014 1086 3086 Ἰ.)
1117 3024 1157 3070 Θ
1193 3013 1352 3081 Huic,
1386 3016 1656 3086 inquiens,
1686 3033 1775 3071 ra-

1868 577 2012 634 enim
2033 593 2156 633 cum
2174 579 2409 634 miliereo
2434 571 2660 648 corpore
2701 581 2961 651 peccavit,
2997 582 3212 652 quando
3247 595 3436 643 contra

1867 667 2154 724 Auctorem
2182 669 2398 735 tumuit,
2423 670 2550 739 quid
2581 686 2756 726 causa:
2788 669 2888 725 fuit
2916 679 2993 736 ut,
3021 689 3086 728 eo
3113 673 3344 740 sublato,
3384 678 3434 733 ei

1869 756 2014 812 aliud
2039 757 2331 812 adderetur
2351 757 2402 812 in
2434 774 2542 828 quo
2569 761 2809 830 torqueri
2844 763 3206 830 posset?Cum
3239 766 3436 822 rationi

1868 855 2030 918 atque
2065 846 2290 917 justitia:
2315 849 2445 903 illud
2471 850 2652 926 potius.
2671 867 2978 923 (congruere
3006 855 3250 910 videatur
3292 865 3350 910 ut
3381 857 3436 912 in

1868 953 1976 1008 quo
2002 949 2322 1008 peccaverat
2369 942 2424 996 in
2465 941 2582 1012 ipso
2611 943 2980 999 cruciaretur:
3033 955 3088 1002 et
3135 963 3240 1003 non
3294 948 3437 1004 aliud

1868 1029 1917 1084 ei
1970 1030 2038 1085 ad
2090 1039 2417 1086 tormentum
2477 1033 2842 1102 copularetur,
2899 1037 3044 1106 quod
3097 1053 3436 1110 nequaquam

1870 1119 1988 1190 ejus
2011 1121 2308 1190 iniquitatis
2326 1123 2596 1193 particeps
2619 1122 2828 1179 fuerat?
2847 1125 3054 1196 Expers
3096 1127 3276 1198 itaque
3323 1127 3440 1198 ejus

1871 1213 2164 1284 impietatis
2189 1231 2385 1285 corpus
2404 1231 2509 1286 qua
2532 1217 2744 1288 justitia
2773 1219 2824 1274 ei
2862 1220 2931 1274 ad
2977 1221 3304 1290 puniendum
3347 1223 3445 1278 ad-

1871 1300 2040 1354 ditum
2063 1300 2225 1356 fuerit
2254 1318 2360 1358 non
2380 1304 2570 1372 video;
2603 1322 2746 1373 cum,
2767 1307 2908 1363 sicut
2935 1309 3088 1374 dicis,
3116 1307 3230 1376 jam
3271 1309 3460 1380 habe:

1873 1401 1955 1447 ret
1977 1408 2046 1448 ex
2076 1394 2188 1464 ipsa
2212 1395 2296 1450 sui
2323 1396 2628 1453 conditione
2652 1414 2775 1454 cum
2824 1415 2931 1470 quo
2959 1409 3012 1456 et
3037 1401 3088 1455 iu
3117 1417 3226 1472 quo
3254 1418 3442 1474 super-
3495 1407 3498 1410 ’

1872 1483 2017 1556 bisse
2045 1485 2315 1540 credatur.
2348 1486 2479 1554 Quae
2519 1504 2608 1544 res
2643 1491 2897 1560 quoniam
2943 1490 3345 1548 abstrusissima
3389 1502 3452 1548 et

1873 1575 2342 1647 scrupulosissima
2387 1587 2551 1648 atque
2595 1580 2664 1634 ad
2701 1580 3083 1635 absolvendum
3137 1579 3446 1638 difﬁcillima

1874 1665 2005 1721 mihi
2027 1667 2258 1734 videtur,
2289 1667 2354 1722 ad
2385 1679 2581 1725 caetera
2603 1670 2658 1724 in
2699 1671 2918 1726 nomine
2944 1680 2998 1725 et
3025 1672 3294 1744 adjutorio
3337 1674 3446 1728 Do-

1875 1755 2006 1810 mini
2051 1764 2406 1814 transeamus.
2443 1759 2552 1816 Nec
2589 1763 3019 1831 praetereundum
3067 1765 3210 1834 quod
3254 1781 3451 1837 corpus

1801 1839 1846 1897 Β
1873 1846 2107 1902 hominis
2136 1846 2202 1901 de
2230 1856 2375 1903 terra
2399 1849 2619 1918 factum,
2649 1853 2884 1907 anin‘iam
2922 1854 3176 1911 divinitus
3223 1856 3452 1928 inspira-

1873 1946 2005 2005 tam,
2035 1937 2302 2010 legamus:
2343 1943 2561 2014 angelos
2601 1958 2750 2007 vero.
2778 1945 2891 2001 sive
2912 1946 3032 2002 caeli
3073 1948 3290 2017 prioris,
3338 1949 3452 2004 sive

1873 2030 2009 2087 lucis
2054 2032 2327 2102 primariae
2363 2032 2644 2099 vocabulo,
2689 2033 2981 2104 Scriptura:
3025 2036 3319 2102 Gencseos,
3347 2037 3454 2093 ﬁde

1873 2121 2163 2176 debeamus
2187 2123 2456 2192 accipere,
2503 2138 2596 2177 seu
2641 2138 2961 2195 quocunque
3004 2125 3109 2181 alio
3153 2128 3314 2182 modo
3343 2122 3346 2125 ’
3371 2129 3455 2184 vel

1873 2211 2066 2267 melius
2085 2211 2172 2266 vel
2195 2214 2435 2282 apertius
2457 2227 2645 2268 eorum
2675 2215 2914 2270 conditio
2945 2215 3126 2272 doceri
3157 2218 3350 2288 possit,
3383 2221 3453 2273 ab

1872 2303 2237 2360 universitatis
2284 2305 2592 2362 conditione
2627 2305 2682 2361 in
2718 2306 2870 2363 cmlis
2899 2309 3262 2379 superioribus
3281 2310 3455 2367 factos

1871 2394 2122 2450 omnibus
2139 2393 2358 2450 Patrum
2380 2396 2553 2452 sensis
2583 2397 2640 2452 in
2669 2397 2773 2452 hoc
2791 2399 3200 2456 concinentibus
3255 2403 3450 2458 certis-

1873 2484 2070 2539 simum
2097 2493 2360 2541 tenemus.
2393 2485 2510 2540 Non
2535 2487 2588 2541 in
2617 2488 2840 2553 aethere,
2869 2496 2928 2542 ut
2971 2490 3228 2556 somnias,
3275 2493 3369 2548 sed
3397 2493 3450 2546 in

1875 2573 2050 2640 ctelis,
2081 2575 2134 2630 id
2163 2584 2247 2630 est
2277 2591 2437 2646 supra
2466 2576 2569 2631 hoc
2609 2577 2818 2632 visibile
2866 2579 3263 2636 ﬁrmamentum
3305 2582 3450 2637 side-

1875 2663 2024 2720 ribus
2043 2667 2394 2738 adornatum,
2421 2667 2768 2734 constitutos,
2817 2677 2872 2725 et
2911 2669 3164 2726 Auctoris
3206 2671 3456 2728 laudibus

1869 2753 2072 2825 jugiter
2089 2755 2422 2823 insistentes,
2450 2755 2674 2828 ejusque
2705 2757 2874 2828 jussis
2919 2759 3276 2830 irrefragabili
3321 2762 3452 2819 obe-

1875 2845 2077 2900 dientia
2099 2846 2498 2916 obsequentes;
2525 2849 2639 2918 qui,
2671 2863 2796 2904 cum
2835 2865 3049 2921 semper
3075 2853 3187 2907 sint
3209 2852 3454 2922 spiritus,

1801 2989 1810 2998 ,
1876 2936 2092 3006 quando
2116 2943 2298 2991 tamen
2338 2936 2646 2994 hominibus
2697 2948 2757 2994 ut
2804 2950 3104 3012 appareant
3145 2943 3456 3008 mittuntur,

1876 3041 2102 3097 corpora
2131 3027 2217 3082 vel
2267 3040 2334 3082 ex
2379 3029 2581 3085 athere
2623 3029 2709 3086 vel
2739 3046 2808 3087 ex
2851 3032 2954 3088 hoc
2992 3033 3260 3105 pinguiori
3308 3049 3458 3101 aere,

201 3107 330 3162 tioni
352 3107 566 3161 additur
581 3106 741 3178 quod,
777 3123 896 3160 cum
938 3108 991 3161 in
1043 3107 1264 3161 tet/terea
1309 3124 1523 3178 corpore
1549 3110 1778 3178 primum
1821 3192 1845 3195 ᾗ
1877 3117 2194 3186 quibuscum
2217 3117 2363 3188 loqui
2389 3127 2443 3175 et
2466 3121 2716 3177 convesci
2743 3130 2942 3194 queant
2975 3124 3284 3195 terrigenis,
3305 3140 3460 3182 assu-

202 3213 235 3250 a
256 3195 362 3251 Deo
394 3208 597 3251 creatus
623 3197 710 3262 sit,
731 3197 785 3251 in
807 3214 906 3267 quo
931 3195 1060 3250 nihil
1083 3196 1193 3267 pati
1212 3197 1398 3266 potuit,
1423 3213 1611 3264 corpus
1661 3199 1775 3268 ejus
1803 3192 1849 3256 C
1879 3223 2028 3264 mere
2058 3210 2367 3267 nullatenus
2388 3212 2722 3268 dubitantur.

200 3287 502 3353 cethereum,
551 3297 822 3358 postquam
881 3287 1121 3358 superbia
1170 3287 1494 3354 intumuit,u
1540 3290 1776 3357 supernis

201 3376 408 3431 sedibus
438 3377 672 3432 uidelicet
703 3377 945 3432 wthereis'
979 3379 1034 3432 in
1065 3379 1204 3432 hunc
1255 3394 1427 3431 aerem
1467 3378 1778 3433 humiditate

201 3485 456 3534 crassum,
491 3467 713 3539 caligine
754 3469 1102 3535 tenebrosum,
1143 3468 1617 3539 perturbationibus
1660 3485 1779 3538 pas-

198 3560 398 3616 sibilem
417 3561 657 3616 detrusus
679 3571 778 3627 est,
804 3572 857 3614 ut
879 3562 926 3616 ei
953 3561 1074 3616 inde
1093 3577 1282 3632 corpus
1307 3563 1503 3616 meritis
1527 3563 1638 3616 suis
1661 3579 1778 3616 can-

199 3650 414 3723 dignum
433 3653 543 3722 ipso
571 3654 774 3710 nolente
803 3653 1162 3725 copularetur,
1193 3670 1254 3709 ac
1273 3671 1366 3726 per
1397 3655 1494 3711 hoc
1525 3656 1580 3710 in
1600 3672 1659 3710 eo
1681 3656 1777 3711 ini-

199 3745 393 3811 quitate
419 3763 518 3801 sua
544 3755 892 3818 torqueretur.

830 3864 1150 3905 ροιιιιεετιο.

267 3935 314 4004 σξ-
344 3933 475 3989 Tam
521 3944 648 3991 sunt
685 3936 753 3992 ad
794 3931 1174 4007 explicandum
1223 3937 1478 4000 dillicilia,
1525 3947 1586 3993 ut
1635 3939 1776 3994 unde

195 4025 412 4094 probari
455 4025 668 4081 valeant
721 4027 944 4082 minime
991 4027 1312 4098 reperiatur.
1372 4027 1530 4084 Nulla
1575 4029 1776 4099 quippe

195 4115 629 4185 propheticarum
685 4117 1208 4189 apostolicarumque
1237 4118 1539 4175 litterarum
1578 4123 1772 4192 pagina

197 4221 394 4278 corpus
415 4208 499 4263 vel
515 4209 809 4264 aethereum
838 4209 921 4266 vel
940 4225 1159 4266 aereum
1175 4211 1244 4266 ab
1269 4211 1504 4268 Auctore
1529 4220 1771 4269 creatum

195 4295 381 4363 refert,
413 4299 507 4355 sed
535 4309 742 4354 tantum
767 4299 1016 4371 spiritum
1050 4301 1370 4373 simpliciter
1396 4302 1623 4370 factum,
1652 4316 1774 4375 post

194 4390 594 4458 superbissimae
623 4390 915 4460 impietatis
947 4392 1191 4462 typhum,
1221 4408 1252 4447 a
1285 4392 1602 4450 cmlestibus
1643 4411 1770 4466 pro-

194 4479 493 4546 turbatum,
541 4477 697 4550 juxta
736 4480 878 4537 beati
930 4479 1077 4536 Petri
1119 4481 1347 4550 apostoli
1386 4485 1712 4540 sententiam
1753 4503 1767 4541 :

191 4567 256 4624 In
280 4583 499 4625 carcere
524 4570 684 4640 hujus
713 4572 855 4627 aeris
878 4579 1110 4637 trusum,
1134 4571 1226 4628 illo
1254 4573 1360 4644 igni
1393 4576 1446 4630 in
1469 4576 1557 4632 die
1582 4575 1769 4644 judicii

191 4659 571 4725 cruciandum,
605 4676 728 4716 cum
752 4663 1002 4717 omnibus
1031 4678 1142 4718 suae
1165 4667 1522 4720 contumaciae
1548 4668 1771 4738 compli-
1801 4719 1805 4724 .

189 4750 349 4805 cibus
370 4752 632 4805 reservari
652 4750 738 4822 (11
761 4751 906 4808 Petr.
924 4769 984 4818 ιι,
1000 4752 1066 4820 4;
1089 4769 1169 4818 ιιι,
1187 4755 1261 4824 7).
1288 4753 1344 4808 ιιι
1367 4771 1472 4825 quo
1495 4758 1620 4822 duo,
1634 4774 1770 4828 prte-

190 4852 280 4895 ter
300 4839 427 4905 alia,
457 4857 616 4911 quam
669 4845 903 4900 maxime
942 4846 1071 4902 mihi
1110 4846 1425 4903 admiranda
1476 4849 1765 4908 videntur:

190 4929 442 5002 videlicet
462 4931 506 4987 si
535 4948 732 5004 corpus
762 4936 1058 4992 aethereum
1095 4938 1145 4992 ei
1189 4939 1363 5008 primo
1414 4937 1614 4997 factum
1662 4953 1765 5010 est,

190 5025 250 5073 et
275 5019 446 5074 aether
468 5022 666 5078 dicitur
686 5025 770 5080 vel
799 5026 960 5097 ignis,
993 5027 1074 5082 vel
1103 5037 1251 5084 certe
1276 5031 1434 5086 sedes
1466 5031 1622 5102 ignis,
1667 5049 1765 5090 cur

192 5123 304 5165 non
327 5109 484 5180 igneo
508 5126 732 5183 c0rpore
752 5117 923 5196 magis
949 5132 1111 5188 quam
1136 5118 1190 5174 in
1219 5134 1381 5176 aereo
1424 5135 1611 5192 poenas
1654 5126 1765 5194 pati

192 5201 449 5269 potuerit,
466 5216 612 5268 cum,
637 5207 929 5262 secundum
945 5209 1307 5278 opinationem
1329 5218 1498 5275 tuam,
1523 5211 1662 5282 ignis
1677 5214 1765 5270 ille

193 5303 447 5364 quartum
475 5295 799 5353 elementum
822 5301 1006 5356 mundi
1033 5301 1124 5368 sit,
1151 5318 1249 5358 nec
1275 5302 1436 5359 fuerit
1467 5320 1687 5362 necesse
1709 5316 1768 5362 ut

194 5385 266 5442 ad
285 5385 540 5444 inferiora
568 5388 658 5443 illo
679 5388 788 5460 igni
814 5392 1135 5447 cruciandus
1146 5394 1549 5465 prepelleretur,
1568 5397 1621 5453 in
1659 5413 1766 5467 quo

195 5476 310 5550 ipse
337 5478 682 5545 constitutus,
712 5488 768 5536 et
787 5495 818 5534 a
843 5495 950 5550 quo
976 5497 1173 5553 corpus
1212 5485 1440 5550 habens,
1463 5496 1771 5558 competen-

192 5566 301 5636 tius
319 5568 448 5624 inibi
472 5571 706 5639 torqueri
730 5573 988 5641 potuerit,
1017 5588 1181 5644 quam
1205 5575 1348 5643 inde,
1376 5579 1575 5649 ahipso
1603 5579 1686 5634 vel
1711 5579 1768 5635 in

193 5658 310 5728 ipso
321 5661 663 5726 cruciandus,
679 5662 784 5720 alio
801 5665 1149 5735 transportari
1169 5681 1184 5731 ;
1199 5675 1254 5721 et
1267 5669 1408 5737 quod
1423 5683 1642 5724 aereum
1655 5685 1772 5726 cor-

193 5765 295 5820 pus
323 5753 374 5808 ei
403 5753 712 5823 copulatum
742 5754 896 5818 dicis,
922 5765 980 5811 ut
1019 5757 1074 5812 in
1117 5772 1182 5814 eo
1209 5775 1313 5814 non
1362 5757 1474 5826 jam
1536 5761 1603 5816 ab
1662 5762 1769 5832 igni

432 5845 704 5907 Pyram.
755 5846 943 5910 CXV.

1949 3299 2086 3356 Hinc
2108 3301 2438 3372 Augustinus
2463 3303 2539 3375 (in
2564 3304 2702 3361 libro
2729 3306 2793 3359 de
2817 3303 3037 3361 Civitate
3065 3307 3164 3362 Dei
3185 3325 3304 3374 vm,
3333 3325 3458 3380 cap.

1875 3391 1967 3463 22)
1985 3411 1998 3447 :
2016 3393 2174 3464 [Quia
2197 3394 2359 3464 igitur
2378 3395 2510 3450 nihil
2533 3395 2757 3452 istorum
2773 3399 3321 3471 quatuoreligendum
3349 3411 3454 3466 est,

1879 3500 1949 3540 ne
1983 3485 2037 3538 in
2063 3485 2304 3555 quolibet
2329 3500 2516 3541 eorum
2543 3487 2609 3542 de
2632 3489 2732 3543 diis
2765 3497 2873 3543 tam
2897 3490 3036 3545 male
3057 3493 3353 3556 sentiatur;
3373 3508 3458 3547 re-

1875 3582 1987 3630 stat
1999 3582 2058 3629 ut
2071 3575 2215 3630 nullo
2228 3575 2388 3632 modo
2399 3577 2723 3633 credendum
2736 3579 2960 3649 sitquod
2971 3580 3229 3648 Apuleius
3243 3596 3480 3649 persnas

1877 3665 2004 3721 dere
2025 3665 2235 3730 nititur,
2263 3675 2318 3721 et
2339 3667 2646 3736 quicunque
2682 3668 2770 3722 alii
2812 3679 2938 3723 sunt
2973 3667 3214 3737 ejusdem
3241 3679 3458 3724 senten-

1878 3756 1965 3810 tiae
1993 3755 2299 3826 philosophi
2350 3774 2363 3808 :
2421 3755 2518 3821 ita,
2568 3771 2688 3812 esse
2738 3758 2945 3814 medios
2995 3759 3265 3815 daamones
3314 3759 3459 3816 inter

1837 3847 2006 3918 (deos
2081 3853 2138 3901 et
2197 3844 2444 3902 homines
2515 3855 2772 3918 tanquam
2838 3849 3201 3907 internuntios
3256 3861 3314 3908 et
3373 3853 3457 3909 in-

1879 3943 2161 4006 terpretes,
2188 3935 2280 4005 qui
2327 3935 2454 3991 hinc
2506 3935 2684 3993 ferant
2712 3939 3000 4010 petitiones
3051 3949 3282 4007 nostras,
3330 3942 3458 4000 inde

1877 4026 2366 4103 referant‘deorum
2408 4027 2722 4098 suppetias;
2779 4031 2875 4085 sed
2911 4045 3033 4086 esse
3079 4031 3304 4102 spiritus
3355 4049 3456 4089 no-

1875 4115 2031 4172 cendi
2094 4115 2516 4187 cupidissimus,
2582 4132 2613 4172 a
2658 4116 2869 4186 justitia
2924 4120 3143 4190 penitus
3207 4121 3412 4180 alienos
3437 4164 3455 4190 ,

1873 4205 2122 4277 superbia
2170 4205 2422 4270 tumidos,
2461 4206 2756 4263 invidentia
2801 4209 3016 4276 lividos,
3056 4210 3271 4268 fallacia
3307 4212 3458 4270 calli-

1873 4295 1994 4362 dos,
2021 4296 2115 4367 qui
2146 4297 2201 4352 in
2225 4296 2330 4353 hoc
2356 4297 2573 4367 quidem
2604 4312 2730 4353 aere
2761 4297 3028 4366 habitant,
3057 4301 3204 4372 quia,
3233 4302 3300 4359 de
3327 4303 3456 4360 celi

1873 4388 2168 4458 superioris
2201 4387 2532 4445 sublimitate
2565 4388 2779 4460 dejecti,
2812 4391 3008 4446 merito
3046 4391 3458 4464 irregressihilis

1875 4479 2319 4551 transgressionis
2365 4480 2418 4535 iu
2469 4480 2571 4536 hoc
2616 4479 2718 4536 sibi
2770 4495 3010 4552 congruo
3054 4481 3201 4539 velut
3239 4498 3458 4541 carcere

1875 4573 2224 4644 praedamnati
2262 4572 2430 4645 sunt.]

1947 4665 1988 4734 -ξ-
2015 4663 2292 4734 Pbilippus
2334 4665 2388 4719 in
2419 4664 2767 4734 Expositione
2810 4665 2954 4721 beati
3000 4663 3103 4721 Job
3132 4667 3204 4735 (ιτ.
3230 4664 3322 4730 24,
3355 4666 3456 4720 sub

1875 4757 2199 4827 medium):
2243 4755 2358 4811 Non
2391 4756 2660 4812 immerito
2696 4765 2876 4814 autem
2927 4758 3030 4813 hoc
3079 4756 3200 4812 loco
3257 4757 3324 4812 de
3368 4757 3456 4812 bis

1874 4847 2193 4914 beatuslob
2239 4850 2352 4905 ait:
2389 4850 2540 4906 Sicut
2575 4852 2631 4906 in
2675 4851 2760 4906 die
2789 4850 3132 4906 condixerunt
3181 4849 3282 4904 sibi
3329 4849 3473 4921 (Job,

1874 4956 2020 5005 xxiv,
2066 4939 2134 4996 16
2164 4939 2208 5012 ),
2257 4941 2510 5011 quando,
2567 4940 2926 5012 persuadente
2985 4939 3162 4994 adhuc
3223 4940 3474 4996 archani--

1866 5030 1986 5102 gelo
2025 5029 2266 5101 reliquis,
2303 5031 2372 5085 de
2409 5030 2605 5100 quibus
2639 5029 2872 5086 dicitur:
2910 5028 3093 5083 Traxit
3130 5046 3304 5084 secum
3349 5040 3483 5086 ter-‘

1867 5125 1996 5178 tiam
2041 5132 2242 5192 partem
2271 5121 2541 5177 stellarum
2589 5131 2772 5176 contra
2814 5120 3006 5186 Deum,
3029 5121 3083 5175 in
3130 5121 3270 5177 caelis
3308 5121 3454 5191 facta

1866 5223 1943 5268 est
1982 5214 2300 5284 conspiratio
2343 5213 2639 5268 rebellionis
2679 5212 2864 5282 (Apoc.
2895 5227 2993 5277 xu,
3019 5211 3098 5276 ι).
3123 5211 3450 5269 Collocutio-
3521 5283 3530 5292 _

1868 5319 1993 5360 nem
2013 5319 2114 5375 ego
2133 5305 2342 5361 aestimo
2357 5303 2608 5360 mobilem
2632 5303 2921 5372 quamdam
2934 5302 3266 5360 voluntatem
3285 5303 3456 5362 fuisse

1869 5411 2230 5452 consensuum
2256 5396 2436 5466 potius
2459 5409 2622 5465 quam
2652 5408 2849 5450 sonora
2877 5394 3164 5464 colloquia,
3196 5395 3454 5466 quoniam

1869 5491 2092 5561 spiritus
2139 5500 2265 5546 sunt
2311 5500 2368 5546 et
2414 5505 2519 5545 non
2567 5506 2795 5562 corpora
2842 5492 3104 5548 membris
3132 5493 3451 5562 composita.

1874 5579 2026 5636 Unde
2055 5579 2172 5635 ﬁeri
2201 5588 2378 5650 potest
2416 5589 2476 5634 ut
2510 5580 2718 5636 similes
2761 5589 2939 5637 motus
2965 5597 3065 5652 per
3100 5579 3452 5637 subtilitatem

1871 5680 2078 5726 natura:
2120 5684 2233 5725 suae
2273 5671 2329 5725 iu
2367 5685 2426 5726 se
2462 5671 2856 5742 perspexerint,
2903 5681 2958 5727 et
3000 5673 3102 5728 hoc
3138 5671 3341 5726 dictqu
3385 5670 3454 5723 sit

1873 5764 2216 5834 colloquium.
2267 5763 2381 5820 Non
2411 5765 2553 5818 enim
2585 5765 2876 5835 quidquam
2909 5764 3197 5821 affectuum
3231 5778 3454 5818 suorum

2942 5858 3005 5919 is!
