4010 6352
670 363 818 431 1291'

1653 379 1706 432 s.
1749 377 2118 434 rnuonurn
2158 379 2534 437 rnecensrs
2567 382 2869 439 EPlSCOPl
2915 359 2920 371 “
2989 353 3000 365 “

3680 399 3772 456 liii!

666 493 744 546 ab-
770 489 996 544 invicem
1043 487 1208 542 latere
1247 490 1466 558 spiritus
1494 499 1742 558 possunt;
1787 489 2056 559 simplices
2081 490 2224 545 enim
2253 495 2300 554 Α
2327 503 2547 561 porcum
2591 509 2744 551 mens
2791 495 3110 565 incorporea
3155 496 3308 552 etiam
3341 514 3566 569 corporea
3606 473 3695 577 [al.,
3718 512 3770 566 in-

664 591 944 645 creaturae,
991 580 1192 635 nullum
1237 581 1492 636 habentes
1532 580 1683 652 quasi
1727 579 2060 635 obstaculum
2105 596 2229 635 cor-

663 671 960 742 pulentum,
991 670 1286 741 perspicua:
1318 671 1417 726 sibi
1446 680 1588 725 sunt.
1647 669 1800 726 Unde
1825 670 2060 726 arbitror
2088 671 2230 740 quod

663 761 842 830 lingua
879 759 999 826 illa,
1032 774 1151 830 quae
1184 767 1265 814 est
1302 759 1382 814 eis
1415 760 1708 814 secundum
1751 758 2076 814 conditionis
2120 774 2230 814 sum

663 855 899 917 modum,
931 853 1083 922 longe
1117 851 1412 916 dissimilis,
1443 859 1605 922 atque
1642 851 2008 920 insnspicabili
2038 851 2230 906 distin-

620 997 627 1005 ,
662 945 837 999 ctione
865 944 982 999 sine
1009 957 1141 998 sono
1166 943 1333 1007 vocis,
1361 955 1481 1011 quae
1506 943 1564 996 fit
1593 942 1877 996 verberato
1912 956 2057 1006 aere,
2086 944 2227 1012 quod

663 1035 846 1089 volunt
885 1033 1029 1090 illico
1056 1034 1355 1098 enuntient,
1397 1048 1497 1088 nec
1527 1033 1598 1088 sit
1632 1048 1850 1088 necesse
1887 1034 1966 1088 eis
1993 1035 2228 1089 humano

659 1141 809 1181 more
853 1125 1158 1180 brevissimi
1207 1125 1396 1180 saltem
1448 1125 1705 1194 temporis
1753 1125 1926 1195 spatio
1959 1124 2226 1194 loquelam

660 1234 691 1272 a
717 1218 1041 1296 cogitatione
1086 1217 1414 1274 discernere.
1447 1218 1758 1288 1-Attamen
1805 1217 1946 1287 quod
1983 1217 2226 1286 sequeris

655 1322 764 1363 non
793 1309 970 1363 minus
999 1307 1083 1363 vel
1116 1307 1360 1363 mirabile
1386 1305 1470 1362 vel
1497 1305 1704 1362 fatuum
1729 1306 2003 1377 judicatur
2033 1322 2046 1359 :

1201 1435 1422 1476 ιοΑΝΝΕδ
1461 1435 1673 1475 SCOTUS.

725 1531 880 1603 (Cap.
908 1533 992 1594 17,
1024 1548 1168 1586 num.
1199 1531 1283 1597 10,
1312 1540 1443 1586 sect.
1469 1531 1546 1601 8.)
1577 1541 1617 1587 Θ
1650 1529 1786 1594 Sive,
1815 1529 2083 1600 inquiens,
2122 1530 2224 1585 ita-

654 1615 753 1692 que
781 1622 915 1692 ignis
947 1621 1034 1675 ille
1054 1637 1328 1690 corporeus
1361 1619 1437 1690 (ut
1461 1621 1533 1675 ait
1555 1619 1898 1691 Augustinus)
1923 1620 2028 1676 sive
2052 1621 2225 1674 incor-

655 1733 866 1786 porcus,
889 1724 942 1768 ut
968 1713 1216 1784 Gregorio
1246 1712 1434 1782 placet,
1464 1731 1558 1784 pro
1587 1714 1670 1768 sui
1697 1714 1773 1783 (ut
1795 1713 1999 1786 opinor)
2021 1713 2226 1768 subtili-

655 1814 780 1869 tate,
819 1812 1085 1874 propterea
1127 1801 1526 1872 prrvdestinatus
1564 1801 1637 1856 vel
1668 1811 1993 1871 praeparatus
2032 1801 2224 1858 dicitur

647 1894 882 1960 diabolo,
913 1894 1159 1963 quoniam
1197 1894 1251 1948 in
1278 1893 1531 1962 coluerat
1568 1891 1891 1947 ordinandus
1916 1908 2033 1948 cum
2061 1891 2228 1946 omni-

655 1972 748 2042 bus
769 1986 984 2042 malitia:
1011 1986 1330 2041 consortibus
1361 1987 1672 2056 puniendus.
1702 1983 1770 2038 Et
1792 1983 2227 2054 quemadmodum

653 2081 789 2134 idem
836 2078 970 2148 ignis
1013 2078 1174 2131 bonus
1211 2076 1461 2146 profecto,
1501 2076 1768 2146 quoniam,
1803 2091 1838 2128 α
1867 2075 1999 2128 bono
2029 2073 2227 2144 factus,

655 2185 757 2224 non
786 2155 1032 2223 aliam'ob
1068 2184 1282 2221 causam
1312 2166 1508 2221 malum
1528 2166 1756 2232 dicatur,
1785 2165 1884 2219 nisi
1911 2166 2050 2236 quod
2086 2166 2141 2219 in
2167 2182 2224 2220 eo

651 2258 780 2312 mali
819 2258 1204 2312 ordinatissime
1243 2257 1618 2326 disponantur;
1657 2255 1732 2309 ita
1763 2255 1919 2309 etiam
1951 2269 2101 2325 pana
2121 2271 2225 2310 non

649 2353 936 2418 incongrue
977 2350 1263 2412 asseritur;
1317 2349 1564 2420 quoniam
1608 2347 1744 2402 idem
1788 2345 1914 2400 mali
1955 2346 2010 2400 in
2045 2346 2226 2402 eodem

651 2440 952 2494 criminibus
977 2440 1086 2494 suis
1110 2439 1382 2494 libidinose
1404 2439 1690 2492 commissis
1723 2436 1980 2492 laboriose
2001 2438 2224 2492 misera-

649 2531 916 2602 biliterque
961 2531 1284 2584 cruciantur.
1337 2528 1459 2584 Non
1503 2546 1623 2600 ergo
1661 2527 1750 2584 ille
1786 2528 1919 2600 ignis
1949 2539 2022 2584 est
2047 2544 2220 2599 paena,

648 2638 810 2693 neque
847 2623 914 2676 ad
945 2638 1059 2676 eam
1090 2630 1416 2694 prteparatus
1452 2621 1528 2677 vel
1547 2622 1981 2691 prwdestinatus;
2015 2619 2105 2674 sed
2133 2620 2222 2689 qui

649 2711 819 2778 fuerat
856 2711 1282 2780 prccdestinatus,
1331 2721 1387 2764 ut
1429 2721 1476 2764 et
1521 2711 1575 2765 in
1620 2711 1949 2765 universitate
1990 2711 2245 2764 omnium-

648 2797 917 2864 bonorum,
944 2797 1088 2852 sedes
1115 2797 1284 2865 factus
1307 2808 1379 2852 est
1407 2799 1705 2867 impiorum.

1278 2922 1594 2964 CORREC’NO.

609 3025 616 3032 ’
713 3024 754 3094 1·
788 3021 972 3078 Primo
999 3023 1113 3078 hinc
1145 3031 1235 3077 tua
1278 3023 1544 3077 sententia
1587 3023 1638 3076 in
1668 3037 1735 3078 eo
1759 3022 2006 3077 falsitatis
2036 3022 2216 3093 argui-

643 3126 762 3180 tur,
809 3114 950 3186 quod
996 3115 1170 3183 ignem
1219 3113 1370 3168 illum
1420 3113 1487 3167 ab
1531 3111 1826 3182 Augustino
1874 3126 2212 3181 corporeum,

2331 582 2616 654 corporea]
2639 582 2852 638 flamma
2877 585 3166 640 crucietur.
3192 585 3430 654 Quamvis
3451 591 3655 664 colligere
3669 598 3774 656 dictis

2329 672 2666 744 Evangelicis
2712 690 2996 744 possumus
3039 677 3164 746 quia
3210 678 3491 735 incendium
3531 686 3671 751 anima
3704 707 3774 747 non

2328 755 2500 816 solum
2527 763 2756 818 videndo
2783 765 2876 820 sed
2904 766 3066 821 etiam
3113 769 3428 838 experiendo
3466 775 3670 842 patiatur.
3707 779 3774 836 Ve.

2328 851 2506 912 ritatis
2533 851 2731 908 etenim
2759 871 2894 911 voce
2930 855 3083 912 dives
3109 868 3350 914 mortuus
3377 861 3426 916 in
3449 862 3626 921 inferno
3645 869 3777 924 dicitur

2328 943 2589 1012 sepultus,
2627 943 2780 1013 cujus
2816 947 2996 1002 anima
3027 949 3153 1018 quia
3193 949 3247 1004 in
3285 951 3402 1021 igne
3433 961 3654 1022 teneatur,
3690 960 3776 1013 insi-

2327 1043 2454 1088 nuat
2497 1051 2599 1090 vox
2639 1035 2762 1108 [al.,
2790 1037 2943 1110 voce]
2983 1040 3184 1106 divitis,
3215 1042 3305 1111 qui
3325 1039 3566 1098 Abraham
3601 1046 3776 1117 depreca-

2327 1133 2416 1178 tur
2463 1125 2649 1181 dicens
2687 1144 2702 1182 :
2746 1127 2894 1182 Mitte
2923 1128 3210 1195 Lazarum,
3253 1141 3310 1183 ut
3343 1133 3541 1203 inlingat
3576 1147 3777 1190 extremum

2325 1215 2474 1286 digiti
2499 1217 2583 1270 sui
2623 1217 2677 1270 in
2706 1235 2917 1288 aquam,
2940 1229 2988 1273 et
3012 1219 3276 1290 refrigeret
3298 1219 3513 1291 linguam
3537 1240 3682 1288 meum,
3700 1229 3779 1294 quia

2325 1303 2530 1362 crucior
2569 1309 2625 1363 in
2665 1309 2764 1364 hac
2801 1312 3015 1381 ﬂamma
3057 1309 3208 1384 (Luc.
3259 1327 3366 1378 xvr,
3410 1312 3511 1383 Ἡ).
3562 1315 3668 1369 Dum
3699 1331 3781 1387 ergo

2243 1389 2248 1392 ’
2324 1405 2662 1469 peccatorem
2710 1398 2929 1455 divitem
2980 1400 3295 1456 damnatum
3323 1401 3520 1458 Veritas
3574 1403 3618 1457 in
3663 1405 3778 1475 ignem

2323 1484 2588 1559 perhibet,
2623 1489 2746 1560 quis
2773 1491 2988 1562 sapiens
3019 1493 3369 1562 reproborum
3401 1493 3583 1548 animas
3607 1495 3727 1548 teneri
3747 1495 3780 1549 in

2324 1579 2536 1652 ignibus
2563 1582 2761 1652 neget?
2780 1613 2834 1622 -—
2859 1581 3094 1640 Perses.
3119 1583 3256 1641 Ecce
3284 1584 3482 1641 ratione
3503 1601 3557 1641 ac
3568 1588 3780 1642 testimonio

2324 1670 2394 1724 ad
2440 1670 2812 1726 credulitatem
2855 1671 3089 1728 ﬂectitur
3117 1675 3359 1740 animus;
3397 1675 3484 1730 sed
3507 1675 3780 1730 dimissttsilc-

2324 1775 2444 1816 rum
2469 1761 2537 1816 ad
2569 1761 2802 1833 rigorem
2844 1763 3003 1819 redit.
3055 1763 3334 1831 Quomodo
3361 1765 3493 1819 enim
3517 1779 3592 1820 res
3613 1766 3780 1836 incorpo-

2257 1840 2302 1900 B
2329 1863 2422 1904 rea
2443 1865 2475 1904 a
2501 1864 2562 1906 re
2587 1865 2844 1920 corporea
2892 1854 3065 1908 teneri
3111 1861 3276 1924 atque
3305 1853 3458 1926 afﬂigi
3486 1851 3592 1925 [al.,
3623 1870 3690 1910 res
3711 1870 3779 1910 ou-

2327 1955 2490 2012 porea
2509 1956 2624 1996 rem
2641 1941 3010 2014 incorpoream
3037 1953 3403 2017 teneat-atque
3424 1946 3640 2019 amigeie]
3659 1949 3780 2017 possit,

2327 2031 2608 2104 ignoro.-—
2633 2031 2954 2089 Geraestus.
2983 2034 3100 2100 Dic,
3129 2050 3316 2107 quaeso
3337 2044 3408 2102 te,
3425 2045 3657 2107 apostatas
3681 2037 3774 2105 spiri

2327 2129 2414 2177 tus
2465 2137 2496 2175 a
2525 2119 2734 2177 calcati
2779 2121 2950 2193 gloria
2997 2123 3260 2181 deductos
3304 2123 3422 2196 [al.,
3462 2124 3678 2197 deiectos]
3707 2139 3781 2179 esse

2325 2227 2616 2284 corporeos
2635 2228 2704 2268 an
2722 2213 3069 2286 incorporeos
3087 2215 3682 2286 suspicaris2—Pnsns.
3701 2215 3780 2280 Qun

2323 2318 2514 2359 sanum
2527 2303 2742 2374 sapiens
2755 2318 2877 2360 esse
2900 2304 3123 2376 spiritus
3134 2321 3424 2377 eorporeos
3435 2307 3629 2362 dixerit?
3644 2305 3780 2359 -ίὶιεο

2324 2407 2531 2449 conms.
2572 2391 2842 2449 Cebenna:
2882 2395 3062 2466 ignem
3105 2411 3226 2452 esse
3269 2396 3612 2466 incorporeum
3640 2411 3689 2448 an
3709 2409 3780 2447 cor-

2323 2497 2543 2552 poreum
2557 2481 2742 2540 fateris
2753 2483 3085 2542 ?—Pernus.
3110 2485 3294 2556 Ignem
3307 2488 3548 2558 gehennae
3560 2501 3778 2556 corporeum

2322 2587 2441 2628 esse
2469 2587 2577 2628 non
2619 2573 2853 2645 ambigo,
2904 2574 2958 2629 in
2986 2590 3094 2646 quo
3136 2585 3347 2632 certum
3387 2585 3466 2632 est
3504 2590 3682 2646 corpora
3707 2589 3779 2626 cru-

2323 2663 2474 2717 ciari.
2488 2691 2559 2703 —-
2573 2662 2898 2720 GBEGORIUS.
2925 2663 3084 2720 Certe
3105 2666 3354 2736 reprobis
3368 2664 3560 2722 Veritas
3579 2665 3620 2718 in
3646 2663 3718 2716 line
3733 2661 3780 2714 di-

2322 2761 2473 2815 ctura
2495 2761 2580 2808 est
2603 2771 2616 2807 :
2643 2752 2726 2807 Ite
2750 2754 2804 2808 in
2827 2754 2998 2824 ignem
3027 2759 3304 2821 internum,
3327 2755 3415 2826 qui
3432 2763 3616 2825 paratus
3631 2762 3688 2805 est
3705 2753 3778 2802 dia-

2241 2861 2249 2869 ·
2321 2844 2438 2899 bolo
2481 2855 2528 2900 et
2570 2845 2764 2914 angelis
2794 2846 2907 2915 ejus
2940 2845 3152 2917 (Matth.
3182 2863 3317 2912 xxv,
3341 2847 3450 2918 41).
3489 2846 3539 2901 Si
3570 2842 3780 2914 igiturdia-

2321 2933 2476 2990 bolus
2507 2932 2729 3004 ejusque
2755 2934 2949 3006 angeli,
2978 2950 3100 2989 cum
3140 2937 3251 2990 sint
3279 2934 3580 3004 incorporei,
3605 2944 3778 2999 corpora)

2321 3033 2446 3078 sunt
2471 3024 2597 3094 igne
2633 3025 2930 3089 cruciandi,
2959 3025 3087 3094 quid
3119 3025 3318 3080 mirum
3347 3025 3391 3081 si
3420 3025 3607 3089 animae,
3629 3029 3779 3076 etanta-

2320 3130 2483 3186 quam
2530 3115 2794 3185 recipiant
2843 3131 3092 3186 corpora,
3124 3127 3353 3187 possunt
3389 3129 3614 3186 corporea
3650 3110 3778 3166 sentire

551 3269 560 3278 ι
645 3224 674 3263 a
702 3208 962 3277 Gregorio
1005 3207 1380 3276 incorporeum
1421 3205 1527 3260 dici
1581 3205 1869 3270 mentitur;
1908 3219 2033 3259 nam
2066 3214 2216 3259 uter-
2243 3191 2288 3256 C
2321 3205 2940 3261 tormenta?——Pernus.
2965 3207 3118 3261 Patet
3134 3207 3274 3262 ratio
3289 3222 3388 3263 nec
3402 3207 3546 3261 debet
3569 3197 3778 3258 animusdt

643 3310 748 3366 que
785 3310 909 3350 eum
939 3295 1140 3363 absque
1178 3294 1599 3350 contradictione
1632 3307 1951 3364 corporeum
1990 3293 2215 3350 conﬁtc-

644 3397 749 3442 tur.
780 3387 866 3452 Et,
891 3386 1016 3456 quia
1039 3400 1198 3455 super
1218 3385 1514 3456 Augustino
1538 3393 1591 3439 tu
1616 3385 1729 3454 ipse
1750 3384 1926 3441 fassus
1945 3400 2023 3448 es,
2049 3385 2216 3454 ipsius

641 3483 964 3540 sententiam
1010 3497 1212 3552 ponere
1261 3496 1366 3538 non
1417 3481 1780 3552 necessarium
1816 3479 2209 3551 indicavimus;

640 3588 802 3643 super
825 3573 1179 3628 aestimatione
1207 3580 1386 3627 autem
1407 3571 1670 3642 Gregorii,
1701 3586 1769 3626 ne
1799 3571 1885 3626 cui
1912 3570 1966 3624 in
1993 3569 2212 3625 dubium

641 3665 844 3730 veniat,
875 3659 1092 3718 tametsi
1121 3662 1278 3733 paulo
1319 3661 1566 3732 superius
1608 3660 1932 3717 sententiam
1977 3659 2118 3714 illius
2145 3658 2213 3713 de

643 3755 829 3810 eodem
881 3756 1004 3826 igne
1053 3768 1120 3808 ex
1166 3752 1319 3808 libris
1360 3751 1652 3808 Moralibus
1694 3749 2052 3821 posuerimus,
2104 3763 2211 3820 qua

639 3857 763 3900 eum
805 3857 1120 3914 corporeum
1168 3841 1384 3907 fatetur,
1425 3856 1529 3896 non
1571 3841 1667 3894 abs
1709 3853 1768 3894 re
1794 3848 1971 3894 tamen
1999 3837 2215 3894 videtur

641 3937 688 3994 si
729 3936 888 3990 aliam
935 3934 1052 4004 ejus
1087 3934 1412 3990 sententiam
1458 3946 1525 3986 ex
1575 3931 1680 3985 alio
1718 3929 1886 4000 ipsius
1936 3944 2100 4000 Opere
2145 3928 2212 3984 ad

633 4029 876 4086 medium
901 4028 1246 4085 deducamus.
1278 4025 1432 4091 Nam,
1462 4026 1601 4082 sicut
1628 4023 1764 4080 liber
1791 4021 1934 4078 illius
1963 4022 2057 4094 qui
2083 4022 2211 4077 Dia-

633 4121 878 4192 logorum
928 4128 1256 4192 praenotatur
1303 4117 1497 4182 refert,
1530 4117 1720 4171 Petrus
1747 4115 2038 4180 Diaconus,
2077 4108 2210 4172 eum

637 4211 706 4266 de
736 4220 1035 4266 memorato
1078 4211 1191 4280 igni
1227 4211 1368 4267 inter
1394 4207 1497 4266 alia
1539 4207 1842 4272 sciscitans,
1873 4207 1948 4262 ita
1979 4205 2207 4264 adorsus

637 4313 759 4361 est:
788 4305 853 4360 Et.
881 4321 985 4375 qua
1021 4306 1228 4360 ratione
1258 4305 1580 4360 credendum
1612 4310 1696 4358 est
1726 4301 1850 4371 quia
1881 4315 1995 4357 rem
2027 4301 2208 4356 incor-

640 4410 862 4464 poreum
893 4403 1076 4450 tenere
1105 4396 1241 4466 ignis
1264 4410 1551 4465 corporeus
1576 4394 1788 4465 possit?
1809 4423 1879 4434 —-
1898 4393 2208 4449 Gneconws

638 4483 869 4555 (Dialog.
897 4483 992 4538 lib.
1019 4498 1090 4548 tv,
1121 4499 1238 4553 cap.
1260 4484 1350 4554 29)
1379 4502 1390 4536 :
1417 4483 1474 4537 Si
1504 4482 1732 4537 viventis
1759 4482 1993 4537 hominis
2023 4484 2204 4538 incor-

636 4593 836 4648 poreus
875 4577 1097 4646 spiritus
1146 4581 1355 4628 tenetur
1401 4574 1455 4628 in
1505 4588 1750 4643 corpore,
1801 4587 1898 4628 cur
1941 4589 2046 4628 non
2086 4542 2286 4645 postD

639 4663 890 4732 mortem,
923 4681 1044 4721 cum
1073 4666 1418 4734 incorporeus
1451 4663 1522 4719 sit
1549 4664 1790 4734 spiritus,
1819 4665 1983 4720 etiam
2009 4680 2204 4737 corpo-

635 4772 729 4813 reo
759 4757 880 4828 igne
900 4754 1186 4810 teneatur?
1205 4783 1273 4794 —-
1291 4753 1526 4808 Perses.
1549 4753 1605 4808 In
1635 4754 1846 4810 vivente
1874 4754 2112 4826 quolibet
2129 4756 2208 4812 id-

635 4845 784 4902 circo
830 4847 1177 4916 incorporeus
1224 4844 1445 4914 spiritus
1489 4852 1699 4899 tenetur
1727 4844 1779 4898 in
1804 4859 2050 4915 corpore,
2081 4846 2207 4915 quia

635 4934 1504 5006 vivificatcorpus.—Gnecomus.
1529 4933 1585 4990 Si
1603 4933 1950 5005 incorporeus
1964 4933 2204 5005 spiritus,

631 5025 815 5094 Petrc,
843 5028 896 5082 in
921 5027 1023 5081 hoc
1051 5026 1218 5080 teneri
1244 5033 1422 5095 potest
1448 5025 1590 5096 quod
1616 5025 1872 5092 vivificat,
1900 5039 2070 5096 quare
2098 5041 2205 5082 non

633 5116 922 5186 pmnalitcr
965 5127 1018 5170 et
1052 5115 1123 5171 ibi
1156 5124 1400 5171 teneatur
1449 5115 1538 5170 ubi
1587 5113 1958 5170 mortificatur.
2011 5114 2207 5171 Teucri

635 5216 816 5263 autem
853 5221 951 5278 per
981 5207 1157 5276 ignem
1189 5207 1436 5275 spiritum
1474 5205 1724 5272 dicimus,
1757 5213 1815 5260 ut
1853 5205 1907 5261 in
1936 5215 2206 5264 tormento

642 5296 888 5368 ignescat
937 5296 1166 5350 videndo
1205 5304 1364 5366 autne
1405 5297 1686 5353 sentiendo
1737 5296 1854 5368 [al.,
1897 5305 1957 5352 ut
1997 5299 2050 5353 in
2097 5308 2204 5353 tor-

635 5398 816 5444 mento
869 5389 1007 5460 ignis
1056 5387 1285 5442 videndo
1333 5396 1496 5459 atque
1559 5388 1838 5443 sentiendo
1886 5389 2198 5462 puniatur].

632 5476 812 5547 Ignem
861 5491 1094 5546 namque
1137 5491 1203 5532 eo
1245 5476 1363 5546 ipso
1390 5478 1592 5548 patitur
1617 5478 1760 5548 quod
1803 5478 1967 5544 videt,
1997 5487 2050 5534 et
2078 5479 2204 5549 quia

631 5568 860 5622 cremari
891 5581 948 5622 se
976 5567 1188 5636 aspicit,
1217 5576 1526 5621 crematur:
1571 5568 1757 5638 sicque
1785 5569 1845 5622 ιιι
1872 5578 1930 5622 ut
1961 5585 2047 5624 res
2076 5586 2201 5625 cor-

631 5672 792 5724 porea
826 5658 1198 5726 incorporcam
1232 5666 1444 5722 exurat,
1478 5660 1603 5712 dum
1640 5673 1706 5712 ex
1740 5659 1847 5729 igni
1879 5660 2076 5714 visibili
2097 5676 2198 5730 gar-

633 5746 732 5800 dor
760 5761 823 5801 ac
847 5745 998 5801 dolor
1032 5747 1315 5802 invisibilis
1343 5747 1589 5801 trahitur.
1644 5747 1712 5802 Ut
1741 5762 1836 5814 per
1873 5749 2048 5818 ignem
2081 5765 2200 5805 cor-

2318 3299 2420 3354 hac
2444 3297 2667 3354 ulterius
2691 3299 2986 3368 quaestione
3009 3298 3306 3371 dubitarc.]

2385 3390 2426 3458 -ι-
2455 3389 2590 3444 Ecce
2617 3389 2743 3444 dum
2775 3389 2914 3456 ignis
2951 3388 3090 3444 illius
3119 3391 3369 3460 corporei
3413 3385 3665 3445 testimonia
3687 3388 3774 3436 cem

2314 3480 2686 3550 proponimus,
2715 3479 2781 3533 ad
2809 3480 2987 3534 omnia
3017 3494 3151 3549 pene
3175 3494 3298 3549 quae
3327 3480 3378 3534 in
3407 3475 3600 3548 prteiata
3623 3487 3685 3528 tua
3704 3485 3774 3523 sen-

2316 3571 2480 3624 tentia
2512 3584 2794 3639 posueras,
2826 3569 3102 3638 responsio
3127 3583 3296 3624 verax
3325 3568 3520 3626 reddita
3552 3561 3772 3632 comprobr

2317 3668 2435 3726 tur;
2459 3674 2583 3714 nam
2611 3659 2934 3715 auctoritate
2964 3660 3099 3715 tanti
3147 3660 3387 3715 doctoris
3414 3674 3511 3713 non
3537 3655 3672 3710 solum
3693 3647 3772 3717 ῖςηίε

2315 3751 2405 3806 ille
2442 3764 2734 3821 corporeus
2761 3760 3125 3816 asseveratur,
3155 3766 3348 3807 verum
3388 3749 3538 3805 etiam
3571 3758 3614 3799 et
3641 3743 3772 3795 animas

2315 3841 2594 3898 hominum
2617 3849 2674 3898 et
2701 3851 2972 3911 apostatas
2997 3841 3215 3912 spiritus
3241 3842 3297 3896 in
3323 3856 3387 3896 eo
3413 3836 3773 3895 scnsibiliterrm-

2315 3932 2450 3988 ciari
2492 3931 2842 4002 probabiliter
2891 3933 3142 3999 docetur;
3198 3948 3300 3989 nec
3345 3934 3516 3987 minus
3555 3925 3675 3982 nobis
3692 3917 3770 3974 illud

2314 4022 2616 4079 clarissime
2648 4019 2843 4089 illuxit,
2873 4022 3017 4079 unde
3055 4033 3241 4079 nostra
3289 4023 3557 4078 infirmitas
3596 4015 3772 4084 aliquate-

2313 4129 2416 4170 nus
2441 4111 2746 4180 btesitabat,
2778 4112 2984 4169 scilicet
3016 4113 3084 4168 de
3119 4112 3433 4183 corporibus
3459 4107 3690 4178 spirituum
3714 4099 3774 4151 im-

2314 4205 2657 4260 mundorum.
2706 4203 2810 4260 iste
2839 4204 3033 4274 quippe
3059 4203 3248 4260 doctor
3277 4201 3620 4258 sanctissimus
3642 4203 3773 4248 stent-

2311 4296 2608 4354 ditissimus
2636 4310 2743 4351 non
2779 4309 3038 4365 corporea
3067 4295 3148 4351 cis
3173 4295 3376 4358 addita,
3406 4307 3503 4345 non
3530 4302 3608 4342 eos
3639 4286 3678 4338 in
3699 4293 3772 4332 cor-

2311 4389 2536 4461 poribus
2575 4385 2935 4458 quibuslibet,
2971 4386 3064 4440 sed
3127 4385 3181 4439 in
3235 4383 3365 4454 ipsis
3406 4379 3584 4451 quibus
3611 4373 3775 4430 constant

2309 4460 2641 4550 incorporeis
2676 4477 2956 4548 spiritibus
2979 4477 3089 4548 pati
3121 4485 3384 4531 tormenta
3422 4469 3672 4528 denuntiat.
3705 4460 3774 4514 Neu

2311 4586 2439 4641 ergo
2465 4578 2748 4642 propterea
2773 4568 3182 4640 praedestinatus
3200 4566 3289 4635 vel
3319 4571 3623 4636 praeparatus
3650 4552 3777 4610 dicitur

2313 4663 2526 4720 diabolo
2555 4663 2809 4731 quoniam
2841 4660 3208 4714 tantummodo
3241 4660 3296 4714 in
3324 4675 3390 4714 eo
3419 4659 3576 4712 fuerat
3606 4649 3775 4705 ordinan-

2313 4753 2444 4818 dus,
2492 4753 2586 4808 sed
2629 4751 2754 4822 quia
2793 4750 2847 4804 in
2885 4765 2950 4804 co
2992 4749 3078 4804 vel
3110 4750 3361 4816 videndo,
3405 4748 3483 4804 vel
3524 4734 3772 4814 experienti“:

2311 4844 2396 4900 vel
2417 4851 2649 4913 utroque
2675 4843 2832 4898 modo
2854 4842 3031 4898 fuerat
3057 4842 3400 4898 cruciandus.
3425 4838 3528 4894 Nec
3551 4837 3646 4891 ideo
3665 4825 3774 4883 malus

2313 4933 2488 4989 dictus
2509 4941 2594 4986 est
2613 4933 2756 5003 quod
2779 4932 2832 4986 in
2861 4947 2927 4987 eo
2949 4932 3072 4987 mali
3090 4927 3770 4997 ordinatissimedisponantttr.

2311 5028 2404 5082 sed
2429 5025 2556 5096 quia
2585 5025 2762 5080 omnis
2785 5039 2943 5096 paena
2971 5026 3110 5080 mala
3139 5042 3170 5080 a
3187 5026 3503 5097 patientibus
3532 5017 3769 5075 $Slltn2llll;

2310 5116 2402 5185 qui
2465 5114 2588 5169 ideo
2651 5113 2810 5169 etiam
2857 5128 3016 5185 poena
3087 5115 3499 5186 torquendorum
3562 5109 3772 5171 conm”

2311 5209 2518 5264 tissime
2555 5217 2912 5278 nuncupatur,
2940 5209 3190 5278 quoniam
3223 5211 3275 5264 in
3302 5224 3367 5263 eo
3394 5204 3530 5269 mali,
3555 5215 3640 5256 non
3661 5191 3772 5249 solum

2310 5300 2512 5365 anima,
2543 5299 2637 5355 sed
2662 5299 2823 5354 etiam
2851 5315 3077 5369 corpore
3102 5298 3423 5354 scnsibililer
3449 5290 3770 5362 torquebantur:

2309 5391 2404 5448 Est
2441 5393 2608 5463 igitur
2640 5391 2728 5446 ille
2774 5391 2914 5463 ignis
2947 5407 3130 5462 ptena,
3174 5391 3240 5448 ad
3269 5392 3370 5448 hoc
3403 5392 3696 5462 przeparstus,
3723 5372 3771 5424 la-

2307 5489 2426 5536 ctus
2455 5493 2509 5536 et
2531 5481 2968 5550 prtedestinatus,
2999 5491 3059 5537 ut
3087 5484 3141 5538 in
3173 5497 3238 5538 eo
3267 5498 3373 5537 non
3400 5471 3676 5534 conscientia
3700 5473 3772 5517 tan-

2307 5579 2436 5634 tum,
2467 5585 2655 5626 verum
2684 5571 2845 5625 etiam
2873 5586 3033 5626 sensu
3062 5582 3116 5626 et
3137 5570 3460 5642 experientia
3485 5563 3772 5620 comburantur

2305 5677 2492 5717 omnes
2541 5662 2744 5732 iniqui;
2799 5678 2896 5716 nec
2941 5671 3000 5716 ut
3032 5662 3188 5718 sedes
3233 5663 3298 5717 sit
3347 5660 3621 5728 impiorum,
3647 5644 3771 5702 sed!"

2303 5768 2483 5821 paena,
2515 5753 2806 5819 cruciatus,
2843 5762 3192 5816 tormentum,
3234 5749 3612 5812 combustioquc
3647 5738 3696 5790 si!
3721 5746 3766 5782 τε·
3857 5759 3859 5811 ρ
