4010 6352
1007 392 1092 446 DE
1127 385 1795 446 PREDESTINATIONE
1835 383 2110 440 CONTRA
2152 381 2200 438 J.
2246 378 2541 436 SCO'l'lIM.

161 481 472 586 proborum.
503 507 665 576 Cujus
696 506 772 561 rei
810 504 1107 575 capiosiora
1143 505 1460 559 documenta
1491 500 1542 554 in
1569 507 1720 554 sexta
1752 501 1796 560 Α
1827 511 1990 568 gnum
2041 501 2350 550 sanctorum
2406 504 2571 560 usque
2607 489 2674 543 ad
2715 490 3158 586 ﬁrmamentum,
3209 489 3390 560 ibique

160 605 369 662 decima
390 602 600 657 actione
620 598 1002 670 congessimus.
1021 596 1222 651 Deinde
1249 609 1356 650 non
1386 593 1601 656 minori,
1618 593 1724 648 imo

160 693 397 752 inaudita
435 691 693 748 hactenus
721 688 930 744 insania
962 687 1026 743 de
1059 687 1248 741 eodem
1277 683 1385 754 igni
1417 681 1718 738 subnectis:

704 814 930 856 JOANNES
963 811 1176 852 SCOTUS.

231 913 383 986 (Cap.
411 913 497 977 i7,
528 926 678 965 num.
706 911 791 974 Η,
820 918 951 965 sect.
978 907 1058 978 8.)
1102 919 1144 965 Θ
1181 906 1250 962 In
1283 921 1407 979 quo,
1453 904 1721 975 inquiens,

157 999 341 1058 procul
361 997 518 1052 dubio
544 1011 646 1052 non
671 997 842 1050 minus
862 995 1165 1049 habitabant
1185 994 1320 1047 beati
1347 1009 1502 1064 quam
1529 992 1719 1046 miseri.

161 1089 269 1148 Sed
297 1091 432 1146 sicut
461 1105 568 1143 una
598 1088 875 1158 eademque
906 1086 1000 1141 lux
1026 1087 1169 1140 sanis
1193 1085 1269 1156 (ut
1291 1083 1542 1154 diximus)
1565 1083 1726 1138 oculis

159 1182 414 1246 convenit,
448 1180 660 1251 impedit
700 1178 1012 1244 dolentibus,
1040 1193 1176 1232 unus
1215 1177 1450 1248 idemque
1477 1175 1621 1230 cibus
1650 1174 1728 1230 vel

157 1281 312 1342 potus
335 1269 574 1340 faucibus
603 1268 959 1340 languentium
1000 1283 1236 1330 amarus,
1275 1268 1501 1322 sanitate
1541 1266 1728 1336 fruen-

158 1366 292 1418 tium
334 1361 536 1426 dulcis;
571 1359 676 1416 illis
713 1361 900 1432 quippe
940 1375 1050 1414 sua:
1088 1358 1274 1414 salutis
1313 1356 1480 1429 placet
1526 1358 1728 1428 integra

158 1455 374 1518 ltetitia,
417 1453 534 1508 istis
571 1469 681 1508 sua:
719 1451 1066 1524 corruptionis
1105 1449 1339 1522 displicet
1375 1447 1594 1519 poenalis
1633 1449 1728 1502 tri-

158 1541 338 1608 stitia;
375 1557 484 1596 una
520 1541 802 1612 eademque
833 1557 972 1611 aqua
1009 1548 1276 1593 natantem
1309 1537 1497 1602 elevat,
1540 1537 1730 1592 caden-

159 1641 264 1687 tem
304 1632 550 1700 sit/Tacet.
581 1630 814 1685 Duorum
861 1631 916 1685 in
946 1630 1069 1684 aula
1110 1629 1273 1700 regali
1317 1644 1421 1684 uno
1453 1628 1731 1697 eodemque

159 1722 274 1777 loco
294 1724 599 1793 positorum,
619 1737 755 1776 unus
777 1721 1058 1790 febricitat,
1087 1719 1222 1775 alter
1237 1719 1446 1790 gaudet.
1471 1717 1732 1774 Gaudenti

159 1813 337 1866 omnia
379 1810 537 1865 totius
575 1809 713 1864 culte
747 1819 1051 1863 ornamenta
1091 1805 1466 1863 delectabiliter
1503 1806 1732 1877 placent,

161 1902 499 1957 laudabiliter
532 1911 803 1972 apparent,
846 1899 1223 1955 honorabiliter
1261 1899 1613 1964 concordant;
1657 1898 1732 1969 fe-

161 1993 432 2049 bricitanti
468 2009 590 2050 vero
627 1993 765 2048 intra
801 1993 1028 2062 seipsum
1087 1990 1451 2060 doloribusque
1495 1989 1602 2044 suis
1641 2005 1730 2042 ar-

160 2084 323 2149 denti,
347 2084 599 2147 omnium,
633 2096 750 2154 qua:
778 2084 1096 2138 extrinsecus
1125 2083 1283 2149 videt,
1309 2081 1440 2136 nihil
1471 2097 1582 2137 esse
1599 2081 1733 2137 dele-

163 2182 290 2236 ctat,
316 2172 448 2228 nihil
479 2171 764 2238 laudabile,
784 2172 907 2244 quia
936 2172 1110 2227 omnia
1141 2172 1430 2240 vituperat;
1465 2170 1595 2226 nihil
1616 2188 1736 2226 con-

162 2264 410 2331 sentiens,
441 2263 565 2336 quia
600 2265 831 2320 omnium
869 2264 1153 2320 abhorret:
1183 2265 1400 2328 merito;
1435 2265 1561 2335 quid
1599 2261 1734 2318 enim

162 2352 415 2408 bonorum
448 2352 529 2408 illi
558 2369 661 2408 non
687 2362 912 2420 noceret,
945 2351 1154 2422 quando
1174 2353 1224 2408 ei
1253 2362 1438 2407 auctor
1469 2354 1735 2408 nomnium

165 2441 422 2496 bonorum
458 2440 663 2511 placere
698 2458 802 2496 non
833 2441 1072 2511 poterat?
1102 2453 1192 2494 aut
1223 2439 1312 2494 ubi
1349 2439 1515 2494 ullum
1547 2440 1735 2495 bonum

163 2546 271 2586 non
305 2530 522 2596 nocebit,
557 2531 644 2585 cui
666 2547 870 2586 summo
892 2531 1022 2586 bono
1048 2531 1156 2599 frui
1182 2547 1286 2584 non
1309 2530 1546 2600 placuit?

783 2659 882 2701 COR
889 2654 1102 2702 RECTIO.

239 2758 280 2827 -ιι
315 2755 362 2812 0
392 2755 658 2812 insaniam
688 2755 1016 2812 inauditam!
1045 2754 1089 2813 0
1123 2756 1426 2813 vecordiam
1470 2755 1741 2812 detestan-

172 2849 324 2903 dam!
357 2847 401 2904 0
425 2847 807 2905 hebetudinem
845 2847 1274 2905 exhorrendam!
1307 2846 1352 2904 0
1389 2845 1738 2906 subtilitatem

170 2935 317 2991 omni
347 2935 632 2992 obtusione
659 2936 964 2992 duriorem!
995 2936 1040 2992 0
1067 2936 1412 2992 virulentiam
1441 2935 1587 2990 omni
1613 2936 1742 2991 aho-

171 3025 468 3081 minatione
492 3025 862 3082 cxtricandam
887 3027 900 3080 l
931 3024 1068 3093 Quid
1098 3034 1182 3081 est
1209 3027 1264 3095 (ο
1289 3024 1596 3081 mortalium
1647 3041 1740 3080 su-

172 3117 510 3189 perbissime)
538 3117 678 3188 quod
725 3132 891 3173 ausus
937 3132 997 3172 es
1021 3125 1168 3172 tanta
1196 3117 1525 3188 impudentia
1560 3117 1744 3174 decla-

176 3206 354 3260 mare?
391 3205 592 3276 Ignem,
633 3221 794 3276 quem
832 3204 1046 3262 Veritas
1081 3205 1297 3262 diabolo
1330 3215 1384 3260 et
1408 3206 1612 3277 angelis
1628 3205 1744 3276 ejus

173 3297 301 3352 dicit
323 3297 569 3352 ab‘initio
588 3305 972 3366 praeparatum,
1012 3310 1122 3351 non
1147 3297 1325 3352 minus
1348 3297 1560 3354 miseris
1579 3312 1742 3368 quam

172 3385 344 3442 beatis
367 3386 760 3443 habitationem
783 3387 1070 3444 attribuis?
1093 3387 1252 3443 Certe
1273 3388 1324 3442 in
1345 3385 1547 3457 judicio
1575 3388 1743 3458 judex

172 3477 411 3532 omnium
451 3477 716 3534 dicturum
764 3493 824 3534 se
864 3479 1112 3548 reprobis
1140 3487 1472 3548 protestatur
1510 3499 1524 3535 :
1562 3479 1644 3536 Ite
1688 3482 1745 3535 in

171 3567 341 3635 ignem
370 3576 642 3634 aeternum,
677 3569 766 3639 qui
793 3578 1010 3639 paratus
1065 3577 1142 3624 est
1195 3569 1405 3624 diabolo
1446 3579 1495 3624 et
1543 3571 1743 3641 angelis

169 3656 284 3726 ejus
317 3657 532 3729 (Matth.
579 3675 686 3714 xxv
709 3698 726 3726 ,
759 3659 874 3732 41).
899 3659 1069 3716 Justis
1097 3668 1277 3716 autem
1308 3678 1322 3716 :
1358 3659 1564 3728 Venite,
1594 3662 1746 3720 bene-

172 3752 298 3807 dicti
325 3751 501 3810 Patris
523 3757 656 3823 mei,
681 3758 926 3829 percipite
944 3772 1156 3830 regnum
1180 3759 1318 3830 quod
1337 3760 1478 3815 vobis
1501 3770 1742 3831 paratum

171 3849 248 3893 est
277 3840 340 3894 ab
374 3842 572 3913 origine
596 3845 776 3901 mundi
815 3845 977 3918 (Ibid.
1014 3865 1060 3902 υ.
1103 3847 1216 3920 54).
1253 3848 1375 3904 istis
1400 3864 1624 3920 regnum
1650 3864 1740 3919 pas

174 3937 352 3985 ratum
391 3931 546 3999 dicit,
580 3949 688 3989 non
717 3935 927 4007 ignem;
959 3935 1206 4008 gloriam,
1238 3953 1344 3992 non
1369 3952 1605 4007 penam.
1635 3937 1745 3994 illis

174 4030 354 4076 autem
387 4022 563 4094 ignem
602 4032 863 4080 aeternum
885 4063 902 4092 ,
950 4026 1042 4094 qui
1071 4034 1292 4096 paratus
1335 4026 1407 4081 sit
1439 4026 1650 4082 diabolo
1692 4035 1748 4083 et

176 4113 379 4184 angelis
405 4113 544 4184 ejus;
572 4128 810 4184 poenam,
839 4130 948 4170 non
974 4116 1220 4186 gloriam.
1253 4111 1405 4172 Unde
1441 4125 1498 4172 et
1525 4115 1637 4171 illic
1661 4117 1747 4172 di-

173 4203 344 4258 citur:
377 4201 445 4257 Et
467 4203 614 4258 ibunt
636 4204 689 4258 hi
714 4205 768 4258 in
791 4201 1102 4275 supplicium
1125 4216 1398 4273 aeternum,
1409 4206 1548 4276 justi
1567 4214 1748 4263 autem

174 4295 232 4348 in
261 4296 418 4350 vitam
468 4303 716 4350 a'ternam
755 4294 942 4367 (lbid.,
971 4296 1085 4368 46).
1137 4296 1277 4364 Quid
1327 4306 1411 4353 est
1436 4297 1557 4365 hoc,
1585 4311 1620 4354 0
1647 4296 1751 4354 mi-

175 4385 402 4440 serrime
443 4384 687 4440 omnium
738 4393 955 4442 terreno
1010 4386 1230 4456 pulvere
1300 4387 1750 4458 compactorum?

174 4469 391 4531 Veritas
438 4476 578 4532 sicut
626 4477 854 4542 merita,
907 4477 984 4531 ita
1023 4485 1077 4532 et
1124 4477 1239 4532 loca
1267 4477 1439 4547 partis
1467 4478 1748 4549 utriusque

175 4564 468 4632 discernit;
504 4574 561 4622 et
585 4574 640 4622 tu
668 4582 838 4622 unum
865 4567 1219 4638 eumdemque
1264 4567 1442 4637 ignem
1479 4565 1644 4637 iustis
1693 4576 1748 4624 et

173 4654 389 4726 injustis
442 4656 831 4712 habitationem
859 4656 1225 4728 dogmatizasl
1260 4656 1462 4728 Nempe
1507 4660 1747 4730 aperitur

172 4745 304 4814 quid
333 4743 486 4809 velis,
510 4747 651 4814 quod
676 4747 924 4816 quamvis
949 4761 1054 4801 non
1077 4755 1263 4819 aperte
1283 4748 1549 4818 posueris,
1570 4748 1745 4805 elucet

174 4843 357 4890 tamen
402 4834 529 4904 quid
563 4844 742 4892 mente
766 4837 1082 4909 conceperis
1105 4877 1120 4904 ,
1151 4837 1236 4894 vel
1281 4837 1410 4910 quid
1462 4838 1620 4895 dictis
1667 4847 1747 4894 ιιι

173 4923 339 4990 libus,
365 4924 469 4980 etsi
496 4939 770 4995 perverse,
801 4927 1030 4984 suadere
1052 4928 1308 4984 volueris.
1339 4926 1556 4985 Memini
1579 4929 1746 5001 siqui-

175 5013 298 5067 dem
323 5028 411 5068 me
440 5010 590 5079 olim,
615 5017 757 5085 quod
779 5017 944 5073 etiam
977 5018 1181 5088 passim
1201 5016 1315 5088 jam
1339 5035 1524 5077 rumor
1562 5035 1744 5090 asper-

172 5101 270 5167 sit,
301 5109 355 5157 te
383 5103 498 5175 ipso
520 5114 775 5162 narrante
799 5108 1030 5170 audisse,
1054 5110 1197 5179 quod
1227 5109 1368 5164 ultra
1402 5111 1504 5166 hoc
1530 5111 1742 5168 visibile

174 5192 410 5258 caelum,
468 5195 609 5263 quod
667 5194 1064 5254 ﬁrmamentum
1117 5197 1394 5270 Scriptura
1431 5209 1741 5272 nuncupat,
1797 5267 1802 5272 ο

174 5279 424 5351 quodque
465 5281 753 5352 Apostolus
798 5285 1040 5341 velamen
1079 5287 1405 5344 tabernaculi
1457 5288 1616 5360 (lleb.
1665 5306 1742 5358 vi,

177 5367 299 5439 i9),
331 5369 474 5440 quod
499 5380 618 5427 erat
641 5387 938 5443 oppansum
965 5385 1090 5431 ante
1132 5379 1429 5445 oraculum,
1477 5379 1746 5452 interpre-

179 5465 323 5512 tatur
345 5499 363 5526 ,
415 5461 549 5516 nihil
575 5477 716 5527 esse,
753 5472 808 5520 et
843 5464 980 5520 infra
1010 5473 1206 5522 terram
1235 5467 1580 5524 nihilominus
1609 5471 1742 5527 nihil

176 5562 328 5626 esse;
355 5551 449 5606 sed
487 5551 542 5605 in
587 5554 686 5609 hac
712 5555 864 5624 quasi
896 5555 1054 5610 domo
1092 5557 1216 5614 coeli
1246 5566 1300 5612 et
1329 5567 1484 5616 terra:
1510 5563 1743 5618 ambitus

180 5641 443 5696 contineri
468 5643 643 5698 omnia
663 5684 676 5708 ,
705 5659 928 5716 esseque
963 5661 1123 5717 quem
1165 5647 1430 5704 infernum
1458 5651 1686 5708 dicimus
1709 5667 1739 5708 a

181 5745 324 5806 terra
353 5748 521 5802 usque
548 5735 614 5792 ad
637 5733 839 5802 lunam,
870 5745 923 5793 et
953 5737 1144 5795 deinde
1173 5739 1477 5810 paradisum
1517 5741 1600 5798 vel
1650 5723 1736 5800 re-

1828 596 1934 642 tam
1963 585 2178 655 angelos
2204 596 2441 649 sanctos,
2472 598 2635 652 quam
2680 590 2994 636 sanctorum
3039 581 3248 637 animas
3271 622 3286 644 ,
3337 591 3394 638 et

1823 677 2000 747 ipsum
2026 675 2310 730 Dominum
2338 681 2579 729 nostrum
2621 671 2802 728 Jesum
2847 670 3118 727 Christum
3164 685 3392 741 corpore

1823 768 2147 824 commorari
2181 786 2192 820 :
2223 782 2346 822 cum
2397 764 2640 821 consulta
2669 763 2880 819 Veritas
2909 774 3072 834 atque
3098 763 3393 818 auctoritas

1825 858 2104 914 catholicae
2133 857 2254 912 ﬁd'ci
2280 855 2423 912 aliud
2453 853 2734 927 praedicet;
2773 869 2943 922 neque
2989 853 3272 924 quisquam
3298 868 3392 910 ec-

1763 993 1772 1004 .
1826 949 2253 1004 clesiasticorum
2303 955 2465 1001 tanta:
2510 945 2740 1000 vesania:
2769 952 3007 999 assertor
3035 951 3128 998 aut
3170 959 3398 1000 consen-

1828 1052 2016 1096 taneus
2044 1041 2255 1111 uspiam
2304 1040 2610 1094 inveniatur
2638 1036 2721 1092 vel
2754 1035 2981 1090 inveniri
3020 1049 3178 1105 posse
3201 1036 3396 1092 creda-

1827 1141 1944 1196 tur;
1979 1132 2107 1201 quin
2133 1130 2312 1200 potius
2354 1145 2420 1188 ex
2466 1143 2560 1190 ea,
2607 1127 2694 1183 cui
2721 1126 2848 1181 totis
2873 1125 3076 1180 viribus
3105 1124 3352 1181 inniteris
3378 1166 3396 1190 ,

1826 1220 2056 1275 lectione
2084 1217 2372 1275 damnabili
2403 1217 2650 1274 hausisse
2676 1225 2731 1272 et
2758 1209 3029 1271 vomuisse
3055 1214 3205 1270 virus
3236 1211 3398 1271 lethi-

1829 1309 2046 1367 tiferum
2086 1308 2478 1382 comprobaris.

1899 1403 2034 1461 Nam
2065 1405 2152 1460 ille
2182 1413 2303 1461 tuus
2347 1404 2580 1475 Capella,
2617 1404 2857 1476 exceptis
2881 1403 3032 1470 aliis,
3057 1401 3140 1459 vel
3168 1401 3404 1459 maxime

1831 1508 1885 1556 te
1915 1499 1968 1554 in
1998 1499 2144 1554 hunc
2183 1497 2548 1568 labyrinthum
2603 1497 2879 1553 induxisse
2921 1496 3160 1552 creditur
3189 1528 3206 1561 ,
3249 1492 3402 1562 cujus

1830 1589 2166 1646 meditationi
2200 1589 2372 1660 magis
2395 1605 2553 1659 quam
2574 1587 2790 1643 veritati
2819 1585 3139 1657 evangelicav
3165 1585 3403 1640 animum

1830 1678 2118 1750 appulisti:
2150 1675 2288 1746 Quin
2319 1675 2483 1734 etiam
2512 1691 2634 1734 cum
2681 1675 2886 1748 legeres
2928 1677 3070 1733 beati
3121 1675 3404 1747 Augustini

1831 1767 2020 1834 libros,
2071 1782 2206 1838 quos
2251 1766 2328 1822 De
2375 1763 2592 1822 Civitate
2638 1760 2735 1820 Dei
2786 1766 3045 1822 adversus
3072 1778 3403 1838 paganorum

1762 1850 1806 1909 Β
1833 1855 2206 1913 fallacissimas
2253 1855 2678 1926 ihlsissimasque
2722 1857 3004 1926 Opiniones
3054 1851 3283 1912 mirabili
3326 1851 3406 1909 af-

1832 1945 2050 2002 ﬁuentia
2068 1947 2311 2017 digessit,
2326 1946 2578 2002 invenisti
2597 1957 2716 2002 eum
2733 1941 2973 2016 posuisse
2985 1960 3048 2001 ac
3071 1945 3406 2001 destruxisse

1833 2037 2075 2107 quaedam
2104 2053 2173 2092 ex
2202 2036 2351 2092 libris
2371 2032 2648 2099 Varronis,
2671 2037 2884 2107 quibus,
2902 2035 3155 2105 quoniam
3179 2033 3407 2105 Capella:

1835 2137 1927 2183 tuo
1941 2139 2177 2182 censona
2193 2127 2534 2190 videbantur,
2550 2125 2730 2196 potius
2755 2125 3005 2181 assentiri
3029 2139 3189 2194 quam
3212 2122 3409 2177 veridi-

1833 2219 1882 2274 ci
1921 2217 2206 2288 Augustini
2235 2217 2643 2289 allegationibus
2667 2218 2827 2286 ﬁdem
2857 2217 3110 2274 adhibere
3141 2218 3405 2289 delegisti.

1905 2307 2062 2363 Ponit
2108 2308 2252 2362 enim
2301 2308 2374 2362 ita
2422 2323 2490 2362 ex
2541 2303 2720 2364 verbis
2763 2308 2903 2364 illius
2933 2309 3262 2380 Augustinus
3311 2310 3410 2381 (De

1836 2397 1988 2453 Civit.
2018 2397 2135 2463 Dei,
2161 2397 2254 2453 lib.
2286 2413 2382 2462 vn,
2425 2413 2477 2453 c.
2528 2397 2582 2468 6)
2629 2416 2642 2452 :
2675 2398 2840 2470 [Dicit
2879 2413 3008 2470 ergo
3049 2400 3190 2456 idem
3216 2401 3410 2464 Varro,

1837 2489 2013 2542 adhuc
2058 2487 2125 2542 de
2168 2486 2398 2540 naturali
2457 2486 2724 2556 theologia
2765 2487 3127 2558 praeloquens,
3161 2489 3328 2543 Deum
3350 2503 3408 2542 sc

1838 2573 2090 2628 arbitrari
2129 2586 2252 2628 esse
2298 2574 2532 2628 animam
2573 2575 2781 2641 mundi,
2821 2575 2979 2645 quem
3015 2576 3185 2632 (ἔτωοί
3218 2588 3414 2633 vocant

1838 2685 2044 2736 κοσμον,
2075 2674 2128 2718 et
2174 2665 2317 2720 hunc
2369 2664 2541 2735 ipsum
2592 2666 2853 2722 mundum
2885 2681 3007 2722 esse
3057 2668 3260 2734 Deum;
3317 2669 3410 2724 sed

1839 2755 1981 2810 sicut
2023 2754 2297 2809 hominem
2349 2755 2668 2824 sapientem,
2717 2769 2841 2811 cum
2884 2765 2954 2811 stt
2995 2771 3060 2812 ex
3091 2772 3320 2828 corpore
3359 2767 3415 2814 et

1839 2841 2040 2910 animo,
2072 2852 2251 2899 tamen
2280 2843 2348 2898 ab
2388 2858 2568 2899 animo
2591 2844 2694 2900 dici
2721 2846 3038 2916 sapientem,
3063 2846 3136 2901 ita
3158 2848 3415 2902 mundum

1840 2936 2008 2990 Deum
2035 2933 2142 2988 dici
2171 2933 2238 2989 ab
2269 2933 2453 2990 animo
2479 2950 2602 2990 cum
2648 2936 2720 2991 sit
2757 2950 2824 2992 ex
2867 2938 3049 2992 animo
3083 2947 3137 2992 et
3163 2952 3409 3008 corpore.

1841 3025 1942 3081 ilic
1989 3025 2202 3080 videtur
2235 3025 2631 3094 quodammodo
2692 3037 2856 3083 unum
2922 3026 3168 3084 conﬁteri
3217 3028 3411 3104 Deum.

1846 3115 1952 3173 Sed
1991 3125 2052 3172 ut
2100 3115 2284 3187 plures
2327 3117 2490 3173 etiam
2519 3113 2847 3184 introdueat,
2877 3117 3118 3190 adjungit
3157 3120 3416 3175 mundum

1770 3185 1815 3247 Ο
1849 3210 2013 3266 dividi
2045 3185 2258 3265 induas
2280 3220 2462 3280 partes
2492 3220 2507 3264 :
2539 3210 2734 3267 malum
2779 3219 2833 3266 et
2878 3185 3108 3278 terram;
3137 3220 3195 3268 et
3220 3213 3418 3269 caelum

1847 3298 2093 3353 bifariam
2122 3298 2176 3353 in
2204 3299 2408 3354 aethera
2435 3306 2490 3354 et
2518 3314 2663 3364 aera,
2698 3308 2898 3354 terram
2941 3314 3072 3356 vero
3116 3300 3170 3356 in
3219 3316 3416 3373 aquam

1845 3395 1901 3442 et
1930 3388 2186 3454 humum;
2218 3403 2250 3444 e
2293 3389 2488 3458 quibus
2530 3403 2796 3443 summum
2830 3402 2952 3445 esse
2977 3390 3203 3458 aethera,
3228 3407 3420 3448 secun-

1844 3477 1972 3532 dum
2019 3492 2144 3534 aera
2166 3519 2181 3543 ,
2233 3479 2445 3534 tertiam
2482 3493 2708 3550 aquam,
2745 3480 2985 3536 inﬁmam
3012 3491 3210 3538 terram
3241 3501 3256 3548 ;
3283 3497 3419 3554 quas

1848 3582 2039 3623 omnes
2083 3575 2267 3638 partes
2319 3578 2552 3639 quatuor
2589 3570 2892 3624 animarum
2935 3586 3055 3626 esse
3091 3571 3316 3640 plenas;
3365 3573 3419 3627 in

1844 3659 2047 3716 aethere
2081 3667 2136 3714 et
2171 3673 2296 3715 aere
2343 3658 2750 3724 immortalium,
2781 3660 2833 3714 in
2860 3675 2999 3732 aqua
3029 3671 3084 3718 et
3111 3671 3251 3716 terra
3277 3677 3420 3718 mor-

1847 3751 2052 3806 talium.
2102 3750 2184 3804 Ah
2236 3761 2448 3805 summo
2497 3757 2676 3804 autem
2731 3749 2962 3805 circuitu
3015 3751 3138 3807 coeli
3188 3753 3255 3807 ad
3310 3753 3419 3808 cir-

1845 3841 2024 3897 culum
2071 3838 2209 3892 lunas
2238 3879 2254 3904 ,
2291 3838 2554 3892 aethereas
2603 3837 2810 3894 animas
2847 3853 2968 3894 esse
3012 3849 3156 3895 astra
3196 3856 3260 3895 ac
3295 3840 3420 3895 stel-

1845 3931 1956 3996 las,
2005 3942 2204 3996 eosque
2241 3926 2490 3983 caelestes
2528 3927 2658 3984 deos
2697 3943 2802 3983 non
2829 3929 2988 3984 modo
3013 3929 3234 4002 intelligi
3277 3945 3418 3997 esse,

1847 4018 1944 4075 Sed
1985 4018 2148 4074 etiam
2215 4017 2426 4084 videri;
2500 4018 2641 4074 inter
2685 4017 2826 4073 lunas
2883 4033 3013 4075 vero
3077 4036 3303 4092 gyrum,
3365 4030 3450 4092 et,

1847 4107 2153 4164 nimborum
2209 4121 2275 4162 ac
2333 4113 2617 4162 ventorum
2672 4109 2952 4164 cacumina
2979 4150 2994 4174 ,
3053 4125 3242 4165 aereas
3300 4124 3421 4166 esse

1848 4201 2105 4266 animas;
2169 4199 2264 4256 sed
2312 4213 2408 4256 eas
2451 4199 2670 4266 animo,
2724 4217 2831 4256 non
2887 4202 3060 4259 oculis
3111 4203 3302 4258 videri.
3355 4203 3424 4259 Et

1849 4291 2030 4348 vocari
2064 4290 2280 4356 heroas,
2311 4297 2367 4346 et
2385 4289 2549 4357 lares,
2580 4299 2636 4345 et
2661 4290 2892 4364 genios]
2915 4292 2955 4364 -ι-
2974 4292 3127 4361 Quod
3159 4309 3318 4364 quam
3351 4296 3423 4350 sit

1849 4380 2064 4438 veritati
2085 4381 2369 4438 adversum
2389 4382 2712 4437 auctoritate
2733 4390 2839 4438 tam
2865 4383 3167 4440 divinorum
3189 4383 3421 4456 eloquio-

1850 4485 1970 4525 rum
1999 4509 2015 4536 ,
2055 4485 2217 4540 quam
2265 4469 2488 4527 Patrum
2535 4471 2922 4527 venerabilium
2953 4511 2968 4538 ,
3009 4473 3270 4544 largiente
3317 4474 3422 4529 Βοο

1773 4533 1826 4595 Ῑ)
1853 4533 2034 4625 minor,
2072 4533 2178 4629 pro
2203 4569 2363 4632 captu
2388 4569 2443 4616 et
2470 4559 2674 4616 viribus
2711 4533 3122 4631 exsequamur."
3134 4562 3424 4633 Primoque

1852 4649 2239 4706 advertendum
2268 4651 2360 4706 ubi
2393 4650 2652 4706 Dominus
2696 4659 2753 4706 et
2782 4649 3032 4708 Salvator
3072 4660 3276 4719 noster,
3300 4667 3423 4707 cor-

1850 4754 1980 4810 pore
2001 4740 2145 4811 quod
2169 4740 2371 4810 absque
2397 4748 2620 4810 peccato
2652 4741 2949 4810 sumpsitet
2971 4741 3083 4812 egit
3107 4755 3176 4796 ex
3201 4739 3421 4812 Virgine

1851 4829 2162 4898 incorrupta
2183 4868 2200 4895 ,
2245 4829 2404 4900 degat
2459 4847 2472 4885 τ
2528 4845 2656 4884 nam
2713 4843 2782 4884 eo
2830 4829 3143 4900 congregari
3206 4839 3425 4886 sanctos

1851 4933 2038 4975 omnes
2071 4927 2300 4974 testatur
2323 4920 2514 4990 ipsein
2543 4918 2828 4990 Evangelia
2851 4956 2866 4982 ,
2898 4919 3082 4974 dicens
3112 4935 3125 4970 :
3156 4917 3262 4972 Illa
3276 4930 3424 4976 nocte

1847 5019 1998 5064 erunt
2025 5010 2129 5064 duo
2159 5010 2212 5064 in
2241 5008 2404 5064 lecto:
2430 5026 2532 5064 uno
2553 5025 2688 5064 unus
2710 5021 3022 5074 assumetur,
3045 5017 3092 5062 et
3112 5008 3245 5063 alter
3273 5009 3427 5064 retin--

1847 5109 2067 5172 quetur;
2099 5099 2205 5153 duo
2233 5101 2288 5154 in
2315 5117 2440 5171 agro
2458 5141 2472 5166 ,
2516 5117 2650 5154 unus
2691 5107 3003 5162 assumetur,
3029 5108 3078 5153 et
3103 5098 3238 5153 alter
3264 5099 3424 5154 relin-

1847 5201 2048 5262 quetur.
2091 5191 2470 5262 Respondentes
2493 5192 2670 5245 dicunt
2714 5189 2832 5242 illi:
2881 5187 2982 5243 Ubi
3025 5190 3292 5246 Domine?
3321 5190 3425 5257 Qui

1848 5281 1981 5335 dixit
2022 5280 2128 5337 illis
2154 5299 2173 5337 :
2205 5280 2510 5352 Ubicunque
2539 5281 2696 5350 fuerit
2737 5296 2945 5350 corpus,
2991 5281 3116 5336 illuc
3145 5298 3427 5352 congrega-

1851 5372 2045 5428 buntur
2081 5382 2130 5427 et
2175 5373 2366 5446 aquila:
2411 5372 2564 5443 (Luc.
2607 5386 2744 5438 xvu,
2783 5371 3001 5445 54-37).
3040 5373 3190 5442 Quod
3220 5375 3425 5444 absque

1848 5462 2012 5518 dubio
2039 5479 2200 5534 super
2224 5465 2421 5522 omium
2449 5463 2718 5519 sidereum
2753 5479 2941 5522 omnes
2968 5467 3222 5524 catholici
3257 5477 3310 5521 et
3337 5480 3426 5521 or-

1850 5554 2066 5612 thodoxi
2087 5557 2334 5628 doctores
2356 5555 2679 5627 intelligunt.

1918 5646 2034 5714 Quo
2059 5649 2222 5722 etiam
2249 5650 2462 5705 beatum
2483 5647 2708 5703 Paulum
2733 5658 2943 5718 raptum
2967 5659 3186 5708 sanctus
3203 5648 3428 5718 Ambro-

1847 5741 1959 5798 sius
1992 5743 2070 5814 (in
2097 5741 2160 5799 Il
2176 5743 2245 5797 ad
2272 5742 2394 5800 Cor.
2423 5759 2520 5810 xu,
2549 5743 2605 5815 2)
2637 5741 2883 5812 intelligit
2909 5745 3092 5802 dicens
3122 5761 3136 5797 :
3161 5743 3320 5810 [Quia
3346 5739 3428 5794 ul—
