4010 6352
639 387 777 444 1295
805 377 811 382 ’

1638 381 1696 441 S.
1736 377 2109 440 PRUDENTII
2146 377 2528 437 TRECENSIS
2565 376 2869 438 EPISCOPI

3671 391 3769 447 1296

622 510 720 554 .tra
749 496 932 553 omnia
955 493 1137 550 mundi
1176 493 1352 550 sidera
1397 500 1586 564 raptus
1621 491 1964 564 intelligitur,
2011 499 2067 546 et
2097 490 2218 547 ideo
2244 496 2292 554 A
2319 489 2522 564 angelis
2545 493 2852 548 sublevatus
2878 490 3094 562 legitur,
3123 490 3246 560 quia
3275 491 3320 547 is
3340 492 3425 563 qui
3451 493 3620 552 fecerat
3641 506 3769 560 omnia

638 589 982 662 magniﬁcum
1020 597 1076 642 et
1109 585 1355 644 mirabile
1393 593 1477 642 est
1505 586 1647 657 quod
1675 591 1883 640 narrat.
1931 583 2212 654 Signiﬁcat

638 683 781 734 enim
828 685 991 756 supra
1017 678 1412 732 ﬁrmamentum
1437 675 1492 731 in
1518 677 1734 731 tertium
1765 691 1988 730 numero
2016 674 2210 730 cmlum

639 774 708 830 de
730 771 1062 844 spiritalibus
1087 769 1238 826 caelis
1275 759 1486 839 raptum
1520 766 1917 839 semetipsum]

707 885 749 956 -ι-
783 885 934 952 Quod
970 882 1125 938 nobis
1171 882 1457 953 Apostolus
1497 881 1692 951 aperit,
1728 880 1819 950 qui
1853 879 1918 934 ad
1949 879 2210 949 Ephesios

640 977 876 1048 loquitur
912 993 926 1030 :
959 971 1026 1030 Ut
1057 975 1219 1039 Deus,
1258 973 1470 1028 Domini
1507 973 1670 1028 nostri
1691 973 1816 1026 Jesu
1841 970 2032 1025 Christi
2054 969 2226 1046 Pater}

639 1063 914 1132 claritatis,
945 1065 1027 1120 det
1053 1062 1194 1120 nobis
1222 1066 1461 1135 spiritum
1503 1065 1771 1134 sapientia:
1813 1072 1860 1117 et
1894 1061 2214 1116 reuelationis

641 1158 698 1210 in
727 1155 990 1228 agnitione
1019 1164 1049 1206 ':
1077 1153 1398 1209 illuminatos
1438 1153 1624 1208 habere
1659 1152 1834 1207 oculos
1863 1152 2032 1206 cordis
2063 1151 2214 1205 uestri

639 1245 709 1300 ad
744 1246 856 1300 'hoc
882 1252 937 1298 ut
981 1245 1158 1299 sciatis
1185 1253 1302 1314 qua:
1341 1249 1414 1297 est
1464 1259 1578 1312 spes
1630 1241 1910 1296 uocationis
1940 1241 2075 1310 ejus,
2099 1255 2216 1310 quae

637 1338 832 1392 divitia:
871 1335 1190 1391 htereditatis
1217 1333 1398 1405 gloria:
1431 1333 1546 1404 ejus
1596 1333 1650 1386 in
1692 1333 1924 1396 sanctis;
1955 1332 2019 1385 ’et
2058 1346 2215 1400 quam

636 1425 840 1484 excelsa
879 1425 1183 1497 magnitudo
1209 1425 1324 1496 ejus
1353 1418 1420 1478 ira
1435 1441 1544 1490 vos,
1575 1424 1663 1495 qui
1703 1422 1909 1477 creditis
1933 1421 2216 1477 secundum

637 1519 984 1590 operationem
1005 1517 1244 1588 potentiae
1271 1515 1595 1586 fortitudinis
1617 1501 1750 1585 ejus,
1772 1530 1931 1585 quam
1973 1522 2216 1581 aperatus

633 1621 711 1668 est
732 1611 786 1667 in
805 1609 1036 1676 Christo,
1050 1610 1306 1664 suscitans
1331 1606 1480 1662 illum
1496 1625 1527 1660 a
1539 1607 1783 1672 mortuis,
1798 1614 1845 1660 et
1858 1602 2122 1658 collocavit
2149 1601 2218 1656 ad

636 1703 900 1757 dexteram
917 1700 1012 1755 sibi
1039 1699 1092 1752 in
1115 1697 1425 1763 cmlestibus,
1440 1713 1598 1766 super
1621 1712 1824 1750 omnem
1844 1693 2215 1765 principatum,

635 1805 682 1848 et
701 1802 1027 1866 potestatem,
1046 1802 1093 1848 et
1114 1793 1351 1846 virtutem
1363 1832 1377 1856 ,
1391 1800 1438 1844 et
1451 1790 1879 1853 dominationem,
1895 1796 1942 1841 et
1967 1801 2116 1840 omne
2129 1799 2221 1838 no-

633 1900 776 1948 men,
822 1883 959 1955 quod
1003 1883 1306 1938 nominatur
1351 1898 1456 1936 non
1491 1879 1660 1936 solum
1695 1878 1750 1932 in
1770 1879 1868 1932 hoc
1907 1875 2099 1932 saeculo
2127 1873 2216 1928 sed

633 1969 898 2043 inifutttro
945 1972 1158 2043 (Epltes.
1207 1987 1248 2037 ι,
1294 1971 1384 2036 l7,
1431 1970 1520 2035 18,
1569 1968 1663 2032 19,
1714 1966 1819 2032 20,
1865 1963 2005 2038 21).]

708 2061 881 2129 Quam
911 2060 1149 2132 Apostoli
1183 2059 1506 2116 sententiam
1553 2065 1772 2113 sanctus
1798 2054 2115 2110 Ambrosius
2143 2054 2217 2108 ita

637 2152 892 2221 explanat
911 2151 1000 2220 (ad
1025 2149 1215 2218 Ephes.
1241 2167 1281 2215 ι,
1301 2149 1409 2220 l9):
1427 2147 1768 2220 [Exemplum
1790 2143 1978 2200 salutis
2001 2139 2221 2198 creden-

641 2245 864 2313 tium,et
884 2241 1085 2312 glorias,
1108 2241 1162 2294 in
1187 2231 1585 2304 resurrectione
1606 2236 1902 2292 Salvatoris
1922 2233 2219 2289 consistere

637 2333 938 2404 proﬁtetur,
956 2342 1015 2386 ut
1029 2347 1093 2385 ex
1115 2347 1176 2386 ea
1200 2337 1530 2401 cognoscant
1547 2316 1728 2382 ﬁdeles
1749 2327 1874 2396 quid
1891 2326 1971 2380 eis
1989 2323 2219 2394 promis-

637 2439 756 2479 sum
795 2432 896 2478 est.
931 2421 1107 2477 Simili
1138 2421 1280 2476 enim
1326 2421 1485 2474 modo
1508 2417 1832 2472 extollentur
1863 2430 2023 2485 supra
2053 2413 2218 2468 cmlos

641 2514 807 2568 futuri
835 2529 954 2568 cum
989 2511 1228 2576 Christo,
1257 2512 1397 2565 sicut
1425 2510 1538 2578 ipse
1567 2507 1694 2562 dicit
1726 2524 1739 2560 :
1770 2503 1951 2568 Pater,
1984 2502 2099 2557 volo
2137 2512 2214 2567 ut,

636 2605 724 2658 ubi
762 2620 854 2674 ego
883 2608 1053 2674 fuero,
1078 2609 1126 2655 et
1163 2601 1215 2654 hi
1261 2615 1461 2654 mecum
1500 2598 1626 2663 sint,
1652 2607 1698 2650 et
1744 2595 1949 2649 videant
1996 2592 2216 2660 gloriam

634 2711 804 2750 meam
831 2686 1013 2766 (Joan.
1057 2707 1191 2759 xv",
1219 2691 1352 2762 24);
1399 2690 1503 2745 hoc
1529 2696 1752 2760 propter
1791 2685 2216 2740 incarnationem

639 2784 761 2841 Filii
785 2785 887 2840 Dei
918 2801 931 2837 :
966 2793 1025 2838 ut
1050 2783 1212 2838 etiam
1245 2781 1406 2836 homo
1437 2779 1616 2834 factus
1645 2791 1808 2846 super
1833 2789 2022 2831 omnes
2051 2771 2218 2826 caelos

633 2894 756 2935 esse
775 2878 1004 2941 dicatur,
1021 2884 1076 2930 et
1105 2888 1268 2946 super
1295 2879 1546 2928 cunctam
1577 2877 1904 2933 creaturam,
1933 2865 2125 2921 sedens
2150 2863 2217 2918 ad
2255 2896 2266 2904 -

635 2970 913 3025 dexteram
935 2967 1029 3022 Det
1060 2965 1244 3036 (Apoc.
1276 2978 1359 3027 Ill,
1388 2960 1503 3032 21),
1539 2961 1746 3015 habens
1772 2971 1967 3012 nomen
2002 2955 2091 3008 Dei
2123 2967 2218 3022 per

621 3067 904 3121 otiatur-am,
931 3065 1036 3112 non
1085 3069 1184 3126 per
1229 3051 1594 3122 adoptionem,
1621 3057 1681 3104 ut
1727 3053 2054 3118 cognoscant
2098 3059 2218 3100 esse

618 3175 620 3178 ν
641 3151 796 3204 illum
810 3149 1005 3204 Filium
1025 3147 1117 3202 Dei
1141 3135 1232 3215 qui
1257 3145 1403 3198 illum
1427 3142 1826 3198 cruciﬁxerunl.
1862 3139 2046 3194 Honor
2072 3137 2214 3192 enim

639 3256 801 3311 quem
837 3239 913 3295 illi
942 3238 1090 3294 dedit
1114 3236 1278 3291 Pater
1311 3250 1408 3304 per
1435 3232 1858 3306 generationem,
1883 3239 2009 3284 tunc
2046 3227 2216 3283 mani-

621 3332 868 3388 !l'estatus
911 3338 995 3386 est
1031 3343 1151 3383 cum
1196 3337 1354 3380 natus
1399 3327 1562 3380 homo
1609 3337 1801 3394 passus
1837 3329 1954 3384 est,
1983 3326 2038 3374 et
2077 3318 2218 3372 victa

643 3433 818 3481 morte
843 3419 1166 3486 resurrexit,
1191 3418 1486 3474 ascendens
1515 3416 1656 3472 unde
1681 3414 2033 3471 descenderat
2057 3425 2219 3480 super

641 3529 831 3571 omnes
858 3511 1046 3569 caelos.
1079 3509 1098 3583 ]

710 3627 751 3696 ἰ-
788 3624 920 3681 item
947 3623 1088 3678 idem
1129 3617 1418 3692 Apostolus
1460 3618 1514 3673 in
1559 3616 1749 3673 eadem
1797 3611 2037 3684 Epistola
2070 3629 2084 3666 :
2112 3610 2216 3677 Qui
2261 3665 2265 3668 λ

642 3717 929 3784 descendit,
954 3717 1062 3788 ipse
1089 3725 1162 3770 est
1183 3715 1274 3786 qui
1313 3712 1543 3768 ascendit
1590 3727 1745 3782 super
1764 3724 1939 3764 omnes
1959 3707 2133 3773 cretes,
2160 3714 2218 3759 ut

643 3811 874 3882 impleret
904 3809 1101 3864 omnia.
1139 3804 1292 3874 Quod
1335 3805 1525 3859 beatus
1552 3801 1696 3872 Papa
1725 3799 2024 3870 Gregorius
2053 3793 2216 3852 simili

643 3903 752 3958 ﬁde
777 3899 1077 3973 praedicans
1101 3897 1265 3953 etiam
1297 3896 1438 3950 intra
1482 3893 1773 3949 missarum
1819 3888 2105 3952 solemnia,
2132 3887 2218 3942 die

642 3993 1009 4056 Pentecostes,
1038 3989 1093 4042 in
1138 3987 1230 4042 Dei
1262 3986 1448 4041 laudes
1490 3981 1868 4040 devotissimus
1915 3976 2218 4049 persultans

644 4095 700 4140 et
727 4083 927 4140 cecinit
947 4091 1004 4138 et
1025 4080 1328 4137 canendum
1357 4092 1530 4148 usque
1565 4078 1620 4132 in
1657 4075 1817 4130 ﬁnem
1847 4072 2031 4129 saeculi
2052 4071 2216 4126 dere-

645 4176 822 4247 liquit.
838 4174 940 4244 Qui
962 4187 1086 4228 cum
1113 4171 1358 4242 dignum,
1387 4168 1680 4238 etjustum,
1709 4175 1765 4222 et
1790 4180 2028 4236 azquum,
2053 4171 2106 4216 et
2135 4177 2218 4217 sa-

646 4269 822 4323 lutare
844 4267 1050 4322 diceret
1077 4278 1184 4319 nos
1205 4261 1316 4316 Deo
1339 4259 1488 4315 Patri
1519 4259 1722 4340 gratias
1748 4270 1912 4329 agere
1945 4269 2042 4324 per
2061 4251 2220 4308 Chri-
2251 4315 2254 4318 ,

646 4369 790 4417 stum
811 4358 1097 4414 Dominum
1113 4347 1387 4418 uestrum,
1408 4349 1772 4421 subjunxitﬁn
1793 4349 1832 4402 ι.
1855 4346 2118 4410 Sacram,
2132 4343 2220 4398 die

651 4448 1003 4521 Pentecostes)
1038 4467 1050 4502 :
1081 4446 1218 4521 [Qui
1247 4443 1544 4501 ascendens
1584 4457 1746 4512 super
1791 4453 1980 4494 omnes
2028 4435 2215 4500 caelos,

650 4541 950 4611 sedensque
975 4539 1043 4594 ad
1079 4538 1359 4594 dexteram
1381 4543 1551 4598 tuam,
1584 4531 1912 4602 promissum
1962 4526 2219 4598 Spiritum
2252 4522 2300 4582 D

650 4638 899 4687 sanctum
923 4627 1186 4684 hodierna
1215 4626 1302 4682 die
1329 4625 1384 4680 in
1413 4622 1555 4678 ﬁlios
1578 4619 1882 4692 adoptionis
1907 4613 2152 4687 elludit.]

721 4764 764 4834 -ι-
789 4761 935 4817 Idem
957 4759 1012 4815 in
1035 4757 1264 4813 Homilia
1291 4754 1380 4819 29,
1407 4754 1473 4808 de
1502 4749 1832 4807 Ascensione
1853 4746 2063 4802 Domini
2097 4763 2109 4799 :
2145 4743 2223 4817 [In

653 4851 866 4917 Veteri,
899 4849 1107 4924 inquit,
1141 4845 1488 4902 Testamento
1516 4839 1864 4915 cognovimus
1894 4837 2034 4908 quod
2077 4834 2226 4889 Elius

651 4945 718 4998 sit
747 4952 929 5012 raptus
970 4942 1025 4994 in
1064 4937 1248 4994 ctelum
1290 4933 1396 5008 (IV
1426 4933 1554 5005 Reg.
1581 4949 1642 4999 tr,
1689 4932 1798 5003 ll),
1838 4931 1933 4986 sed
1976 4927 2120 4982 aliud
2143 4937 2225 4982 est

653 5035 852 5094 emittm
915 5046 1134 5087 aereum
1166 5070 1183 5096 ,
1213 5027 1359 5083 aliud
1408 5027 1725 5082 :ethereum.
1777 5023 1985 5078 Caelum
2029 5020 2226 5090 quippe

655 5141 873 5184 aereum
903 5135 1062 5180 terrae
1099 5131 1186 5178 est
1212 5121 1538 5192 proximum,
1571 5118 1712 5172 unde
1743 5123 1798 5172 et
1823 5130 1948 5170 aves
1991 5111 2115 5168 coeli
2147 5112 2227 5167 di-

655 5221 850 5286 cimus,
881 5217 1009 5289 quia
1037 5231 1130 5272 eas
1160 5214 1385 5270 volitare
1410 5212 1464 5267 in
1492 5224 1618 5264 aere
1645 5207 1908 5262 videmus.
1941 5205 1999 5260 In
2027 5204 2224 5260 omium

656 5317 844 5386 itaque
870 5325 1090 5368 aereum
1119 5308 1264 5364 Elias
1311 5305 1620 5362 sublevatus
1647 5309 1750 5364 est,
1796 5307 1856 5353 ut
1883 5300 1934 5352 in
1962 5305 2227 5353 secretam
2270 5311 2274 5317 ·

654 5406 946 5480 quamdam
970 5411 1128 5458 terra:
1156 5399 1433 5471 regionem
1463 5401 1684 5466 repente
1709 5390 2019 5466 duceretur,
2052 5387 2142 5442 ubi
2173 5386 2227 5440 in

658 5511 855 5567 magna
905 5493 1020 5564 jam
1067 5490 1246 5546 carnis
1282 5497 1338 5543 et
1377 5487 1599 5558 spiritus
1629 5483 1811 5556 quiete
1839 5480 2068 5544 viveret,
2100 5491 2234 5547 quo-

660 5601 834 5663 usque
882 5586 946 5642 ad
991 5584 1153 5640 ﬁnem
1183 5580 1366 5636 mundi
1415 5577 1622 5642 redeat,
1655 5583 1710 5631 et
1755 5572 1945 5628 mortis
1993 5569 2231 5625 debitum

585 5737 590 5740 _
643 5661 858 5732 solvat.
913 5675 1005 5734 llle
1032 5673 1177 5728 enim
1209 5679 1436 5725 mortem
1486 5665 1712 5730 distulit,
1746 5680 1851 5719 non
1902 5661 2092 5724 evasit,
2125 5668 2230 5714 etc.

647 5768 993 5835 Redemptor
1019 5776 1200 5824 autem
1229 5771 1414 5822 noster
1442 5778 1547 5820 non
1592 5773 1752 5818 curru
1784 5757 1906 5829 (ld.,
1937 5754 2090 5828 ibid),
2124 5768 2231 5810 non

2312 583 2561 639 nimirum
2591 598 2754 654 super
2771 582 2952 638 omnia
2982 597 3078 638 sua
3105 583 3298 638 virtute
3325 583 3622 662 ferebatur.]

2379 675 2448 730 Et
2472 673 2610 728 infra
2643 692 2656 728 :
2686 673 2792 746 [Ut
2819 673 3031 728 veniret
3075 676 3404 743 postmodum
3437 679 3518 746 qui
3544 696 3626 736 nec
3647 692 3772 744 tuns-

2311 765 2452 821 latus
2491 779 2590 820 nec
2633 764 2942 830 subvectus,
2985 763 3183 820 omium
3221 765 3497 822 aztbereum
3523 784 3604 824 sua
3637 774 3774 832 virtute

2311 853 2665 926 penetraret.]

2380 946 2422 1014 -ι-
2453 943 2621 1010 Beda,
2643 944 2698 998 in
2748 944 2976 1001 Homilia
3008 945 3076 1000 de
3121 944 3310 1000 eadem
3345 943 3602 1003 festivitate
3632 961 3774 1009 nauus

2314 1034 2561 1088 humana:
2585 1049 2616 1088 a
2649 1035 2876 1090 Domino
2903 1044 3144 1102 sumptas,
3167 1035 3385 1105 gloriam
3432 1037 3628 1095 ﬁdeliter
3661 1057 3773 1098 eam-

2313 1124 2454 1179 tians
2484 1125 2561 1179 ait
2592 1142 2606 1180 :
2639 1122 2834 1196 [Hane
2888 1141 3054 1196 super
3092 1140 3298 1198 pennas
3344 1138 3595 1183 ventorum
3633 1136 3775 1196 evexit,

2313 1228 2434 1268 cum
2465 1223 2798 1284 assumptam
2821 1215 2886 1270 de
2913 1216 3075 1270 terris
3110 1230 3215 1269 non
3245 1215 3412 1270 solum
3443 1232 3584 1286 super
3602 1222 3776 1277 universa

2315 1304 2457 1358 aeris
2485 1304 2644 1374 hujus
2671 1305 2867 1375 spatia,
2900 1304 2994 1360 sed
3035 1305 3200 1360 etiam
3224 1319 3385 1376 super
3405 1321 3594 1362 omnem
3628 1311 3778 1367 aetheris

2316 1393 2650 1448 altitudinem
2676 1393 2985 1457 sustollens,
3019 1393 3074 1448 in
3125 1393 3414 1464 Maiestatis
3454 1394 3656 1452 Patet-nte
3694 1400 3778 1454 dct-

2319 1493 2433 1540 tera
2452 1485 2751 1540 collocavit.
2771 1486 2812 1555 1-
2826 1485 2894 1539 Et
2918 1485 3000 1540 inl‘
3000 1502 3056 1540 ra
3073 1501 3086 1538 :
3104 1484 3264 1557 [Nam
3284 1495 3337 1542 et
3355 1487 3589 1557 septimus
3602 1490 3654 1544 ab
3667 1491 3778 1546 Adam

2318 1575 2500 1630 Enoch
2532 1576 2822 1632 translatus
2875 1577 2942 1632 de
2988 1577 3225 1640 mundo,
3286 1587 3342 1633 et
3388 1577 3521 1632 Elius
3568 1580 3612 1634 in
3650 1581 3779 1636 cuius

2319 1665 2628 1721 sublevatus
2676 1680 2896 1722 aereum
2949 1681 3248 1723 ascensuro
3291 1682 3446 1737 super
3483 1683 3638 1725 omnes
3675 1671 3780 1729 celat

2321 1755 2548 1810 Domino
2589 1756 2952 1812 testimonium
2999 1758 3364 1828 praebuerunt.
3391 1756 3556 1829 ]-;-llis
3589 1760 3780 1814 venulus

2246 1840 2294 1900 B
2323 1843 2672 1914 ﬁdelibusque
2721 1843 3044 1899 testimoniis
3093 1845 3420 1914 prtemuniti,
3471 1845 3636 1901 nullius
3667 1848 3778 1903 amhic

2319 1934 2538 2006 guitatis
2565 1933 2841 1989 obstaculo
2862 1933 3223 2004 prmpedimur
3273 1935 3402 2004 quin
3435 1935 3676 1990 humanam
3703 1936 3779 1989 sub-

2317 2026 2570 2080 stantiam
2592 2041 2623 2079 a
2645 2025 2740 2080 Dei
2767 2024 2902 2080 Filio
2924 2032 3193 2104 sumptam
3237 2040 3399 2094 super
3438 2039 3600 2080 omnes
3641 2033 3778 2081 creatu-

2319 2132 2408 2171 ras
2430 2116 2714 2183 elevatam,
2738 2126 3050 2187 regnantem
3077 2126 3132 2173 et
3156 2111 3531 2174 consistentem
3571 2119 3777 2182 credamus,

2317 2215 2371 2260 et
2402 2206 2633 2262 ﬁdeliter
2658 2207 3041 2264 collaudemus.
3081 2207 3202 2276 Quo
3240 2208 3426 2273 etiam,
3455 2207 3778 2276 secundumpro-

2319 2297 2626 2352 missionem
2655 2313 2832 2364 suam,
2857 2307 2913 2353 et
2949 2313 3091 2354 nunc
3132 2297 3208 2370 (id
3235 2308 3322 2354 est
3347 2307 3467 2354 ante
3499 2299 3617 2353 diem
3643 2298 3776 2367 iudicii)

2316 2396 2629 2441 sanctorum
2659 2388 2888 2453 animas,
2919 2397 2976 2442 et
3008 2397 3146 2468 post.
3171 2389 3479 2446 earumdem
3502 2401 3681 2455 corpora
3707 2387 3779 2440 sub-

2318 2476 2565 2540 levanda,
2587 2486 2641 2532 et
2661 2478 3031 2549 gloriﬁcanda,
3054 2489 3242 2550 atque,
3265 2478 3421 2548 juxta
3446 2478 3713 2548 Apostolum,
3735 2479 3780 2530 ei-

2318 2566 2438 2622 dem
2471 2578 2863 2635 conregnatura
2888 2577 2942 2622 et
2966 2583 3289 2624 consessura
3325 2568 3530 2623 minime
3551 2567 3777 2622 dubitamus

2389 2654 2540 2710 Unde
2570 2664 2625 2710 et
2644 2655 2832 2710 beatus
2855 2655 3148 2728 Gregorius
3177 2659 3231 2711 in
3258 2667 3449 2728 quarto
3469 2653 3779 2726 Dialogorum“-

2318 2749 2416 2802 bro
2431 2747 2570 2820 (cap.
2585 2748 2676 2820 25)
2701 2748 2986 2816 eloquitur,
3011 2765 3131 2804 cum
3153 2766 3279 2804 eum
3300 2749 3483 2804 Petrus
3505 2749 3778 2816 interrogaret:

2322 2837 2524 2909 [Placet
2549 2838 2690 2907 quod
2719 2838 2874 2902 dicis,
2915 2839 3010 2893 sed
3035 2853 3195 2894 nosse
3248 2839 3407 2894 velim
3455 2837 3560 2910 [al.,
3584 2831 3780 2905 vellemlsi

2318 2943 2480 2991 nunc,
2507 2937 2634 2982 ante
2670 2927 3121 2982 resurrectionem
3157 2943 3444 2999 corporum
3464 2968 3477 2992 ,
3506 2929 3552 2981 in
3594 2923 3696 2980 celo
3727 2938 3780 2975 ne-

2319 3017 2423 3088 cipi
2457 3017 2670 3072 valeant
2693 3017 2886 3071 animae
2914 3014 3296 3084 justorum.-—
3316 3017 3611 3074 Caesonius.
3637 3014 3781 3070 Horm-

2319 3125 2423 3179 que
2445 3109 2510 3165 de
2535 3107 2785 3164 omnibus
2804 3106 2967 3176 iustis
2991 3106 3148 3164 fateri
3169 3124 3475 3178 possumus,
3499 3120 3642 3175 neque
3657 3105 3703 3158 de
3715 3117 3781 3156 om-

2320 3197 2475 3253 nibus
2490 3188 2706 3268 negare,
2727 3211 2852 3250 nam
2877 3205 3001 3250 sunt
3027 3197 3386 3266 quorumdam
3401 3197 3632 3266 justorum
3645 3191 3778 3250 sitim.

2318 3303 2438 3358 qua:
2464 3302 2492 3340 a
2514 3285 2721 3341 caelesti
2749 3300 2915 3357 regno
2943 3287 3269 3355 quibusdam
3302 3287 3472 3341 adhuc
3518 3281 3779 3338 mansionibus

2318 3380 2668 3445 diﬂ'eruntur;
2703 3378 2757 3433 in
2785 3394 2894 3449 quo
2915 3378 3194 3433 dilationis
3210 3377 3413 3434 damno
3456 3376 3570 3447 quid
3610 3371 3713 3426 aliud
3731 3370 3778 3422 in-

2319 3471 2500 3525 nuitur
2518 3471 2619 3526 nisi
2648 3469 2791 3541 quod
2829 3469 2895 3524 de
2917 3469 3159 3539 perfecta
3201 3468 3414 3539 justitia
3463 3464 3632 3536 aliquid
3671 3459 3780 3515 minus

2317 3564 2653 3621 habuerunt?
2679 3575 2733 3620 et
2764 3573 2939 3620 tamen
2964 3565 3084 3620 luce
3111 3563 3314 3620 clarius
3354 3569 3550 3618 constat
3585 3557 3678 3629 quia
3711 3566 3782 3624 pet-

2317 3656 2580 3715 fectorum
2625 3657 2895 3729 iustorum
2951 3659 3164 3720 animae,
3209 3674 3340 3714 mox
3398 3667 3455 3712 ut
3507 3655 3637 3725 hujus
3670 3645 3780 3704 carnis

2316 3751 2549 3808 claustra
2580 3760 2796 3816 exeunt,
2849 3751 2902 3805 in
2928 3750 3241 3806 coelestibus
3293 3749 3413 3822 [al.,
3443 3746 3644 3804 ctelestis
3675 3733 3778 3809 regni]

2317 3843 2532 3898 sedibus
2560 3843 2913 3912 recipiuntur,
2936 3827 3076 3911 quod
3101 3851 3156 3895 et
3185 3842 3303 3910 ipsa
3333 3841 3535 3896 Veritas
3573 3841 3778 3890 attestatur.

2315 3933 2500 3989 dicens
2536 3951 2550 3987 :
2585 3931 2888 4004 Ubicunque
2916 3933 3073 4003 fuerit
3103 3950 3314 4003 corpus,
3347 3932 3469 3986 illuc
3509 3922 3780 3998 congregaba-

2317 4035 2405 4078 tur
2431 4023 2622 4096 aquila:
2647 4022 2796 4095 (Luc.
2828 4040 2958 4086 xvn,
2984 4023 3075 4093 57)
3109 4041 3122 4078 :
3157 4025 3286 4094 quia
3317 4024 3406 4077 ubi
3435 4024 3538 4092 ipse
3557 4018 3780 4081 Redemptor

2317 4125 2501 4171 noster
2523 4123 2604 4170 est
2633 4129 2883 4185 corpore,
2913 4115 3040 4170 illuc
3066 4113 3256 4184 procul
3288 4113 3447 4168 dubio
3489 4105 3780 4178 colligunturet

2317 4201 2878 4276 animaejustorumEt
2889 4205 3084 4261 Paulus
3099 4205 3350 4261 :Dissolvi
3364 4203 3580 4259 desidero
3594 4190 3783 4270 [τιΙηαΡίο

2317 4295 2552 4368 dissolvi]
2564 4305 2609 4350 et
2626 4312 2741 4349 cum
2754 4293 2960 4350 Christo
2973 4313 3082 4350 esse
3093 4293 3316 4365 (Philip.
3333 4289 3576 4363 t,2.'5).Qui
3589 4299 3684 4356 ergo
3692 4277 3784 4335 Chri-

2319 4400 2458 4445 stum
2480 4405 2598 4444 esse
2623 4390 2676 4443 in
2696 4388 2832 4444 casio
2857 4405 2963 4445 non
2981 4388 3210 4456 dubitat,
3237 4404 3339 4442 nec
3353 4387 3495 4441 Pauli
3517 4383 3700 4460 animam
3714 4383 3785 4460 esst

2326 4479 2376 4533 in
2392 4479 2529 4534 caelo
2542 4477 2720 4551 negat,
2743 4479 2832 4548 qui
2848 4479 3010 4533 etiam
3027 4477 3093 4533 de
3105 4455 3372 4533 solutione
3388 4474 3476 4548 [al.
3488 4515 3501 4538 ,
3520 4455 3784 4551 dissolutiont]

2328 4571 2411 4626 sui
2465 4548 2730 4640 corporis,
2779 4579 2938 4638 atque
2985 4568 3377 4624 inhabitatione
3426 4563 3594 4636 patriae
3633 4548 3786 4612 celestis

2329 4663 2493 4718 dicit:
2547 4660 2755 4718 Scimus
2799 4663 3046 4732 quoniam
3093 4661 3137 4714 si
3190 4660 3447 4714 terrestris
3490 4657 3643 4710 domus
3675 4653 3785 4727 nostri

2327 4753 2486 4822 hujus
2527 4751 2864 4805 habitationis
2909 4750 3244 4816 dissolvatur,
3294 4749 3450 4820 quod,
3497 4737 3785 4812 adi/ictuictu!

2326 4844 2572 4898 habemus
2599 4861 2630 4896 a
2650 4842 2758 4897 Deo
2782 4842 2992 4897 domum
3015 4857 3116 4896 non
3172 4841 3539 4909 manufactam,
3580 4831 3653 4887 sed
3692 4833 3784 4878 tm"

2329 4952 2450 4990 nam
2471 4936 2526 4990 in
2548 4933 2686 4989 caelis
2715 4933 2798 5007 (II
2821 4933 2942 4988 Cor.
2964 4951 3016 5000 v,
3043 4935 3118 5005 l).
3137 4966 3209 4975 —
3227 4933 3456 4988 Penus.
3481 4928 3531 4984 Si
3556 4925 3686 4996 igitur
3700 4921 3784 5007 ηυξ(

2328 5025 2384 5078 in
2411 5023 2552 5099 etelo
2582 4997 2930 5078 suut‘animaa
2947 4997 3244 5093 iustorum,
3269 5021 3396 5092 quid
3424 5027 3499 5074 est
3536 5011 3653 5083 quod
3681 4997 3786 5099 indie

2322 5114 2509 5185 judicii
2537 5096 2632 5185 pro
2649 5115 2872 5187 justitia:
2892 5090 3003 5168 suae
3023 5090 3373 5169 retributione
3394 5090 3786 5187 recipienﬂ—GI‘:

2329 5219 2540 5263 contus.
2565 5205 2678 5260 Hoc
2707 5206 2787 5260 eis
2826 5205 3076 5258 nimirum
3132 5201 3325 5257 crescit
3375 5201 3425 5254 in
3463 5175 3788 5266 judicio,'tll|0d

2330 5313 2472 5352 nunc
2501 5297 2803 5351 animarum
2838 5294 2974 5360 sola,
3004 5277 3339 5364 postmodum
3375 5291 3508 5344 'vero
3551 5282 3679 5339 etiam
3713 5282 3787 5327 cor.

2332 5401 2525 5458 porum
2552 5385 2877 5442 beatitudine
2899 5383 3274 5454 perfruentur;
3309 5389 3367 5434 ut
3407 5379 3457 5434 in
3511 5377 3606 5445 ipsa

2335 5457 2498 5531 carne
2523 5475 2808 5546 gaudeant,
2838 5473 2892 5527 in
2924 5488 3030 5542 qua
3061 5471 3271 5527 dolores
3297 5485 3392 5540 pro
3420 5464 3616 5520 Domino
3649 5457 3787 5546 emat:

2337 5543 2905 5636 Iusquevpertulerunt.
2939 5561 3044 5617 Pro
3075 5562 3176 5616 hac
3209 5561 3402 5630 quippe
3423 5553 3652 5627 geminata
3666 5543 3787 5636 θοξιξη

2335 5624 2506 5730 gloria
2539 5624 2796 5727 scripturn
2819 5665 2906 5709 est
2935 5673 2948 5708 :
2978 5653 3046 5708 In
3088 5624 3244 5707 terra.
3265 5624 3358 5707 sua
3401 5624 3604 5716 duplicia

2339 5725 2464 5806 bunt
2495 5725 2767 5822 (Isa.t.xr,
2800 5746 2875 5818 7).
2925 5743 3061 5801 Hinc
3113 5745 3274 5799 etiam
3319 5749 3440 5795 ante
3486 5725 3785 5790 resurrectio"!
