4010 6352
224 340 364 404 ιξθι

1092 350 1180 405 DE
1219 345 1886 404 PREDESTINATIONE
1922 342 2200 401 CONTRA
2233 344 2282 400 J.
2323 344 2618 401 SCOTULI.

3333 340 3464 399 1298

223 462 366 517 diem
407 462 473 517 de
514 469 824 518 sanctorum
875 461 1159 518 animabus
1206 461 1465 532 scriptum
1497 469 1579 516 est
1611 478 1623 513 :
1652 459 1801 514 Data
1826 465 1877 523 Α
1904 457 2102 529 eloquii
2127 467 2335 515 secreta
2360 467 2669 529 potuerunt.
2695 456 2827 512 Cum
2851 471 2980 528 ergo
3030 458 3098 512 ad
3155 444 3467 513 solvendum

223 563 347 607 sunt
375 551 479 607 illis
508 554 728 624 singula:
756 553 901 609 stola:
932 553 1098 618 albae;
1146 562 1195 608 et
1222 553 1417 607 dictum
1462 562 1536 607 est
1592 550 1695 605 illis
1749 560 1803 605 ut

226 644 599 714 requiescerent
634 652 833 716 tempus
870 644 1041 699 adhuc
1071 645 1351 708 modicum,
1391 643 1553 697 donec
1584 641 1801 711 implea-

225 745 315 790 tur
336 752 582 790 numerus
615 752 977 791 conservorum
1028 744 1075 790 et
1117 736 1344 806 fratrum
1389 749 1565 789 eorum
1620 733 1799 802 (Apoc.

225 841 307 890 vr,
338 825 445 896 11).
488 824 587 893 Qui
617 825 797 897 itaque
820 842 961 882 nunc
996 826 1233 895 singulas
1261 830 1604 893 acceperunt,
1649 820 1804 876 binas

228 915 284 969 in
306 915 513 984 judicio
544 916 710 971 stolas
738 915 973 970 habituri
1005 923 1147 979 sunt,
1170 914 1293 984 quia
1321 913 1481 967 modo
1502 911 1803 965 animarum

228 1014 463 1071 tantum,
507 1016 633 1061 tunc
662 1006 962 1061 animarum
1009 1004 1167 1060 simul
1212 1013 1268 1059 et
1314 1017 1598 1073 corporum
1636 999 1804 1071 gloria

229 1092 571 1151 laetabuntur.
594 1094 614 1169 ]

304 1186 433 1255 -j-Et
458 1188 608 1257 quia,
662 1187 929 1242 tribuente
959 1184 1205 1249 Domino,
1250 1184 1315 1239 de
1355 1183 1473 1240 loco
1528 1192 1583 1237 et
1637 1180 1802 1252 gloria

230 1284 545 1330 sanctorum
584 1276 722 1347 ejus,
778 1286 1037 1354 quantum
1095 1286 1343 1346 suscepto
1394 1273 1542 1345 operi
1592 1287 1807 1343 compe—

232 1373 355 1419 tens
383 1364 656 1432 duximus,
682 1366 815 1420 satis
844 1365 1087 1420 fidelibus
1108 1365 1335 1436 egimus,
1379 1379 1521 1419 nunc
1575 1362 1639 1418 de
1688 1361 1808 1419 loco

233 1464 289 1511 et
311 1457 603 1529 ignominia
658 1460 1031 1529 reproborum,
1083 1459 1198 1529 ipso
1248 1457 1482 1523 favente,
1533 1455 1808 1512 videamus

234 1562 355 1617 quae
380 1549 480 1603 sub
507 1549 667 1603 terris
696 1564 815 1604 esse
866 1548 1186 1603 auctoritate
1227 1548 1460 1603 veridica
1514 1547 1808 1617 perdocen-

235 1644 355 1702 tur;
386 1638 451 1692 de
479 1652 584 1707 qua
609 1654 665 1693 re
712 1640 785 1693 ita
835 1639 1049 1693 beatum
1099 1639 1414 1708 Gregorium
1458 1647 1807 1709 percontatus
1844 1710 1853 1713 ι

236 1734 318 1782 est
350 1726 540 1782 Petrus
562 1727 800 1800 (Gregor.
826 1729 1033 1799 Dialog.
1053 1728 1089 1783 Ι.
1121 1744 1191 1791 tv,
1223 1745 1274 1784 c.
1304 1729 1396 1800 28)
1418 1748 1431 1782 :
1450 1728 1807 1800 [Inquisitioni

1903 549 2025 622 [al.,
2061 549 2428 623 aperiendum]
2466 549 2658 605 librum
2714 548 2888 604 nullus
2925 547 3025 603 sub
3054 558 3196 603 terra
3225 550 3472 605 inventus

1902 641 2092 711 dignus
2122 641 2334 703 dicitur,
2366 640 2493 710 quid
2529 641 2705 695 obstet
2735 654 2840 694 non
2873 638 3048 702 video.
3090 647 3150 694 ut
3184 639 3283 695 sub
3330 648 3471 694 terra

1902 744 2021 787 esse
2050 730 2290 785 infernus
2316 728 2619 802 credatur.]

1973 821 2013 890 οι-
2034 820 2176 876 Idem
2207 820 2259 875 in
2276 819 2503 875 Homilia
2520 820 2589 875 38
2603 827 2727 876 aute
2742 819 2998 886 medium,
3017 820 3070 876 in
3091 820 3437 893 Evangelium
3458 840 3471 875 :

1903 910 2057 985 [Boni
2072 909 2212 966 enim
2228 910 2327 966 soli
2341 926 2601 982 nusquam
2624 920 2749 967 sunt
2768 912 2872 967 nisi
2896 911 2949 967 in
2972 912 3132 979 ccelo,
3153 920 3208 967 et
3226 913 3352 968 mali
3376 914 3477 970 soli

1904 1016 2166 1071 nusquam
2197 1011 2321 1057 sunt
2357 1001 2459 1056 nisi
2498 1001 2553 1056 in
2593 1001 2823 1058 inferno.
2857 1002 2983 1058 ﬂare
3019 1012 3198 1059 autem
3218 1006 3329 1059 vita
3364 1020 3483 1076 quae

1904 1090 2046 1147 inter
2093 1093 2285 1148 cadum
2322 1101 2376 1146 et
2414 1092 2680 1148 infernum
2728 1095 2826 1149 sita
2890 1104 2993 1161 est,
3049 1096 3188 1153 sicut
3213 1096 3264 1152 in
3306 1097 3483 1153 medio

1904 1183 2180 1251 subsistit;
2209 1185 2281 1239 ita
2320 1194 2669 1254 utrarumque
2694 1186 2923 1256 partium
2949 1187 3095 1243 cives
3127 1188 3486 1243 communiter

1906 1274 2097 1343 recipit
2128 1291 2141 1328 :
2173 1288 2308 1344 quos
2344 1282 2521 1329 tamen
2551 1284 2734 1330 sancta
2779 1274 3038 1341 Ecclesia,
3081 1284 3137 1332 et
3170 1292 3312 1333 nunc
3347 1277 3484 1333 indi-

1906 1372 2079 1420 screte
2103 1364 2345 1434 suscipit,
2358 1372 2411 1419 et
2428 1365 2764 1434 postmodum
2787 1366 2839 1420 in
2856 1356 3169 1437 egressione
3182 1366 3484 1441 discernit.]

1974 1452 2017 1522 -ι-
2061 1453 2205 1511 Idem
2266 1453 2320 1509 in
2369 1453 2679 1521 Moralibus,
2729 1454 2821 1511 lib.
2870 1471 2966 1511 xui
3022 1455 3091 1528 (c.
3140 1455 3282 1527 ult.):
3316 1456 3485 1530 [Cum

1907 1554 2118 1602 constet
2153 1546 2295 1617 quod
2337 1546 2477 1617 apud
2521 1546 2725 1603 inferos
2761 1546 2891 1616 justi
2940 1563 3047 1605 non
3094 1548 3148 1603 in
3191 1548 3327 1605 locis
3372 1563 3490 1619 pm-

1908 1635 2141 1703 ualibus,
2196 1637 2292 1693 sed
2338 1637 2394 1693 in
2442 1639 2704 1708 superiori
2730 1639 2954 1708 'quietis
2987 1640 3108 1695 sinu
3154 1648 3486 1706 tenerentur,

1910 1742 2105 1800 magna
2133 1728 2288 1784 nobis
2320 1728 2568 1785 oboritur
2611 1730 2869 1799 quaestio,
2922 1731 3176 1801 quidnam
3221 1733 3295 1787 sit
3346 1733 3488 1802 quod

239 1834 391 1883 meae,
418 1818 589 1884 aiens,
617 1818 1078 1888 suﬂicienterjam
1117 1819 1275 1875 video
1298 1819 1658 1886 satisfactum,
1715 1819 1808 1876 sed
1840 1808 1884 1867 Β
1910 1818 2101 1875 beatus
2128 1817 2229 1875 Job
2262 1819 2459 1875 asserit
2483 1820 2665 1875 dicens
2692 1835 2707 1874 :
2731 1819 2798 1874 In
2827 1820 3291 1891 profundissimam
3329 1820 3492 1893 infer»-

240 1912 342 1967 lioc
373 1918 456 1966 est
476 1913 652 1967 adhuc
675 1913 815 1981 quod
844 1912 1138 1982 quaastione
1171 1912 1407 1967 animum
1440 1912 1635 1983 pulsat,
1665 1914 1812 1982 quia,

242 2017 362 2056 cum
392 2003 637 2073 superius
670 2003 870 2058 dictum
900 2003 971 2059 sit
991 2018 1110 2058 esse
1126 2004 1236 2076 jam
1264 2013 1574 2061 sanctorum
1608 2006 1816 2060 animas

244 2092 297 2147 iu
341 2094 498 2159 coelo,
532 2102 699 2149 restat
730 2094 916 2164 procul
953 2094 1113 2149 dubio
1162 2103 1222 2149 ut
1262 2094 1564 2164 iniquorum
1605 2110 1818 2164 quoque

246 2186 436 2240 animae
464 2202 582 2241 esse
613 2202 717 2241 non
748 2186 849 2241 nisi
877 2185 930 2239 in
963 2184 1174 2240 inferno
1222 2185 1541 2251 credantur;
1589 2193 1644 2241 et
1689 2186 1819 2256 quid

246 2266 311 2330 de
349 2276 451 2331 hac
482 2292 541 2331 re
565 2278 761 2332 habeat
788 2277 989 2333 veritas
1017 2277 1205 2348 ignoro
1233 2296 1245 2331 :
1276 2293 1401 2332 nam
1430 2277 1665 2332 humana
1679 2278 1819 2334 testi-

247 2367 411 2421 matio
436 2382 542 2420 non
572 2368 735 2423 habet
760 2375 1105 2437 peccatorum
1135 2368 1343 2423 animas
1388 2375 1514 2423 ante
1554 2367 1819 2439 judicium

246 2470 404 2524 posse
429 2457 678 2511 cruciari.
697 2487 761 2496 —
784 2456 1110 2513 Gaacoutus.
1140 2457 1197 2513 Si
1227 2472 1343 2512 esse
1368 2469 1675 2512 sanctorum
1704 2458 1821 2512 ani-

249 2558 366 2597 mas
395 2544 447 2597 iu
487 2543 625 2600 coelo
680 2545 824 2599 sacri
866 2544 1064 2613 eloquii
1112 2543 1479 2599 satisfactione
1524 2543 1818 2610 credidisti,

247 2640 460 2701 oportet
488 2641 545 2687 ut
572 2648 671 2705 per
699 2634 881 2689 omnia
918 2648 1038 2689 esse
1072 2634 1263 2689 credas
1287 2644 1343 2689 et
1368 2635 1676 2706 iniquorum
1706 2634 1823 2689 aui-

248 2738 364 2777 mas
388 2723 441 2777 in
473 2722 704 2791 inferno,
732 2725 857 2795 quia
879 2739 946 2780 ex
969 2725 1321 2780 retributione
1344 2734 1559 2781 aeternae
1574 2726 1819 2797 justitias,

248 2830 315 2869 ex
342 2830 447 2885 qua
469 2813 580 2882 jam
605 2814 737 2883 justi
769 2816 1088 2887 gloriantur,
1113 2831 1331 2872 necesse
1367 2825 1451 2873 est
1496 2832 1593 2889 per
1639 2818 1821 2874 omnia

250 2912 308 2957 ut
338 2913 391 2959 et
414 2903 593 2973 injusti
618 2906 945 2960 crucientur.
972 2905 1105 2960 Nam
1152 2906 1292 2961 sicut
1320 2907 1521 2963 electos
1549 2907 1846 2963 beatitudo

249 2994 503 3061 laetificat,
526 2997 599 3050 ita
628 2997 772 3052 credi
798 3012 1018 3051 necesse
1050 3006 1135 3051 est
1151 2998 1293 3069 quod
1321 3014 1351 3052 a
1375 2998 1460 3054 die
1507 2999 1686 3069 exitus
1737 2999 1819 3054 sui

250 3083 385 3155 ignis
412 3087 669 3156 reprobos
706 3095 917 3141 exurat.
948 3086 1273 3142 —P£rnus.
1301 3085 1431 3153 Sed,
1464 3103 1666 3159 quaeso,
1692 3087 1815 3159 quia

248 3174 491 3243 superior
518 3190 697 3230 sermo
723 3176 788 3229 de
820 3175 955 3230 locis
975 3175 1274 3245 ptenalibus
1316 3176 1510 3232 inferni
1561 3178 1816 3234 versaba-
1844 3147 1891 3211 Ο

247 3271 357 3331 tur,
389 3266 604 3321 ubinam
645 3282 765 3323 csse
820 3266 1087 3324 infernum
1134 3272 1417 3341 putemus?
1464 3286 1625 3341 super
1679 3272 1820 3328 hanc

247 3364 445 3413 terram
476 3375 543 3414 an
564 3360 750 3416 subter
774 3362 932 3417 terris
973 3361 1092 3434 [al.,
1124 3362 1225 3418 sub
1247 3363 1345 3420 hac
1370 3364 1536 3438 terra]
1556 3381 1675 3422 esse
1697 3382 1816 3422 cre-

247 3450 450 3505 dendus
476 3453 679 3507 est?—
696 3453 1023 3509 Gnscomus.
1050 3454 1161 3510 Ilac
1187 3456 1252 3510 de
1277 3472 1334 3511 re
1366 3467 1565 3514 temere
1595 3458 1819 3515 delinire

246 3542 380 3596 nihil
412 3544 600 3600 audeo.
642 3544 893 3602 Nonnulli
933 3562 1168 3617 namque
1190 3548 1243 3603 in
1268 3550 1501 3618 quadam
1546 3560 1815 3607 terrarum

244 3645 397 3705 parte
428 3636 692 3693 infernum
722 3654 842 3694 esse
882 3648 1241 3710 putaverunt;
1275 3641 1365 3696 alii
1391 3658 1519 3699 vero
1545 3644 1688 3699 hunc
1716 3644 1818 3699 sub

244 3735 387 3781 terra
408 3743 527 3783 esse
546 3730 836 3784 :estlmaut.
876 3729 980 3786 Sed
1007 3740 1183 3786 tamen
1214 3732 1317 3788 hoc
1340 3733 1578 3788 animum
1618 3735 1812 3805 pulsat,

243 3815 453 3886 quia,si
476 3817 675 3873 idcirco
704 3817 971 3873 infernum
1000 3819 1228 3875 dicimus
1258 3820 1385 3890 quia
1412 3821 1812 3892 inferiusjacet,

241 3904 382 3974 quod
411 3914 553 3960 terra
580 3908 646 3961 ad
668 3908 863 3963 coelum
894 3907 1012 3981 [al.,
1038 3925 1067 3963 a
1098 3908 1257 3981 coelo]
1296 3919 1395 3974 est,
1427 3911 1531 3964 hoc
1568 3925 1687 3964 esse
1736 3912 1815 3964 in-

242 3994 425 4051 fernus
448 3997 604 4053 debet
626 4000 692 4053 ad
713 4008 913 4054 terram
973 3999 1092 4072 [al.,
1117 4017 1145 4054 a
1176 4000 1366 4072 terra].
1424 4000 1580 4057 Unde
1609 4009 1664 4055 et
1687 4010 1816 4072 puto

241 4099 337 4154 per
360 4086 698 4144 Psalmistam
727 4089 928 4143 dictum
959 4089 1077 4162 [al.,
1106 4099 1160 4145 et
1200 4088 1431 4146 fortasse
1456 4106 1555 4161 per
1593 4090 1815 4147 Psalmi-

243 4185 379 4231 stam
418 4179 635 4252 dicitur]
669 4195 683 4233 :
715 4179 969 4234 Liberasti
1013 4184 1245 4235 animam
1278 4199 1445 4236 meam
1498 4200 1562 4237 ea:
1610 4184 1813 4253 inferno

240 4268 476 4338 inferiori
502 4272 674 4343 (Psal.
709 4290 906 4339 Lxxxv,
950 4275 1068 4345 15);
1097 4285 1157 4329 ut
1196 4274 1439 4332 infernus
1480 4279 1726 4348 superior
1760 4278 1811 4332 in

242 4367 406 4427 terra,
438 4363 660 4419 inferior
687 4367 788 4421 sub
820 4376 963 4420 terra
1011 4382 1130 4422 esse
1169 4368 1434 4423 videatur.
1493 4368 1559 4423 Et
1594 4368 1814 4425 Joannis

1917 1925 2041 1963 num
2055 1909 2359 1964 descendent
2376 1911 2549 1965 omnia
2565 1927 2678 1964 mea
2701 1910 2820 1984 (Job
2836 1927 2967 1978 χιιι,
2986 1912 3075 1984 16)
3093 1931 3106 1968 :
3123 1913 3234 1984 qui,
3250 1912 3352 1970 etsi
3366 1920 3493 1970 ante

1916 1999 2201 2055 adventum
2227 2000 2537 2057 mediatoris
2566 2002 2658 2057 Dei
2681 2011 2737 2059 et
2765 2002 3063 2069 hominum,
3097 2004 3363 2061 infernum
3398 2004 3493 2062 de-

1917 2107 2206 2149 scensurus
2227 2100 2364 2159 erat,
2404 2092 2571 2163 liquet
2600 2101 2781 2150 tamen
2800 2096 2926 2165 quia
2941 2096 2992 2150 in
3015 2096 3492 2166 profundissimum

1918 2180 2186 2237 infernum
2204 2182 2463 2238 descensu
2471 2197 2562 2237 rus
2576 2197 2682 2237 non
2707 2192 2844 2238 erat.
2860 2184 2941 2238 An
2958 2184 3071 2254 ipsa
3086 2185 3361 2254 superiora
3375 2185 3493 2241 loca

1919 2273 2077 2330 inferi
2098 2272 2573 2345 profundissimum
2602 2261 2871 2334 infernum
2904 2283 3083 2340 vocat,
3135 2276 3262 2346 quia
3300 2275 3492 2331 videli-

1918 2378 2026 2436 cet,
2065 2378 2327 2445 quantum
2358 2368 2424 2428 ad
2455 2367 2843 2423 sublimitatem
2867 2367 3013 2434 cmli,
3038 2368 3151 2439 jam
3172 2363 3330 2434 hujus
3352 2366 3498 2422 aeris

1920 2461 2149 2533 spatium
2175 2475 2279 2514 non
2304 2459 2573 2513 immerito
2599 2458 2721 2513 dici.
2754 2458 2999 2515 infernus
3048 2456 3264 2527 potest?
3315 2455 3492 2518 Unde.

1921 2564 2043 2604 cum
2080 2556 2336 2617 apostatm
2367 2547 2541 2617 angeli
2570 2563 2601 2602 a
2623 2547 2936 2603 coelestibus
2962 2546 3179 2602 sedibus
3202 2546 3257 2600 in
3282 2545 3385 2601 hoc
3405 2558 3497 2600 ca-

1906 2637 2147 2709 liginoso
2184 2651 2309 2692 aere
2338 2645 2461 2692 sunt
2484 2637 2734 2702 demersi,
2779 2637 2971 2693 Petrus
3008 2636 3281 2707 apostolus
3322 2635 3492 2693 dicit:
3566 2700 3569 2703 Α

1921 2729 2129 2800 Angelis
2162 2728 2493 2800 peccantibus
2518 2745 2619 2782 non
2641 2728 2886 2798 pepercit,
2941 2728 3030 2782 sed
3060 2727 3363 2783 rudentibus
3410 2727 3495 2781 in-

1923 2822 2056 2892 ferni
2082 2822 2340 2876 detractos
2364 2820 2417 2873 in
2434 2829 2690 2873 tartarum
2722 2819 2938 2874 tradidit
2967 2818 3236 2889 iujudicio
3256 2818 3495 2874 crucian-

1922 2911 2015 2965 dos
2041 2911 2292 2965 reservari
2307 2908 2392 2979 (II
2409 2907 2553 2964 Petr.
2579 2925 2639 2975 ιι,
2655 2909 2731 2981 4).
2758 2908 2815 2963 Si
2839 2909 3017 2980 itaque
3034 2906 3101 2963 ad
3124 2906 3497 2964 celsitudinem

1924 3003 2043 3059 coeli
2076 3019 2169 3060 aer
2192 3004 2292 3059 iste
2329 3002 2652 3074 caliginosus
2696 3000 2937 3057 infernus
2979 3010 3082 3068 est,
3123 3008 3380 3070 quantum
3429 2997 3498 3053 ad

1924 3094 2159 3164 ejusdem
2188 3095 2330 3150 aeris
2360 3093 2697 3149 altitudinem
2736 3101 2905 3158 terra,
2944 3106 3063 3162 quae
3084 3088 3308 3146 inferius
3327 3089 3495 3160 jacet,

1925 3195 1981 3242 et
2016 3186 2259 3244 infernus
2287 3187 2510 3260 intelligi
2542 3195 2598 3243 et
2627 3185 2944 3258 profundior
2978 3192 3186 3256 potest;
3234 3192 3496 3255 quantum

1920 3293 2050 3333 vero
2076 3277 2142 3333 ad
2171 3276 2410 3348 ejusdem
2440 3286 2598 3333 terra
2625 3275 2980 3339 altitudinem,
3030 3281 3085 3329 et
3112 3273 3203 3328 illa
3246 3272 3361 3328 loca
3409 3270 3495 3328 iu-

1921 3370 2021 3426 fen
2047 3386 2167 3442 quae
2218 3371 2498 3441 superiora
2545 3377 2671 3424 sunt
2714 3369 2835 3425 aliis
2869 3366 3244 3437 receptaculis,
3302 3362 3498 3422 inferni

1919 3464 2023 3521 hoc
2045 3465 2165 3521 loco
2204 3478 2311 3520 non
2351 3465 2647 3533 incongrue
2691 3461 3094 3534 profundissimi
3141 3458 3500 3529 appellatione

1920 3558 2222 3629 signantur,
2250 3557 2377 3628 quia
2405 3555 2547 3626 quod
2566 3569 2659 3609 aer
2686 3554 2754 3609 ad
2784 3552 3001 3617 ctelum,
3034 3560 3178 3606 terra
3200 3549 3267 3603 ad
3290 3562 3496 3612 aerem,

1920 3650 2023 3705 hoc
2047 3649 2136 3704 ille
2170 3657 2253 3703 est
2276 3646 2521 3717 superior
2554 3644 2885 3700 infernarum
2910 3643 3059 3698 sinus
3087 3640 3154 3695 ad
3177 3636 3424 3710 terram.]

1989 3741 2028 3811 ἰ-
2057 3740 2201 3795 Idem
2232 3739 2286 3792 in
2320 3738 2475 3802 Mor.,
2502 3736 2539 3789 ι.
2568 3751 2666 3800 xu,
2689 3750 2739 3789 c.
2766 3733 2799 3788 6
2826 3751 2837 3787 :
2864 3731 2997 3805 [Nec
3019 3737 3199 3786 tamen
3222 3730 3296 3784 ita
3319 3728 3493 3797 justo-

1919 3845 2038 3883 rum
2074 3828 2284 3882 animas
2309 3826 2375 3880 ad
2404 3824 2673 3879 infernum
2706 3822 2934 3877 dicimus
2960 3819 3327 3885 descendisse,
3358 3818 3494 3873 utin

1917 3915 2048 3971 locis
2072 3912 2374 3984 poenalibus
2403 3917 2739 3975 tenerentur,
2791 3910 2886 3964 sed
2914 3923 3035 3964 esse
3086 3906 3365 3977 superiora
3412 3910 3496 3961 in-

1917 4006 2055 4062 ferni
2080 4004 2219 4067 loca,
2247 4017 2369 4057 esse
2399 4000 2503 4055 alia
2527 4000 2787 4055 inferiora
2830 3997 3098 4054 credenda
3128 4003 3285 4061 sunt;
3334 4003 3392 4051 ut
3441 4004 3496 4050 et

1918 4099 1971 4153 in
2000 4093 2516 4168 superioribusjusti
2547 4092 2971 4161 requiescerent,
3013 4098 3069 4144 et
3111 4090 3166 4144 in
3222 4088 3497 4144 inferiori-

1915 4190 2017 4244 bus
2069 4186 2252 4258 injusti
2284 4185 2676 4241 cruciarentur.
2724 4183 2877 4239 Unde
2912 4190 2968 4237 et
3015 4180 3323 4247 Psalmista,
3366 4195 3493 4249 pro~

1914 4287 2036 4348 pter
2061 4276 2476 4348 praevenientem
2507 4289 2566 4329 se
2610 4273 2704 4328 Dei
2748 4271 2999 4343 gratiam,
3042 4270 3173 4326 dicit
3198 4286 3213 4324 :
3238 4268 3497 4340 Eripuisti

1914 4368 2144 4422 animam
2167 4382 2334 4421 meam
2358 4379 2422 4420 ex
2446 4363 2651 4435 inferno
2677 4361 2916 4433 inferiori
2948 4359 3122 4432 (Psal.
3139 4357 3495 4430 Lxxxv,15).]

241 4466 340 4556 Io:
365 4455 418 4509 in
440 4471 501 4511 ea
530 4458 882 4513 mstimatioue
908 4463 1229 4527 concordat;
1264 4463 1353 4532 qui
1385 4478 1506 4518 cum
1544 4464 1808 4536 signatum
1840 4494 1891 4556 υ
1982 4456 2024 4527 ἰ-
2064 4456 2419 4556 Hieronymus
2455 4454 2509 4509 in
2536 4451 2867 4553 expositione
2903 4447 3066 4556 Isaiae.
3088 4447 3495 4556 proph.'.1ib-‘V.

243 4540 436 4598 librum
466 4555 670 4614 septem
704 4547 894 4618 sigillis
918 4549 1118 4606 vidisse
1139 4567 1197 4607 se
1223 4551 1445 4620 diceret,
1498 4556 1623 4625 quia
1664 4571 1812 4610 nemo

241 4631 476 4687 inventus
496 4644 571 4687 est
590 4636 778 4706 dignus
811 4655 972 4708 neque
992 4639 1046 4692 in
1074 4640 1221 4707 ctelo,
1246 4659 1407 4712 neque
1428 4644 1484 4697 in
1508 4652 1667 4709 terra,
1721 4661 1814 4699 ne-

243 4738 339 4789 que
368 4723 546 4778 subtus
569 4735 784 4791 terram,
806 4729 1008 4797 aperire
1041 4728 1231 4784 librum
1252 4741 1298 4784 et
1326 4730 1521 4787 solvere
1543 4732 1815 4803 signacula

244 4809 379 4879 ejus,
404 4809 644 4879 adjuuxit
671 4828 685 4867 :
713 4814 778 4867 Et
806 4832 897 4887 ego
921 4817 1108 4887 ﬂebam
1139 4819 1360 4874 multum
1392 4820 1576 4891 (Apoc.
1606 4836 1657 4887 v,
1690 4822 1742 4888 1,
1761 4821 1816 4887 5,

244 4900 298 4966 ι,
326 4901 377 4965 5,
401 4902 551 4974 etc.).
579 4903 748 4973 Quem
770 4907 994 4963 multum
1024 4919 1199 4965 tamen
1250 4915 1587 4982 postmodum
1624 4911 1820 4968 librum

245 5008 340 5063 per
373 4994 606 5052 Leonem
633 4998 700 5053 de
731 4999 873 5055 tribu
901 4998 1039 5056 Iuda
1066 5002 1196 5057 dicit
1228 5004 1449 5075 aperiri.
1502 5003 1559 5059 In
1609 5020 1717 5075 quo
1741 5006 1821 5060 vi-

247 5082 437 5139 delicet
466 5084 603 5142 libro
634 5088 762 5158 quid
794 5089 936 5145 aliud
957 5104 1115 5160 quam
1142 5108 1305 5159 sacra
1330 5092 1607 5164 Scriptura
1642 5095 1821 5165 signa-

245 5176 367 5231 tur?
391 5191 553 5246 quam
597 5179 742 5235 solus
793 5181 1122 5252 Redemptor
1170 5194 1359 5240 noster
1418 5187 1657 5256 aperuit;
1704 5187 1817 5258 qui,

245 5267 408 5325 bomo
431 5271 602 5325 factus
630 5279 733 5336 est,
764 5273 1062 5342 moriendo,
1090 5278 1434 5348 resurgendo,
1454 5277 1813 5341 ascendendo,

247 5371 443 5417 cuncta
470 5363 726 5434 mysteria
755 5379 873 5434 quae
902 5365 955 5419 in
988 5380 1050 5420 ea
1074 5365 1287 5422 fuerant
1313 5369 1514 5433 clausa,
1540 5368 1813 5439 patefecit.

246 5452 317 5507 Et
340 5454 512 5509 nullus
532 5457 586 5510 in
610 5455 755 5521 caelo,
784 5460 908 5526 quia
936 5473 1110 5528 neque
1131 5460 1371 5530 angelus,
1390 5461 1567 5515 nullus
1583 5462 1637 5515 in
1653 5472 1816 5528 terra,

248 5546 372 5617 quia
404 5562 576 5617 neque
598 5548 760 5603 homo
786 5548 971 5603 vivens
1010 5550 1061 5603 in
1098 5565 1344 5621 corpore,
1390 5561 1437 5607 et
1479 5552 1657 5607 nullus
1693 5553 1818 5608 sub-

251 5644 333 5690 tus
357 5645 545 5690 terram
574 5637 763 5709 dignus
800 5639 1034 5693 iuventus
1081 5648 1177 5705 est,
1231 5642 1355 5711 quia
1407 5658 1580 5712 neque
1626 5644 1819 5698 animm

254 5743 478 5800 corpore
502 5740 673 5787 exutae
696 5731 908 5803 aperire
943 5730 1097 5789 nobis
1126 5740 1318 5803 prmter
1360 5734 1639 5790 Dominum
1680 5733 1817 5791 sacri

1916 4564 1965 4603 c.
2000 4547 2085 4611 M,
2118 4547 2184 4601 19
2219 4561 2234 4600 :
2268 4544 2394 4618 [Tu
2428 4554 2601 4599 autem
2636 4542 2894 4614 projectus
2931 4558 2983 4596 es
3033 4540 3096 4594 de
3143 4538 3379 4609 sepulcro
3406 4546 3496 4591 tuo

1916 4639 2066 4711 quasi
2092 4638 2248 4708 stirps
2274 4635 2496 4701 inutilis,
2520 4634 2749 4706 pollutus
2772 4642 2819 4687 et
2845 4631 3134 4693 obvolutus,
3158 4645 3276 4684 cum
3301 4628 3383 4681 Itis
3408 4628 3498 4698 qui

1919 4728 2179 4798 interfecti
2208 4736 2327 4781 sunt
2366 4725 2563 4797 gladio,
2587 4734 2634 4779 et
2674 4722 3047 4778 descenderunt
3093 4734 3253 4801 usque
3282 4716 3350 4769 ml
3378 4716 3499 4785 fun-

1922 4821 2169 4876 damenta
2197 4818 2302 4873 laci
2326 4816 2460 4889 (lsa.
2485 4832 2597 4882 xiv,
2626 4815 2735 4888 19).
2779 4815 2846 4871 Et
2886 4822 2968 4870 est
3010 4826 3203 4867 sensus
3236 4805 3500 4878 :sepultis

1924 4910 2176 4969 omnibus
2203 4910 2295 4981 qui
2323 4926 2353 4965 a
2378 4917 2430 4964 te
2454 4908 2721 4965 interfecti
2753 4914 2899 4972 sunt,
2935 4912 2989 4959 tu
3016 4902 3162 4958 solus
3201 4899 3501 4971 insepultus

1921 5005 2146 5076 jacebis.
2164 5002 2271 5059 Alii
2290 5018 2420 5058 vero
2438 5002 2612 5058 locum
2633 5002 2791 5056 istum
2808 5000 2891 5053 sie
2906 4997 3331 5067 interpretantur
3347 5012 3361 5049 :
3378 4990 3503 5052 0m-

1926 5109 2023 5151 nes
2050 5095 2245 5149 anima:
2273 5093 2412 5164 apud
2435 5091 2635 5147 inferos
2667 5088 2901 5159 aliquam
2943 5085 3183 5155 requiem
3208 5080 3502 5154 accipiunt,

1928 5193 1984 5238 tu
2029 5182 2176 5238 solus
2210 5184 2263 5237 in
2308 5190 2580 5237 extremas
2617 5178 2872 5233 tenebras
2899 5173 3231 5247 religaberis,
3262 5172 3504 5228 omnium

1925 5276 2069 5331 enim
2114 5273 2379 5345 operieris
2427 5270 2708 5341 sanguine,
2755 5276 2811 5323 et
2861 5267 3231 5322 universorum
3259 5278 3421 5320 cruor
3452 5271 3506 5317 te

1923 5368 2186 5440 perimet;
2220 5366 2487 5436 simulque
2510 5363 2786 5429 discimus,
2817 5362 2960 5433 quod
2990 5358 3230 5416 infernus
3249 5359 3348 5415 sub
3362 5365 3505 5415 terra

1925 5459 2014 5524 sit,
2040 5459 2251 5513 dicente
2274 5456 2582 5526 Scriptura:
2603 5450 2776 5525 Usque
2798 5452 2865 5506 ad
2888 5452 3228 5522 fundamenta
3251 5446 3401 5520 laci.]

1994 5551 2034 5621 ἰ-
2061 5552 2205 5607 Idem
2230 5550 2282 5605 in
2310 5549 2405 5603 lib.
2443 5563 2529 5613 tu,
2570 5562 2620 5601 c.
2648 5545 2789 5612 7,10
2816 5562 2830 5599 :
2862 5543 2996 5617 [Vis,
3032 5543 3227 5613 inquit,
3257 5549 3318 5596 ut
3364 5539 3507 5595 scin-

1928 5642 2087 5697 datur
2124 5651 2290 5704 terra,
2326 5646 2382 5693 et
2424 5636 2612 5708 grandi
2659 5635 2809 5690 hiatu
2839 5633 2992 5689 inferi
3042 5639 3261 5703 pateant
3312 5628 3401 5699 qui
3451 5629 3503 5683 in

1930 5732 2091 5788 corde
2139 5741 2295 5787 teme
2342 5742 2460 5785 esse
2507 5728 2777 5784 dicuntur.
